{"host":"684z1xpuwaoqmmh1","time":1610464758,"event":{"mods":["Bard","BaseMod","Downfall","Hermit","Jorbs\u0027s Wanderer Trilogy","Marisa????????","Minty Spire (QoL Compilation)","Robot Space Explorer","Shade Mod","StSLib","The Hierophant","The Marked","The Mystic"],"gold_per_floor":[109,184,202,46,46,46,79,93,168,178,206,217,217,217],"floor_reached":13,"playtime":381,"items_purged":["hermit:Strike_Hermit"],"score":182,"play_id":"51dd2fa7-9f9b-48db-acf8-35f450ac503f","local_time":"20210112171918","is_ascension_mode":true,"campfire_choices":[{"data":"hermit:WideOpen","floor":6,"key":"SMITH"}],"circlet_count":0,"master_deck":["AscendersBane","hermit:Strike_Hermit","hermit:Strike_Hermit","hermit:Strike_Hermit","hermit:Defend_Hermit","hermit:Defend_Hermit","hermit:Defend_Hermit","hermit:Defend_Hermit","hermit:Snapshot","hermit:Covet","hermit:Headshot","hermit:WideOpen+1","hermit:ShadowCloak","hermit:OverwhelmingPower","hermit:ShadowCloak","hermit:Manifest"],"relics":["hermit:Momento","NeowsBlessing","Pen Nib","Bird Faced Urn","Odd Mushroom"],"acts_visited":["Exordium"],"potions_floor_usage":[10,11,13,13],"damage_taken":[{"damage":0,"enemies":"Cultist","floor":1,"turns":1},{"damage":0,"enemies":"Small Slimes","floor":3,"turns":1},{"damage":0,"enemies":"3 Sentries","floor":7,"turns":2},{"damage":0,"enemies":"2 Louse","floor":8,"turns":4},{"damage":9,"enemies":"2 Fungi Beasts","floor":10,"turns":3},{"damage":26,"enemies":"The Mushroom Lair","floor":11,"turns":5},{"damage":0,"enemies":"3 Louse","floor":12,"turns":3},{"damage":52,"enemies":"Gremlin Nob","floor":13,"turns":7}],"seed_played":"7326483711879651785","potions_obtained":[{"floor":3,"key":"Explosive Potion"},{"floor":7,"key":"Energy Potion"},{"floor":10,"key":"Weak Potion"},{"floor":11,"key":"Block Potion"}],"is_trial":false,"path_per_floor":["M","?","M","$","?","R","E","M","T","M","?","M","E"],"character_chosen":"HERMIT","items_purchased":["hermit:ShadowCloak"],"campfire_rested":0,"item_purchase_floors":[4],"current_hp_per_floor":[68,61,61,61,49,49,49,53,53,48,28,32,0,0],"gold":217,"neow_bonus":"THREE_ENEMY_KILL","is_daily":false,"chose_seed":false,"campfire_upgraded":1,"win_rate":0.0,"timestamp":1610464758,"path_taken":["M","?","?","$","?","R","E","M","T","M","?","M","E"],"items_purchased_type":["Card"],"build_version":"2020-12-22","purchased_purges":1,"victory":false,"max_hp_per_floor":[75,75,75,75,75,75,75,75,75,75,75,75,75,75],"card_choices":[{"not_picked":["hermit:CalledShot","hermit:Vantage"],"picked":"hermit:Headshot","floor":1},{"not_picked":["hermit:Coalescence","hermit:Roulette"],"picked":"hermit:WideOpen","floor":3},{"not_picked":["hermit:Misfire","hermit:Gestalt"],"picked":"hermit:OverwhelmingPower","floor":7},{"not_picked":["hermit:Glare","hermit:Headshot","hermit:CalledShot"],"picked":"SKIP","floor":8},{"not_picked":["hermit:SprayPray","hermit:Feint"],"picked":"hermit:ShadowCloak","floor":10},{"not_picked":["hermit:WideOpen","hermit:Coalescence"],"picked":"hermit:Manifest","floor":11},{"not_picked":["hermit:Coalescence","hermit:ItchyTrigger","hermit:NoHoldsBarred"],"picked":"SKIP","floor":12}],"player_experience":2514300,"relics_obtained":[{"floor":7,"key":"Bird Faced Urn"},{"floor":11,"key":"Odd Mushroom"}],"event_choices":[{"damage_healed":0,"gold_gain":75,"player_choice":"Touch","damage_taken":7,"max_hp_gain":0,"max_hp_loss":0,"event_name":"FaceTrader","floor":2,"gold_loss":0},{"damage_healed":0,"gold_gain":0,"player_choice":"Success","damage_taken":12,"relics_obtained":["Pen Nib"],"max_hp_gain":0,"max_hp_loss":0,"event_name":"Scrap Ooze","floor":5,"gold_loss":0},{"damage_healed":0,"gold_gain":0,"player_choice":"Fought Mushrooms","damage_taken":0,"max_hp_gain":0,"max_hp_loss":0,"event_name":"Mushrooms","floor":11,"gold_loss":0}],"is_beta":false,"boss_relics":[],"items_purged_floors":[4],"is_endless":false,"potions_floor_spawned":[3,7,10,11],"killed_by":"Gremlin Nob","ascension_level":13}}