{"host":"af4pzp5tm7cfibaw","time":1610491571,"event":{"mods":["AchievementEnabler","BaseMod","BetterRewards","Highlight Path","Minty Spire (QoL Compilation)","StSLib","SuperFastMode"],"gold_per_floor":[20,37,37,54,7,41,41,76,123,148,168,180,180,193,193,288,288,301,312,312,312,13,46,46,46,46],"floor_reached":25,"language":"ENG","playtime":1219,"items_purged":[],"score":349,"play_id":"281f5c25-cc70-41ec-a9c4-a5645e73395a","local_time":"20210113114611","is_ascension_mode":true,"campfire_choices":[{"floor":13.0,"key":"REST"},{"floor":15.0,"key":"REST"},{"floor":24,"key":"REST"}],"circlet_count":0,"master_deck":["Strike_G","Strike_G","Defend_G","Defend_G","Defend_G","Survivor","Neutralize","Terror","Escape Plan","Quick Slash","Setup","Cloak And Dagger","Blade Dance","Venomology","Footwork","Prepared","Backflip","Concentrate","Prepared","Adrenaline","Dodge and Roll+1","Underhanded Strike+1","Eviscerate","Corpse Explosion","Jack Of All Trades","Chrysalis","Infinite Blades","Blur"],"relics":["Ring of the Snake","Shuriken","Ancient Tea Set","Bag of Marbles","Lantern","HoveringKite","Calipers"],"acts_visited":["Exordium","TheCity"],"potions_floor_usage":[16,16,16,18,23],"damage_taken":[{"damage":0.0,"enemies":"2 Louse","floor":1.0,"turns":3.0},{"damage":1.0,"enemies":"Cultist","floor":2.0,"turns":3.0},{"damage":1.0,"enemies":"Jaw Worm","floor":4.0,"turns":3.0},{"damage":25.0,"enemies":"3 Sentries","floor":6.0,"turns":9.0},{"damage":22.0,"enemies":"Gremlin Nob","floor":8.0,"turns":4.0},{"damage":13.0,"enemies":"3 Sentries","floor":10.0,"turns":7.0},{"damage":8.0,"enemies":"Red Slaver","floor":11.0,"turns":3.0},{"damage":11.0,"enemies":"Exordium Thugs","floor":12.0,"turns":5.0},{"damage":1.0,"enemies":"3 Louse","floor":14.0,"turns":2.0},{"damage":0,"enemies":"Slime Boss","floor":16,"turns":7},{"damage":1,"enemies":"Chosen","floor":18,"turns":4},{"damage":16,"enemies":"2 Thieves","floor":19,"turns":3},{"damage":28,"enemies":"Book of Stabbing","floor":23,"turns":5},{"damage":40,"enemies":"3 Cultists","floor":25,"turns":4}],"seed_played":"-3259979065451720959","potions_obtained":[{"floor":2.0,"key":"Regen Potion"},{"floor":4.0,"key":"Weak Potion"},{"floor":6.0,"key":"SpeedPotion"},{"floor":7.0,"key":"Regen Potion"},{"floor":7.0,"key":"CultistPotion"},{"floor":16,"key":"FearPotion"},{"floor":19,"key":"Poison Potion"}],"is_trial":false,"path_per_floor":["M","M","?","M","$","E","?","E","T","E","M","M","R","M","R","B",null,"M","M","?","?","$","E","R","M"],"character_chosen":"THE_SILENT","items_purchased":["Blade Dance","Jack Of All Trades","Chrysalis","Infinite Blades"],"campfire_rested":3,"item_purchase_floors":[5,22,22,22],"current_hp_per_floor":[70,69,69,68,68,58,58,48,48,35,27,16,37,36,57,57,70,69,53,53,40,40,12,34,0,0],"gold":46,"neow_bonus":"TRANSFORM_TWO_CARDS","is_daily":false,"chose_seed":false,"campfire_upgraded":0,"win_rate":0.0,"timestamp":1610491571,"path_taken":["M","M","?","?","$","E","?","E","T","E","M","?","R","M","R","BOSS","M","M","?","?","$","E","R","M"],"items_purchased_type":["Card","Card","Card","Card"],"build_version":"2020-12-22","purchased_purges":0,"victory":false,"max_hp_per_floor":[70,70,70,70,70,70,70,70,70,70,70,70,70,70,70,70,70,70,70,70,75,75,75,75,75,75],"card_choices":[{"not_picked":["Sucker Punch","Underhanded Strike"],"picked":"Quick Slash","floor":1.0},{"not_picked":["Bouncing Flask","PiercingWail"],"picked":"Setup","floor":2.0},{"not_picked":["Flying Knee","Dagger Throw"],"picked":"Cloak And Dagger","floor":4.0},{"not_picked":["Poisoned Stab","Dodge and Roll"],"picked":"Venomology","floor":6.0},{"not_picked":["Eviscerate","Dagger Spray"],"picked":"Footwork","floor":8.0},{"not_picked":["Choke","Sucker Punch"],"picked":"Prepared","floor":10.0},{"not_picked":["All Out Attack","Deadly Poison"],"picked":"Backflip","floor":11.0},{"not_picked":["Underhanded Strike","Noxious Fumes"],"picked":"Concentrate","floor":12.0},{"not_picked":["Acrobatics","Dagger Throw"],"picked":"Prepared","floor":14.0},{"not_picked":["Glass Knife","Unload"],"picked":"Adrenaline","floor":16},{"not_picked":["Poisoned Stab+1","Dagger Spray"],"picked":"Dodge and Roll+1","floor":18},{"not_picked":["Slice","Dash"],"picked":"Underhanded Strike+1","floor":19},{"not_picked":["Skewer","Setup"],"picked":"Blur","floor":23}],"player_experience":292246,"relics_obtained":[{"floor":6.0,"key":"Shuriken"},{"floor":8.0,"key":"Ancient Tea Set"},{"floor":9.0,"key":"Bag of Marbles"},{"floor":10.0,"key":"Lantern"},{"floor":23,"key":"Calipers"}],"event_choices":[{"cards_removed":["Defend_G"],"damage_healed":0.0,"max_hp_gain":0.0,"max_hp_loss":0.0,"gold_gain":0.0,"event_name":"Bonfire Elementals","player_choice":"Offered Basic","floor":3.0,"gold_loss":0.0,"damage_taken":0.0},{"damage_healed":0.0,"max_hp_gain":0.0,"max_hp_loss":0.0,"gold_gain":0.0,"event_name":"Lab","player_choice":"Got Potions","floor":7.0,"gold_loss":0.0,"damage_taken":0.0},{"damage_healed":0,"gold_gain":0,"cards_transformed":["Strike_G","Strike_G"],"player_choice":"Became Test Subject","damage_taken":0,"max_hp_gain":0,"max_hp_loss":0,"event_name":"Drug Dealer","floor":20,"gold_loss":0,"cards_obtained":["Eviscerate","Corpse Explosion"]},{"damage_healed":0,"gold_gain":0,"player_choice":"Shed Blood","damage_taken":18,"max_hp_gain":5,"max_hp_loss":0,"event_name":"Forgotten Altar","floor":21,"gold_loss":0}],"is_beta":false,"boss_relics":[{"not_picked":["Snecko Eye","Sozu"],"picked":"HoveringKite"}],"items_purged_floors":[],"is_endless":false,"potions_floor_spawned":[2,4,6,11,14,16,19],"killed_by":"3 Cultists","ascension_level":4}}