{"host":"0tiuc76yumknr6qf","time":1610482452,"event":{"mods":["BaseMod","Colored Map","Highlight Path","Minty Spire (QoL Compilation)","StSLib","The Necromancer"],"gold_per_floor":[114,132,132,82,98,48,48,48,48,59,70,83,83,100,100,100,100],"floor_reached":16,"playtime":318,"items_purged":["Defend_R","Defend_R"],"score":94,"play_id":"5d859214-3016-429d-86d0-6c0248473b79","local_time":"20210112141412","is_ascension_mode":false,"campfire_choices":[{"floor":13,"key":"REST"},{"floor":15,"key":"REST"}],"circlet_count":0,"master_deck":["Strike_R","Strike_R","Strike_R","Strike_R","Strike_R","Defend_R","Bash","Whirlwind","Battle Trance"],"relics":["Burning Blood","Smiling Mask","Question Card"],"acts_visited":["Exordium"],"potions_floor_usage":[12],"damage_taken":[{"damage":1,"enemies":"Cultist","floor":1,"turns":3},{"damage":14,"enemies":"Small Slimes","floor":2,"turns":3},{"damage":11,"enemies":"Jaw Worm","floor":5,"turns":3},{"damage":35,"enemies":"Large Slime","floor":10,"turns":5},{"damage":20,"enemies":"Looter","floor":11,"turns":3},{"damage":9,"enemies":"2 Fungi Beasts","floor":12,"turns":2},{"damage":7,"enemies":"Gremlin Gang","floor":14,"turns":2},{"damage":69,"enemies":"Slime Boss","floor":16,"turns":9}],"seed_played":"-1834590268322706305","potions_obtained":[{"floor":1,"key":"SpeedPotion"},{"floor":10,"key":"Energy Potion"}],"is_trial":false,"path_per_floor":["M","M","?","$","M","$","?","$","T","M","M","M","R","M","R","B"],"character_chosen":"IRONCLAD","items_purchased":[],"campfire_rested":2,"item_purchase_floors":[],"current_hp_per_floor":[80,72,72,72,67,67,60,60,60,31,17,14,38,37,61,0,0],"gold":100,"neow_bonus":"RANDOM_COMMON_RELIC","is_daily":false,"chose_seed":false,"campfire_upgraded":0,"win_rate":0.0,"timestamp":1610482452,"path_taken":["M","?","?","$","M","?","?","$","T","M","M","M","R","M","R","BOSS"],"items_purchased_type":[],"build_version":"2020-12-22","purchased_purges":2,"victory":false,"max_hp_per_floor":[80,80,80,80,80,80,80,80,80,80,80,80,80,80,80,80,80],"card_choices":[{"not_picked":["Dark Embrace","True Grit","Iron Wave"],"picked":"SKIP","floor":1},{"not_picked":["Rage","Combust","Entrench"],"picked":"SKIP","floor":2},{"not_picked":["Shrug It Off","Havoc","True Grit"],"picked":"SKIP","floor":5},{"not_picked":["Cleave","Juggernaut","Body Slam"],"picked":"Whirlwind","floor":10},{"not_picked":["Perfected Strike","Shockwave","Heavy Blade","Warcry"],"picked":"SKIP","floor":11},{"not_picked":["Warcry","Cleave","Pommel Strike","Twin Strike"],"picked":"SKIP","floor":12},{"not_picked":["Heavy Blade","Bloodletting","Shrug It Off"],"picked":"Battle Trance","floor":14}],"player_experience":1988127,"relics_obtained":[{"floor":9,"key":"Question Card"}],"event_choices":[{"damage_healed":0,"gold_gain":0,"player_choice":"Ignored","damage_taken":0,"max_hp_gain":0,"max_hp_loss":0,"event_name":"Liars Game","floor":3,"gold_loss":0},{"cards_removed":["Defend_R"],"damage_healed":0,"gold_gain":0,"player_choice":"Card Removal","damage_taken":7,"max_hp_gain":0,"max_hp_loss":0,"event_name":"Golden Wing","floor":7,"gold_loss":0}],"is_beta":false,"boss_relics":[],"items_purged_floors":[4,6],"is_endless":false,"potions_floor_spawned":[1,10],"killed_by":"Slime Boss","ascension_level":0}}