{"host":"grklf728wqifs9z9","time":1610432400,"event":{"mods":["BaseMod","Downfall","MarisaÅiñ∂âJÅ@ñÇóùçπÅj","Minty Spire (QoL Compilation)","Replay The Spire","Shop Mod","StSLib","The Animator","The Bug Knight","The Cursed","The Disciple","The Necromancer","The Servant 0.9.4"],"gold_per_floor":[114,114,124,124,124,124,170,170,170,170,44,61,81,81,81,194,194,119,119,134,165,177,207,21,21,92,92,0,11,30,30,30,145,145,164,164,183,236,250,250,263,313,325,337,364,376,81,151,151,151],"floor_reached":51,"playtime":6659,"items_purged":[],"score":895,"play_id":"ee41439b-d39d-4c0e-b42e-429968194234","local_time":"20210112152000","is_ascension_mode":false,"campfire_choices":[{"floor":6,"key":"RECALL"},{"data":"animator:FielNirvalen","floor":8,"key":"SMITH"},{"data":"animator:DolaSchwi","floor":10,"key":"SMITH"},{"floor":15,"key":"DIG"},{"floor":25,"key":"REST"},{"floor":27,"key":"REST"},{"floor":32,"key":"REST"},{"data":"animator:Togame","floor":40,"key":"SMITH"},{"data":"animator:LeleiLaLalena","floor":46,"key":"SMITH"}],"circlet_count":0,"master_deck":["animator:Strike_NoGameNoLife+1","animator:Defend_NoGameNoLife+1","animator:Strike+1","animator:Defend","animator:Defend+1","animator:DolaSchwi+1","animator:DolaCouronne","animator:Shuna","animator:TukaLunaMarceau","animator:FielNirvalen+1","animator:Arpeggio+1","animator:Kira","animator:ChlammyZell","animator:CrowleyEusford","animator:GoblinSlayer","animator:Aisha","animator:Elsword","animator:IzunaHatsuse","animator:CowGirl","animator:YuiTsuruno+1","animator:Kuroyukihime+1","animator:OrikoMikuni","animator:Togame","animator:Togame","animator:Kaijin","animator:CowGirl+1","animator:YachiyoNanami","animator:MadokaKaname","animator:RoryMercury+1","animator:TanyaDegurechaff","animator:FielNirvalen+1","ReplayTheSpireMod:Splinters","animator:Togame+1","animator:Chung","animator:OrikoMikuni+1","animator:DolaStephanie","Voices","Wraith","animator:LeleiLaLalena+1","animator:Rena","animator:Rena","SwitchThreat","animator:Tet","animator:Elsword"],"relics":["animator:LivingPicture","animator:TheMissingPiece","animator:PurgingStone","Ginger","Blue Doll","PreservedInsect","Replay:Drink Me","Mummified Hand","Mark of Pain","Potion Belt","Ring of Peace","Ring of Greed","Replay:Wax Seal","HornCleat","MerchantsRug","Replay:Rubber Ducky","Replay:PocketPolymizer"],"acts_visited":["Exordium","TheCity","TheBeyond"],"potions_floor_usage":[7,21,21,23,30,33,39,41,50],"damage_taken":[{"damage":3,"enemies":"Small Slimes","floor":1,"turns":4},{"damage":0,"enemies":"Jaw Worm","floor":3,"turns":4},{"damage":0,"enemies":"Lagavulin","floor":7,"turns":7},{"damage":0,"enemies":"2 Louse","floor":12,"turns":3},{"damage":4,"enemies":"Blue Slaver","floor":13,"turns":3},{"damage":32,"enemies":"Hexaghost","floor":16,"turns":7},{"damage":9,"enemies":"2 Thieves","floor":18,"turns":5},{"damage":5,"enemies":"Shell Parasite","floor":20,"turns":4},{"damage":28,"enemies":"Centurion and Healer","floor":21,"turns":6},{"damage":0,"enemies":"Snecko","floor":22,"turns":5},{"damage":12,"enemies":"Shelled Parasite and Fungi","floor":23,"turns":6},{"damage":11,"enemies":"3 Cultists","floor":29,"turns":5},{"damage":0,"enemies":"Cultist and Chosen","floor":30,"turns":4},{"damage":17,"enemies":"Pondfish","floor":33,"turns":11},{"damage":10,"enemies":"Orb Walker","floor":35,"turns":4},{"damage":11,"enemies":"3 Darklings","floor":37,"turns":5},{"damage":2,"enemies":"Sphere and 2 Shapes","floor":39,"turns":4},{"damage":5,"enemies":"4 Shapes","floor":41,"turns":5},{"damage":0,"enemies":"Maw","floor":45,"turns":6},{"damage":0,"enemies":"2 Orb Walkers","floor":48,"turns":6},{"damage":23,"enemies":"Donu and Deca","floor":50,"turns":7}],"seed_played":"7017251813392208687","potions_obtained":[{"floor":3,"key":"Dexterity Potion"},{"floor":16,"key":"Regen Potion"},{"floor":19,"key":"LiquidMemories"},{"floor":19,"key":"SteroidPotion"},{"floor":19,"key":"EssenceOfSteel"},{"floor":23,"key":"GamblersBrew"},{"floor":29,"key":"Block Potion"},{"floor":33,"key":"SteroidPotion"},{"floor":35,"key":"SteroidPotion"},{"floor":38,"key":"animator:GrowthPotion"},{"floor":41,"key":"Death Potion"},{"floor":48,"key":"SmokeBomb"}],"is_trial":false,"path_per_floor":["M","?","M","?","?","R","E","R","T","R","$","M","M","?","R","B",null,"M","?","M","M","M","M","$","R","T","R","?","M","M","$","R","B",null,"M","?","M","?","M","R","M","?","T","?","M","R","$","?","R","B",null],"character_chosen":"THE_ANIMATOR","items_purchased":["animator:Arpeggio+1","animator:Kira","animator:Kuroyukihime+1","animator:OrikoMikuni","animator:Togame","animator:Kaijin","MerchantsRug","Replay:Rubber Ducky","animator:Rena"],"campfire_rested":3,"item_purchase_floors":[11,11,24,24,24,24,47,47,47],"current_hp_per_floor":[57,62,62,49,49,49,49,49,49,49,49,50,46,62,62,30,47,38,38,33,5,14,10,10,24,24,38,38,27,28,28,42,25,49,39,39,28,28,29,29,31,31,31,31,31,31,31,37,50,27],"gold":151,"neow_bonus":"ONE_RARE_RELIC","is_daily":false,"chose_seed":false,"campfire_upgraded":4,"win_rate":0.0,"timestamp":1610432400,"path_taken":["M","?","M","?","?","R","E","R","T","R","?","?","M","?","R","BOSS","M","?","M","?","M","M","?","R","T","R","?","M","M","$","R","BOSS","M","?","M","?","?","R","M","?","T","?","M","R","$","?","R","BOSS"],"items_purchased_type":["Card","Card","Card","Card","Card","Card","Relic","Relic","Card"],"build_version":"2020-12-22","purchased_purges":0,"victory":true,"max_hp_per_floor":[60,65,65,65,65,65,65,65,65,65,65,66,66,66,66,66,47,47,47,47,47,48,48,48,48,48,48,48,48,49,49,49,49,49,49,49,49,49,49,49,50,50,50,50,50,50,50,50,50,50],"card_choices":[{"not_picked":["animator:MumenRider","animator:Benimaru"],"picked":"animator:Shuna","floor":1},{"not_picked":["animator:YuiTsuruno","animator:Sonic"],"picked":"animator:TukaLunaMarceau","floor":3},{"not_picked":["animator:Vesta","animator:Melzalgald"],"picked":"animator:FielNirvalen","floor":7},{"not_picked":["animator:DolaSchwi","animator:DolaRiku"],"picked":"animator:ChlammyZell","floor":12},{"not_picked":["animator:Spearman","animator:FielNirvalen"],"picked":"animator:CrowleyEusford","floor":13},{"not_picked":["animator:FeridBathory","animator:HomuraAkemi"],"picked":"animator:GoblinSlayer","floor":16},{"not_picked":["animator:Priestess+1","animator:Togame+1"],"picked":"animator:Aisha","floor":18},{"not_picked":["animator:Mitsuba","animator:Raven"],"picked":"animator:Elsword","floor":20},{"not_picked":["animator:DolaRiku","animator:Jibril"],"picked":"animator:IzunaHatsuse","floor":21},{"not_picked":["animator:GuildGirl","animator:Millim"],"picked":"animator:CowGirl","floor":22},{"not_picked":["animator:FielNirvalen","animator:OrikoMikuni"],"picked":"animator:YuiTsuruno","floor":23},{"not_picked":["animator:Kuribayashi","animator:Kaijin+1"],"picked":"animator:CowGirl+1","floor":29},{"not_picked":["animator:IrohaTamaki","animator:OrikoMikuni"],"picked":"animator:YachiyoNanami","floor":30},{"not_picked":["animator:Elesis","animator:Shizu"],"picked":"animator:MadokaKaname","floor":33},{"not_picked":["animator:Mitsuba","animator:GazelDwargon"],"picked":"animator:RoryMercury+1","floor":35},{"not_picked":["animator:Cirno","animator:Shimakaze"],"picked":"animator:TanyaDegurechaff","floor":36},{"not_picked":["animator:LizardPriest+1","animator:RoryMercury"],"picked":"animator:FielNirvalen+1","floor":37},{"not_picked":["animator:IrohaTamaki+1","animator:MumenRider"],"picked":"animator:Togame","floor":38},{"not_picked":["animator:Vesta+1","animator:Ara+1"],"picked":"animator:Chung","floor":38},{"not_picked":["animator:Vesta+1","animator:SwordMaiden"],"picked":"animator:OrikoMikuni+1","floor":39},{"not_picked":["animator:ChlammyZell","animator:DolaSchwi"],"picked":"animator:DolaStephanie","floor":41},{"not_picked":["animator:DwarfShaman","animator:Witch+1"],"picked":"animator:LeleiLaLalena","floor":45},{"not_picked":["animator:Raven","animator:GazelDwargon"],"picked":"animator:Tet","floor":48}],"player_experience":116289,"relics_obtained":[{"floor":7,"key":"Blue Doll"},{"floor":15,"key":"PreservedInsect"},{"floor":26,"key":"Mummified Hand"},{"floor":38,"key":"Potion Belt"},{"floor":42,"key":"Ring of Peace"},{"floor":42,"key":"Ring of Greed"},{"floor":42,"key":"Replay:Wax Seal"},{"floor":42,"key":"MawBank"},{"floor":43,"key":"HornCleat"},{"floor":48,"key":"Replay:PocketPolymizer"}],"event_choices":[{"damage_healed":0,"gold_gain":0,"player_choice":"Donut","damage_taken":0,"max_hp_gain":5,"max_hp_loss":0,"event_name":"Big Fish","floor":2,"gold_loss":0},{"damage_healed":0,"gold_gain":0,"player_choice":"Entered Light","damage_taken":13,"max_hp_gain":0,"max_hp_loss":0,"event_name":"Shining Light","floor":4,"gold_loss":0,"cards_upgraded":["animator:Defend","animator:Strike_NoGameNoLife"]},{"damage_healed":16,"gold_gain":0,"player_choice":"Healed and dodged fight","damage_taken":0,"max_hp_gain":0,"max_hp_loss":0,"event_name":"Mushrooms","floor":14,"gold_loss":0,"cards_obtained":["Parasite"]},{"damage_healed":0,"gold_gain":0,"player_choice":"Got Potions","damage_taken":0,"max_hp_gain":0,"max_hp_loss":0,"event_name":"Lab","floor":19,"gold_loss":0},{"damage_healed":0,"gold_gain":0,"player_choice":"Paid Fearfully","damage_taken":0,"max_hp_gain":0,"max_hp_loss":0,"event_name":"Masked Bandits","floor":28,"gold_loss":92},{"damage_healed":0,"gold_gain":0,"player_choice":"Memory 1","damage_taken":0,"max_hp_gain":0,"max_hp_loss":0,"event_name":"SensoryStone","floor":36,"gold_loss":0},{"damage_healed":0,"gold_gain":0,"player_choice":"Ignored","damage_taken":0,"max_hp_gain":0,"max_hp_loss":0,"event_name":"OrinTheCat","floor":44,"gold_loss":0},{"damage_healed":0,"gold_gain":0,"player_choice":"Fight","damage_taken":0,"max_hp_gain":0,"max_hp_loss":0,"event_name":"Mysterious Sphere","floor":48,"gold_loss":0}],"is_beta":false,"boss_relics":[{"not_picked":["ChewingGum","Ectoplasm"],"picked":"Replay:Drink Me"},{"not_picked":["animator:VividPicture","Runic Dome"],"picked":"Mark of Pain"}],"items_purged_floors":[],"is_endless":false,"potions_floor_spawned":[3,16,23,29,33,35,41,48],"ascension_level":0}}