{"host":"a0d98l75j0h1o085","time":1610488655,"event":{"mods":["AlwaysNeverKeys","BaseMod","Downfall","Highlight Path","Minty Spire (QoL Compilation)","StSLib"],"gold_per_floor":[99,118,132,132,132,159,159,186,61,61,87,99,24,55,75,180,180,180,196,207,218,247,282,282,317,317,333,533,458,215,215,231,332,332,332,346,346,346,473,473,523,535,563,575,152,74,74,106,121,121],"floor_reached":51,"language":"ENG","playtime":11099,"items_purged":["hexamod:Defend","hexamod:Strike","hexamod:Defend+1"],"score":847,"play_id":"356ac826-03fa-4c9c-97b0-63b732c9a596","local_time":"20210112215735","is_ascension_mode":true,"campfire_choices":[{"data":"hexamod:Float","floor":1.0,"key":"SMITH"},{"floor":13.0,"key":"REST"},{"data":"hexamod:EmpoweredFlame","floor":18.0,"key":"SMITH"},{"floor":26.0,"key":"RECALL"},{"floor":29.0,"key":"REST"},{"data":"hexamod:VolcanoVisage","floor":35.0,"key":"SMITH"},{"data":"hexamod:FastForward","floor":40.0,"key":"SMITH"},{"data":"expansioncontent:DefensiveStance","floor":44,"key":"SMITH"},{"data":"hexamod:FastForward","floor":47,"key":"SMITH"}],"circlet_count":0,"master_deck":["hexamod:Strike+1","hexamod:Strike+1","hexamod:Defend+1","hexamod:Defend+1","hexamod:Sear+1","hexamod:Float+1","hexamod:EmpoweredFlame+1","hexamod:FastForward+1","hexamod:ThirdSeal","hexamod:TimeOfNeed+1","hexamod:GhostOfSpireFuture+1","hexamod:FourthSeal","hexamod:SixthSeal","hexamod:TimeOfNeed+1","hexamod:BurningTouch+1","hexamod:FastForward+1","hexamod:NightmareGuise+1","hexamod:EtherealExpedition+1","hexamod:HexaLevel+1","hexamod:HexaLevel+1","hexamod:ThermalTransfer+1","hexamod:FirstSeal","hexamod:RainOfEmbers+1","hexamod:AdvancingGuard+1","hexamod:VolcanoVisage+1","hexamod:TimeWarp+1","hexamod:FastForward+1","expansioncontent:DefensiveStance+1","Finesse+1"],"relics":["hexamod:SpiritBrand","downfall:ShatteredFragment","Boot","Odd Mushroom","Omamori","downfall:HeartBlessingBlue","Tiny Chest","expansioncontent:StudyCardRelic","Red Mask","hexamod:SoulOfChaos","Mummified Hand","Molten Egg 2","downfall:HeartBlessingRed","Chemical X","Calling Bell","Blood Vial","Darkstone Periapt","WingedGreaves","White Beast Statue","Membership Card","MawBank","Toxic Egg 2","Sundial","hexamod:RecyclingMachine","Lee\u0027s Waffle","Centennial Puzzle"],"acts_visited":["Exordium","TheCity","TheBeyond"],"potions_floor_usage":[],"damage_taken":[{"damage":0.0,"enemies":"2 Louse","floor":2.0,"turns":3.0},{"damage":0.0,"enemies":"Small Slimes","floor":3.0,"turns":3.0},{"damage":16.0,"enemies":"Gremlin Nob","floor":6.0,"turns":4.0},{"damage":14.0,"enemies":"The Mushroom Lair","floor":8.0,"turns":4.0},{"damage":0.0,"enemies":"downfall:FleeingMerchant","floor":9.0,"turns":4.0},{"damage":1.0,"enemies":"Lagavulin","floor":11.0,"turns":5.0},{"damage":2.0,"enemies":"Jaw Worm","floor":12.0,"turns":3.0},{"damage":1.0,"enemies":"Gremlin Nob","floor":14.0,"turns":4.0},{"damage":1.0,"enemies":"3 Louse","floor":15.0,"turns":3.0},{"damage":14.0,"enemies":"downfall:Ironclad","floor":16.0,"turns":8.0},{"damage":0.0,"enemies":"Spheric Guardian","floor":19.0,"turns":4.0},{"damage":15.0,"enemies":"Snake Plant","floor":20.0,"turns":3.0},{"damage":15.0,"enemies":"Shelled Parasite and Fungi","floor":21.0,"turns":4.0},{"damage":20.0,"enemies":"Masked Bandits","floor":22.0,"turns":5.0},{"damage":5.0,"enemies":"Book of Stabbing","floor":23.0,"turns":6.0},{"damage":15.0,"enemies":"Slavers","floor":25.0,"turns":4.0},{"damage":0.0,"enemies":"Centurion and Healer","floor":27.0,"turns":5.0},{"damage":0.0,"enemies":"Centurion and Healer","floor":28.0,"turns":7.0},{"damage":0.0,"enemies":"downfall:FleeingMerchant","floor":30.0,"turns":4.0},{"damage":10.0,"enemies":"3 Cultists","floor":32.0,"turns":5.0},{"damage":7.0,"enemies":"downfall:Silent","floor":33.0,"turns":6.0},{"damage":4.0,"enemies":"3 Shapes","floor":36.0,"turns":5.0},{"damage":5.0,"enemies":"downfall:FleeingMerchant","floor":39.0,"turns":3.0},{"damage":8.0,"enemies":"Giant Head","floor":43.0,"turns":7.0},{"damage":11,"enemies":"Nemesis","floor":48,"turns":5},{"damage":6,"enemies":"Orb Walker","floor":49,"turns":3},{"damage":8,"enemies":"downfall:Defect","floor":50,"turns":5}],"seed_played":"-3629676091034855429","potions_obtained":[{"floor":3.0,"key":"Fire Potion"},{"floor":8.0,"key":"SpeedPotion"},{"floor":12.0,"key":"Dexterity Potion"},{"floor":14.0,"key":"PowerPotion"},{"floor":16.0,"key":"Dexterity Potion"},{"floor":19.0,"key":"CultistPotion"},{"floor":25.0,"key":"DuplicationPotion"},{"floor":30.0,"key":"hexamod:DoubleChargePotion"},{"floor":33.0,"key":"Fruit Juice"},{"floor":33.0,"key":"BlessingOfTheForge"},{"floor":36.0,"key":"PowerPotion"}],"is_trial":false,"path_per_floor":["R","M","M","?","?","E","T","?","$","?","E","M","R","E","M","B",null,"R","M","M","M","?","E","T","E","R","M","?","R","$","?","M","B",null,"R","M","T","?","$","R","T","?","E","R","$","$","R","E","M","B",null],"character_chosen":"THE_SPIRIT","items_purchased":["hexamod:ThirdSeal","hexamod:FirstSeal","Chemical X","Membership Card","Toxic Egg 2","Finesse+1","Sundial","hexamod:RecyclingMachine","Lee\u0027s Waffle"],"campfire_rested":2,"item_purchase_floors":[9,30,30,39,45,45,45,45,46],"current_hp_per_floor":[77,77,77,56,56,40,40,26,26,26,25,23,59,58,57,43,87,87,87,72,57,37,32,32,17,17,17,17,43,43,43,40,45,92,92,92,92,92,92,92,92,82,83,83,83,99,99,95,91,92],"gold":121,"neow_bonus":"TEN_PERCENT_HP_BONUS","is_daily":false,"chose_seed":false,"campfire_upgraded":6,"win_rate":0.0,"timestamp":1610488655,"path_taken":["R","M","M","?","?","E","T","?","$","?","E","?","R","E","M","BOSS","R","M","M","M","?","E","T","E","R","M","?","R","$","?","M","BOSS","R","M","?","?","$","R","T","?","E","R","$","$","R","E","M","BOSS"],"items_purchased_type":["Card","Card","Relic","Relic","Relic","Card","Relic","Relic","Relic"],"build_version":"2020-12-22","purchased_purges":3,"victory":true,"max_hp_per_floor":[77,77,77,77,77,77,77,77,77,77,77,77,87,87,87,87,87,87,87,87,87,87,87,87,87,87,87,87,87,87,87,87,92,92,92,92,92,92,92,92,92,92,92,92,92,99,99,99,99,99],"card_choices":[{"not_picked":["hexamod:BurningTouch","hexamod:HeatMetal","hexamod:Firestarter"],"picked":"SKIP","floor":2.0},{"not_picked":["hexamod:SwordOfDarkness","hexamod:ShieldOfDarkness"],"picked":"hexamod:EmpoweredFlame","floor":3.0},{"not_picked":["hexamod:Firestarter","hexamod:HauntingEcho"],"picked":"hexamod:FastForward","floor":6.0},{"not_picked":["hexamod:PowerFromBeyond","hexamod:InspiringFlames","hexamod:Again"],"picked":"SKIP","floor":9.0},{"not_picked":["hexamod:NightmareGuise","hexamod:SuperheatedStrike"],"picked":"hexamod:TimeOfNeed","floor":11.0},{"not_picked":["hexamod:InspiringFlames","hexamod:CatchUp","hexamod:SpectralSpark"],"picked":"SKIP","floor":11.0},{"not_picked":["hexamod:InspiringFlames","hexamod:CatchUp","hexamod:SpectralSpark"],"picked":"SKIP","floor":11.0},{"not_picked":["hexamod:FlamesFromBeyond","hexamod:SoulSteal"],"picked":"hexamod:GhostOfSpireFuture","floor":12.0},{"not_picked":["hexamod:ThermalTransfer","hexamod:InspiringFlames","hexamod:PhantomFireball"],"picked":"SKIP","floor":12.0},{"not_picked":["hexamod:GhostShield","hexamod:Hexaguard"],"picked":"hexamod:FourthSeal","floor":14.0},{"not_picked":["hexamod:ParanormalForm","hexamod:GhostShield","hexamod:RainOfEmbers"],"picked":"SKIP","floor":14.0},{"not_picked":["hexamod:InspiringFlames","hexamod:AdvancingGuard","hexamod:HauntingEcho"],"picked":"SKIP","floor":15.0},{"not_picked":["hexamod:RainOfEmbers","hexamod:SpectralSpark","hexamod:GhostShield"],"picked":"SKIP","floor":15.0},{"not_picked":["hexamod:TimeWarp","hexamod:VolcanoVisage"],"picked":"hexamod:SixthSeal","floor":16.0},{"not_picked":["hexamod:UnleashSpirits","hexamod:CrushingStance"],"picked":"hexamod:TimeOfNeed","floor":16.0},{"not_picked":["hexamod:HauntingEcho+1","hexamod:Firestarter"],"picked":"hexamod:BurningTouch+1","floor":19.0},{"not_picked":["hexamod:SkipABeat","hexamod:ChargedBarrage","hexamod:HauntingEcho"],"picked":"SKIP","floor":19.0},{"not_picked":["hexamod:GhostOfSpirePast","hexamod:RecurringNightmare","hexamod:SwordOfDarkness+1"],"picked":"SKIP","floor":20.0},{"not_picked":["hexamod:GhostShield","hexamod:Firestarter","hexamod:SoulSteal"],"picked":"SKIP","floor":20.0},{"not_picked":["hexamod:NightmareStrike","hexamod:Hexaguard"],"picked":"hexamod:FastForward","floor":21.0},{"not_picked":["hexamod:NightmareGuise","hexamod:CatchUp","hexamod:PowerFromBeyond"],"picked":"SKIP","floor":21.0},{"not_picked":["hexamod:ThermalTransfer","hexamod:RainOfEmbers"],"picked":"hexamod:NightmareGuise+1","floor":22.0},{"not_picked":["hexamod:CrushingStance","hexamod:Firestarter"],"picked":"hexamod:EtherealExpedition+1","floor":23.0},{"not_picked":["hexamod:Haunt+1","hexamod:SuperheatedStrike","hexamod:InspiringFlames+1"],"picked":"SKIP","floor":23.0},{"not_picked":["hexamod:Firestarter","hexamod:GhostOfSpireFuture"],"picked":"hexamod:HexaLevel","floor":25.0},{"not_picked":["hexamod:NecessarySacrifice","hexamod:Rewind","hexamod:FourthSeal"],"picked":"SKIP","floor":25.0},{"not_picked":["hexamod:SwordOfDarkness+1","hexamod:GhostOfSpirePresent+1","hexamod:GhostOfSpirePast"],"picked":"SKIP","floor":27.0},{"not_picked":["hexamod:EtherealExpedition","hexamod:RainOfEmbers+1","hexamod:SwordOfDarkness+1"],"picked":"SKIP","floor":27.0},{"not_picked":["hexamod:HeatShield","hexamod:GhostShield"],"picked":"hexamod:HexaLevel","floor":30.0},{"not_picked":["hexamod:InspiringFlames","hexamod:EtherealExpedition+1"],"picked":"hexamod:ThermalTransfer+1","floor":30.0},{"not_picked":["hexamod:GhostShield","hexamod:HeatCrush+1"],"picked":"hexamod:AdvancingGuard+1","floor":32.0},{"not_picked":["hexamod:SpectersWail+1","hexamod:SwordOfDarkness+1","hexamod:GhostflameBarrier"],"picked":"SKIP","floor":32.0},{"not_picked":["hexamod:SixthSeal","hexamod:UnleashSpirits+1"],"picked":"hexamod:VolcanoVisage","floor":33.0},{"not_picked":["hexamod:SearingWound","hexamod:WildfireWeapon"],"picked":"hexamod:TimeWarp+1","floor":33.0},{"not_picked":["hexamod:RecurringNightmare+1","hexamod:GhostOfSpireFuture+1"],"picked":"hexamod:FastForward","floor":36.0},{"not_picked":["hexamod:DynamicBlow+1","hexamod:SpectersWail+1","hexamod:Firestarter+1"],"picked":"SKIP","floor":36.0},{"not_picked":["expansioncontent:PrepareCrush","expansioncontent:Collect"],"picked":"expansioncontent:DefensiveStance","floor":42.0},{"not_picked":["hexamod:PhantomCloak","hexamod:SpectralSpark","hexamod:SoulSteal"],"picked":"SKIP","floor":43.0},{"not_picked":["hexamod:ThermalTransfer+1","hexamod:HeatMetal+1","hexamod:SpectralAdrenaline"],"picked":"SKIP","floor":43.0},{"not_picked":["hexamod:ShieldOfDarkness+1","hexamod:WildfireWeapon","hexamod:RetreatToShadows+1"],"picked":"SKIP","floor":48},{"not_picked":["hexamod:NightmareGuise+1","hexamod:GhostShield+1","hexamod:SwordOfDarkness+1"],"picked":"SKIP","floor":48},{"not_picked":["hexamod:InspiringFlames+1","hexamod:ThermalTransfer+1","hexamod:BacktrackSmack+1"],"picked":"SKIP","floor":49},{"not_picked":["hexamod:BurningTouch+1","hexamod:SwordOfDarkness+1","hexamod:RadiantFlame"],"picked":"SKIP","floor":49}],"player_experience":874607,"relics_obtained":[{"floor":6.0,"key":"Boot"},{"floor":8.0,"key":"Odd Mushroom"},{"floor":11.0,"key":"Omamori"},{"floor":14.0,"key":"Tiny Chest"},{"floor":22.0,"key":"Red Mask"},{"floor":23.0,"key":"hexamod:SoulOfChaos"},{"floor":24.0,"key":"Mummified Hand"},{"floor":25.0,"key":"Molten Egg 2"},{"floor":34.0,"key":"Blood Vial"},{"floor":34.0,"key":"Darkstone Periapt"},{"floor":34.0,"key":"WingedGreaves"},{"floor":37.0,"key":"White Beast Statue"},{"floor":41.0,"key":"MawBank"},{"floor":48,"key":"Centennial Puzzle"}],"event_choices":[{"cards_removed":["hexamod:Strike"],"damage_healed":0.0,"max_hp_gain":0.0,"max_hp_loss":0.0,"gold_gain":0.0,"event_name":"The Cleric","player_choice":"Card Removal","floor":5.0,"gold_loss":0.0,"damage_taken":0.0},{"damage_healed":0.0,"max_hp_gain":0.0,"max_hp_loss":0.0,"gold_gain":0.0,"event_name":"Mushrooms","player_choice":"Fought Mushrooms","floor":8.0,"gold_loss":0.0,"damage_taken":0.0},{"damage_healed":0.0,"max_hp_gain":0.0,"max_hp_loss":0.0,"gold_gain":0.0,"event_name":"Masked Bandits","player_choice":"Fought Bandits","floor":22.0,"gold_loss":0.0,"damage_taken":0.0},{"damage_healed":0.0,"max_hp_gain":0.0,"max_hp_loss":0.0,"gold_gain":0.0,"event_name":"The Library","player_choice":"Read","floor":31.0,"gold_loss":0.0,"damage_taken":0.0,"cards_obtained":["hexamod:RainOfEmbers"]}],"is_beta":false,"boss_relics":[{"not_picked":["Black Star","Tiny House"],"picked":"expansioncontent:StudyCardRelic"},{"not_picked":["Sozu","Runic Pyramid"],"picked":"Calling Bell"}],"items_purged_floors":[9,39,45],"is_endless":false,"potions_floor_spawned":[3,8,12,14,19,20,25,27,28,33,36,39,48,49],"ascension_level":2}}