{"host":"qwv9nni2x0umspiu","time":1610421630,"event":{"mods":["BaseMod","Downfall","Minty Spire (QoL Compilation)","Replay The Spire","StSLib","The Hierophant","Wandering Minibosses"],"gold_per_floor":[112,112,130,180,105,138,155,155,210,226,241,241,252,152,152,204,204,221,221,223,231,250,250,250,250],"floor_reached":24,"playtime":1129,"items_purged":["hierophant:Strike_Hierophant","hierophant:Defend_Hierophant"],"score":454,"play_id":"4314fd8b-3397-41a9-805d-97141a964a6b","local_time":"20210111192030","is_ascension_mode":true,"campfire_choices":[{"data":"hierophant:ChurchCoffers","floor":8,"key":"SMITH"},{"data":"hierophant:Upheaval","floor":15,"key":"SMITH"},{"data":"hierophant:SealAway","floor":23,"key":"SMITH"}],"circlet_count":0,"master_deck":["AscendersBane","hierophant:Strike_Hierophant","hierophant:Strike_Hierophant","hierophant:Strike_Hierophant","hierophant:Punish+1","hierophant:Defend_Hierophant","hierophant:Defend_Hierophant","hierophant:Defend_Hierophant","hierophant:ChurchCoffers+1","hierophant:Smite","hierophant:Upheaval+1","hierophant:Zeal","hierophant:Shelter","CurseOfTheBell","hierophant:Community+1","hierophant:SealAway+1"],"relics":["hierophant:PropheticMaskRelic","NeowsBlessing","Vajra","Art of War","Calling Bell","Smiling Mask","hierophant:DonationBoxRelic","Du-Vu Doll"],"acts_visited":["Exordium","TheCity"],"potions_floor_usage":[10,11,11,21,24,24],"damage_taken":[{"damage":0,"enemies":"Cultist","floor":1,"turns":1},{"damage":0,"enemies":"2 Louse","floor":3,"turns":1},{"damage":0,"enemies":"Replay:BlueRogue","floor":6,"turns":1},{"damage":0,"enemies":"Small Slimes","floor":7,"turns":2},{"damage":6,"enemies":"Looter","floor":10,"turns":2},{"damage":9,"enemies":"Exordium Thugs","floor":11,"turns":5},{"damage":8,"enemies":"Blue Slaver","floor":13,"turns":4},{"damage":43,"enemies":"The Guardian","floor":16,"turns":11},{"damage":22,"enemies":"Shell Parasite","floor":18,"turns":3},{"damage":2,"enemies":"Chosen","floor":19,"turns":4},{"damage":0,"enemies":"Centurion and Healer","floor":20,"turns":4},{"damage":9,"enemies":"Snake Plant","floor":21,"turns":3},{"damage":0,"enemies":"Sentry and Sphere","floor":22,"turns":2},{"damage":24,"enemies":"Snecko","floor":24,"turns":6}],"seed_played":"3496972895151819084","potions_obtained":[{"floor":1,"key":"champ:CounterPotion"},{"floor":6,"key":"Guardian:BlockOnCardUsePotion"},{"floor":10,"key":"Block Potion"},{"floor":18,"key":"LifebloodPotion"},{"floor":21,"key":"sneckomod:MuddlingPotion"},{"floor":22,"key":"BlessingOfTheForge"}],"is_trial":false,"path_per_floor":["M","$","M","T","$","E","M","R","T","M","M","?","M","$","R","B",null,"M","M","M","M","M","R","M"],"character_chosen":"HIEROPHANT","items_purchased":[],"campfire_rested":0,"item_purchase_floors":[],"current_hp_per_floor":[68,68,68,68,68,68,68,68,68,62,53,53,45,45,45,2,57,35,33,33,24,24,24,0,0],"gold":250,"neow_bonus":"THREE_ENEMY_KILL","is_daily":false,"chose_seed":false,"campfire_upgraded":3,"win_rate":0.0,"timestamp":1610421630,"path_taken":["M","$","?","?","$","E","M","R","T","M","M","?","M","$","R","BOSS","M","M","M","M","M","R","M"],"items_purchased_type":[],"build_version":"2020-12-22","purchased_purges":2,"victory":false,"max_hp_per_floor":[75,75,75,75,75,75,75,75,75,75,75,75,75,75,75,75,75,75,75,75,75,75,75,75,75],"card_choices":[{"not_picked":["hierophant:Charity","hierophant:FieryStrike","hierophant:CursedGold"],"picked":"SKIP","floor":1},{"not_picked":["hierophant:Endure","hierophant:OrnateBuckler"],"picked":"hierophant:Smite","floor":3},{"not_picked":["hierophant:FlamingChariot","hierophant:Refuge"],"picked":"hierophant:Upheaval","floor":6},{"not_picked":["hierophant:Charity","hierophant:Patience"],"picked":"hierophant:Zeal","floor":7},{"not_picked":["hierophant:Charity","hierophant:HolyVerse","hierophant:SolarFlare"],"picked":"SKIP","floor":10},{"not_picked":["hierophant:Encroach","hierophant:OrnateBuckler","hierophant:Cornucopia"],"picked":"SKIP","floor":11},{"not_picked":["hierophant:Zeal","hierophant:HolyVerse"],"picked":"hierophant:Shelter","floor":13},{"not_picked":["hierophant:RepressedViolence+1","hierophant:Smite"],"picked":"hierophant:Community+1","floor":18},{"not_picked":["hierophant:Zeal","hierophant:Smite","hierophant:SolarFlare"],"picked":"SKIP","floor":19},{"not_picked":["hierophant:CoinFling","hierophant:Repentance","hierophant:Remorse+1"],"picked":"SKIP","floor":20},{"not_picked":["hierophant:OrnateBuckler","hierophant:Upheaval"],"picked":"hierophant:SealAway","floor":21},{"not_picked":["hierophant:FlamingChariot","hierophant:OrnateBuckler","hierophant:PassingBell"],"picked":"SKIP","floor":22}],"player_experience":1345257,"relics_obtained":[{"floor":6,"key":"Vajra"},{"floor":9,"key":"Art of War"},{"floor":17,"key":"Smiling Mask"},{"floor":17,"key":"hierophant:DonationBoxRelic"},{"floor":17,"key":"Du-Vu Doll"}],"event_choices":[{"damage_healed":0,"gold_gain":0,"player_choice":"Grow","damage_taken":0,"max_hp_gain":0,"max_hp_loss":0,"event_name":"Living Wall","floor":12,"gold_loss":0,"cards_upgraded":["hierophant:Punish"]}],"is_beta":false,"boss_relics":[{"not_picked":["Abe\u0027s Treasure","Runic Pyramid"],"picked":"Calling Bell"}],"items_purged_floors":[5,14],"is_endless":false,"potions_floor_spawned":[1,6,7,10,18,21,22],"killed_by":"Snecko","ascension_level":20}}