{"host":"ldbx2jhnvtia1ouf","time":1610477258,"event":{"mods":["BaseMod","Better Note","Better Sensory Stone","Better Skull","Better Third Choice","Block Reminder","Colored Map","Colored Powertips","Curses Come First","Highlight Path","Minty Spire (QoL Compilation)","Permanent Neow","Spicy Shops","StSLib","Transform Curses","Unceasing Turn Reminder"],"gold_per_floor":[361,374,374,392,403,403,516,535,608,619,649,649,666,682,682,785,785,804,823,773,773,787,787,801,801,869,869,869,869],"floor_reached":28,"playtime":1752,"items_purged":[],"score":224,"play_id":"aa5646e9-a8e7-437e-9e75-22be3de5128a","local_time":"20210113044738","is_ascension_mode":false,"campfire_choices":[{"data":"Eruption","floor":6,"key":"SMITH"},{"floor":12,"key":"REST"},{"data":"Study","floor":15,"key":"SMITH"},{"floor":23,"key":"REST"},{"floor":25,"key":"REST"},{"data":"DevaForm","floor":27,"key":"SMITH"}],"circlet_count":0,"master_deck":["Strike_P","Strike_P","Strike_P","Strike_P","Defend_P","Defend_P","Defend_P","Defend_P","Eruption+1","Vigilance","ReachHeaven","ThirdEye","Perseverance","Weave","EmptyBody","Study+1","TalkToTheHand","DevaForm+1","Halt+1","ReachHeaven+1","Nirvana+1"],"relics":["PureWater","Blood Vial","Unceasing Top","SlaversCollar","Meat on the Bone"],"acts_visited":["Exordium","TheCity"],"potions_floor_usage":[5,11,11,16,16,16,19,19,24],"damage_taken":[{"damage":0,"enemies":"Cultist","floor":1,"turns":4},{"damage":0,"enemies":"Small Slimes","floor":2,"turns":2},{"damage":0,"enemies":"2 Louse","floor":4,"turns":2},{"damage":8,"enemies":"Exordium Wildlife","floor":5,"turns":5},{"damage":0,"enemies":"Blue Slaver","floor":8,"turns":3},{"damage":6,"enemies":"Lots of Slimes","floor":10,"turns":4},{"damage":8,"enemies":"Gremlin Nob","floor":11,"turns":3},{"damage":7,"enemies":"Exordium Thugs","floor":13,"turns":5},{"damage":0,"enemies":"Looter","floor":14,"turns":4},{"damage":10,"enemies":"Hexaghost","floor":16,"turns":7},{"damage":21,"enemies":"2 Thieves","floor":18,"turns":5},{"damage":23,"enemies":"Spheric Guardian","floor":19,"turns":6},{"damage":39,"enemies":"Centurion and Healer","floor":22,"turns":5},{"damage":25,"enemies":"Snake Plant","floor":24,"turns":5},{"damage":46,"enemies":"3 Cultists","floor":28,"turns":4}],"seed_played":"2489065766367429969","potions_obtained":[{"floor":3,"key":"Regen Potion"},{"floor":3,"key":"StancePotion"},{"floor":3,"key":"Ancient Potion"},{"floor":5,"key":"SteroidPotion"},{"floor":8,"key":"Ancient Potion"},{"floor":10,"key":"Fire Potion"},{"floor":13,"key":"Strength Potion"},{"floor":14,"key":"Dexterity Potion"},{"floor":18,"key":"EntropicBrew"},{"floor":22,"key":"BlessingOfTheForge"}],"is_trial":false,"path_per_floor":["M","M","?","M","M","R","?","M","T","M","E","R","M","M","R","B",null,"M","M","?","?","M","R","M","R","T","R","M"],"character_chosen":"WATCHER","items_purchased":[],"campfire_rested":3,"item_purchase_floors":[],"current_hp_per_floor":[65,65,65,65,57,57,38,40,40,36,39,58,53,55,55,47,65,44,23,23,65,26,45,22,41,41,41,0,0],"gold":869,"neow_bonus":"TWO_FIFTY_GOLD","is_daily":false,"chose_seed":false,"campfire_upgraded":3,"win_rate":0.0,"timestamp":1610477258,"path_taken":["M","M","?","?","M","R","?","?","T","M","E","R","M","M","R","BOSS","M","M","?","?","M","R","M","R","T","R","M"],"items_purchased_type":[],"build_version":"2020-12-22","purchased_purges":0,"victory":false,"max_hp_per_floor":[65,65,65,65,65,65,65,65,65,65,65,65,65,65,65,65,65,65,65,65,65,65,65,65,65,65,65,65,65],"card_choices":[{"not_picked":["CutThroughFate","InnerPeace"],"picked":"ReachHeaven","floor":1},{"not_picked":["FlyingSleeves","CrushJoints","Evaluate"],"picked":"SKIP","floor":2},{"not_picked":["InnerPeace","Wallop"],"picked":"ThirdEye","floor":4},{"not_picked":["FollowUp","ThirdEye"],"picked":"BattleHymn","floor":5},{"not_picked":["Omniscience","BowlingBash"],"picked":"Perseverance","floor":8},{"not_picked":["FlurryOfBlows","CrushJoints"],"picked":"Weave","floor":10},{"not_picked":["Protect","CutThroughFate"],"picked":"EmptyBody","floor":11},{"not_picked":["TalkToTheHand","PathToVictory"],"picked":"Study","floor":13},{"not_picked":["EmptyFist","Protect"],"picked":"TalkToTheHand","floor":14},{"not_picked":["MasterReality","Establishment"],"picked":"DevaForm","floor":16},{"not_picked":["CarveReality","Consecrate"],"picked":"Halt+1","floor":18},{"not_picked":["JustLucky","CrushJoints"],"picked":"ReachHeaven+1","floor":19},{"not_picked":["Protect+1","FlyingSleeves","PathToVictory"],"picked":"SKIP","floor":22},{"not_picked":["CarveReality","PathToVictory"],"picked":"Nirvana+1","floor":24}],"player_experience":123199,"relics_obtained":[{"floor":11,"key":"Unceasing Top"},{"floor":26,"key":"Meat on the Bone"}],"event_choices":[{"damage_healed":0,"gold_gain":0,"player_choice":"Got Potions","damage_taken":0,"max_hp_gain":0,"max_hp_loss":0,"event_name":"Lab","floor":3,"gold_loss":0},{"damage_healed":0,"gold_gain":113,"player_choice":"GO RE ","damage_taken":22,"relics_obtained":["Blood Vial"],"max_hp_gain":0,"max_hp_loss":0,"event_name":"betterSkull:BetterSkull","floor":7,"gold_loss":0,"cards_upgraded":[]},{"damage_healed":0,"gold_gain":0,"player_choice":"Bet on Murderer","damage_taken":0,"max_hp_gain":0,"max_hp_loss":0,"event_name":"The Joust","floor":20,"gold_loss":50},{"cards_removed":["BattleHymn"],"damage_healed":42,"gold_gain":0,"player_choice":"Offered Uncommon","damage_taken":0,"max_hp_gain":0,"max_hp_loss":0,"event_name":"Bonfire Elementals","floor":21,"gold_loss":0}],"is_beta":false,"boss_relics":[{"not_picked":["Cursed Key","Runic Dome"],"picked":"SlaversCollar"}],"items_purged_floors":[],"is_endless":false,"potions_floor_spawned":[5,8,10,13,14,18,22],"killed_by":"3 Cultists","ascension_level":0}}