{"host":"uv231blk40vjdojr","time":1610480266,"event":{"mods":["AchievementEnabler","BaseMod","Bestiary","Minty Spire (QoL Compilation)","Relic Stats"],"gold_per_floor":[112,130,140,140,65,65,84,94,119,19,36,36,55,65,65,167,167,181,181,281,281,281],"floor_reached":21,"language":"ENG","playtime":617,"items_purged":["Defend_R","Strike_R"],"score":173,"play_id":"f5443213-f877-4bb9-9de1-c0ae7d9dd64a","local_time":"20210112203746","is_ascension_mode":false,"campfire_choices":[{"data":"Flex","floor":6,"key":"SMITH"},{"data":"Dual Wield","floor":15,"key":"SMITH"}],"circlet_count":0,"master_deck":["Strike_R","Strike_R","Strike_R","Strike_R","Defend_R","Defend_R","Defend_R","Bash+1","Flex+1","Dual Wield+1","Regret","Corruption","Cleave"],"relics":["Burning Blood","Anchor","Toy Ornithopter","Runic Cube"],"acts_visited":["Exordium","TheCity"],"potions_floor_usage":[16],"damage_taken":[{"damage":6,"enemies":"Small Slimes","floor":1,"turns":3},{"damage":1,"enemies":"Cultist","floor":2,"turns":3},{"damage":2,"enemies":"2 Louse","floor":3,"turns":3},{"damage":15,"enemies":"Exordium Thugs","floor":7,"turns":4},{"damage":7,"enemies":"Looter","floor":8,"turns":4},{"damage":12,"enemies":"Gremlin Gang","floor":11,"turns":5},{"damage":4,"enemies":"Large Slime","floor":13,"turns":5},{"damage":10,"enemies":"Blue Slaver","floor":14,"turns":4},{"damage":48,"enemies":"Slime Boss","floor":16,"turns":8},{"damage":44,"enemies":"Chosen","floor":18,"turns":7},{"damage":2,"enemies":"3 Byrds","floor":21,"turns":2}],"seed_played":"1418142274291488472","potions_obtained":[{"floor":2,"key":"EssenceOfSteel"},{"floor":3,"key":"Ancient Potion"},{"floor":7,"key":"GamblersBrew"},{"floor":14,"key":"PowerPotion"},{"floor":16,"key":"Dexterity Potion"}],"is_trial":false,"path_per_floor":["M","M","M","?","$","R","M","M","T","$","M","?","M","M","R","B",null,"M","?","?","M"],"character_chosen":"IRONCLAD","items_purchased":[],"campfire_rested":0,"item_purchase_floors":[],"current_hp_per_floor":[80,80,80,80,80,80,71,70,70,70,64,64,66,62,62,25,80,42,42,42,40,40],"gold":281,"neow_bonus":"UPGRADE_CARD","is_daily":false,"chose_seed":false,"campfire_upgraded":2,"win_rate":0.0,"timestamp":1610480266,"path_taken":["M","M","M","?","$","R","M","?","T","$","M","?","M","M","R","BOSS","M","?","?","?"],"items_purchased_type":[],"build_version":"2020-12-22","purchased_purges":2,"victory":false,"max_hp_per_floor":[80,80,80,80,80,80,80,80,80,80,80,80,80,80,80,80,80,80,80,80,80,80],"relic_stats":{"counters":[11,48],"obtain_stats":[{"Anchor":9,"Burning Blood":0,"Toy Ornithopter":12,"Runic Cube":17},{"Anchor":5,"Burning Blood":0,"Toy Ornithopter":6,"Runic Cube":9},{"Anchor":17,"Burning Blood":0,"Toy Ornithopter":22,"Runic Cube":39}],"Burning Blood":51,"Toy Ornithopter":5,"Runic Cube":[6]},"card_choices":[{"not_picked":["Heavy Blade","Flame Barrier"],"picked":"Flex","floor":1},{"not_picked":["Headbutt","Disarm","Body Slam"],"picked":"SKIP","floor":2},{"not_picked":["Rampage","Shockwave"],"picked":"Dual Wield","floor":3},{"not_picked":["Uppercut","Warcry","Armaments"],"picked":"SKIP","floor":7},{"not_picked":["Ghostly Armor","Clash","Dual Wield"],"picked":"SKIP","floor":8},{"not_picked":["Havoc","Wild Strike","Evolve"],"picked":"SKIP","floor":11},{"not_picked":["Disarm","Thunderclap","Double Tap"],"picked":"SKIP","floor":13},{"not_picked":["Sword Boomerang","Metallicize","Cleave"],"picked":"SKIP","floor":14},{"not_picked":["Limit Break","Fiend Fire"],"picked":"Corruption","floor":16},{"not_picked":["Shockwave","Pommel Strike","Heavy Blade"],"picked":"SKIP","floor":18}],"player_experience":671741,"relics_obtained":[{"floor":9,"key":"Anchor"}],"event_choices":[{"damage_healed":0,"gold_gain":0,"player_choice":"Full Heal","damage_taken":0,"max_hp_gain":0,"max_hp_loss":0,"event_name":"Wheel of Change","floor":4,"gold_loss":0},{"damage_healed":0,"gold_gain":0,"player_choice":"Box","damage_taken":0,"relics_obtained":["Toy Ornithopter"],"max_hp_gain":0,"max_hp_loss":0,"event_name":"Big Fish","floor":12,"gold_loss":0,"cards_obtained":["Regret"]},{"damage_healed":0,"gold_gain":0,"player_choice":"Read","damage_taken":0,"max_hp_gain":0,"max_hp_loss":0,"event_name":"The Library","floor":19,"gold_loss":0,"cards_obtained":["Cleave"]},{"damage_healed":0,"gold_gain":100,"player_choice":"Pray","damage_taken":0,"max_hp_gain":0,"max_hp_loss":0,"event_name":"Golden Shrine","floor":20,"gold_loss":0}],"is_beta":false,"boss_relics":[{"not_picked":["SacredBark","Cursed Key"],"picked":"Runic Cube"}],"items_purged_floors":[5,10],"is_endless":false,"potions_floor_spawned":[2,3,7,13,14,16],"killed_by":"3 Byrds","ascension_level":0}}