{"host":"i19jjmeqmvseha12","time":1610449420,"event":{"mods":["Act Like it!","BaseMod","Colored Powertips","Dota2Spire","Gensokyo","Minty Spire (QoL Compilation)","Replay The Spire","StSLib","The Cursed"],"gold_per_floor":[115,115,115,135,135,135,162,162,235,235,235,261,261,261,261,261,261],"floor_reached":16,"playtime":537,"items_purged":[],"score":104,"play_id":"207ff8be-5ad0-432a-9a50-1ed33c3c9ff1","local_time":"20210112030340","is_ascension_mode":false,"campfire_choices":[{"data":"Gensokyo:CrescentMoonSlash","floor":6,"key":"SMITH"},{"floor":8,"key":"REST"},{"data":"Footwork","floor":11,"key":"SMITH"},{"floor":15,"key":"REST"}],"circlet_count":0,"master_deck":["Strike_G","Strike_G","Strike_G","Strike_G","Strike_G","Defend_G","Defend_G","Defend_G","Defend_G","Defend_G","Survivor","Neutralize","Hidden Blade","Gensokyo:CrescentMoonSlash+1","Footwork+1"],"relics":["Ring of the Snake","Blue Doll","Bottled Flame","Juzu Bracelet"],"acts_visited":["Exordium"],"potions_floor_usage":[12,12],"damage_taken":[{"damage":0,"enemies":"Gensokyo:3_Fairies","floor":1,"turns":4},{"damage":3,"enemies":"Gensokyo:Python","floor":4,"turns":3},{"damage":25,"enemies":"Gensokyo:Cirno","floor":7,"turns":5},{"damage":38,"enemies":"Gensokyo:Aya","floor":12,"turns":10},{"damage":52,"enemies":"Gensokyo:Reimu","floor":16,"turns":10}],"seed_played":"9167863225936524038","potions_obtained":[{"floor":4,"key":"BlessingOfTheForge"},{"floor":7,"key":"Block Potion"}],"is_trial":false,"path_per_floor":["M","?","$","M","?","R","E","R","T","$","R","E","?","?","R","B"],"character_chosen":"THE_SILENT","items_purchased":[],"campfire_rested":2,"item_purchase_floors":[],"current_hp_per_floor":[77,66,66,63,63,63,38,61,61,61,61,23,23,23,46,0,0],"gold":261,"neow_bonus":"TEN_PERCENT_HP_BONUS","is_daily":false,"chose_seed":false,"campfire_upgraded":2,"win_rate":0.0,"timestamp":1610449420,"path_taken":["M","?","$","M","?","R","E","R","T","$","R","E","?","?","R","BOSS"],"items_purchased_type":[],"build_version":"2020-12-22","purchased_purges":0,"victory":false,"max_hp_per_floor":[77,77,77,77,77,77,77,77,77,77,77,77,77,77,77,77,77],"card_choices":[{"not_picked":["Deflect","ReplayTheSpireMod:The Works"],"picked":"Hidden Blade","floor":1},{"not_picked":["Predator","Hidden Blade","Flying Knee"],"picked":"SKIP","floor":4},{"not_picked":["Heel Hook","ReplayTheSpireMod:The Works"],"picked":"Footwork","floor":7},{"not_picked":["Bane","Draining Mist","Backflip"],"picked":"SKIP","floor":12}],"player_experience":166121,"relics_obtained":[{"floor":7,"key":"Blue Doll"},{"floor":9,"key":"Bottled Flame"},{"floor":12,"key":"Juzu Bracelet"}],"event_choices":[],"is_beta":false,"boss_relics":[],"items_purged_floors":[],"is_endless":false,"potions_floor_spawned":[4,7],"killed_by":"Gensokyo:Reimu","ascension_level":0}}