{"host":"m1hsm1cztz438mir","time":1610459679,"event":{"mods":["2.2 Compatiblity","AchievementEnabler","Act Like it!","BaseMod","Better Altar","Better Match","Better Note","Better Sensory Stone","Better Skull","Better Third Choice","Colored Map","Minty Spire (QoL Compilation)","Relic Stats","Replay The Spire","Shop Mod","StSLib"],"gold_per_floor":[116,136,136,156,3,29,46,46,71,71,86,116,127,153,153,253,253,273,348,363,382,207,207,221,221,221,255,280,280,306,337,337,359,359],"floor_reached":33,"playtime":3962,"items_purged":["Hallucinations"],"score":499,"play_id":"7b1c110f-8df4-43c4-9943-e38c9d1f4892","local_time":"20210112135439","is_ascension_mode":true,"campfire_choices":[{"data":"Deadly Poison","floor":8,"key":"SMITH"},{"data":"PiercingWail","floor":10,"key":"SMITH"},{"data":"Toxin Wave","floor":15,"key":"SMITH"},{"data":"Noxious Fumes","floor":23,"key":"SMITH"},{"data":"ReplayTheSpireMod:Tripwire","floor":25,"key":"SMITH"},{"data":"Caltrops","floor":32,"key":"SMITH"}],"circlet_count":0,"master_deck":["Strike_G","Strike_G","Strike_G","Strike_G","Strike_G","Defend_G","Defend_G","Defend_G","Defend_G","Defend_G","Survivor","Neutralize","Blade Dance","Replay:Poison Smokescreen","Acrobatics","Deadly Poison+1","PiercingWail+1","Blade Dance","Caltrops+1","Setup","Toxin Wave+1","Corpse Explosion","Replay:Poison Smokescreen","Cloak And Dagger+1","Backflip","Noxious Fumes+1","PiercingWail","ReplayTheSpireMod:Tripwire+1","Sucker Punch","J.A.X.","Distraction+1"],"relics":["SlaversCollar","ReplayTheSpireMod:Ring of Addiction","Potion Belt","Toy Ornithopter","Ring of Peace","Membership Card","Blood Vial","Replay:Rubber Ducky","MealTicket","Replay:Bottled Flurry","Black Star","Cauldron","Omamori","Replay:Bandana","Nunchaku","Ancient Tea Set","ReplayTheSpireMod:TigerMarble"],"acts_visited":["Exordium","TheCity"],"potions_floor_usage":[6,11,12,14,16,20,21,24,27,28,30,30,33,33,33],"damage_taken":[{"damage":5,"enemies":"Jaw Worm","floor":1,"turns":5},{"damage":1,"enemies":"Cultist","floor":2,"turns":3},{"damage":0,"enemies":"Small Slimes","floor":4,"turns":5},{"damage":12,"enemies":"3 Sentries","floor":6,"turns":10},{"damage":8,"enemies":"Exordium Thugs","floor":7,"turns":5},{"damage":0,"enemies":"Blue Slaver","floor":11,"turns":4},{"damage":0,"enemies":"Gremlin Nob","floor":12,"turns":4},{"damage":4,"enemies":"2 Fungi Beasts","floor":13,"turns":6},{"damage":0,"enemies":"Lagavulin","floor":14,"turns":6},{"damage":14,"enemies":"Slime Boss","floor":16,"turns":11},{"damage":2,"enemies":"Spheric Guardian","floor":18,"turns":4},{"damage":11,"enemies":"2 Thieves","floor":20,"turns":4},{"damage":17,"enemies":"Snake Plant","floor":21,"turns":5},{"damage":26,"enemies":"Shelled Parasite and Fungi","floor":24,"turns":8},{"damage":0,"enemies":"Replay:Snechameleon","floor":27,"turns":7},{"damage":4,"enemies":"3 Cultists","floor":28,"turns":4},{"damage":0,"enemies":"Snecko","floor":30,"turns":4},{"damage":15,"enemies":"Slavers","floor":31,"turns":7},{"damage":79,"enemies":"Champ","floor":33,"turns":10}],"seed_played":"-6099133750542949630","potions_obtained":[{"floor":2,"key":"FearPotion"},{"floor":3,"key":"LiquidBronze"},{"floor":3,"key":"Block Potion"},{"floor":3,"key":"Poison Potion"},{"floor":7,"key":"Fruit Juice"},{"floor":12,"key":"PowerPotion"},{"floor":13,"key":"GamblersBrew"},{"floor":16,"key":"EssenceOfSteel"},{"floor":22,"key":"Poison Potion"},{"floor":22,"key":"Fire Potion"},{"floor":22,"key":"DuplicationPotion"},{"floor":22,"key":"Ancient Potion"},{"floor":22,"key":"Elixir"},{"floor":24,"key":"Explosive Potion"},{"floor":27,"key":"Fire Potion"},{"floor":31,"key":"Languid Potion"}],"is_trial":false,"path_per_floor":["M","M","?","M","$","E","M","R","T","R","M","E","M","E","R","B",null,"M","?","M","M","$","R","M","R","T","E","M","?","M","E","R","B"],"character_chosen":"THE_SILENT","items_purchased":["Membership Card","Noxious Fumes","PiercingWail","Cauldron"],"campfire_rested":0,"item_purchase_floors":[5,22,22,22],"current_hp_per_floor":[58,57,57,57,57,50,44,44,44,44,56,63,61,68,68,59,70,70,63,59,49,64,64,45,45,45,52,55,55,67,54,54,0,0],"gold":359,"neow_bonus":"BOSS_RELIC","is_daily":false,"chose_seed":false,"campfire_upgraded":6,"win_rate":0.0,"timestamp":1610459679,"path_taken":["M","M","?","M","$","E","M","R","T","R","M","E","M","E","R","BOSS","M","?","M","M","$","R","M","R","T","E","?","?","M","E","R","BOSS"],"items_purchased_type":["Relic","Card","Card","Relic"],"build_version":"2020-12-22","purchased_purges":1,"victory":false,"max_hp_per_floor":[70,70,70,70,70,70,70,70,70,68,73,73,73,73,73,73,73,73,73,71,71,71,71,71,71,71,71,71,71,71,71,71,71,71],"relic_stats":{"Blood Vial":30,"Nunchaku":[4],"counters":[19,112],"MealTicket":15,"Black Star":2,"obtain_stats":[{"Potion Belt":3,"ReplayTheSpireMod:Ring of Addiction":3,"Omamori":26,"Ancient Tea Set":31,"Replay:Rubber Ducky":9,"Blood Vial":6,"SlaversCollar":0,"Cauldron":22,"Replay:Bandana":27,"Nunchaku":27,"Ring of Peace":3,"MealTicket":12,"Replay:Bottled Flurry":14,"Black Star":17,"ReplayTheSpireMod:TigerMarble":31,"Membership Card":5,"Toy Ornithopter":3,"Ring of the Snake":0},{"Potion Belt":2,"ReplayTheSpireMod:Ring of Addiction":2,"Omamori":14,"Ancient Tea Set":18,"Replay:Rubber Ducky":5,"Blood Vial":4,"SlaversCollar":0,"Cauldron":13,"Replay:Bandana":15,"Nunchaku":15,"Ring of Peace":2,"MealTicket":7,"Replay:Bottled Flurry":9,"Black Star":10,"ReplayTheSpireMod:TigerMarble":18,"Membership Card":3,"Toy Ornithopter":2,"Ring of the Snake":0},{"Potion Belt":8,"ReplayTheSpireMod:Ring of Addiction":8,"Omamori":80,"Ancient Tea Set":102,"Replay:Rubber Ducky":28,"Blood Vial":23,"SlaversCollar":0,"Cauldron":72,"Replay:Bandana":87,"Nunchaku":87,"Ring of Peace":8,"MealTicket":36,"Replay:Bottled Flurry":48,"Black Star":59,"ReplayTheSpireMod:TigerMarble":102,"Membership Card":13,"Toy Ornithopter":8,"Ring of the Snake":0}],"Toy Ornithopter":73},"card_choices":[{"not_picked":["Fluid Movement","Outmaneuver"],"picked":"Blade Dance","floor":1},{"not_picked":["Outmaneuver","Escape Plan"],"picked":"Replay:Poison Smokescreen","floor":2},{"not_picked":["ReplayTheSpireMod:Exploit Weakness","Finisher"],"picked":"Acrobatics","floor":4},{"not_picked":["Quick Slash","Flying Knee"],"picked":"Deadly Poison","floor":6},{"not_picked":["Dagger Throw","Backflip"],"picked":"PiercingWail","floor":7},{"not_picked":["Terror","Choke"],"picked":"Blade Dance","floor":11},{"not_picked":["Sucker Punch","Expertise"],"picked":"Caltrops","floor":12},{"not_picked":["Quick Slash","Underhanded Strike"],"picked":"Setup","floor":13},{"not_picked":["Deflect","Replay:Bag of Tricks"],"picked":"Toxin Wave","floor":14},{"not_picked":["ReplayTheSpireMod:Necrosis","Night Terror"],"picked":"Corpse Explosion","floor":16},{"not_picked":["Deflect+1","Dagger Throw+1"],"picked":"Replay:Poison Smokescreen","floor":18},{"not_picked":["Prepared","Fluid Movement"],"picked":"Cloak And Dagger+1","floor":20},{"not_picked":["Flechettes+1","Underhanded Strike"],"picked":"Backflip","floor":21},{"not_picked":["Quick Slash+1","Hidden Blade"],"picked":"ReplayTheSpireMod:Tripwire","floor":24},{"not_picked":["Dagger Spray","Hidden Blade"],"picked":"Sucker Punch","floor":27},{"not_picked":["Cloak And Dagger","Expertise","Calculated Gamble+1"],"picked":"SKIP","floor":28},{"not_picked":["Masterful Stab","Slice","Distraction"],"picked":"SKIP","floor":30},{"not_picked":["Escape Plan+1","Acrobatics"],"picked":"Distraction+1","floor":31}],"player_experience":258573,"relics_obtained":[{"floor":3,"key":"ReplayTheSpireMod:Ring of Addiction"},{"floor":3,"key":"Potion Belt"},{"floor":3,"key":"Toy Ornithopter"},{"floor":3,"key":"Ring of Peace"},{"floor":6,"key":"Blood Vial"},{"floor":9,"key":"Replay:Rubber Ducky"},{"floor":12,"key":"MealTicket"},{"floor":14,"key":"Replay:Bottled Flurry"},{"floor":26,"key":"Omamori"},{"floor":27,"key":"Replay:Bandana"},{"floor":27,"key":"Nunchaku"},{"floor":31,"key":"Ancient Tea Set"},{"floor":31,"key":"ReplayTheSpireMod:TigerMarble"}],"event_choices":[{"damage_healed":0,"gold_gain":75,"player_choice":"Touch","damage_taken":7,"max_hp_gain":0,"max_hp_loss":0,"event_name":"FaceTrader","floor":19,"gold_loss":0},{"damage_healed":0,"gold_gain":0,"player_choice":"Obtain J.A.X.","damage_taken":0,"max_hp_gain":0,"max_hp_loss":0,"event_name":"Drug Dealer","floor":29,"gold_loss":0,"cards_obtained":["J.A.X."]}],"is_beta":false,"boss_relics":[{"not_picked":["Replay:Bronze Core","HoveringKite"],"picked":"Black Star"}],"items_purged_floors":[22],"is_endless":false,"potions_floor_spawned":[2,7,12,13,16,24,27,31],"killed_by":"Champ","ascension_level":6}}