{"host":"grklf728wqifs9z9","time":1610418269,"event":{"mods":["BaseMod","Downfall","MarisaÅiñ∂âJÅ@ñÇóùçπÅj","Minty Spire (QoL Compilation)","Replay The Spire","Shop Mod","StSLib","The Animator","The Bug Knight","The Cursed","The Disciple","The Necromancer","The Servant 0.9.4"],"gold_per_floor":[112,112,123,143,172,172,172,197,197,209,209,219,250,263,263,370,370,382,61,61,61,61,61,76,99,99,15,15,19,19],"floor_reached":29,"playtime":2916,"items_purged":[],"score":252,"play_id":"c51b9fa6-4380-4156-9388-07cbe198eda7","local_time":"20210112112429","is_ascension_mode":false,"campfire_choices":[{"data":"animator:Nanami","floor":7,"key":"SMITH"},{"data":"animator:Melzalgald","floor":11,"key":"SMITH"},{"floor":15,"key":"DIG"},{"floor":26,"key":"REST"}],"circlet_count":0,"master_deck":["animator:Strike_Konosuba","animator:Defend_Konosuba+1","animator:Strike","animator:Strike","animator:Strike","animator:Defend","animator:Defend","animator:Defend","animator:Kazuma","animator:Aqua","animator:LeleiLaLalena","animator:KyokoSakura","animator:Nanami+1","animator:Megumin+3","animator:Azekura","animator:Melzalgald+1","animator:Verdia","animator:YunYun","animator:TsurugaMeisai+1","animator:Ainz+1","ReplayTheSpireMod:Faulty Equipment","animator:Souei+1","animator:Kyubey+1","animator:Chris","animator:Wiz","animator:Strike","animator:Benimaru","animator:Kaijin","animator:Togame","animator:Evileye+1","animator:Guren","animator:GazelDwargon"],"relics":["animator:LivingPicture","animator:TheMissingPiece","animator:PurgingStone","Gremlin Food","Snack Pack","Ginger","Red Skull","ReplayTheSpireMod:Lightbulb","Replay:Bottled Eggs","CaptainsWheel","Membership Card","MerchantsRug"],"acts_visited":["Exordium","TheCity"],"potions_floor_usage":[8,8,12,16,16,16,24,29],"damage_taken":[{"damage":13,"enemies":"Jaw Worm","floor":1,"turns":8},{"damage":4,"enemies":"2 Louse","floor":3,"turns":4},{"damage":0,"enemies":"Cultist","floor":4,"turns":5},{"damage":2,"enemies":"Blue Slaver","floor":5,"turns":7},{"damage":0,"enemies":"Lagavulin","floor":8,"turns":11},{"damage":0,"enemies":"2 Fungi Beasts","floor":10,"turns":5},{"damage":7,"enemies":"Exordium Thugs","floor":12,"turns":4},{"damage":9,"enemies":"Lots of Slimes","floor":13,"turns":2},{"damage":16,"enemies":"Gremlin Gang","floor":14,"turns":3},{"damage":13,"enemies":"Slime Boss","floor":16,"turns":9},{"damage":24,"enemies":"Shell Parasite","floor":18,"turns":9},{"damage":5,"enemies":"3 Byrds","floor":24,"turns":4},{"damage":26,"enemies":"Shelled Parasite and Fungi","floor":25,"turns":6},{"damage":65,"enemies":"Slavers","floor":29,"turns":5}],"seed_played":"-7175196684997495196","potions_obtained":[{"floor":4,"key":"Dexterity Potion"},{"floor":6,"key":"Adrenaline Potion"},{"floor":6,"key":"SteroidPotion"},{"floor":8,"key":"Dexterity Potion"},{"floor":12,"key":"Fruit Juice"},{"floor":14,"key":"Energy Potion"},{"floor":18,"key":"Explosive Potion"},{"floor":25,"key":"Flashbang"}],"is_trial":false,"path_per_floor":["M","?","M","M","M","?","R","E","T","M","R","M","M","M","R","B",null,"M","$","PTL","PTL","?","?","M","M","R","$","T","E"],"character_chosen":"THE_ANIMATOR","items_purchased":["Membership Card","animator:Kyubey+1","animator:Chris","animator:Wiz","MerchantsRug","animator:Evileye+1","animator:Guren","animator:GazelDwargon"],"campfire_rested":1,"item_purchase_floors":[19,19,19,19,27,27,27,27],"current_hp_per_floor":[61,49,47,49,49,49,49,51,51,53,53,54,47,33,33,26,78,58,58,58,58,58,58,55,31,54,54,54,0,0],"gold":19,"neow_bonus":"TEN_PERCENT_HP_BONUS","is_daily":false,"chose_seed":false,"campfire_upgraded":2,"win_rate":0.0,"timestamp":1610418269,"path_taken":["M","?","M","M","M","?","R","E","T","M","R","M","?","M","R","BOSS","M","$","PTL","PTL","?","?","M","?","R","$","T","E"],"items_purchased_type":["Relic","Card","Card","Card","Relic","Card","Card","Card"],"build_version":"2020-12-22","purchased_purges":0,"victory":false,"max_hp_per_floor":[72,72,72,72,72,72,72,72,72,72,72,78,78,78,78,78,78,78,78,78,78,78,78,78,78,78,78,78,78,78],"card_choices":[{"not_picked":["animator:Konayuki","animator:HiiragiShinya"],"picked":"animator:LeleiLaLalena","floor":1},{"not_picked":["animator:Jibril","animator:Yoichi"],"picked":"animator:KyokoSakura","floor":3},{"not_picked":["animator:Melzalgald","animator:FielNirvalen"],"picked":"animator:Nanami","floor":4},{"not_picked":["animator:Vanir","animator:Darkness"],"picked":"animator:Megumin","floor":5},{"not_picked":["animator:Genos","animator:Shigure"],"picked":"animator:Azekura","floor":8},{"not_picked":["animator:DolaSchwi","animator:CowGirl"],"picked":"animator:Melzalgald","floor":10},{"not_picked":["animator:Demiurge","animator:Jibril"],"picked":"animator:Verdia","floor":12},{"not_picked":["animator:Aqua","animator:Darkness"],"picked":"animator:YunYun","floor":13},{"not_picked":["animator:LizardPriest","animator:LeleiLaLalena"],"picked":"animator:TsurugaMeisai","floor":14},{"not_picked":["animator:FeridBathory","animator:Boros"],"picked":"animator:Ainz","floor":16},{"not_picked":["AbeCurse","SwitchConfidence"],"picked":"ReplayTheSpireMod:Faulty Equipment","floor":17},{"not_picked":["Amnesia","Pain"],"picked":"SwitchConfidence","floor":17},{"not_picked":["Normality","Shame"],"picked":"Decay","floor":17},{"not_picked":["animator:SayakaMiki+1","animator:Cocytus"],"picked":"animator:Souei+1","floor":18},{"not_picked":["animator:Togame","animator:TsurugaMeisai+1"],"picked":"animator:Kaijin","floor":24},{"not_picked":["animator:TsurugaMeisai","animator:UneriGinkaku"],"picked":"animator:Togame","floor":25}],"player_experience":106075,"relics_obtained":[{"floor":8,"key":"Snack Pack"},{"floor":9,"key":"Ginger"},{"floor":15,"key":"Red Skull"}],"event_choices":[{"damage_healed":0,"gold_gain":0,"player_choice":"Success","damage_taken":12,"relics_obtained":["Gremlin Food"],"max_hp_gain":0,"max_hp_loss":0,"event_name":"Scrap Ooze","floor":2,"gold_loss":0},{"damage_healed":0,"gold_gain":0,"player_choice":"Got Potions","damage_taken":0,"max_hp_gain":0,"max_hp_loss":0,"event_name":"Lab","floor":6,"gold_loss":0},{"cards_removed":["Decay"],"damage_healed":0,"gold_gain":0,"player_choice":"Removed","damage_taken":0,"max_hp_gain":0,"max_hp_loss":0,"event_name":"The Cursed Forest","floor":22,"gold_loss":0},{"cards_removed":["SwitchConfidence"],"damage_healed":0,"gold_gain":0,"player_choice":"Removed","damage_taken":0,"max_hp_gain":0,"max_hp_loss":0,"event_name":"The Cursed Forest","floor":22,"gold_loss":0},{"damage_healed":0,"gold_gain":0,"player_choice":"2 cards matched","damage_taken":0,"max_hp_gain":0,"max_hp_loss":0,"event_name":"Match and Keep!","floor":23,"gold_loss":0,"cards_obtained":["animator:Strike","animator:Benimaru"]}],"is_beta":false,"boss_relics":[{"not_picked":["Ectoplasm","Replay:Wanted Poster"],"picked":"Replay:Ancient Bell"},{"not_picked":["Bag of Marbles","Orichalcum"],"picked":"ReplayTheSpireMod:Lightbulb"},{"not_picked":["Replay:Accelerometer","Replay:WaspNest"],"picked":"Replay:Bottled Eggs"},{"not_picked":["Pocketwatch","Peace Pipe"],"picked":"CaptainsWheel"}],"items_purged_floors":[],"is_endless":false,"potions_floor_spawned":[4,8,12,14,18,25],"killed_by":"Slavers","ascension_level":0}}