{"host":"uflv0e3ja7hvnij7","time":1610492695,"event":{"mods":["BaseMod","Better Altar","Better Match","Better Note","Better Sensory Stone","Better Skull","Better Third Choice","Marisa????????","Minty Spire (QoL Compilation)","Permanent Neow","Replay The Spire","StSLib"],"gold_per_floor":[119,139,153,171,191,191,217,217],"floor_reached":7,"language":"ENG","playtime":683,"items_purged":[],"score":77,"play_id":"441dfb11-916c-40f9-8681-aff3ccfe0f4d","local_time":"20210112180455","is_ascension_mode":true,"campfire_choices":[{"floor":6,"key":"REST"}],"circlet_count":0,"master_deck":["Strike_G","Strike_G","Strike_G","Strike_G","Strike_G","Defend_G","Defend_G","Defend_G","Defend_G","Defend_G","Survivor","Neutralize","ReplayTheSpireMod:Scrap Shanks","PiercingWail","Deflect","Blade Dance","Prepared","ReplayTheSpireMod:Scrap Shanks"],"relics":["Ring of the Snake","Potion Belt"],"acts_visited":["Exordium"],"potions_floor_usage":[],"damage_taken":[{"damage":2,"enemies":"Cultist","floor":1,"turns":5},{"damage":2,"enemies":"2 Louse","floor":2,"turns":5},{"damage":3,"enemies":"Jaw Worm","floor":3,"turns":5},{"damage":31,"enemies":"Gremlin Gang","floor":4,"turns":8},{"damage":5,"enemies":"Looter","floor":5,"turns":3},{"damage":33,"enemies":"Lagavulin","floor":7,"turns":11}],"seed_played":"6979357995214537396","potions_obtained":[{"floor":4,"key":"Elixir"},{"floor":7,"key":"Explosive Potion"}],"is_trial":false,"path_per_floor":["M","M","M","M","M","R","E"],"character_chosen":"THE_SILENT","items_purchased":[],"campfire_rested":1,"item_purchase_floors":[],"current_hp_per_floor":[61,59,56,25,20,41,8,8],"gold":217,"neow_bonus":"THREE_CARDS","is_daily":false,"chose_seed":false,"campfire_upgraded":0,"win_rate":0.0,"timestamp":1610492695,"path_taken":["M","M","M","?","M","R","E"],"items_purchased_type":[],"build_version":"2020-12-22","purchased_purges":0,"victory":false,"max_hp_per_floor":[70,70,70,70,70,70,70,70],"card_choices":[{"not_picked":["Flying Knee","Expertise"],"picked":"ReplayTheSpireMod:Scrap Shanks","floor":0},{"not_picked":["Deadly Poison","Replay:Poison Smokescreen"],"picked":"PiercingWail","floor":1},{"not_picked":["Deadly Poison","Bane"],"picked":"Deflect","floor":2},{"not_picked":["Quick Slash","Flechettes"],"picked":"Blade Dance","floor":3},{"not_picked":["Acrobatics","Backflip"],"picked":"Prepared","floor":4},{"not_picked":["Backflip","Outmaneuver"],"picked":"ReplayTheSpireMod:Scrap Shanks","floor":5}],"player_experience":560593,"relics_obtained":[{"floor":7,"key":"Potion Belt"}],"event_choices":[],"is_beta":false,"boss_relics":[],"items_purged_floors":[],"is_endless":false,"potions_floor_spawned":[4,7],"killed_by":"Lagavulin","ascension_level":8}}