{"host":"0c22z74nxhh6l98a","time":1610481358,"event":{"mods":["BaseMod","BetterRewards","Card Forge","GungeonMod","Hubris","Infinite Spire","Minty Spire (QoL Compilation)","Potionbrewer","Shop Mod","StSLib"],"gold_per_floor":[119,99,111,127,8,36,65,81,81,101,131,131,146,221,221,326,326,346,362,362,394,394,422,422,422,422,432,459,474,474,474,474,574,624,638,638,638,654,672,672,704,320,320,370,399,399,427,527,527,527,527,527,37,64,64],"floor_reached":56,"playtime":4912,"items_purged":[],"score":2233,"play_id":"7f97d54f-9331-4893-8579-7d706bed0349","local_time":"20210112135558","is_ascension_mode":true,"campfire_choices":[{"floor":12,"key":"RECALL"},{"data":"Eviscerate","floor":15,"key":"SMITH"},{"data":"Storm of Steel","floor":24,"key":"SMITH"},{"data":"Tools of the Trade","floor":30,"key":"SMITH"},{"data":"Flechettes","floor":32,"key":"SMITH"},{"data":"Terror","floor":40,"key":"SMITH"},{"data":"hubris:Sniper","floor":46,"key":"SMITH"},{"data":"Prepared","floor":49,"key":"SMITH"},{"data":"Prepared","floor":52,"key":"SMITH"}],"circlet_count":0,"master_deck":["Acrobatics+1","Adrenaline","After Image+1","Backflip","Escape Plan","Prepared+1","Reflex+1","Tactician+1","Tools of the Trade+1","Finisher","Eviscerate+1","Deflect","Prepared+1","Backstab","After Image+1","Backstab","Storm of Steel+1","infinitespire:UltimateForm","Prepared+1","Blade Dance+1","Flechettes+1","hubris:SlightOfHand+1","Backstab+1","Terror+1","hubris:Sniper+1","Prepared"],"relics":["Ring of the Snake","Hammer of Thor","Seething Fire","Anvil of the Gods","Mango","MerchantsRug","WingedGreaves","hubris:EmptyBottle","Happy Flower","infinitespire:Eraser","Mummified Hand","Pandora\u0027s Box","SacredBark","MealTicket","Red Mask","infinitespire:Beetle Shell","InkBottle","Akabeko","DemoMod:GlassGuonStoneRelic","Ring of the Serpent","DemoMod:PartiallyEatenCheese","Unceasing Top","Calipers","infinitespire:EmpoweringShard","hubris:Potato","hubris:Teleporter","Pen Nib","DemoMod:ClearGuonStone","hubris:CuriousFeather","Tough Bandages"],"acts_visited":["Exordium","TheCity","TheBeyond","TheEnding"],"potions_floor_usage":[21,33,33],"damage_taken":[{"damage":0,"enemies":"2 Louse","floor":1,"turns":1},{"damage":0,"enemies":"Cultist","floor":3,"turns":1},{"damage":0,"enemies":"Jaw Worm","floor":4,"turns":1},{"damage":0,"enemies":"3 Sentries","floor":6,"turns":1},{"damage":0,"enemies":"Lagavulin","floor":7,"turns":1},{"damage":0,"enemies":"2 Fungi Beasts","floor":8,"turns":1},{"damage":0,"enemies":"Large Slime","floor":10,"turns":1},{"damage":0,"enemies":"3 Sentries","floor":11,"turns":1},{"damage":0,"enemies":"Blue Slaver","floor":13,"turns":1},{"damage":0,"enemies":"Slime Boss","floor":16,"turns":1},{"damage":0,"enemies":"Spheric Guardian","floor":18,"turns":1},{"damage":0,"enemies":"2 Thieves","floor":19,"turns":2},{"damage":0,"enemies":"Masked Bandits","floor":21,"turns":1},{"damage":0,"enemies":"Slavers","floor":23,"turns":4},{"damage":0,"enemies":"Snake Plant","floor":27,"turns":1},{"damage":0,"enemies":"Book of Stabbing","floor":28,"turns":2},{"damage":0,"enemies":"3 Cultists","floor":29,"turns":1},{"damage":8,"enemies":"hubris:MusketHawk","floor":33,"turns":3},{"damage":0,"enemies":"3 Darklings","floor":35,"turns":2},{"damage":0,"enemies":"3 Shapes","floor":38,"turns":1},{"damage":0,"enemies":"Spire Growth","floor":39,"turns":2},{"damage":0,"enemies":"Giant Head","floor":41,"turns":2},{"damage":0,"enemies":"Mind Bloom Boss Battle","floor":44,"turns":2},{"damage":0,"enemies":"Nemesis","floor":45,"turns":2},{"damage":0,"enemies":"Reptomancer","floor":47,"turns":1},{"damage":0,"enemies":"Awakened One","floor":50,"turns":3},{"damage":0,"enemies":"Shield and Spear","floor":54,"turns":2},{"damage":0,"enemies":"The Heart","floor":55,"turns":4}],"seed_played":"-3851370333225835375","potions_obtained":[{"floor":1,"key":"potionbrewer:NoxiousPotion"},{"floor":2,"key":"potionbrewer:FreezingPotion"},{"floor":8,"key":"potionbrewer:BoundlessPotion"},{"floor":11,"key":"potionbrewer:BarricadePotion"},{"floor":16,"key":"DistilledChaos"},{"floor":34,"key":"potionbrewer:AcidPotion"},{"floor":45,"key":"potionbrewer:DiscountPotion"}],"is_trial":false,"path_per_floor":["M","?","M","M","$","E","E","M","T","M","E","R","M","?","R","B",null,"M","M","AVR","?","?","E","R","?","T","M","E","M","R","?","R","B",null,"M","?","AVR","M","M","R","E","$","T","?","E","R","E","?","R","B",null,"R","$","E","B",null],"character_chosen":"THE_SILENT","items_purchased":["Mango","MerchantsRug","hubris:EmptyBottle","Lee\u0027s Waffle","Calipers","DemoMod:ClearGuonStone","hubris:CuriousFeather","potionbrewer:NoxiousPotion"],"campfire_rested":0,"item_purchase_floors":[0,0,5,42,42,53,53,53],"current_hp_per_floor":[84,84,84,84,84,84,84,84,84,84,84,84,84,73,73,73,84,84,84,84,84,84,84,84,68,68,68,68,68,68,71,71,63,97,97,97,97,97,97,97,97,104,104,104,104,104,104,104,104,104,104,104,104,104,104],"gold":64,"neow_bonus":"","is_daily":false,"chose_seed":false,"campfire_upgraded":8,"win_rate":0.0,"timestamp":1610481358,"path_taken":["M","?","M","M","?","E","E","M","T","M","E","R","M","?","R","BOSS","M","M","AVR","?","?","E","R","?","T","M","E","M","R","?","R","BOSS","M","?","AVR","M","M","R","E","$","T","?","E","R","E","?","R","BOSS","R","$","E","BOSS"],"items_purchased_type":["Relic","Relic","Relic","Relic","Relic","Relic","Relic","Potion"],"build_version":"2020-12-22","purchased_purges":0,"victory":true,"max_hp_per_floor":[84,84,84,84,84,84,84,84,84,84,84,84,84,84,84,84,84,84,84,84,84,84,84,84,89,89,89,89,89,89,92,92,92,97,97,97,97,97,97,97,97,104,104,104,104,104,104,104,104,104,104,104,104,104,104],"card_choices":[{"not_picked":["Quick Slash","Dagger Spray","Unload"],"picked":"SKIP","floor":1},{"not_picked":["Accuracy","Backflip","Dash"],"picked":"SKIP","floor":3},{"not_picked":["Backflip","Caltrops"],"picked":"Deflect","floor":4},{"not_picked":["Leg Sweep","Tactician"],"picked":"After Image","floor":6},{"not_picked":["Storm of Steel","hubris:Counter"],"picked":"Prepared","floor":7},{"not_picked":["Cloak And Dagger","Heel Hook"],"picked":"Backstab","floor":8},{"not_picked":["Deadly Poison","Outmaneuver","Riddle With Holes"],"picked":"SKIP","floor":10},{"not_picked":["Envenom","Footwork"],"picked":"After Image","floor":11},{"not_picked":["PiercingWail","Heel Hook"],"picked":"Backstab","floor":13},{"not_picked":["Glass Knife","Burst"],"picked":"Storm of Steel","floor":16},{"not_picked":["hubris:TrickCloak","Flying Knee","Dagger Spray"],"picked":"SKIP","floor":18},{"not_picked":["PiercingWail","Crippling Poison+1","Sucker Punch+1"],"picked":"SKIP","floor":19},{"not_picked":["After Image","Calculated Gamble","Footwork"],"picked":"SKIP","floor":23},{"not_picked":["Dodge and Roll","Masterful Stab+1"],"picked":"Blade Dance+1","floor":27},{"not_picked":["Dagger Spray+1","Die Die Die","Flying Knee"],"picked":"SKIP","floor":28},{"not_picked":["hubris:SlightOfHand","Dagger Throw+1"],"picked":"Flechettes","floor":29},{"not_picked":["Dagger Spray","Leg Sweep"],"picked":"hubris:SlightOfHand+1","floor":34},{"not_picked":["Prepared","PiercingWail"],"picked":"Backstab+1","floor":35},{"not_picked":["Dodge and Roll","Envenom","Finisher+1"],"picked":"SKIP","floor":38},{"not_picked":["Riddle With Holes","Dagger Throw+1"],"picked":"Terror","floor":39},{"not_picked":["Sucker Punch","Deadly Poison","Flying Knee"],"picked":"SKIP","floor":41},{"not_picked":["Backflip+1","Crippling Poison"],"picked":"hubris:Sniper","floor":44},{"not_picked":["Doppelganger","Backflip+1"],"picked":"Prepared","floor":45},{"not_picked":["Deflect","Deadly Poison+1","Backflip+1"],"picked":"SKIP","floor":47},{"not_picked":["Flechettes","Flying Knee","Dodge and Roll+1"],"picked":"SKIP","floor":54}],"player_experience":825279,"relics_obtained":[{"floor":6,"key":"Happy Flower"},{"floor":7,"key":"infinitespire:Eraser"},{"floor":11,"key":"Mummified Hand"},{"floor":21,"key":"Red Mask"},{"floor":23,"key":"infinitespire:Beetle Shell"},{"floor":26,"key":"InkBottle"},{"floor":28,"key":"Akabeko"},{"floor":41,"key":"Unceasing Top"},{"floor":43,"key":"infinitespire:EmpoweringShard"},{"floor":44,"key":"hubris:Potato"},{"floor":45,"key":"hubris:Teleporter"},{"floor":47,"key":"Pen Nib"},{"floor":54,"key":"Tough Bandages"}],"event_choices":[{"damage_healed":0,"gold_gain":0,"player_choice":"Bought 1 Potion","damage_taken":0,"max_hp_gain":0,"max_hp_loss":0,"event_name":"The Woman in Blue","floor":2,"gold_loss":0},{"damage_healed":0,"gold_gain":75,"player_choice":"Gather Gold","damage_taken":11,"max_hp_gain":0,"max_hp_loss":0,"event_name":"World of Goop","floor":14,"gold_loss":0},{"damage_healed":0,"gold_gain":0,"player_choice":"Fought Bandits","damage_taken":0,"max_hp_gain":0,"max_hp_loss":0,"event_name":"Masked Bandits","floor":21,"gold_loss":0},{"damage_healed":0,"gold_gain":0,"player_choice":"Read","damage_taken":0,"max_hp_gain":0,"max_hp_loss":0,"event_name":"The Library","floor":22,"gold_loss":0,"cards_obtained":["Prepared"]},{"damage_healed":0,"gold_gain":0,"player_choice":"Shed Blood","damage_taken":21,"max_hp_gain":5,"max_hp_loss":0,"event_name":"Forgotten Altar","floor":25,"gold_loss":0},{"cards_removed":["After Image"],"damage_healed":0,"gold_gain":0,"player_choice":"Removed Power","damage_taken":0,"max_hp_gain":0,"max_hp_loss":0,"event_name":"Falling","floor":36,"gold_loss":0},{"damage_healed":0,"gold_gain":0,"player_choice":"Fight","damage_taken":0,"max_hp_gain":0,"max_hp_loss":0,"event_name":"MindBloom","floor":44,"gold_loss":0},{"damage_healed":0,"gold_gain":100,"player_choice":"Pray","damage_taken":0,"max_hp_gain":0,"max_hp_loss":0,"event_name":"Golden Shrine","floor":48,"gold_loss":0}],"is_beta":false,"boss_relics":[{"not_picked":["Runic Dome","Velvet Choker"],"picked":"Pandora\u0027s Box"},{"not_picked":["potionbrewer:BhaskarasWheel","hubris:GrandSneckoEye"],"picked":"Tiny House"}],"items_purged_floors":[],"is_endless":false,"potions_floor_spawned":[1,8,11,13,16,19,28,29,38,45],"ascension_level":2}}