{"host":"r53pw7z744tg3fxg","time":1610479459,"event":{"mods":["AchievementEnabler","BaseMod","Colored Map","Colored Powertips","Highlight Path","Minty Spire (QoL Compilation)","Quick Restart","Transform Curses"],"gold_per_floor":[112,187,202,8,8,41,41,54,78,109,109,120,132,2,2,79,79,89,89,101,13,13,13,13,13,13,13,23,42,42,42],"floor_reached":30,"playtime":2349,"items_purged":[],"score":393,"play_id":"2c93e1b3-5719-4fcf-9d3e-4b7ca2b9da22","local_time":"20210112122419","is_ascension_mode":true,"campfire_choices":[{"floor":7.0,"key":"REST"},{"floor":11.0,"key":"REST"},{"floor":15.0,"key":"REST"},{"floor":23.0,"key":"REST"},{"data":"SashWhip","floor":25.0,"key":"SMITH"},{"data":"WheelKick","floor":27.0,"key":"SMITH"}],"circlet_count":0,"master_deck":["AscendersBane","Strike_P+1","Strike_P+1","Strike_P+1","Strike_P+1","Defend_P+1","Defend_P+1","Defend_P+1","Defend_P+1","Eruption+1","Vigilance+1","CarveReality+1","ThirdEye+1","BowlingBash","Weave","Brilliance+1","Perseverance","WheelKick+1","Halt","LessonLearned","FearNoEvil","SashWhip+1","Prostrate","EmptyBody+1","Swivel"],"relics":["PureWater","Membership Card","Bag of Preparation","Nunchaku","War Paint","Matryoshka","SacredBark","Regal Pillow","Happy Flower","Sundial"],"acts_visited":["Exordium","TheCity"],"potions_floor_usage":[29,29],"damage_taken":[{"damage":2.0,"enemies":"Cultist","floor":1.0,"turns":3.0},{"damage":1.0,"enemies":"2 Louse","floor":3.0,"turns":2.0},{"damage":35.0,"enemies":"Lagavulin","floor":6.0,"turns":5.0},{"damage":0.0,"enemies":"Jaw Worm","floor":8.0,"turns":1.0},{"damage":9.0,"enemies":"3 Sentries","floor":10.0,"turns":6.0},{"damage":0.0,"enemies":"Gremlin Gang","floor":12.0,"turns":4.0},{"damage":1.0,"enemies":"Exordium Thugs","floor":13.0,"turns":3.0},{"damage":44.0,"enemies":"Hexaghost","floor":16.0,"turns":9.0},{"damage":20.0,"enemies":"Shell Parasite","floor":18.0,"turns":7.0},{"damage":0.0,"enemies":"Spheric Guardian","floor":20.0,"turns":2.0},{"damage":39.0,"enemies":"Shelled Parasite and Fungi","floor":28.0,"turns":7.0},{"damage":0,"enemies":"3 Cultists","floor":29,"turns":1},{"damage":37,"enemies":"Slavers","floor":30,"turns":4}],"seed_played":"1599466142720204581","potions_obtained":[{"floor":3.0,"key":"PowerPotion"},{"floor":6.0,"key":"PowerPotion"},{"floor":13.0,"key":"Regen Potion"},{"floor":16.0,"key":"Weak Potion"},{"floor":19.0,"key":"PowerPotion"},{"floor":19.0,"key":"DuplicationPotion"},{"floor":28.0,"key":"Ambrosia"}],"is_trial":false,"path_per_floor":["M","?","M","$","?","E","R","M","T","E","R","M","M","$","R","B",null,"M","?","M","$","?","R","$","R","T","R","M","M","E"],"character_chosen":"WATCHER","items_purchased":["Membership Card","BowlingBash","Weave","Matryoshka","Regal Pillow","Prostrate"],"campfire_rested":4,"item_purchase_floors":[4,4,4,14,21,21],"current_hp_per_floor":[63,52,51,51,51,16,37,37,37,28,49,49,48,48,69,40,64,44,44,44,44,44,72,72,72,72,72,33,33,0,0],"gold":42,"neow_bonus":"UPGRADE_CARD","is_daily":false,"chose_seed":false,"campfire_upgraded":2,"win_rate":0.0,"timestamp":1610479459,"path_taken":["M","?","M","$","?","E","R","M","T","E","R","M","?","?","R","BOSS","M","?","?","$","?","R","$","R","T","R","M","M","E"],"items_purchased_type":["Relic","Card","Card","Relic","Relic","Card"],"build_version":"2020-12-22","purchased_purges":0,"victory":false,"max_hp_per_floor":[72,72,72,72,72,72,72,72,72,72,72,72,72,72,72,72,72,72,72,72,72,72,72,72,72,72,72,72,72,72,72],"card_choices":[{"not_picked":["FlurryOfBlows","Tantrum"],"picked":"CarveReality","floor":1.0},{"not_picked":["Crescendo","Protect"],"picked":"ThirdEye","floor":3.0},{"not_picked":["CutThroughFate","Consecrate"],"picked":"Brilliance","floor":6.0},{"not_picked":["ClearTheMind","ThirdEye"],"picked":"Perseverance","floor":8.0},{"not_picked":["Weave","ThirdEye","CrushJoints"],"picked":"SKIP","floor":10.0},{"not_picked":["Halt","EmptyBody"],"picked":"WheelKick","floor":12.0},{"not_picked":["Tantrum","FlyingSleeves"],"picked":"Halt","floor":13.0},{"not_picked":["Scrawl","Wish"],"picked":"LessonLearned","floor":16.0},{"not_picked":["Protect","BowlingBash"],"picked":"FearNoEvil","floor":18.0},{"not_picked":["Collect","SandsOfTime"],"picked":"SashWhip","floor":20.0},{"not_picked":["CrushJoints","ClearTheMind"],"picked":"EmptyBody+1","floor":28.0},{"not_picked":["Wireheading","FlyingSleeves"],"picked":"Swivel","floor":29}],"player_experience":1238854,"relics_obtained":[{"floor":6.0,"key":"Bag of Preparation"},{"floor":9.0,"key":"Nunchaku"},{"floor":10.0,"key":"War Paint"},{"floor":26.0,"key":"Happy Flower"},{"floor":26.0,"key":"Sundial"}],"event_choices":[{"damage_healed":0.0,"max_hp_gain":0.0,"max_hp_loss":0.0,"gold_gain":75.0,"event_name":"World of Goop","player_choice":"Gather Gold","floor":2.0,"gold_loss":0.0,"damage_taken":11.0},{"damage_healed":0.0,"max_hp_gain":0.0,"max_hp_loss":0.0,"gold_gain":0.0,"event_name":"Purifier","player_choice":"Ignored","floor":5.0,"gold_loss":0.0,"damage_taken":0.0},{"damage_healed":0.0,"max_hp_gain":0.0,"max_hp_loss":0.0,"gold_gain":0.0,"event_name":"Lab","player_choice":"Got Potions","floor":19.0,"gold_loss":0.0,"damage_taken":0.0},{"damage_healed":0.0,"max_hp_gain":0.0,"max_hp_loss":0.0,"gold_gain":0.0,"event_name":"Back to Basics","player_choice":"Simplicity","floor":22.0,"gold_loss":0.0,"damage_taken":0.0,"cards_upgraded":["Strike_P","Strike_P","Strike_P","Strike_P","Defend_P","Defend_P","Defend_P"]}],"is_beta":false,"boss_relics":[{"not_picked":["Snecko Eye","Philosopher\u0027s Stone"],"picked":"SacredBark"}],"items_purged_floors":[],"is_endless":false,"potions_floor_spawned":[3,6,13,16,20,28],"killed_by":"Slavers","ascension_level":13}}