{"host":"w3q5ijqu8eoknil3","time":1610452382,"event":{"mods":["AchievementEnabler","BaseMod","Block Reminder","Colored Map","Colored Powertips","Curses Come First","Dark Map","Minty Spire (QoL Compilation)","Quick Restart","Relic Stats","StSLib","ojb\u0027s Better Paths Mod","ojb\u0027s Info Mod","slay the spire mod where everything is the same but ironclad has a cowboy hat"],"gold_per_floor":[116,116,130,149,149,149,162,237,237,255,298,298,321,359,359,458,458,482,39,73,73,87,127,127,143,143,163,163,179,218,233,233,322,322,338,358,358,187,208,223,223,223],"floor_reached":41,"playtime":1465,"items_purged":["Strike_G"],"score":944,"play_id":"d60b26b3-6d01-411b-b841-3a26f8c89760","local_time":"20210112115302","is_ascension_mode":true,"campfire_choices":[{"data":"Neutralize","floor":6.0,"key":"SMITH"},{"data":"Blade Dance","floor":12.0,"key":"SMITH"},{"data":"Burst","floor":15.0,"key":"SMITH"},{"data":"Storm of Steel","floor":24.0,"key":"SMITH"},{"floor":32.0,"key":"REST"}],"circlet_count":0,"master_deck":["AscendersBane","Strike_G","Strike_G","Defend_G","Defend_G","Defend_G","Defend_G","Defend_G","Survivor","Neutralize+1","Sucker Punch","Cloak And Dagger","Flying Knee","Burst+1","Slice","Blade Dance+1","Slice","Dagger Spray","Storm of Steel+1","Choke","Choke","Poisoned Stab","Masterful Stab","Finisher+1","PiercingWail","Wraith Form v2","Blur","Phantasmal Killer","Acrobatics+1","Parasite"],"relics":["WristBlade","Golden Idol","HornCleat","Paper Crane","Mercury Hourglass","Runic Pyramid","Lizard Tail","Red Mask","Singing Bowl","Centennial Puzzle","Ancient Tea Set","Coffee Dripper","PreservedInsect","OrangePellets"],"acts_visited":["Exordium","TheCity","TheBeyond"],"potions_floor_usage":[40],"damage_taken":[{"damage":2.0,"enemies":"2 Louse","floor":1.0,"turns":4.0},{"damage":2.0,"enemies":"Small Slimes","floor":3.0,"turns":4.0},{"damage":1.0,"enemies":"Jaw Worm","floor":4.0,"turns":5.0},{"damage":4.0,"enemies":"Red Slaver","floor":7.0,"turns":4.0},{"damage":0.0,"enemies":"Blue Slaver","floor":10.0,"turns":4.0},{"damage":0.0,"enemies":"Gremlin Nob","floor":11.0,"turns":3.0},{"damage":0.0,"enemies":"Lots of Slimes","floor":13.0,"turns":3.0},{"damage":0.0,"enemies":"Lagavulin","floor":14.0,"turns":3.0},{"damage":3.0,"enemies":"Hexaghost","floor":16.0,"turns":9.0},{"damage":1.0,"enemies":"2 Thieves","floor":18.0,"turns":3.0},{"damage":7.0,"enemies":"Masked Bandits","floor":20.0,"turns":2.0},{"damage":3.0,"enemies":"3 Byrds","floor":22.0,"turns":4.0},{"damage":11.0,"enemies":"Slavers","floor":23.0,"turns":4.0},{"damage":0.0,"enemies":"3 Cultists","floor":25.0,"turns":3.0},{"damage":5.0,"enemies":"Shelled Parasite and Fungi","floor":27.0,"turns":4.0},{"damage":0.0,"enemies":"Centurion and Healer","floor":29.0,"turns":3.0},{"damage":2.0,"enemies":"Book of Stabbing","floor":30.0,"turns":4.0},{"damage":5.0,"enemies":"Chosen and Byrds","floor":31.0,"turns":5.0},{"damage":51.0,"enemies":"Collector","floor":33.0,"turns":10.0},{"damage":0,"enemies":"3 Shapes","floor":35,"turns":3},{"damage":1,"enemies":"Orb Walker","floor":36,"turns":2},{"damage":40,"enemies":"4 Shapes","floor":39,"turns":8},{"damage":2,"enemies":"Jaw Worm Horde","floor":40,"turns":4},{"damage":28,"enemies":"Writhing Mass","floor":41,"turns":3}],"seed_played":"7337805470809130369","potions_obtained":[{"floor":4.0,"key":"SteroidPotion"},{"floor":11.0,"key":"BlessingOfTheForge"},{"floor":13.0,"key":"Block Potion"},{"floor":14.0,"key":"Explosive Potion"},{"floor":18.0,"key":"DuplicationPotion"},{"floor":27.0,"key":"DistilledChaos"},{"floor":29.0,"key":"Explosive Potion"},{"floor":30.0,"key":"Energy Potion"},{"floor":36,"key":"LiquidMemories"},{"floor":39,"key":"Fire Potion"}],"is_trial":false,"path_per_floor":["M","?","M","M","?","R","M","?","T","M","E","R","M","E","R","B",null,"M","$","?","?","M","E","R","M","T","M","?","M","E","M","R","B",null,"M","M","?","$","M","M","M"],"character_chosen":"THE_SILENT","items_purchased":["Choke","Lizard Tail","OrangePellets"],"campfire_rested":1,"item_purchase_floors":[19,19,38],"current_hp_per_floor":[57,57,55,54,54,54,50,39,39,39,39,39,39,39,39,36,54,53,53,46,46,43,32,32,34,34,31,31,31,29,24,43,32,56,58,57,57,57,19,19,0,0],"gold":223,"neow_bonus":"BOSS_RELIC","is_daily":false,"chose_seed":false,"campfire_upgraded":4,"win_rate":0.0,"timestamp":1610452382,"path_taken":["M","?","M","M","?","R","M","?","T","M","E","R","M","E","R","BOSS","M","$","?","?","?","E","R","M","T","M","?","?","E","M","R","BOSS","M","M","?","$","M","M","M"],"items_purchased_type":["Card","Relic","Relic"],"build_version":"2020-12-22","purchased_purges":1,"victory":false,"max_hp_per_floor":[66,60,60,60,60,60,60,60,60,60,60,60,60,60,60,60,60,60,60,60,60,60,60,60,62,62,64,64,64,64,64,64,64,64,66,66,66,66,68,70,70,70],"relic_stats":{"OrangePellets":[0],"Lizard Tail":32,"Centennial Puzzle":[21],"Singing Bowl":10,"counters":[24,101],"Golden Idol":132,"PreservedInsect":0,"obtain_stats":[{"Singing Bowl":23,"Golden Idol":2,"PreservedInsect":37,"Paper Crane":11,"Ancient Tea Set":30,"Mercury Hourglass":14,"OrangePellets":38,"Lizard Tail":19,"Centennial Puzzle":26,"HornCleat":9,"WristBlade":0,"Red Mask":20,"Coffee Dripper":34,"Ring of the Snake":0,"Runic Pyramid":17},{"Singing Bowl":13,"Golden Idol":1,"PreservedInsect":21,"Paper Crane":6,"Ancient Tea Set":17,"Mercury Hourglass":8,"OrangePellets":21,"Lizard Tail":10,"Centennial Puzzle":14,"HornCleat":4,"WristBlade":0,"Red Mask":11,"Coffee Dripper":19,"Ring of the Snake":0,"Runic Pyramid":9},{"Singing Bowl":52,"Golden Idol":4,"PreservedInsect":86,"Paper Crane":24,"Ancient Tea Set":66,"Mercury Hourglass":30,"OrangePellets":86,"Lizard Tail":42,"Centennial Puzzle":55,"HornCleat":17,"WristBlade":0,"Red Mask":44,"Coffee Dripper":81,"Ring of the Snake":0,"Runic Pyramid":39}],"Mercury Hourglass":[301]},"card_choices":[{"not_picked":["Dodge and Roll","Deflect"],"picked":"Sucker Punch","floor":1.0},{"not_picked":["Deadly Poison","Tactician"],"picked":"Cloak And Dagger","floor":3.0},{"not_picked":["Dodge and Roll","Predator"],"picked":"Flying Knee","floor":4.0},{"not_picked":["Blur","Dagger Throw"],"picked":"Slice","floor":7.0},{"not_picked":["Outmaneuver","A Thousand Cuts"],"picked":"Blade Dance","floor":10.0},{"not_picked":["Dodge and Roll","Underhanded Strike","Tactician"],"picked":"SKIP","floor":11.0},{"not_picked":["Outmaneuver","Leg Sweep"],"picked":"Slice","floor":13.0},{"not_picked":["Deadly Poison","Backflip"],"picked":"Dagger Spray","floor":14.0},{"not_picked":["A Thousand Cuts","Glass Knife"],"picked":"Storm of Steel","floor":16.0},{"not_picked":["Deadly Poison","Quick Slash+1"],"picked":"Choke","floor":18.0},{"not_picked":["Deadly Poison","Bane"],"picked":"Poisoned Stab","floor":20.0},{"not_picked":["Sucker Punch","Dodge and Roll"],"picked":"Masterful Stab","floor":22.0},{"not_picked":["Dodge and Roll","Endless Agony"],"picked":"Finisher","floor":23.0},{"not_picked":["Dodge and Roll","Poisoned Stab","Backflip"],"picked":"Singing Bowl","floor":25.0},{"not_picked":["Tactician","Dodge and Roll","Cloak And Dagger"],"picked":"Singing Bowl","floor":27.0},{"not_picked":["Concentrate","Noxious Fumes"],"picked":"PiercingWail","floor":29.0},{"not_picked":["All Out Attack","Deflect"],"picked":"Wraith Form v2","floor":30.0},{"not_picked":["Flying Knee","Predator"],"picked":"Blur","floor":31.0},{"not_picked":["Malaise","Storm of Steel"],"picked":"Phantasmal Killer","floor":33.0},{"not_picked":["Endless Agony","Flying Knee","Cloak And Dagger+1"],"picked":"Singing Bowl","floor":35},{"not_picked":["Poisoned Stab","Choke"],"picked":"Acrobatics+1","floor":36},{"not_picked":["Cloak And Dagger","Infinite Blades","Backflip+1"],"picked":"Singing Bowl","floor":39},{"not_picked":["Bane","Dagger Throw+1","Underhanded Strike+1"],"picked":"Singing Bowl","floor":40}],"player_experience":972471,"relics_obtained":[{"floor":9.0,"key":"HornCleat"},{"floor":11.0,"key":"Paper Crane"},{"floor":14.0,"key":"Mercury Hourglass"},{"floor":20.0,"key":"Red Mask"},{"floor":23.0,"key":"Singing Bowl"},{"floor":26.0,"key":"Centennial Puzzle"},{"floor":30.0,"key":"Ancient Tea Set"}],"event_choices":[{"damage_healed":0.0,"max_hp_gain":0.0,"max_hp_loss":6.0,"gold_gain":0.0,"event_name":"Golden Idol","player_choice":"Lose Max HP","floor":2.0,"gold_loss":0.0,"damage_taken":0.0,"relics_obtained":["Golden Idol"]},{"damage_healed":0.0,"max_hp_gain":0.0,"max_hp_loss":0.0,"gold_gain":0.0,"cards_transformed":["Strike_G"],"event_name":"Living Wall","player_choice":"Change","floor":5.0,"gold_loss":0.0,"damage_taken":0.0,"cards_obtained":["Burst"]},{"damage_healed":0.0,"max_hp_gain":0.0,"max_hp_loss":0.0,"gold_gain":75.0,"event_name":"World of Goop","player_choice":"Gather Gold","floor":8.0,"gold_loss":0.0,"damage_taken":11.0},{"damage_healed":0.0,"max_hp_gain":0.0,"max_hp_loss":0.0,"gold_gain":0.0,"event_name":"Masked Bandits","player_choice":"Fought Bandits","floor":20.0,"gold_loss":0.0,"damage_taken":0.0},{"cards_removed":["Strike_G"],"damage_healed":0.0,"max_hp_gain":0.0,"max_hp_loss":0.0,"gold_gain":0.0,"event_name":"Purifier","player_choice":"Purged","floor":21.0,"gold_loss":0.0,"damage_taken":0.0},{"damage_healed":0.0,"max_hp_gain":0.0,"max_hp_loss":0.0,"gold_gain":0.0,"event_name":"Upgrade Shrine","player_choice":"Upgraded","floor":28.0,"gold_loss":0.0,"damage_taken":0.0,"cards_upgraded":["Finisher"]},{"damage_healed":0,"gold_gain":0,"player_choice":"Gave Potion","damage_taken":0,"relics_obtained":["PreservedInsect"],"max_hp_gain":0,"max_hp_loss":0,"event_name":"WeMeetAgain","floor":37,"gold_loss":0}],"is_beta":false,"boss_relics":[{"not_picked":["Ectoplasm","Black Star"],"picked":"Runic Pyramid"},{"not_picked":["Sozu","Velvet Choker"],"picked":"Coffee Dripper"}],"items_purged_floors":[19],"is_endless":false,"potions_floor_spawned":[4,11,13,14,18,27,29,30,31,36,39],"killed_by":"Writhing Mass","ascension_level":18}}