{"host":"wy5pcbg592uilh9l","time":1610490246,"event":{"mods":["AchievementEnabler","Act Like it!","BaseMod","BetterRewards","Curses Come First","Gensokyo","Hubris","Infinite Spire","Marisa????????","Minty Spire (QoL Compilation)","Permanent Neow","Replay The Spire","StSLib","The Runesmith"],"gold_per_floor":[112,128,20,39,39,64,64,74,98,308,308,104,133,149,149,252,252,264,264,284,284,284],"floor_reached":21,"language":"ENG","playtime":1660,"items_purged":["Strike_B","ReplayTheSpireMod:Restless Dread"],"score":307,"play_id":"d90145da-9465-4de4-abdc-fcbbab88dd57","local_time":"20210112162406","is_ascension_mode":true,"campfire_choices":[{"floor":7,"key":"REST"},{"floor":11,"key":"REST"},{"floor":15,"key":"DIG"}],"circlet_count":0,"master_deck":["Strike_B","Strike_B","Defend_B","Defend_B","Defend_B","Defend_B","Zap","Dualcast","Cold Snap","Machine Learning","BasicCrystalCard","Ball Lightning","Coolheaded","Creative AI","Flash of Steel","Cold Snap","Beam Cell","hubris:DuctTapeCard","Amplify","ReplayTheSpireMod:Calculation Training"],"relics":["Cracked Core","hubris:64BitClover","infinitespire:CursedDice","Mercury Hourglass","MealTicket","ReplayTheSpireMod:CursedCoin","Kunai","Replay:Kaleidoscope","hubris:RGBLights","hubris:DuctTape","Fusion Hammer","Gensokyo:ChorusOfJoy"],"acts_visited":["Exordium","Gensokyo:Gensokyo"],"potions_floor_usage":[2,6,10,16,21,21],"damage_taken":[{"damage":6,"enemies":"Gensokyo:2_Kodama","floor":1,"turns":3},{"damage":3,"enemies":"Gensokyo:Gryphon","floor":2,"turns":3},{"damage":2,"enemies":"Gensokyo:Python","floor":4,"turns":3},{"damage":23,"enemies":"Gensokyo:Cirno","floor":6,"turns":5},{"damage":7,"enemies":"Gensokyo:2_Rabbits","floor":8,"turns":4},{"damage":6,"enemies":"Gensokyo:VengefulSpirit","floor":10,"turns":3},{"damage":40,"enemies":"Gensokyo:Aya","floor":13,"turns":6},{"damage":12,"enemies":"Gensokyo:CorruptedTreant","floor":14,"turns":3},{"damage":0,"enemies":"Gensokyo:Yukari","floor":16,"turns":1},{"damage":23,"enemies":"Gensokyo:Chomper","floor":18,"turns":5},{"damage":8,"enemies":"Gensokyo:CosmicMonolith","floor":20,"turns":4},{"damage":34,"enemies":"Gensokyo:3_Gloops","floor":21,"turns":3}],"seed_played":"7934698874580496910","potions_obtained":[{"floor":1,"key":"Weak Potion"},{"floor":4,"key":"LiquidBronze"},{"floor":6,"key":"SteroidPotion"},{"floor":13,"key":"Milkshake"},{"floor":14,"key":"infinitespire:BlackPotion"},{"floor":18,"key":"FearPotion"},{"floor":20,"key":"Adrenaline Potion"}],"is_trial":false,"path_per_floor":["M","M","COS","M","?","E","R","M","T","M","R","$","E","M","R","B",null,"M","?","M","M"],"character_chosen":"DEFECT","items_purchased":["hubris:64BitClover","infinitespire:CursedDice","Cold Snap","Machine Learning","Creative AI","Flash of Steel","ReplayTheSpireMod:CursedCoin"],"campfire_rested":2,"item_purchase_floors":[0,0,0,0,12,12,12],"current_hp_per_floor":[27,24,24,22,22,27,49,42,42,36,58,73,33,21,21,21,62,39,39,31,0,0],"gold":284,"neow_bonus":"","is_daily":false,"chose_seed":false,"campfire_upgraded":0,"win_rate":0.0,"timestamp":1610490246,"path_taken":["M","M","COS","M","?","E","R","M","T","M","R","$","E","M","R","BOSS","M","?","M","M"],"items_purchased_type":["Relic","Relic","Card","Card","Card","Card","Relic"],"build_version":"2020-12-22","purchased_purges":2,"victory":false,"max_hp_per_floor":[75,75,75,75,75,75,75,75,75,75,75,75,75,75,75,75,75,75,75,75,75,75],"card_choices":[{"not_picked":["Leap","Streamline"],"picked":"ReplayTheSpireMod:Calculation Training","floor":1},{"not_picked":["Auto Shields","Gash"],"picked":"BasicCrystalCard","floor":2},{"not_picked":["Gash","Hologram"],"picked":"Ball Lightning","floor":4},{"not_picked":["Hologram","Barrage","Panic Button"],"picked":"SKIP","floor":6},{"not_picked":["Stack","Hologram"],"picked":"Consume","floor":8},{"not_picked":["Barrage","Thunder Strike"],"picked":"Coolheaded","floor":10},{"not_picked":["Turbo","Auto Shields"],"picked":"Cold Snap","floor":13},{"not_picked":["Leap","Stack"],"picked":"Beam Cell","floor":14},{"not_picked":["Seek","hubris:Prefetch"],"picked":"Amplify","floor":16},{"not_picked":["Genetic Algorithm","Gash+1","Beam Cell"],"picked":"SKIP","floor":18},{"not_picked":["hubris:Ukulele","Sweeping Beam+1"],"picked":"ReplayTheSpireMod:Calculation Training","floor":20}],"player_experience":265754,"relics_obtained":[{"floor":6,"key":"Mercury Hourglass"},{"floor":9,"key":"MealTicket"},{"floor":13,"key":"Kunai"},{"floor":15,"key":"hubris:RGBLights"},{"floor":16,"key":"hubris:DuctTape"}],"event_choices":[],"is_beta":false,"boss_relics":[{"not_picked":["hubris:TerracottaHorce","FrozenCore"],"picked":"Fusion Hammer"}],"items_purged_floors":[0,12],"is_endless":false,"potions_floor_spawned":[1,4,6,13,14,18,20],"killed_by":"Gensokyo:3_Gloops","ascension_level":6}}