{"host":"hve1dyh1ly81yl9f","time":1610469269,"event":{"mods":["BaseMod","Colored Map","DeckTracker","Highlight Path","Keyboard Shortcuts","Minty Spire (QoL Compilation)","Permanent Neow","Quick Restart","StSLib","SuperFastMode"],"gold_per_floor":[17,31,31,46,46,77,98,132,132,132,153,168,168,188,188,319,319,333,356,356,356,356],"floor_reached":21,"playtime":505,"items_purged":[],"score":295,"play_id":"b2e1c208-5b48-4e0b-8606-f296d09e5618","local_time":"20210113013429","is_ascension_mode":true,"campfire_choices":[{"data":"Rampage","floor":13.0,"key":"SMITH"},{"floor":15.0,"key":"REST"}],"circlet_count":0,"master_deck":["Defend_R+1","Defend_R","Defend_R","Bash+1","Second Wind","Rampage+1","Clash","Parasite","Double Tap","Bite","Bite","Bite","Bite","Bite"],"relics":["Black Blood","Golden Idol","Ancient Tea Set","Turnip","TungstenRod"],"acts_visited":["Exordium","TheCity"],"potions_floor_usage":[16],"damage_taken":[{"damage":6.0,"enemies":"Cultist","floor":1.0,"turns":3.0},{"damage":6.0,"enemies":"2 Louse","floor":2.0,"turns":2.0},{"damage":8.0,"enemies":"Small Slimes","floor":4.0,"turns":3.0},{"damage":24.0,"enemies":"Gremlin Nob","floor":6.0,"turns":4.0},{"damage":22.0,"enemies":"Exordium Wildlife","floor":7.0,"turns":4.0},{"damage":20.0,"enemies":"Lagavulin","floor":8.0,"turns":6.0},{"damage":14.0,"enemies":"2 Fungi Beasts","floor":11.0,"turns":3.0},{"damage":0.0,"enemies":"3 Louse","floor":12.0,"turns":2.0},{"damage":0.0,"enemies":"Exordium Thugs","floor":14.0,"turns":3.0},{"damage":43,"enemies":"The Guardian","floor":16,"turns":9},{"damage":21,"enemies":"3 Byrds","floor":18,"turns":7},{"damage":34,"enemies":"Shell Parasite","floor":19,"turns":5},{"damage":41,"enemies":"Cultist and Chosen","floor":21,"turns":5}],"seed_played":"7511855652175097745","potions_obtained":[{"floor":1.0,"key":"SkillPotion"},{"floor":4.0,"key":"PowerPotion"},{"floor":7.0,"key":"ElixirPotion"},{"floor":8.0,"key":"Explosive Potion"},{"floor":19,"key":"CultistPotion"}],"is_trial":false,"path_per_floor":["M","M","?","M","?","E","M","E","T","?","M","M","R","M","R","B",null,"M","M","?","M"],"character_chosen":"IRONCLAD","items_purchased":[],"campfire_rested":1,"item_purchase_floors":[],"current_hp_per_floor":[72,72,72,70,55,37,21,7,7,25,17,23,23,29,51,14,59,50,28,28,7,7],"gold":356,"neow_bonus":"REMOVE_TWO","is_daily":false,"chose_seed":false,"campfire_upgraded":1,"win_rate":0.0,"timestamp":1610469269,"path_taken":["M","M","?","M","?","E","M","E","T","?","?","M","R","M","R","BOSS","M","M","?","M"],"items_purchased_type":[],"build_version":"2020-12-22","purchased_purges":0,"victory":false,"max_hp_per_floor":[80,80,74,74,74,74,74,74,74,74,74,74,74,74,74,74,74,74,74,51,51,51],"card_choices":[{"not_picked":["Intimidate","Blood for Blood"],"picked":"Second Wind","floor":1.0},{"not_picked":["Rage","Headbutt","Clothesline"],"picked":"SKIP","floor":2.0},{"not_picked":["Clothesline","Armaments","Havoc"],"picked":"SKIP","floor":4.0},{"not_picked":["Spot Weakness","True Grit"],"picked":"Rampage","floor":6.0},{"not_picked":["Burning Pact","Whirlwind"],"picked":"Clash","floor":7.0},{"not_picked":["Twin Strike","Infernal Blade","Iron Wave"],"picked":"SKIP","floor":8.0},{"not_picked":["Iron Wave","Spot Weakness","Pommel Strike"],"picked":"SKIP","floor":11.0},{"not_picked":["Sword Boomerang","Armaments","Juggernaut"],"picked":"SKIP","floor":12.0},{"not_picked":["Ghostly Armor","Havoc","Dual Wield"],"picked":"SKIP","floor":14.0},{"not_picked":["Exhume","Limit Break"],"picked":"Double Tap","floor":16},{"not_picked":["Flex","Intimidate+1","Thunderclap"],"picked":"SKIP","floor":18},{"not_picked":["Sword Boomerang","Flex+1","Clothesline"],"picked":"SKIP","floor":19}],"player_experience":317838,"relics_obtained":[{"floor":6.0,"key":"Ancient Tea Set"},{"floor":8.0,"key":"Turnip"},{"floor":9.0,"key":"TungstenRod"}],"event_choices":[{"damage_healed":0.0,"max_hp_gain":0.0,"max_hp_loss":6.0,"gold_gain":0.0,"event_name":"Golden Idol","player_choice":"Lose Max HP","floor":3.0,"gold_loss":0.0,"damage_taken":0.0,"relics_obtained":["Golden Idol"]},{"damage_healed":0.0,"max_hp_gain":0.0,"max_hp_loss":0.0,"gold_gain":0.0,"event_name":"Shining Light","player_choice":"Entered Light","floor":5.0,"gold_loss":0.0,"damage_taken":15.0,"cards_upgraded":["Bash","Defend_R"]},{"damage_healed":18.0,"max_hp_gain":0.0,"max_hp_loss":0.0,"gold_gain":0.0,"event_name":"Mushrooms","player_choice":"Healed and dodged fight","floor":10.0,"gold_loss":0.0,"damage_taken":0.0,"cards_obtained":["Parasite"]},{"damage_healed":0,"gold_gain":0,"player_choice":"Became a vampire","damage_taken":0,"max_hp_gain":0,"max_hp_loss":23,"event_name":"Vampires","floor":20,"gold_loss":0,"cards_obtained":["Bite","Bite","Bite","Bite","Bite"]}],"is_beta":false,"boss_relics":[{"not_picked":["Pandora\u0027s Box","Sozu"],"picked":"Black Blood"}],"items_purged_floors":[],"is_endless":false,"potions_floor_spawned":[1,4,7,8,19],"killed_by":"Cultist and Chosen","ascension_level":8}}