{"host":"qy1e0kd24tpj3i2m","time":1610487541,"event":{"mods":["Act Like it!","Alarm Clock","BaseMod","Better Skull","Better Vampires","Colored Map","Colored Powertips","Custom Start","Faster Ascension Climbing","Friendly Minions","GifTheSpireLib","Gremlin Skip","Highlight Path","Minty Spire (QoL Compilation)","Permanent Neow","Poor People Problems","Quick Restart","Red Circlet Mod","Relic Sorter","Reorder Act Four","SacredBarkPlus","Shop Mod","StSLib","SuperFastMode","Transform Curses","没有小屋子和绿帽子啦"],"gold_per_floor":[111,111,9,9,26,26,44,71,71,71,90,121,135,168,168,168,168],"floor_reached":16,"language":"ZHS","playtime":579,"items_purged":[],"score":240,"play_id":"7112e322-93e1-4742-b23e-c23a0153a801","local_time":"20210113063901","is_ascension_mode":true,"campfire_choices":[{"data":"Whirlwind","floor":6.0,"key":"SMITH"},{"data":"Panacea","floor":10.0,"key":"SMITH"},{"data":"Body Slam","floor":15,"key":"SMITH"}],"circlet_count":0,"master_deck":["AscendersBane","Strike_R","Strike_R","Strike_R","Strike_R","Strike_R","Defend_R","Defend_R","Defend_R","Defend_R","Bash","Trip","Panacea+1","Whirlwind+1","Ghostly Armor","Body Slam+1","Seeing Red","Evolve"],"relics":["Burning Blood","Letter Opener","MealTicket","Paper Frog","Blue Candle","Tiny Chest"],"acts_visited":["Exordium"],"potions_floor_usage":[14,14],"damage_taken":[{"damage":2.0,"enemies":"Cultist","floor":1.0,"turns":4.0},{"damage":7.0,"enemies":"Jaw Worm","floor":5.0,"turns":3.0},{"damage":0.0,"enemies":"2 Louse","floor":7.0,"turns":1.0},{"damage":25.0,"enemies":"Lagavulin","floor":8.0,"turns":5.0},{"damage":3.0,"enemies":"Blue Slaver","floor":11.0,"turns":3.0},{"damage":15.0,"enemies":"Gremlin Nob","floor":12.0,"turns":4.0},{"damage":4.0,"enemies":"Red Slaver","floor":13.0,"turns":2.0},{"damage":12,"enemies":"Lagavulin","floor":14,"turns":6},{"damage":58,"enemies":"The Guardian","floor":16,"turns":11}],"seed_played":"6966701338055828199","potions_obtained":[{"floor":5.0,"key":"Explosive Potion"},{"floor":7.0,"key":"DistilledChaos"},{"floor":8.0,"key":"Dexterity Potion"},{"floor":12.0,"key":"Block Potion"},{"floor":13.0,"key":"BlessingOfTheForge"}],"is_trial":false,"path_per_floor":["M","T","$","?","M","R","M","E","T","R","M","E","M","E","R","B"],"character_chosen":"IRONCLAD","items_purchased":["Panacea"],"campfire_rested":0,"item_purchase_floors":[3],"current_hp_per_floor":[72,72,72,72,71,71,75,56,56,56,59,50,52,46,46,0,0],"gold":168,"neow_bonus":"RANDOM_COLORLESS","is_daily":false,"chose_seed":false,"campfire_upgraded":3,"win_rate":0.0,"timestamp":1610487541,"path_taken":["M","?","$","?","M","R","M","E","T","R","?","E","M","E","R","BOSS"],"items_purchased_type":["Card"],"build_version":"2020-12-22","purchased_purges":0,"victory":false,"max_hp_per_floor":[75,75,75,75,75,75,75,75,75,75,75,75,75,75,75,75,75],"card_choices":[{"not_picked":["Purity","Bandage Up"],"picked":"Trip","floor":0.0},{"not_picked":["Pummel","Heavy Blade","Clash"],"picked":"SKIP","floor":1.0},{"not_picked":["Dark Embrace","Wild Strike"],"picked":"Whirlwind","floor":5.0},{"not_picked":["Wild Strike","Anger","Havoc"],"picked":"SKIP","floor":7.0},{"not_picked":["Immolate","Armaments"],"picked":"Ghostly Armor","floor":8.0},{"not_picked":["Thunderclap","Twin Strike"],"picked":"Body Slam","floor":11.0},{"not_picked":["Infernal Blade","Demon Form"],"picked":"Seeing Red","floor":12.0},{"not_picked":["Thunderclap","Clash","Armaments"],"picked":"SKIP","floor":13.0},{"not_picked":["Thunderclap","Headbutt"],"picked":"Evolve","floor":14}],"player_experience":907414,"relics_obtained":[{"floor":2.0,"key":"Letter Opener"},{"floor":8.0,"key":"MealTicket"},{"floor":9.0,"key":"Paper Frog"},{"floor":12.0,"key":"Blue Candle"},{"floor":14,"key":"Tiny Chest"}],"event_choices":[{"damage_healed":0.0,"max_hp_gain":0.0,"max_hp_loss":0.0,"gold_gain":0.0,"event_name":"WeMeetAgain","player_choice":"Ignored","floor":4.0,"gold_loss":0.0,"damage_taken":0.0}],"is_beta":false,"boss_relics":[],"items_purged_floors":[],"is_endless":false,"potions_floor_spawned":[5,7,8,12,13],"killed_by":"The Guardian","ascension_level":20}}