{"host":"h5mpg8xef8fl8s1y","time":1610475609,"event":{"mods":["100% Spire Juice","AchievementEnabler","BaseMod","Bestiary","Block Reminder","Colored Map","Colored Powertips","Curses Come First","Dark Map","Displayed Cursed Tome","Googly Eyes","Hero for Fun","Marisa????????","Minty Spire (QoL Compilation)","Permanent Neow","Quick Restart","Random Character Button","Rare Cards Sparkle","Relic Stats","StSLib","Starting Relic: Pandora\u0027s Box","The Marked","The Senshi","The Servant 0.9.4","TheVelvet","Waifu the Spire","Yakumo Yukari mod","everything is the same but u backflip on backflip"],"gold_per_floor":[11,22,42,217,74,74,74,99,99,115,115,131,160,160,160,288,288,311,334,334,349,274,313,313,313,364,402,402,422,447,472,472,591,591,591,591,591,605,380,420,420,459,459,479,520,533,546,565,565,565,565,565,357,397,397],"floor_reached":56,"playtime":949,"items_purged":["Wraith"],"score":1764,"play_id":"5d9757e5-4ddb-45f2-bb64-0da7e2658cc4","local_time":"20210112132009","is_ascension_mode":false,"campfire_choices":[{"floor":7.0,"key":"RECALL"},{"data":"Consecutive_Normal_Punch","floor":11.0,"key":"SMITH"},{"data":"Hop","floor":15.0,"key":"SMITH"},{"data":"Hip_Strike","floor":32,"key":"SMITH"},{"data":"Slap","floor":49,"key":"SMITH"},{"floor":52,"key":"REST"}],"circlet_count":0,"master_deck":["Side_Hop+1","Hop+1","Ignore+1","Toss_Stone+1","Yawn+1","Ignore+1","Do_Nothing+1","Side_Hop+1","Consecutive_Normal_Punch+1","Normal_Punch+1","Wear_Disguise+1","Serious_Side_Hops+1","Consecutive_Normal_Punch+1","Normal_Punch+1","Hip_Strike+1","Toss_Stone+1","Slap+1","Normal_Punch+1","Slap+1","Slap+1","Slap+1","Flash of Steel+1","Consecutive_Normal_Punch+1"],"relics":["Cape","Happy Flower","InkBottle","Toy Ornithopter","Golden Idol","Busted Crown","Strawberry","Nilry\u0027s Codex","Oddly Smooth Stone","Pocketwatch","Sozu","Strange Spoon","Pen Nib","Orichalcum","Bottled Flame","Molten Egg 2","Centennial Puzzle"],"acts_visited":["Exordium","TheCity","TheBeyond","TheEnding"],"potions_floor_usage":[],"damage_taken":[{"damage":0.0,"enemies":"Cultist","floor":1.0,"turns":2.0},{"damage":0.0,"enemies":"2 Louse","floor":2.0,"turns":2.0},{"damage":0.0,"enemies":"Jaw Worm","floor":3.0,"turns":1.0},{"damage":0.0,"enemies":"3 Sentries","floor":8.0,"turns":3.0},{"damage":0.0,"enemies":"Looter","floor":10.0,"turns":1.0},{"damage":0.0,"enemies":"Lots of Slimes","floor":12.0,"turns":4.0},{"damage":0.0,"enemies":"Lagavulin","floor":13.0,"turns":1.0},{"damage":0.0,"enemies":"Hexaghost","floor":16.0,"turns":1.0},{"damage":0.0,"enemies":"Spheric Guardian","floor":18.0,"turns":1.0},{"damage":0.0,"enemies":"2 Thieves","floor":19.0,"turns":2.0},{"damage":0.0,"enemies":"Snecko","floor":21.0,"turns":1.0},{"damage":0.0,"enemies":"Slavers","floor":23.0,"turns":3.0},{"damage":0,"enemies":"Book of Stabbing","floor":27,"turns":1},{"damage":0,"enemies":"Snake Plant","floor":29,"turns":1},{"damage":0,"enemies":"Cultist and Chosen","floor":30,"turns":2},{"damage":0,"enemies":"Chosen and Byrds","floor":31,"turns":1},{"damage":0,"enemies":"Champ","floor":33,"turns":1},{"damage":0,"enemies":"3 Shapes","floor":35,"turns":1},{"damage":0,"enemies":"3 Shapes","floor":36,"turns":1},{"damage":0,"enemies":"3 Darklings","floor":38,"turns":1},{"damage":0,"enemies":"Nemesis","floor":40,"turns":1},{"damage":0,"enemies":"Giant Head","floor":42,"turns":1},{"damage":0,"enemies":"Spire Growth","floor":44,"turns":1},{"damage":0,"enemies":"Nemesis","floor":45,"turns":1},{"damage":0,"enemies":"4 Shapes","floor":46,"turns":2},{"damage":0,"enemies":"Sphere and 2 Shapes","floor":47,"turns":1},{"damage":0,"enemies":"Transient","floor":48,"turns":1},{"damage":0,"enemies":"Time Eater","floor":50,"turns":1},{"damage":0,"enemies":"Shield and Spear","floor":54,"turns":1},{"damage":0,"enemies":"The Heart","floor":55,"turns":3}],"seed_played":"-4198555813886777301","potions_obtained":[{"floor":2.0,"key":"Strength Potion"},{"floor":12.0,"key":"Ancient Potion"},{"floor":13.0,"key":"Strength Potion"}],"is_trial":false,"path_per_floor":["M","M","M","?","$","?","R","E","T","M","R","M","E","?","R","B",null,"M","M","?","M","?","E","?","?","T","E","T","M","M","M","R","B",null,"M","?","?","M","$","E","?","E","T","M","E","M","M","M","R","B",null,"R","$","E","B",null],"character_chosen":"OPM","items_purchased":["Wear_Disguise","Serious_Side_Hops","Strange Spoon","Slap+1","Flash of Steel+1","Consecutive_Normal_Punch+1"],"campfire_rested":1,"item_purchase_floors":[5,5,39,53,53,53],"current_hp_per_floor":[999,999,999,999,999,999,999,999,999,999,999,999,999,999,999,999,999,999,999,999,999,999,1006,1006,1006,1006,1006,1006,1006,1006,1006,1006,1006,1006,1006,1006,1006,1006,1006,1006,1006,1006,1006,1006,1006,1006,1006,1006,1006,1006,1006,1006,1006,1006,1006],"gold":397,"neow_bonus":"THREE_CARDS","is_daily":false,"chose_seed":false,"campfire_upgraded":4,"win_rate":0.0,"timestamp":1610475609,"path_taken":["M","?","M","?","?","?","R","E","T","M","R","?","E","?","R","BOSS","M","M","?","?","?","E","?","?","T","E","?","?","M","M","R","BOSS","M","?","?","M","$","E","?","E","T","M","E","M","M","M","R","BOSS","R","$","E","BOSS"],"items_purchased_type":["Card","Card","Relic","Card","Card","Card"],"build_version":"2020-12-22","purchased_purges":1,"victory":true,"max_hp_per_floor":[999,999,999,999,999,999,999,999,999,999,999,999,999,999,999,999,999,999,999,999,999,999,1006,1006,1006,1006,1006,1006,1006,1006,1006,1006,1006,1006,1006,1006,1006,1006,1006,1006,1006,1006,1006,1006,1006,1006,1006,1006,1006,1006,1006,1006,1006,1006,1006],"relic_stats":{"Happy Flower":[12],"counters":[30,44],"Golden Idol":194,"Pen Nib":[1],"Orichalcum":[12],"Sozu":0,"Strange Spoon":[0],"Centennial Puzzle":[0],"Busted Crown":46,"obtain_stats":[{"Happy Flower":8,"Golden Idol":14,"Nilry\u0027s Codex":24,"Oddly Smooth Stone":26,"Pen Nib":40,"Cape":0,"Orichalcum":42,"Sozu":34,"Strange Spoon":39,"Bottled Flame":43,"Centennial Puzzle":54,"Busted Crown":17,"Strawberry":23,"Molten Egg 2":45,"InkBottle":9,"Toy Ornithopter":13,"Pocketwatch":27},{"Happy Flower":4,"Golden Idol":7,"Nilry\u0027s Codex":12,"Oddly Smooth Stone":12,"Pen Nib":21,"Cape":0,"Orichalcum":22,"Sozu":17,"Strange Spoon":20,"Bottled Flame":22,"Centennial Puzzle":29,"Busted Crown":8,"Strawberry":12,"Molten Egg 2":24,"InkBottle":4,"Toy Ornithopter":7,"Pocketwatch":13},{"Happy Flower":8,"Golden Idol":14,"Nilry\u0027s Codex":22,"Oddly Smooth Stone":22,"Pen Nib":32,"Cape":0,"Orichalcum":33,"Sozu":28,"Strange Spoon":31,"Bottled Flame":33,"Centennial Puzzle":41,"Busted Crown":15,"Strawberry":22,"Molten Egg 2":35,"InkBottle":8,"Toy Ornithopter":14,"Pocketwatch":23}],"InkBottle":[2],"Toy Ornithopter":0,"Pocketwatch":[9]},"card_choices":[{"not_picked":["Toss_Stone","Slap"],"picked":"Side_Hop","floor":0.0},{"not_picked":["Normal_Punch","Ignore"],"picked":"Consecutive_Normal_Punch","floor":1.0},{"not_picked":["Ignore","Side_Hop"],"picked":"Normal_Punch","floor":2.0},{"not_picked":["Side_Hop","Yawn","Consecutive_Normal_Punch"],"picked":"SKIP","floor":3.0},{"not_picked":["Side_Hop","Ignore","Slap"],"picked":"SKIP","floor":8.0},{"not_picked":["Side_Hop","Hop"],"picked":"Consecutive_Normal_Punch","floor":10.0},{"not_picked":["Get_Hopes_Up","Side_Hop","Ignore"],"picked":"SKIP","floor":12.0},{"not_picked":["Hop","Yawn"],"picked":"Normal_Punch","floor":13.0},{"not_picked":["Get_Hopes_Up","Oh"],"picked":"Hip_Strike","floor":16.0},{"not_picked":["Ignore+1"],"picked":"SKIP","floor":18.0},{"not_picked":[],"picked":"Toss_Stone","floor":19.0},{"not_picked":["Side_Hop+1"],"picked":"SKIP","floor":21.0},{"not_picked":["Side_Hop"],"picked":"SKIP","floor":23.0},{"not_picked":[],"picked":"Slap","floor":27},{"not_picked":[],"picked":"Normal_Punch","floor":29},{"not_picked":["Ignore+1"],"picked":"SKIP","floor":30},{"not_picked":["Ignore"],"picked":"SKIP","floor":31},{"not_picked":["Do_Nothing+1"],"picked":"SKIP","floor":35},{"not_picked":[],"picked":"Slap","floor":36},{"not_picked":["Hop+1"],"picked":"SKIP","floor":38},{"not_picked":["Side_Hop+1"],"picked":"SKIP","floor":40},{"not_picked":[],"picked":"Slap+1","floor":42},{"not_picked":["Terrifying_Presence"],"picked":"SKIP","floor":44},{"not_picked":["Wear_Disguise"],"picked":"SKIP","floor":45},{"not_picked":["Yawn+1"],"picked":"SKIP","floor":46},{"not_picked":["Side_Hop"],"picked":"SKIP","floor":47},{"not_picked":["Do_Nothing"],"picked":"SKIP","floor":48},{"not_picked":["Wear_Disguise+1"],"picked":"SKIP","floor":54}],"player_experience":220978,"relics_obtained":[{"floor":8.0,"key":"Happy Flower"},{"floor":9.0,"key":"InkBottle"},{"floor":13.0,"key":"Toy Ornithopter"},{"floor":23.0,"key":"Strawberry"},{"floor":26,"key":"Oddly Smooth Stone"},{"floor":27,"key":"Pocketwatch"},{"floor":40,"key":"Pen Nib"},{"floor":42,"key":"Orichalcum"},{"floor":43,"key":"Bottled Flame"},{"floor":45,"key":"Molten Egg 2"},{"floor":54,"key":"Centennial Puzzle"}],"event_choices":[{"damage_healed":0.0,"max_hp_gain":0.0,"max_hp_loss":0.0,"gold_gain":175.0,"event_name":"Liars Game","player_choice":"AGREE","floor":4.0,"gold_loss":0.0,"damage_taken":0.0,"cards_obtained":["Doubt"]},{"damage_healed":0.0,"max_hp_gain":0.0,"max_hp_loss":0.0,"gold_gain":0.0,"event_name":"Wheel of Change","player_choice":"Full Heal","floor":6.0,"gold_loss":0.0,"damage_taken":0.0},{"damage_healed":0.0,"max_hp_gain":0.0,"max_hp_loss":0.0,"gold_gain":0.0,"event_name":"Golden Idol","player_choice":"Take Damage","floor":14.0,"gold_loss":0.0,"damage_taken":249.0,"relics_obtained":["Golden Idol"]},{"cards_removed":["Do_Nothing"],"damage_healed":0.0,"max_hp_gain":0.0,"max_hp_loss":0.0,"gold_gain":0.0,"event_name":"Bonfire Elementals","player_choice":"Offered Uncommon","floor":20.0,"gold_loss":0.0,"damage_taken":0.0},{"cards_removed":["Yawn"],"damage_healed":0.0,"max_hp_gain":0.0,"max_hp_loss":0.0,"gold_gain":0.0,"event_name":"Beggar","player_choice":"Gave Gold","floor":22.0,"gold_loss":75.0,"damage_taken":0.0},{"damage_healed":0.0,"max_hp_gain":0.0,"max_hp_loss":0.0,"gold_gain":0.0,"event_name":"Cursed Tome","player_choice":"Obtained Book","floor":24.0,"gold_loss":0.0,"damage_taken":16.0},{"damage_healed":332,"gold_gain":0,"player_choice":"Heal","damage_taken":0,"max_hp_gain":0,"max_hp_loss":0,"event_name":"The Library","floor":25,"gold_loss":0},{"damage_healed":0,"gold_gain":0,"player_choice":"Ignored","damage_taken":0,"max_hp_gain":0,"max_hp_loss":0,"event_name":"OrinTheCat","floor":37,"gold_loss":0},{"cards_removed":["Do_Nothing"],"damage_healed":0,"gold_gain":0,"player_choice":"Removed Skill","damage_taken":0,"max_hp_gain":0,"max_hp_loss":0,"event_name":"Falling","floor":41,"gold_loss":0}],"is_beta":false,"boss_relics":[{"not_picked":["Tiny House","Coffee Dripper"],"picked":"Busted Crown"},{"not_picked":["Black Star","Cursed Key"],"picked":"Sozu"}],"items_purged_floors":[39],"is_endless":false,"potions_floor_spawned":[2,12,13,16,23,27,31,33,38,42,47,48],"ascension_level":0}}