{"host":"vrsxkkch9ccrec7k","time":1610410906,"event":{"mods":["Act Like it!","BaseMod","Bestiary","Better Sensory Stone","Better Third Choice","Better Vampires","Downfall","Minty Spire (QoL Compilation)","Permanent Neow","Relic Stats","Spicy Shops","StSLib"],"gold_per_floor":[0,15,33,133,146,173,200,231,231,156,186,201,211,21,31,132,132,132,143,157,257,39,53,53,53,53,53,53,73,73,99,109,205,205,205,216,227,66,76,76,76,105,30,61,4,35,35,46,65,65],"floor_reached":51,"playtime":6381,"items_purged":["hexamod:Strike","hexamod:Strike","hexamod:Strike+1","hexamod:Strike+1"],"score":825,"play_id":"804f64d5-25b0-4367-8328-f34ef602958c","local_time":"20210111192146","is_ascension_mode":true,"campfire_choices":[{"data":"expansioncontent:DashGenerateEvil","floor":1.0,"key":"SMITH"},{"data":"hexamod:Again","floor":10.0,"key":"SMITH"},{"data":"hexamod:GhostOfSpireFuture","floor":18,"key":"SMITH"},{"data":"hexamod:CatchUp","floor":25,"key":"SMITH"},{"data":"hexamod:FastForward","floor":30,"key":"SMITH"},{"floor":35,"key":"RECALL"},{"floor":43,"key":"REST"}],"circlet_count":0,"master_deck":["hexamod:Defend+1","hexamod:Defend+1","hexamod:Defend+1","hexamod:Defend+1","hexamod:Sear+1","hexamod:Float+1","expansioncontent:DashGenerateEvil+1","hexamod:Again+1","hexamod:AdvancingGuard+1","hexamod:BacktrackSmack+1","hexamod:HexaLevel+1","hexamod:FastForward+1","hexamod:NightmareGuise","hexamod:GhostOfSpireFuture+1","hexamod:FastForward+1","hexamod:SixthSeal","hexamod:SpectersWail+1","hexamod:CatchUp+1","hexamod:EmpoweredFlame","hexamod:FourthSeal","hexamod:TurnItUp+1","hexamod:CrushingStance+1","hexamod:GhostflameBarrier+1","hexamod:AdvancingGuard+1","hexamod:RecurringNightmare+1","hexamod:GhostOfSpirePresent","hexamod:TurnItUp+1"],"relics":["hexamod:SpiritBrand","Art of War","Whetstone","Boot","downfall:HeartBlessingGreen","Unceasing Top","SlaversCollar","Pantograph","Blood Vial","Snecko Eye","Lee\u0027s Waffle","Bag of Marbles","Smiling Mask","downfall:HeartBlessingRed","HornCleat","Mummified Hand","Omamori"],"acts_visited":["Exordium","TheCity","TheBeyond"],"potions_floor_usage":[19,20,20,29,32,33,36,37,38,39,42,46,49,49,50,50],"damage_taken":[{"damage":0.0,"enemies":"2 Louse","floor":2.0,"turns":1.0},{"damage":1.0,"enemies":"Jaw Worm","floor":3.0,"turns":3.0},{"damage":0.0,"enemies":"Small Slimes","floor":5.0,"turns":3.0},{"damage":12.0,"enemies":"Lagavulin","floor":6.0,"turns":8.0},{"damage":8.0,"enemies":"Gremlin Nob","floor":8.0,"turns":4.0},{"damage":9.0,"enemies":"3 Sentries","floor":11.0,"turns":8.0},{"damage":12.0,"enemies":"2 Fungi Beasts","floor":12.0,"turns":2.0},{"damage":0.0,"enemies":"Blue Slaver","floor":13.0,"turns":3.0},{"damage":0.0,"enemies":"downfall:FleeingMerchant","floor":14.0,"turns":4.0},{"damage":0.0,"enemies":"Exordium Thugs","floor":15.0,"turns":5.0},{"damage":6.0,"enemies":"downfall:Silent","floor":16.0,"turns":8.0},{"damage":4,"enemies":"Spheric Guardian","floor":19,"turns":4},{"damage":18,"enemies":"3 Byrds","floor":20,"turns":5},{"damage":0,"enemies":"downfall:FleeingMerchant","floor":22,"turns":4},{"damage":0,"enemies":"Sentry and Sphere","floor":23,"turns":6},{"damage":8,"enemies":"Centurion and Healer","floor":29,"turns":9},{"damage":22,"enemies":"Slavers","floor":31,"turns":7},{"damage":3,"enemies":"Snake Plant","floor":32,"turns":5},{"damage":40,"enemies":"downfall:Watcher","floor":33,"turns":11},{"damage":0,"enemies":"3 Shapes","floor":36,"turns":4},{"damage":16,"enemies":"Orb Walker","floor":37,"turns":3},{"damage":4,"enemies":"downfall:FleeingMerchant","floor":38,"turns":4},{"damage":8,"enemies":"Spire Growth","floor":39,"turns":5},{"damage":29,"enemies":"Reptomancer","floor":42,"turns":7},{"damage":20,"enemies":"Nemesis","floor":44,"turns":7},{"damage":0,"enemies":"downfall:FleeingMerchant","floor":45,"turns":1},{"damage":10,"enemies":"Reptomancer","floor":46,"turns":7},{"damage":0,"enemies":"Maw","floor":48,"turns":7},{"damage":13,"enemies":"Jaw Worm Horde","floor":49,"turns":6},{"damage":8,"enemies":"downfall:Ironclad","floor":50,"turns":7}],"seed_played":"1127588968431239232","potions_obtained":[{"floor":5.0,"key":"Energy Potion"},{"floor":6.0,"key":"Energy Potion"},{"floor":12.0,"key":"hexamod:EctoCoolerPotion"},{"floor":15.0,"key":"Explosive Potion"},{"floor":16.0,"key":"SkillPotion"},{"floor":19,"key":"Swift Potion"},{"floor":20,"key":"FearPotion"},{"floor":23,"key":"SkillPotion"},{"floor":27,"key":"CultistPotion"},{"floor":31,"key":"sneckomod:MuddlingPotion"},{"floor":31,"key":"FairyPotion"},{"floor":33,"key":"sneckomod:MuddlingPotion"},{"floor":33,"key":"EssenceOfSteel"},{"floor":36,"key":"ColorlessPotion"},{"floor":37,"key":"ColorlessPotion"},{"floor":37,"key":"Weak Potion"},{"floor":38,"key":"GamblersBrew"},{"floor":39,"key":"SpeedPotion"},{"floor":42,"key":"PowerPotion"},{"floor":44,"key":"Guardian:BlockOnCardUsePotion"},{"floor":46,"key":"Weak Potion"},{"floor":48,"key":"Fruit Juice"},{"floor":49,"key":"Swift Potion"},{"floor":49,"key":"Guardian:BlockOnCardUsePotion"}],"is_trial":false,"path_per_floor":["R","M","M","?","M","E","T","E","?","R","E","M","M","$","M","B",null,"R","M","M","?","$","M","T","R","?","?","?","M","R","E","M","B",null,"R","M","M","$","M","?","T","E","R","E","$","E","?","M","M","B",null],"character_chosen":"THE_SPIRIT","items_purchased":["hexamod:CatchUp","Lee\u0027s Waffle","Mummified Hand","Dexterity Potion"],"campfire_rested":1,"item_purchase_floors":[22,38,45,45],"current_hp_per_floor":[70,70,69,69,69,57,57,49,70,70,61,49,49,49,49,43,70,70,66,48,48,48,48,48,48,48,48,48,40,40,18,17,4,70,70,70,54,77,69,69,69,42,65,47,49,41,77,77,69,74],"gold":65,"neow_bonus":"RANDOM_COLORLESS_2","is_daily":false,"chose_seed":false,"campfire_upgraded":5,"win_rate":0.0,"timestamp":1610410906,"path_taken":["R","M","M","?","M","E","T","E","?","R","E","M","M","$","M","BOSS","R","M","M","?","$","M","T","R","?","?","?","M","R","E","M","BOSS","R","M","M","$","M","?","T","E","R","E","$","E","?","M","M","BOSS"],"items_purchased_type":["Card","Relic","Relic","Potion"],"build_version":"2020-12-22","purchased_purges":4,"victory":true,"max_hp_per_floor":[70,70,70,70,70,70,70,70,70,70,70,70,70,70,70,70,70,70,70,70,70,70,70,70,70,70,70,70,70,70,70,70,70,70,70,70,70,77,77,77,77,77,77,77,77,77,77,77,82,82],"relic_stats":{"Blood Vial":16,"Lee\u0027s Waffle":25,"counters":[30,158],"Mummified Hand":[56],"Pantograph":36,"Snecko Eye":[114,93,89,102],"Art of War":[56],"Whetstone":["hexamod:Strike","hexamod:Strike"],"Boot":[21],"Smiling Mask":100,"obtain_stats":[{"Lee\u0027s Waffle":38,"downfall:HeartBlessingRed":43,"downfall:HeartBlessingGreen":10,"Omamori":46,"Whetstone":7,"Boot":8,"Smiling Mask":42,"Blood Vial":31,"SlaversCollar":17,"HornCleat":44,"Mummified Hand":45,"Pantograph":24,"Snecko Eye":34,"Art of War":6,"Bag of Marbles":41,"hexamod:SpiritBrand":0,"Unceasing Top":11},{"Lee\u0027s Waffle":22,"downfall:HeartBlessingRed":24,"downfall:HeartBlessingGreen":5,"Omamori":27,"Whetstone":4,"Boot":5,"Smiling Mask":24,"Blood Vial":17,"SlaversCollar":11,"HornCleat":25,"Mummified Hand":26,"Pantograph":15,"Snecko Eye":19,"Art of War":4,"Bag of Marbles":23,"hexamod:SpiritBrand":0,"Unceasing Top":6},{"Lee\u0027s Waffle":111,"downfall:HeartBlessingRed":123,"downfall:HeartBlessingGreen":19,"Omamori":138,"Whetstone":15,"Boot":19,"Smiling Mask":123,"Blood Vial":84,"SlaversCollar":49,"HornCleat":130,"Mummified Hand":131,"Pantograph":68,"Snecko Eye":100,"Art of War":15,"Bag of Marbles":116,"hexamod:SpiritBrand":0,"Unceasing Top":27}],"Unceasing Top":[14]},"card_choices":[{"not_picked":["Magnetism","The Bomb"],"picked":"expansioncontent:DashGenerateEvil","floor":0.0},{"not_picked":["hexamod:Incineration","hexamod:SpectralSpark"],"picked":"hexamod:Again","floor":2.0},{"not_picked":["hexamod:RecurringNightmare","hexamod:GhostShield"],"picked":"hexamod:AdvancingGuard","floor":3.0},{"not_picked":["hexamod:SpectralAdrenaline","hexamod:DynamicBlow"],"picked":"hexamod:BacktrackSmack","floor":5.0},{"not_picked":["hexamod:SoulSteal","hexamod:Firestarter"],"picked":"hexamod:HexaLevel","floor":6.0},{"not_picked":["hexamod:Toasty","hexamod:FastForward","hexamod:PowerFromBeyond"],"picked":"SKIP","floor":8.0},{"not_picked":["hexamod:ChargedBarrage","hexamod:SpectralSpark"],"picked":"hexamod:FastForward","floor":11.0},{"not_picked":["hexamod:HeatCrush","hexamod:DynamicBlow","hexamod:SuperheatedStrike"],"picked":"SKIP","floor":12.0},{"not_picked":["hexamod:ThermalTransfer","hexamod:ExtraCrispy"],"picked":"hexamod:NightmareGuise","floor":13.0},{"not_picked":["hexamod:BacktrackSmack","hexamod:FirstSeal"],"picked":"hexamod:GhostOfSpireFuture","floor":14.0},{"not_picked":["hexamod:ParanormalForm","hexamod:GhostLash"],"picked":"hexamod:FastForward","floor":15.0},{"not_picked":["hexamod:UnleashSpirits","hexamod:GiftsFromTheDead"],"picked":"hexamod:SixthSeal","floor":16.0},{"not_picked":["hexamod:InspiringFlames","hexamod:SkipABeat"],"picked":"hexamod:SpectersWail+1","floor":19},{"not_picked":["hexamod:HauntingEcho","hexamod:GhostOfSpirePresent","hexamod:NightmareStrike"],"picked":"SKIP","floor":20},{"not_picked":["hexamod:DynamicBlow","hexamod:HauntingEcho","hexamod:Hexaguard"],"picked":"SKIP","floor":22},{"not_picked":["hexamod:RainOfEmbers","hexamod:SwordOfDarkness","hexamod:Hexaguard"],"picked":"SKIP","floor":23},{"not_picked":["hexamod:SwordOfDarkness","hexamod:Hexaguard"],"picked":"hexamod:FourthSeal","floor":29},{"not_picked":["hexamod:SpectersWail","hexamod:SwordOfDarkness"],"picked":"hexamod:TurnItUp","floor":31},{"not_picked":["hexamod:HeatMetal","hexamod:ShieldOfDarkness+1","hexamod:RainOfEmbers"],"picked":"SKIP","floor":32},{"not_picked":["hexamod:SixthSeal","hexamod:GiftsFromTheDead"],"picked":"hexamod:CrushingStance","floor":33},{"not_picked":["hexamod:GhostShield+1","hexamod:HeatMetal","hexamod:Hexaguard+1"],"picked":"SKIP","floor":36},{"not_picked":["hexamod:GhostShield+1","hexamod:GhostOfSpirePast","hexamod:NecessarySacrifice+1"],"picked":"SKIP","floor":37},{"not_picked":["hexamod:SuperheatedStrike+1","hexamod:NecessarySacrifice"],"picked":"hexamod:GhostflameBarrier","floor":38},{"not_picked":["hexamod:InspiringFlames+1","hexamod:PhantomFireball+1"],"picked":"hexamod:AdvancingGuard","floor":39},{"not_picked":["hexamod:InspiringFlames","hexamod:ThermalTransfer+1"],"picked":"hexamod:RecurringNightmare+1","floor":42},{"not_picked":["hexamod:FourthSeal","hexamod:FastForward","hexamod:DynamicBlow"],"picked":"SKIP","floor":44},{"not_picked":["hexamod:SwordOfDarkness+1","hexamod:InspiringFlames+1"],"picked":"hexamod:GhostOfSpirePresent","floor":45},{"not_picked":["hexamod:RainOfEmbers+1","hexamod:SuperheatedStrike+1"],"picked":"hexamod:TurnItUp","floor":46},{"not_picked":["hexamod:InspiringFlames","hexamod:ThermalTransfer","hexamod:GhostShield"],"picked":"SKIP","floor":48},{"not_picked":["hexamod:SpectralAdrenaline+1","hexamod:SpectersWail+1","hexamod:BurningTouch"],"picked":"SKIP","floor":49}],"player_experience":1474492,"relics_obtained":[{"floor":6.0,"key":"Art of War"},{"floor":7.0,"key":"Whetstone"},{"floor":8.0,"key":"Boot"},{"floor":11.0,"key":"Unceasing Top"},{"floor":24,"key":"Pantograph"},{"floor":31,"key":"Blood Vial"},{"floor":41,"key":"Bag of Marbles"},{"floor":42,"key":"Smiling Mask"},{"floor":44,"key":"HornCleat"},{"floor":46,"key":"Omamori"}],"event_choices":[{"damage_healed":23.0,"max_hp_gain":0.0,"max_hp_loss":0.0,"gold_gain":0.0,"event_name":"Big Fish","player_choice":"Banana","floor":9.0,"gold_loss":0.0,"damage_taken":0.0},{"damage_healed":0,"gold_gain":0,"player_choice":"Read","damage_taken":0,"max_hp_gain":0,"max_hp_loss":0,"event_name":"The Library","floor":28,"gold_loss":0,"cards_obtained":["hexamod:EmpoweredFlame"]}],"is_beta":false,"boss_relics":[{"not_picked":["Astrolabe","Pandora\u0027s Box"],"picked":"SlaversCollar"},{"not_picked":["Coffee Dripper","Sozu"],"picked":"Snecko Eye"}],"items_purged_floors":[14,14,22,45],"is_endless":false,"potions_floor_spawned":[5,6,12,15,16,19,20,23,31,33,37,39,44,48,49],"ascension_level":2}}