{"host":"eu5wvbbtjeiar27l","time":1610474656,"event":{"mods":["BaseMod","Colored Powertips","Conspire","Hubris","Infinite Spire","Minty Spire (QoL Compilation)","Rare Cards Sparkle","StSLib","The Factory","The Jungle","vexMod"],"gold_per_floor":[118,118,4,4,14,46,65,65,88,88,107,137,137,137,137,238,238,258,258,271,271,290,290,290],"floor_reached":23,"playtime":690,"items_purged":["Strike_B","Strike_B"],"score":224,"play_id":"f43493ac-cc2c-4608-b698-ce5cbb0b9f7b","local_time":"20210112180416","is_ascension_mode":false,"campfire_choices":[{"data":"Consume","floor":8,"key":"SMITH"},{"data":"Zap","floor":10,"key":"SMITH"},{"floor":15,"key":"REST"}],"circlet_count":0,"master_deck":["Strike_B","Strike_B","Defend_B","Defend_B","Defend_B","Defend_B","Zap+1","Dualcast","Static Discharge","Static Discharge","Redo","Consume+1","Redo","Echo Form","Loop","White Noise","infinitespire:Collect"],"relics":["Cracked Core","NeowsBlessing","hubris:Towel","Art of War","Oddly Smooth Stone","Gremlin Horn","hubris:TenFootPole","vexMod:FluxCapacitor","Membership Card"],"acts_visited":["Exordium","TheCity"],"potions_floor_usage":[12,22,23,23],"damage_taken":[{"damage":0,"enemies":"Cultist","floor":1,"turns":1},{"damage":0,"enemies":"Jaw Worm","floor":5,"turns":1},{"damage":0,"enemies":"Gremlin Nob","floor":6,"turns":1},{"damage":0,"enemies":"2 Louse","floor":7,"turns":2},{"damage":18,"enemies":"Gremlin Gang","floor":11,"turns":3},{"damage":24,"enemies":"3 Sentries","floor":12,"turns":5},{"damage":34,"enemies":"Hexaghost","floor":16,"turns":4},{"damage":9,"enemies":"3 Byrds","floor":18,"turns":2},{"damage":14,"enemies":"Shell Parasite","floor":20,"turns":4},{"damage":22,"enemies":"Snecko","floor":22,"turns":4},{"damage":52,"enemies":"Slavers","floor":23,"turns":2}],"seed_played":"5503762032837183242","potions_obtained":[{"floor":1,"key":"infinitespire:BlackPotion"},{"floor":4,"key":"FocusPotion"},{"floor":4,"key":"conspire:TimeTravelPotion"},{"floor":16,"key":"LiquidBronze"},{"floor":22,"key":"Explosive Potion"}],"is_trial":false,"path_per_floor":["M","?","$","?","M","E","M","R","T","R","M","E","?","T","R","B",null,"M","?","M","AVR","M","E"],"character_chosen":"DEFECT","items_purchased":["Static Discharge"],"campfire_rested":1,"item_purchase_floors":[3],"current_hp_per_floor":[75,75,75,75,75,75,75,75,75,75,57,33,33,33,55,21,75,66,66,52,52,52,0,0],"gold":290,"neow_bonus":"THREE_ENEMY_KILL","is_daily":false,"chose_seed":false,"campfire_upgraded":2,"win_rate":0.0,"timestamp":1610474656,"path_taken":["M","?","$","?","?","E","M","R","T","R","M","E","?","?","R","BOSS","M","?","?","AVR","M","E"],"items_purchased_type":["Card"],"build_version":"2020-12-22","purchased_purges":2,"victory":false,"max_hp_per_floor":[75,75,75,75,75,75,75,75,75,75,75,75,75,75,75,75,75,75,75,75,75,75,75,75],"card_choices":[{"not_picked":["hubris:PowerSurge","Reprogram"],"picked":"Static Discharge","floor":1},{"not_picked":["Beam Cell","Streamline"],"picked":"Redo","floor":5},{"not_picked":["Fusion","conspire:SharedLibrary"],"picked":"Consume","floor":6},{"not_picked":["Aggregate","Turbo"],"picked":"Redo","floor":7},{"not_picked":["Leap","Hello World","Steam"],"picked":"SKIP","floor":11},{"not_picked":["Cold Snap","conspire:SharedLibrary","Melter"],"picked":"SKIP","floor":12},{"not_picked":["Seek","Creative AI"],"picked":"Echo Form","floor":16},{"not_picked":["Static Discharge","Coolheaded"],"picked":"Loop","floor":18},{"not_picked":["Streamline","Cold Snap"],"picked":"White Noise","floor":20},{"not_picked":["Creative AI","Stack+1","Reprogram+1"],"picked":"SKIP","floor":22}],"player_experience":113411,"relics_obtained":[{"floor":6,"key":"Art of War"},{"floor":9,"key":"Oddly Smooth Stone"},{"floor":12,"key":"Gremlin Horn"},{"floor":14,"key":"hubris:TenFootPole"}],"event_choices":[{"damage_healed":0,"gold_gain":0,"player_choice":"Got Potions","damage_taken":0,"max_hp_gain":0,"max_hp_loss":0,"event_name":"Lab","floor":4,"gold_loss":0},{"damage_healed":0,"gold_gain":0,"player_choice":"Ignored","damage_taken":0,"max_hp_gain":0,"max_hp_loss":0,"event_name":"N\u0027loth","floor":19,"gold_loss":0}],"is_beta":false,"boss_relics":[{"not_picked":["conspire:SlowCooker","conspire:RunicOctahedron"],"picked":"vexMod:FluxCapacitor"}],"items_purged_floors":[3,21],"is_endless":false,"potions_floor_spawned":[1,5,7,16,18,22],"killed_by":"Slavers","ascension_level":0}}