{"host":"6azrrw3tf7wb0f4b","time":1610432628,"event":{"mods":["BaseMod","DeckTracker","Minty Spire (QoL Compilation)","SuperFastMode"],"gold_per_floor":[114,37,112,112,122,122,153,153,153,170,170,170,185,216,216,216,216],"floor_reached":16,"playtime":244,"items_purged":[],"score":197,"play_id":"1a38fef5-4ef4-4072-9749-083955725641","local_time":"20210112152348","is_ascension_mode":true,"campfire_choices":[{"data":"Well Laid Plans","floor":6,"key":"SMITH"},{"data":"Dagger Throw","floor":11,"key":"SMITH"},{"floor":15,"key":"REST"}],"circlet_count":0,"master_deck":["AscendersBane","Strike_G","Strike_G","Strike_G","Strike_G","Strike_G","Defend_G","Defend_G","Defend_G","Defend_G","Defend_G","Survivor","Neutralize","Dagger Throw+1","Well Laid Plans+1","Underhanded Strike","Masterful Stab","Escape Plan"],"relics":["Ring of the Snake","NeowsBlessing","Paper Crane","Omamori","Blood Vial","Golden Idol","Odd Mushroom"],"acts_visited":["Exordium"],"potions_floor_usage":[14,16,16],"damage_taken":[{"damage":0,"enemies":"Jaw Worm","floor":1,"turns":1},{"damage":0,"enemies":"Small Slimes","floor":5,"turns":1},{"damage":0,"enemies":"Lagavulin","floor":7,"turns":1},{"damage":0,"enemies":"Cultist","floor":10,"turns":2},{"damage":9,"enemies":"Large Slime","floor":13,"turns":7},{"damage":11,"enemies":"The Mushroom Lair","floor":14,"turns":4},{"damage":9,"enemies":"Hexaghost","floor":16,"turns":7}],"seed_played":"-333579597008966832","potions_obtained":[{"floor":7,"key":"Dexterity Potion"},{"floor":8,"key":"GhostInAJar"},{"floor":14,"key":"EssenceOfSteel"}],"is_trial":false,"path_per_floor":["M","$","?","?","M","R","E","?","T","M","R","?","M","?","R","B"],"character_chosen":"THE_SILENT","items_purchased":["Well Laid Plans"],"campfire_rested":1,"item_purchase_floors":[2],"current_hp_per_floor":[63,63,52,27,27,27,27,27,27,29,29,29,22,13,32,25,25],"gold":216,"neow_bonus":"THREE_ENEMY_KILL","is_daily":false,"chose_seed":false,"campfire_upgraded":2,"win_rate":0.0,"timestamp":1610432628,"path_taken":["M","$","?","?","M","R","E","?","T","?","R","?","M","?","R","BOSS"],"items_purchased_type":["Card"],"build_version":"2020-12-22","purchased_purges":0,"victory":false,"max_hp_per_floor":[70,70,70,70,70,70,70,70,70,70,70,65,65,65,65,65,65],"card_choices":[{"not_picked":["Infinite Blades","Flying Knee"],"picked":"Dagger Throw","floor":1},{"not_picked":["Bouncing Flask","Dodge and Roll"],"picked":"Underhanded Strike","floor":5},{"not_picked":["Bane","PiercingWail"],"picked":"Masterful Stab","floor":7},{"not_picked":["Poisoned Stab","Slice","Riddle With Holes"],"picked":"SKIP","floor":10},{"not_picked":["Dagger Spray","Expertise","Sucker Punch"],"picked":"SKIP","floor":13},{"not_picked":["Expertise","Bane"],"picked":"Escape Plan","floor":14}],"player_experience":696943,"relics_obtained":[{"floor":7,"key":"Omamori"},{"floor":9,"key":"Blood Vial"},{"floor":14,"key":"Odd Mushroom"}],"event_choices":[{"damage_healed":0,"gold_gain":75,"player_choice":"Gather Gold","damage_taken":11,"max_hp_gain":0,"max_hp_loss":0,"event_name":"World of Goop","floor":3,"gold_loss":0},{"damage_healed":0,"gold_gain":0,"player_choice":"Success","damage_taken":25,"relics_obtained":["Paper Crane"],"max_hp_gain":0,"max_hp_loss":0,"event_name":"Scrap Ooze","floor":4,"gold_loss":0},{"damage_healed":0,"gold_gain":0,"player_choice":"Got Potions","damage_taken":0,"max_hp_gain":0,"max_hp_loss":0,"event_name":"Lab","floor":8,"gold_loss":0},{"damage_healed":0,"gold_gain":0,"player_choice":"Lose Max HP","damage_taken":0,"relics_obtained":["Golden Idol"],"max_hp_gain":0,"max_hp_loss":5,"event_name":"Golden Idol","floor":12,"gold_loss":0},{"damage_healed":0,"gold_gain":0,"player_choice":"Fought Mushrooms","damage_taken":0,"max_hp_gain":0,"max_hp_loss":0,"event_name":"Mushrooms","floor":14,"gold_loss":0}],"is_beta":false,"boss_relics":[],"items_purged_floors":[],"is_endless":false,"potions_floor_spawned":[7,10,13,14],"killed_by":"Hexaghost","ascension_level":12}}