{"host":"amu9ywnm0ttsp1dk","time":1610454034,"event":{"mods":["Act Like it!","Arknights The Spire","BaseMod","ChefMod","Chen","Downfall","Gensokyo","Marisa£®ÏF”Í°°ƒß¿Ì…≥£©","Minty Spire (QoL Compilation)","Rare Cards Sparkle","Reimu£®≤©¿ˆ¡È√Œ£©","Robot Space Explorer","StSLib","The Edgeheg","The Marked","Yakumo Yukari mod","Youmu£®ªÍ∆«—˝√Œ£©"],"gold_per_floor":[117,135,95,111,128,159,159,169,169,169,169,184,184,284,284,383,383,401,401,401,419,289,318,318,318],"floor_reached":24,"playtime":2269,"items_purged":[],"score":216,"play_id":"d781cbef-9863-4e51-988f-7564d8742ef9","local_time":"20210112202034","is_ascension_mode":false,"campfire_choices":[{"data":"ats:Emotion Absorption","floor":10,"key":"SMITH"},{"data":"ats:Revitalization","floor":15,"key":"SMITH"}],"circlet_count":0,"master_deck":["ats:Strike C","ats:Strike G","ats:Strike S","ats:Strike V","ats:Armor Crushing Shot","ats:Defend","ats:Defend","ats:Defend","ats:Emotion Absorption+1","ats:Demon Strength","ats:Poison Spread","ats:Curse Doll","ats:Nebulous Foxfire","ats:Neurotoxin","ats:Burning Ground","ats:Apocalypse","ats:Revitalization+1","ats:Disruption Kick","ats:Burning Ground","ats:Very Hot Blade","Gensokyo:Shovel","Gensokyo:BlemishedSteel"],"relics":["ats:Sanity","NeowsBlessing","ats:Originium","Potion Belt","Tiny Chest","WingedGreaves","Sozu","Gensokyo:DirgeOfMelancholy","ats:Ability Aura"],"acts_visited":["Exordium","Exordium"],"potions_floor_usage":[6,6,16,23],"damage_taken":[{"damage":0,"enemies":"Jaw Worm","floor":1,"turns":1},{"damage":0,"enemies":"Cultist","floor":2,"turns":1},{"damage":0,"enemies":"Small Slimes","floor":4,"turns":1},{"damage":11,"enemies":"Blue Slaver","floor":5,"turns":4},{"damage":18,"enemies":"Lagavulin","floor":6,"turns":5},{"damage":12,"enemies":"3 Louse","floor":8,"turns":3},{"damage":37,"enemies":"Exordium Thugs","floor":12,"turns":9},{"damage":89,"enemies":"The Guardian","floor":16,"turns":15},{"damage":35,"enemies":"Gensokyo:2_Gloops","floor":18,"turns":5},{"damage":21,"enemies":"Gensokyo:CosmicMonolith","floor":21,"turns":7},{"damage":98,"enemies":"Gensokyo:Koishi","floor":23,"turns":11},{"damage":21,"enemies":"Gensokyo:Swordslinger","floor":24,"turns":1}],"seed_played":"-692576414154203075","potions_obtained":[{"floor":3,"key":"BlessingOfTheForge"},{"floor":3,"key":"FearPotion"},{"floor":3,"key":"FairyPotion"},{"floor":8,"key":"LiquidMemories"},{"floor":16,"key":"Block Potion"}],"is_trial":false,"path_per_floor":["M","M","?","M","M","E","?","M","T","R","?","M","T","?","R","B",null,"M","T","?","M","COS","E","M"],"character_chosen":"DOCTOR_CLASS","items_purchased":[],"campfire_rested":0,"item_purchase_floors":[],"current_hp_per_floor":[72,72,72,72,61,46,46,34,34,34,34,14,14,14,14,60,72,49,49,49,52,52,4,0,0],"gold":318,"neow_bonus":"THREE_ENEMY_KILL","is_daily":false,"chose_seed":false,"campfire_upgraded":2,"win_rate":0.0,"timestamp":1610454034,"path_taken":["M","M","?","?","M","E","?","M","T","R","?","M","?","?","R","BOSS","M","?","?","M","COS","E","?"],"items_purchased_type":[],"build_version":"2020-12-22","purchased_purges":0,"victory":false,"max_hp_per_floor":[72,72,72,72,72,72,72,72,72,72,72,72,72,72,72,72,72,72,72,72,72,72,72,72,72],"card_choices":[{"not_picked":["ats:Flexible Camouflage","ats:Childhood Dance"],"picked":"ats:Demon Strength","floor":1},{"not_picked":["ats:Childhood Dance","ats:Flexible Camouflage"],"picked":"ats:Poison Spread","floor":2},{"not_picked":["ats:Blood Oath","ats:Flexible Camouflage"],"picked":"ats:Curse Doll","floor":4},{"not_picked":["ats:Spore Proliferation","ats:Consecutive Shot Auto"],"picked":"ats:Nebulous Foxfire","floor":5},{"not_picked":["ats:Automatic Cover","ats:Ignite"],"picked":"ats:Neurotoxin","floor":6},{"not_picked":["ats:Ignite","ats:Cat Scratch"],"picked":"ats:Apocalypse","floor":8},{"not_picked":["ats:Cat Scratch","ats:Apocalypse"],"picked":"ats:Revitalization","floor":12},{"not_picked":["ats:Durian","ats:Wolf Pack"],"picked":"ats:Disruption Kick","floor":16},{"not_picked":["ats:Powerful Strike+1","ats:Spore Proliferation"],"picked":"ats:Burning Ground","floor":18},{"not_picked":["ats:Magnetic Hammer","ats:Overload+1"],"picked":"ats:Very Hot Blade","floor":21},{"not_picked":["ats:Rapid Magazine","ats:Demon Strength","ats:Song Of Battle"],"picked":"SKIP","floor":23}],"player_experience":1580145,"relics_obtained":[{"floor":6,"key":"ats:Originium"},{"floor":6,"key":"Potion Belt"},{"floor":9,"key":"Tiny Chest"},{"floor":13,"key":"WingedGreaves"},{"floor":23,"key":"ats:Originium"},{"floor":23,"key":"ats:Ability Aura"}],"event_choices":[{"damage_healed":0,"gold_gain":0,"player_choice":"Bought 3 Potions","damage_taken":0,"max_hp_gain":0,"max_hp_loss":0,"event_name":"The Woman in Blue","floor":3,"gold_loss":0},{"damage_healed":0,"gold_gain":0,"cards_transformed":["ats:Defend"],"player_choice":"Change","damage_taken":0,"max_hp_gain":0,"max_hp_loss":0,"event_name":"Living Wall","floor":7,"gold_loss":0,"cards_obtained":["ats:Burning Ground"]},{"damage_healed":0,"gold_gain":0,"player_choice":"Ignored","damage_taken":0,"max_hp_gain":0,"max_hp_loss":0,"event_name":"Liars Game","floor":11,"gold_loss":0},{"damage_healed":0,"gold_gain":100,"player_choice":"Pray","damage_taken":0,"max_hp_gain":0,"max_hp_loss":0,"event_name":"Golden Shrine","floor":14,"gold_loss":0}],"is_beta":false,"boss_relics":[{"not_picked":["Cursed Key","Empty Cage"],"picked":"Sozu"}],"items_purged_floors":[],"is_endless":false,"potions_floor_spawned":[4,8,16],"killed_by":"Gensokyo:Swordslinger","ascension_level":0}}