{"host":"4ftwfwncs88tvnc0","time":1610495923,"event":{"mods":["AchievementEnabler","Arknights The Spire","Aspiration","BaseMod","Beaked The Cultist","Bestiary","Better Altar","Better Match","Better Note","Better Sensory Stone","Better Skull","Better Third Choice","Clawfect","Colored Map","Conspire","Downfall","GifTheSpireLib","Halation","Hubris","Infinite Spire","Mad Scientist","Mimic Mod","Minty Spire (QoL Compilation)","Replay The Spire","Shade Mod","Shop Mod","Spicy Shops","StSLib","Stuff the Spire","The Construct","The Cursed","The Disciple","The Necromancer","The Servant 0.9.4"],"gold_per_floor":[114,159,13,13,27,27,46,74,156,156,173,183,210,229,229,229,229],"floor_reached":16,"language":"ENG","playtime":596,"items_purged":["Defend_B"],"score":162,"play_id":"e8954e97-05b7-4d54-86e4-cc2a9ce31956","local_time":"20210112235843","is_ascension_mode":false,"campfire_choices":[{"data":"Gash","floor":6,"key":"SMITH"},{"floor":10,"key":"REST"},{"floor":15,"key":"REST"}],"circlet_count":0,"master_deck":["Gash+1","Gash","Gash","Gash","Gash","Defend_B","Defend_B","Defend_B","Defend_B","FTL","Injury","Gash","Stack+1","StuffTheSpire:Rend+1","Clawfect:ClawAndTear","Clawfect:ClawCell","Clawfect:Clawrage","Clawfect:ScrapingClaw"],"relics":["Clawfect:DRClaw","StuffTheSpire:GrapeVine","Toxic Egg 2","Oddly Smooth Stone","aspiration:EnhancedActuators"],"acts_visited":["Exordium"],"potions_floor_usage":[13,16,16,16],"damage_taken":[{"damage":5,"enemies":"Jaw Worm","floor":1,"turns":4},{"damage":2,"enemies":"Small Slimes","floor":5,"turns":4},{"damage":0,"enemies":"Cultist","floor":7,"turns":4},{"damage":28,"enemies":"Gremlin Nob","floor":8,"turns":4},{"damage":12,"enemies":"Exordium Thugs","floor":11,"turns":4},{"damage":1,"enemies":"Red Slaver","floor":12,"turns":4},{"damage":0,"enemies":"Lagavulin","floor":13,"turns":4},{"damage":15,"enemies":"Exordium Wildlife","floor":14,"turns":4},{"damage":35,"enemies":"The Guardian","floor":16,"turns":4}],"seed_played":"8443826751869353953","potions_obtained":[{"floor":2,"key":"Milkshake"},{"floor":2,"key":"FocusPotion"},{"floor":2,"key":"Ancient Potion"},{"floor":12,"key":"Languid Potion"},{"floor":13,"key":"Venom Potion"}],"is_trial":false,"path_per_floor":["M","?","$","?","M","R","M","E","T","R","M","M","E","M","R","B"],"character_chosen":"DEFECT","items_purchased":["StuffTheSpire:GrapeVine"],"campfire_rested":2,"item_purchase_floors":[3],"current_hp_per_floor":[77,45,45,45,43,43,43,15,15,39,27,26,26,11,35,0,0],"gold":229,"neow_bonus":"TEN_PERCENT_HP_BONUS","is_daily":false,"chose_seed":false,"campfire_upgraded":1,"win_rate":0.0,"timestamp":1610495923,"path_taken":["M","?","$","?","M","R","M","E","T","R","M","M","E","M","R","BOSS"],"items_purchased_type":["Relic"],"build_version":"2020-12-22","purchased_purges":1,"victory":false,"max_hp_per_floor":[82,82,82,82,82,82,82,82,82,82,82,82,82,82,82,82,82],"card_choices":[{"not_picked":["Hello World","Stack"],"picked":"FTL","floor":1},{"not_picked":["Coolheaded+1","Glacier+1"],"picked":"Gash","floor":5},{"not_picked":["StuffTheSpire:Plugnplay+1","StuffTheSpire:CleanHardDrive+1"],"picked":"Stack+1","floor":7},{"not_picked":["Clawfect:ClawSnap","StuffTheSpire:LoadUp+1"],"picked":"StuffTheSpire:Rend+1","floor":8},{"not_picked":["Clawfect:Clawline","Genetic Algorithm+1"],"picked":"Clawfect:ClawAndTear","floor":11},{"not_picked":["Electrodynamics","Turbo+1"],"picked":"Clawfect:ClawCell","floor":12},{"not_picked":["hubris:PowerSurge","Leap+1"],"picked":"Clawfect:Clawrage","floor":13},{"not_picked":["FTL","Leap+1"],"picked":"Clawfect:ScrapingClaw","floor":14}],"player_experience":125249,"relics_obtained":[{"floor":8,"key":"Oddly Smooth Stone"},{"floor":13,"key":"aspiration:EnhancedActuators"}],"event_choices":[],"is_beta":false,"boss_relics":[],"items_purged_floors":[3],"is_endless":false,"potions_floor_spawned":[5,8,12,13],"killed_by":"The Guardian","ascension_level":0}}