{"host":"lzzv50t0ea3gz1kk","time":1610446556,"event":{"mods":["Act Like it!","BaseMod","Downfall","Gensokyo","Hallownest","Hermit","Marisa£®ÏF”Í°°ƒß¿Ì…≥£©","Minty Spire (QoL Compilation)","Replay The Spire","StSLib","The Animator","The Bug Knight","The Marked"],"gold_per_floor":[119,129,129,59,59,59,59,59,59,73,3,3,3,3,3,100,100,116,0,10,10,10,26,44,44,44,44,44,44,14,28,28,28,28],"floor_reached":33,"playtime":3346,"items_purged":[],"score":233,"play_id":"209d5ac2-ed67-42db-9ee6-624cce4b19a7","local_time":"20210112181556","is_ascension_mode":false,"campfire_choices":[{"data":"HollowMod:SoulSplash","floor":6,"key":"SMITH"},{"data":"HollowMod:theNailsmith","floor":12,"key":"SMITH"},{"data":"HollowMod:DesolateDive","floor":15,"key":"SMITH"},{"floor":25,"key":"REST"},{"data":"HollowMod:Weaversong","floor":27,"key":"SMITH"},{"data":"HollowMod:NailStrikeStart","floor":29,"key":"SMITH"},{"floor":32,"key":"REST"}],"circlet_count":0,"master_deck":["HollowMod:NailStrikeStart+1","HollowMod:NailStrikeStart+1","HollowMod:NailStrikeStart+1","HollowMod:NailStrikeStart","HollowMod:QuickDashStart","HollowMod:QuickDashStart+1","HollowMod:QuickDashStart","HollowMod:PogoStrike","HollowMod:SoulSplash+1","HollowMod:FastStrike+1","HollowMod:DesolateDive+1","HollowMod:theNailsmith+1","HollowMod:Weaversong+1","HollowMod:CycloneSlash+1","Gensokyo:TarnishedGold"],"relics":["HollowMod:VesselMask","MealTicket","Oddly Smooth Stone","SlaversCollar","Gensokyo:MosesMiracle","WingedGreaves","Prayer Wheel"],"acts_visited":["Gensokyo:Gensokyo","Gensokyo:Gensokyoer"],"potions_floor_usage":[23,24,33],"damage_taken":[{"damage":2,"enemies":"Gensokyo:3_Fairies","floor":1,"turns":5},{"damage":7,"enemies":"Gensokyo:Gryphon","floor":2,"turns":3},{"damage":0,"enemies":"Gensokyo:Python","floor":7,"turns":2},{"damage":2,"enemies":"Gensokyo:5_Fairies","floor":10,"turns":3},{"damage":39,"enemies":"Gensokyo:Kokoro","floor":16,"turns":7},{"damage":0,"enemies":"Gensokyo:2_Gloops","floor":18,"turns":3},{"damage":0,"enemies":"Gensokyo:Chomper","floor":20,"turns":3},{"damage":12,"enemies":"Gensokyo:Mirror_and_Dog","floor":23,"turns":2},{"damage":16,"enemies":"Gensokyo:Swordslinger","floor":24,"turns":3},{"damage":38,"enemies":"Gensokyo:Slime_Group","floor":31,"turns":3},{"damage":74,"enemies":"Gensokyo:Eternal_Rivals","floor":33,"turns":5}],"seed_played":"-1966485823069203013","potions_obtained":[{"floor":2,"key":"Death Potion"},{"floor":10,"key":"Swift Potion"},{"floor":16,"key":"hexamod:EctoCoolerPotion"}],"is_trial":false,"path_per_floor":["M","M","$","?","?","R","M","?","T","M","?","R","?","COS","R","B",null,"M","?","M","?","?","M","M","R","T","R","?","R","COS","M","R","B"],"character_chosen":"THE_BUGKNIGHT","items_purchased":[],"campfire_rested":2,"item_purchase_floors":[],"current_hp_per_floor":[80,73,73,73,73,73,73,73,73,71,71,71,71,71,71,32,82,82,82,82,82,82,70,54,78,78,78,76,76,76,38,60,0,0],"gold":28,"neow_bonus":"TEN_PERCENT_HP_BONUS","is_daily":false,"chose_seed":false,"campfire_upgraded":5,"win_rate":0.0,"timestamp":1610446556,"path_taken":["M","M","$","?","?","R","M","?","T","?","?","R","?","COS","R","BOSS","M","?","M","?","?","?","M","R","T","R","?","R","COS","?","R","BOSS"],"items_purchased_type":[],"build_version":"2020-12-22","purchased_purges":0,"victory":false,"max_hp_per_floor":[82,82,82,82,82,82,82,82,82,82,82,82,82,82,82,82,82,82,82,82,82,82,82,82,82,82,82,76,76,76,76,76,76,76],"card_choices":[{"not_picked":["HollowMod:HowlingWraiths","HollowMod:TaintedHusks"],"picked":"HollowMod:SoulSplash","floor":1},{"not_picked":["HollowMod:LifebloodCocoon","HollowMod:CornifersMapStart"],"picked":"HollowMod:FastStrike","floor":2},{"not_picked":["HollowMod:CornifersMapStart","HollowMod:LifebloodCocoon"],"picked":"HollowMod:DesolateDive","floor":7},{"not_picked":["HollowMod:NewLittleFool","HollowMod:CornifersMapStart"],"picked":"HollowMod:theNailsmith","floor":8},{"not_picked":["HollowMod:MawleksShell","HollowMod:SharpenedShadows","HollowMod:SiblingsSouls"],"picked":"SKIP","floor":10},{"not_picked":["HollowMod:HornetsHelp","HollowMod:NewInfectedGuardian"],"picked":"HollowMod:Weaversong","floor":16},{"not_picked":["HollowMod:CornifersMapStart","HollowMod:ShadowDash","HollowMod:NewJinnsSoul"],"picked":"SKIP","floor":18},{"not_picked":["HollowMod:BrokenVessel","HollowMod:ChannelNail"],"picked":"HollowMod:CycloneSlash+1","floor":20},{"not_picked":["HollowMod:NewJinnsSoul","HollowMod:MidwifesHunger","HollowMod:CycloneSlash"],"picked":"SKIP","floor":23},{"not_picked":["HollowMod:MothsMistake","HollowMod:VengefulVoid","HollowMod:DreamGate"],"picked":"SKIP","floor":24},{"not_picked":["HollowMod:DashSlash","HollowMod:InfectionAssault","HollowMod:DreamGate"],"picked":"SKIP","floor":31},{"not_picked":["HollowMod:InfectionAssault","HollowMod:NewJinnsSoul","HollowMod:SoulVessel"],"picked":"SKIP","floor":31}],"player_experience":384932,"relics_obtained":[{"floor":9,"key":"MealTicket"},{"floor":26,"key":"WingedGreaves"},{"floor":31,"key":"Gensokyo:MosesMiracle"}],"event_choices":[],"is_beta":false,"boss_relics":[{"not_picked":["Painkiller Herb","SacredBark"],"picked":"SlaversCollar"}],"items_purged_floors":[],"is_endless":false,"potions_floor_spawned":[2,10,16,18],"killed_by":"Gensokyo:Eternal_Rivals","ascension_level":0}}