{"host":"zghbuvjjzzk6yre0","time":1610454433,"event":{"mods":["2.2 Compatiblity","AchievementEnabler","Act Like it!","Aspiration","BaseMod","Bestiary","Card Forge","ChefMod","Colored Powertips","Conspire","Curses Come First","Custom Start","Halation","Hubris","Minty Spire (QoL Compilation)","Q\u0027s Relics","Quick Restart","Railgun Mod","Reorder Act Four","Replay The Spire","StSLib","Strawberry Spire","Synergy Search","vexMod"],"gold_per_floor":[111,125,140,140,153,163,181,181,181,35,47,67,67,86,86,190,190,205,205,215,233,247,279,279,308,308,222,222,222,222],"floor_reached":29,"playtime":4751,"items_purged":[],"score":261,"play_id":"d4ecbd50-1cd5-4022-9f9a-04d014ba67f7","local_time":"20210112132713","is_ascension_mode":false,"campfire_choices":[{"floor":8,"key":"RECALL"},{"floor":13,"key":"REST"},{"floor":15,"key":"REST"},{"floor":24,"key":"REST"}],"circlet_count":0,"master_deck":["TheRailgun:Strike","TheRailgun:Strike","TheRailgun:Strike","TheRailgun:Strike","TheRailgun:Defend","TheRailgun:Defend","TheRailgun:Defend","TheRailgun:Defend+1","TheRailgun:Discharge","TheRailgun:Static","TheRailgun:Zip","TheRailgun:Token_Collection","TheRailgun:Lightning_Speed","TheRailgun:Zap","TheRailgun:Level_6","TheRailgun:Negative_Field","TheRailgun:Battery_Pack","TheRailgun:Electric_Fence","TheRailgun:Lightningbolt","TheRailgun:Crack","TheRailgun:Zip","TheRailgun:Level_6","TheRailgun:Zip+1","RitualDagger+1","TheRailgun:Electric_Fence+1","TheRailgun:Magnetic_Movement+1","TheRailgun:Zap+1","TheRailgun:Heroinism+1","TheRailgun:Zap+1","Bandage Up+1"],"relics":["TheRailgun:CoinRelic","Hammer of Thor","Seething Fire","Anvil of the Gods","vexMod:TimeEaterHat","QRelics:DragonEgg","Juzu Bracelet","Calipers","conspire:BottledYoYo","Ring of Hypnosis","Ring of Misfortune"],"acts_visited":["Exordium","TheCity"],"potions_floor_usage":[20,21,23],"damage_taken":[{"damage":1,"enemies":"2 Louse","floor":1,"turns":3},{"damage":6,"enemies":"Cultist","floor":2,"turns":3},{"damage":1,"enemies":"Small Slimes","floor":3,"turns":2},{"damage":0,"enemies":"2 Fungi Beasts","floor":5,"turns":2},{"damage":9,"enemies":"Exordium Wildlife","floor":6,"turns":3},{"damage":20,"enemies":"Exordium Thugs","floor":7,"turns":2},{"damage":7,"enemies":"Looter","floor":11,"turns":3},{"damage":2,"enemies":"conspire:2 RoseBushes","floor":12,"turns":3},{"damage":2,"enemies":"Exordium Thugs","floor":14,"turns":4},{"damage":42,"enemies":"The Guardian","floor":16,"turns":9},{"damage":20,"enemies":"Shell Parasite","floor":18,"turns":4},{"damage":16,"enemies":"2 Thieves","floor":20,"turns":4},{"damage":4,"enemies":"Snecko","floor":21,"turns":5},{"damage":24,"enemies":"Centurion and Healer","floor":22,"turns":8},{"damage":2,"enemies":"Replay:Snechameleon","floor":23,"turns":4},{"damage":44,"enemies":"conspire:SneckoGhost","floor":25,"turns":9},{"damage":23,"enemies":"Chosen and Byrds","floor":29,"turns":4}],"seed_played":"-2607259284899871542","potions_obtained":[{"floor":1,"key":"Block Potion"},{"floor":7,"key":"AttackPotion"},{"floor":11,"key":"FairyPotion"},{"floor":12,"key":"Strength Potion"},{"floor":20,"key":"LifebloodPotion"},{"floor":22,"key":"Block Potion"}],"is_trial":false,"path_per_floor":["M","M","M","?","M","M","M","R","T","$","M","M","R","M","R","B",null,"M","?","M","M","M","E","R","E","T","$","?","M"],"character_chosen":"THE_DEFAULT","items_purchased":["vexMod:TimeEaterHat","Bandage Up"],"campfire_rested":3,"item_purchase_floors":[10,27],"current_hp_per_floor":[76,70,69,69,69,60,40,40,40,40,33,31,54,52,75,33,77,57,51,35,31,7,5,28,20,20,20,20,0,0],"gold":222,"neow_bonus":"TEN_PERCENT_HP_BONUS","is_daily":false,"chose_seed":false,"campfire_upgraded":0,"win_rate":0.0,"timestamp":1610454433,"path_taken":["M","M","M","?","M","?","?","R","T","?","M","M","R","M","R","BOSS","M","?","M","M","M","E","R","E","T","$","?","M"],"items_purchased_type":["Relic","Card"],"build_version":"2020-12-22","purchased_purges":0,"victory":false,"max_hp_per_floor":[77,77,77,77,77,77,77,77,77,77,77,77,77,77,77,77,77,77,77,77,77,77,77,77,77,77,77,77,77,77],"card_choices":[{"not_picked":["TheRailgun:Iron_Dust_Vial","TheRailgun:Thunderjolt"],"picked":"TheRailgun:Token_Collection","floor":1},{"not_picked":["TheRailgun:Heroinism","TheRailgun:Zap"],"picked":"TheRailgun:Lightning_Speed","floor":2},{"not_picked":["TheRailgun:Circuit_Breaker","TheRailgun:Gekotamania"],"picked":"TheRailgun:Zap","floor":3},{"not_picked":["TheRailgun:Mental_Out","TheRailgun:Coin_Flip"],"picked":"TheRailgun:Negative_Field","floor":5},{"not_picked":["TheRailgun:Pull","TheRailgun:Push"],"picked":"TheRailgun:Battery_Pack","floor":6},{"not_picked":["TheRailgun:Thundershock","TheRailgun:Overload"],"picked":"TheRailgun:Electric_Fence","floor":7},{"not_picked":["TheRailgun:Electrical_Storm","TheRailgun:Sister_Network"],"picked":"TheRailgun:Lightningbolt","floor":11},{"not_picked":["TheRailgun:Push","TheRailgun:Pull"],"picked":"TheRailgun:Crack","floor":12},{"not_picked":["TheRailgun:Gekotamania","TheRailgun:Thunderjolt"],"picked":"TheRailgun:Zip","floor":14},{"not_picked":["TheRailgun:Thundervolt","TheRailgun:Rewiring"],"picked":"TheRailgun:Level_6","floor":16},{"not_picked":["TheRailgun:Coin_Flip","TheRailgun:Sister_Network+1"],"picked":"TheRailgun:Zip","floor":18},{"not_picked":["TheRailgun:Circuit_Breaker+1","TheRailgun:Lightningbolt"],"picked":"TheRailgun:Electric_Fence","floor":20},{"not_picked":["TheRailgun:Positive_Field","TheRailgun:Static+1"],"picked":"TheRailgun:Magnetic_Movement","floor":21},{"not_picked":["TheRailgun:Discharge","TheRailgun:Circuit_Breaker"],"picked":"TheRailgun:Zap+1","floor":22},{"not_picked":["TheRailgun:Lightningbolt","TheRailgun:Oneesama"],"picked":"TheRailgun:Heroinism","floor":23},{"not_picked":["TheRailgun:Gekota_Phone+1","TheRailgun:Thundervolt"],"picked":"TheRailgun:Zap+1","floor":25}],"player_experience":208628,"relics_obtained":[{"floor":23,"key":"Juzu Bracelet"},{"floor":25,"key":"Calipers"},{"floor":26,"key":"conspire:BottledYoYo"},{"floor":28,"key":"Ring of Hypnosis"},{"floor":28,"key":"Ring of Misfortune"}],"event_choices":[{"damage_healed":0,"gold_gain":0,"player_choice":"1 cards matched","damage_taken":0,"max_hp_gain":0,"max_hp_loss":0,"event_name":"Match and Keep!","floor":4,"gold_loss":0,"cards_obtained":["TheRailgun:Level_6"]},{"damage_healed":0,"gold_gain":0,"player_choice":"Joined the Cult","damage_taken":6,"max_hp_gain":0,"max_hp_loss":0,"event_name":"Nest","floor":19,"gold_loss":0,"cards_obtained":["RitualDagger"]}],"is_beta":false,"boss_relics":[{"not_picked":["vexMod:RockOfEvil","aspiration:IroncladSkillbook"],"picked":"QRelics:DragonEgg"}],"items_purged_floors":[],"is_endless":false,"potions_floor_spawned":[1,7,11,12,20,22],"killed_by":"Chosen and Byrds","ascension_level":0}}