{"host":"64h6jdpsiwrne03s","time":1610445648,"event":{"mods":["Act Like it!","BaseMod","Bestiary","Colored Powertips","Gensokyo","Marisa£®ÏF”Í°°ƒß¿Ì…≥£©","Minty Spire (QoL Compilation)","Reimu£®≤©¿ˆ¡È√Œ£©","Remilia£®¿Ÿ√◊¿Ú—«£©","StSLib","The Servant 0.9.4","Youmu£®ªÍ∆«—˝√Œ£©"],"gold_per_floor":[116,216,141,141,141,172,184,184,184,184,214,234,75,91,91,169,169,169],"floor_reached":17,"playtime":606,"items_purged":["Strike_Lin:ReiMu","Strike_Lin:ReiMu"],"score":387,"play_id":"737c7937-3a4b-4636-9d62-6d96f8acf548","local_time":"20210112180048","is_ascension_mode":true,"campfire_choices":[{"data":"TightArray:ReiMu","floor":8,"key":"SMITH"},{"data":"SubAcupoint:ReiMu","floor":10,"key":"SMITH"},{"data":"TightArray:ReiMu","floor":15,"key":"SMITH"}],"circlet_count":0,"master_deck":["AscendersBane","Strike_Lin:ReiMu","Strike_Lin:ReiMu","Defend_Lin:ReiMu","Defend_Lin:ReiMu","Defend_Lin:ReiMu","Defend_Lin:ReiMu","NB:ReiMu","Stagnation:ReiMu","SubAcupoint:ReiMu+1","Clumsy","TightArray:ReiMu+1","RainPray2:ReiMu","TightArray:ReiMu+1","SubcavityFantasy:ReiMu"],"relics":["FlyPower:ReiMu","NeowsBlessing","Gensokyo:NagashiBinaDoll","Vajra","Bird Faced Urn","Runic Pyramid"],"acts_visited":["Gensokyo:Gensokyo","Gensokyo:Gensokyoer"],"potions_floor_usage":[],"damage_taken":[{"damage":0,"enemies":"Gensokyo:2_Kodama","floor":1,"turns":1},{"damage":0,"enemies":"Gensokyo:Cirno","floor":6,"turns":2},{"damage":0,"enemies":"Gensokyo:3_Fairies","floor":7,"turns":2},{"damage":0,"enemies":"Gensokyo:Aya","floor":11,"turns":6},{"damage":7,"enemies":"Gensokyo:Python","floor":12,"turns":4},{"damage":0,"enemies":"Gensokyo:Gryphon_and_Rabbit","floor":14,"turns":6},{"damage":11,"enemies":"Gensokyo:Reimu","floor":16,"turns":8}],"seed_played":"7354601228694998459","potions_obtained":[{"floor":6,"key":"LiquidMemories"},{"floor":11,"key":"LiquidMemories"},{"floor":12,"key":"SneckoOil"}],"is_trial":false,"path_per_floor":["M","?","$","?","?","E","M","R","T","R","E","M","$","M","R","B",null],"character_chosen":"REIMU","items_purchased":["TightArray:ReiMu"],"campfire_rested":0,"item_purchase_floors":[13],"current_hp_per_floor":[54,54,54,54,54,54,54,54,54,54,54,47,47,47,47,36,54,54],"gold":169,"neow_bonus":"THREE_ENEMY_KILL","is_daily":false,"chose_seed":false,"campfire_upgraded":3,"win_rate":0.0,"timestamp":1610445648,"path_taken":["M","?","$","?","?","E","M","R","T","R","E","M","$","M","R","BOSS"],"items_purchased_type":["Card"],"build_version":"2020-12-22","purchased_purges":2,"victory":false,"max_hp_per_floor":[60,60,60,60,60,60,60,60,60,60,60,60,60,60,60,60,60,60],"card_choices":[{"not_picked":["MountainWay:ReiMu","SpreadBorder2:ReiMu"],"picked":"SubAcupoint:ReiMu","floor":1},{"not_picked":["Authority:ReiMu","FineLineFantasy:ReiMu"],"picked":"TightArray:ReiMu","floor":6},{"not_picked":["PayForSelf:ReiMu","Dreaming2:ReiMu","EmergencyTakeOff:ReiMu"],"picked":"SKIP","floor":7},{"not_picked":["Conquer:ReiMu","SpringWay:ReiMu","OrbThrow:ReiMu"],"picked":"SKIP","floor":11},{"not_picked":["Amulet:ReiMu","SpreadBorder2:ReiMu"],"picked":"RainPray2:ReiMu","floor":12},{"not_picked":["SafetyPray:ReiMu","Conquer:ReiMu","Meditation:ReiMu"],"picked":"SKIP","floor":14},{"not_picked":["Shading:ReiMu","YinYang:ReiMu"],"picked":"SubcavityFantasy:ReiMu","floor":16}],"player_experience":408345,"relics_obtained":[{"floor":6,"key":"Vajra"},{"floor":11,"key":"Bird Faced Urn"}],"event_choices":[],"is_beta":false,"boss_relics":[{"not_picked":["Philosopher\u0027s Stone","Sozu"],"picked":"Runic Pyramid"}],"items_purged_floors":[3,13],"is_endless":false,"potions_floor_spawned":[6,11,12],"ascension_level":18}}