{"host":"3l94tha3a4jgu0q4","time":1610431836,"event":{"mods":["2.2 Compatiblity","AchievementEnabler","BaseMod","Colored Map","Colored Powertips","Highlight Path","Minty Spire (QoL Compilation)","Permanent Neow","StSLib","SuperFastMode","The IronCluck","slay the spire mod where everything is the same but ironclad has a cowboy hat"],"gold_per_floor":[110,110,127,127,145,175,175,175,221,221,234,262,282,294,294,365,365,384,399,349,368,293,318,318,318,343,368,368,379,407,55,55,129,129,142,142,142,42,58,58,83,102,102,102,122,151,171,199,199,199,199],"floor_reached":50,"playtime":5280,"items_purged":["Strike_P","Defend_P"],"score":1148,"play_id":"0a027cde-b895-4399-b542-e69a6828b021","local_time":"20210111221036","is_ascension_mode":true,"campfire_choices":[{"data":"Eruption","floor":8.0,"key":"SMITH"},{"data":"EmptyFist","floor":10.0,"key":"SMITH"},{"floor":15.0,"key":"REST"},{"floor":25.0,"key":"REST"},{"data":"Vault","floor":28.0,"key":"SMITH"},{"floor":32.0,"key":"REST"},{"floor":40.0,"key":"REST"},{"data":"Vault","floor":44.0,"key":"SMITH"},{"floor":49,"key":"REST"}],"circlet_count":0,"master_deck":["AscendersBane","Defend_P","Defend_P","Eruption+1","Vigilance","FollowUp","FlurryOfBlows","EmptyFist+1","DeusExMachina","EmptyBody","Crescendo","Adaptation","Evaluate","Vault+1","FlurryOfBlows+1","Evaluate","Meditate","Indignation","TalkToTheHand","Vault+1","Consecrate","Halt+1","WheelKick+1","Halt","Crescendo"],"relics":["Runic Pyramid","Ancient Tea Set","Blood Vial","Regal Pillow","Busted Crown","Bag of Marbles","Nilry\u0027s Codex","Orichalcum","Question Card","Darkstone Periapt","Singing Bowl","Philosopher\u0027s Stone","Bottled Flame","Whetstone","Sundial","Anchor"],"acts_visited":["Exordium","TheCity","TheBeyond"],"potions_floor_usage":[50],"damage_taken":[{"damage":2.0,"enemies":"Jaw Worm","floor":1.0,"turns":3.0},{"damage":0.0,"enemies":"Cultist","floor":3.0,"turns":3.0},{"damage":2.0,"enemies":"2 Louse","floor":5.0,"turns":2.0},{"damage":32.0,"enemies":"3 Sentries","floor":6.0,"turns":9.0},{"damage":0.0,"enemies":"Exordium Thugs","floor":11.0,"turns":2.0},{"damage":0.0,"enemies":"Lagavulin","floor":12.0,"turns":5.0},{"damage":8.0,"enemies":"3 Louse","floor":13.0,"turns":3.0},{"damage":6.0,"enemies":"Lots of Slimes","floor":14.0,"turns":4.0},{"damage":34.0,"enemies":"Slime Boss","floor":16.0,"turns":9.0},{"damage":0.0,"enemies":"Chosen","floor":18.0,"turns":4.0},{"damage":0.0,"enemies":"3 Byrds","floor":19.0,"turns":6.0},{"damage":14.0,"enemies":"Snake Plant","floor":21.0,"turns":4.0},{"damage":7.0,"enemies":"Gremlin Leader","floor":23.0,"turns":5.0},{"damage":20.0,"enemies":"Slavers","floor":27.0,"turns":5.0},{"damage":21.0,"enemies":"Snecko","floor":29.0,"turns":5.0},{"damage":19.0,"enemies":"Gremlin Leader","floor":30.0,"turns":8.0},{"damage":58.0,"enemies":"Automaton","floor":33.0,"turns":12.0},{"damage":11.0,"enemies":"Orb Walker","floor":35.0,"turns":5.0},{"damage":39.0,"enemies":"3 Darklings","floor":39.0,"turns":6.0},{"damage":0.0,"enemies":"Giant Head","floor":41.0,"turns":7.0},{"damage":4.0,"enemies":"Sphere and 2 Shapes","floor":42.0,"turns":8.0},{"damage":14.0,"enemies":"Spire Growth","floor":45.0,"turns":6.0},{"damage":7.0,"enemies":"Reptomancer","floor":46.0,"turns":5.0},{"damage":16.0,"enemies":"Transient","floor":47.0,"turns":7.0},{"damage":0.0,"enemies":"Giant Head","floor":48.0,"turns":10.0},{"damage":75,"enemies":"Donu and Deca","floor":50,"turns":9}],"seed_played":"7506739509940327233","potions_obtained":[{"floor":5.0,"key":"SpeedPotion"},{"floor":6.0,"key":"Block Potion"},{"floor":13.0,"key":"GamblersBrew"},{"floor":14.0,"key":"PowerPotion"},{"floor":16.0,"key":"Regen Potion"},{"floor":30.0,"key":"BottledMiracle"},{"floor":33.0,"key":"Fire Potion"},{"floor":41.0,"key":"SpeedPotion"},{"floor":42.0,"key":"DistilledChaos"},{"floor":46.0,"key":"BottledMiracle"}],"is_trial":false,"path_per_floor":["M","?","M","?","M","E","?","R","T","R","M","E","M","M","R","B",null,"M","M","?","M","?","E","?","R","T","E","R","M","E","$","R","B",null,"M","?","?","$","M","R","E","M","T","R","M","E","M","E","R","B"],"character_chosen":"WATCHER","items_purchased":["TalkToTheHand","Singing Bowl"],"campfire_rested":5,"item_purchase_floors":[31,31],"current_hp_per_floor":[59,52,52,52,50,18,18,18,18,18,20,22,16,12,47,15,55,57,59,59,47,47,42,26,61,61,43,43,24,22,22,57,1,51,42,44,44,44,7,43,45,45,45,45,35,32,18,20,57,0,0],"gold":199,"neow_bonus":"BOSS_RELIC","is_daily":false,"chose_seed":false,"campfire_upgraded":4,"win_rate":0.0,"timestamp":1610431836,"path_taken":["M","?","M","?","?","E","?","R","T","R","M","E","?","M","R","BOSS","M","M","?","?","?","E","?","R","T","E","R","M","E","$","R","BOSS","M","?","?","$","M","R","E","M","T","R","?","E","M","E","R","BOSS"],"items_purchased_type":["Card","Relic"],"build_version":"2020-12-22","purchased_purges":2,"victory":false,"max_hp_per_floor":[68,68,68,68,68,68,68,68,68,68,68,68,68,68,68,68,68,68,68,68,68,68,68,68,68,68,68,68,68,68,68,68,68,68,68,70,70,70,70,70,70,72,72,72,74,76,76,76,76,76,76],"card_choices":[{"not_picked":["Halt","Consecrate"],"picked":"FollowUp","floor":1.0},{"not_picked":["PathToVictory","Halt"],"picked":"FlurryOfBlows","floor":3.0},{"not_picked":["ForeignInfluence","Pray"],"picked":"EmptyFist","floor":5.0},{"not_picked":["CarveReality","JustLucky","Establishment"],"picked":"SKIP","floor":6.0},{"not_picked":["JustLucky","Evaluate"],"picked":"EmptyBody","floor":11.0},{"not_picked":["Weave","DeceiveReality"],"picked":"Crescendo","floor":12.0},{"not_picked":["WreathOfFlame","Halt"],"picked":"Adaptation","floor":13.0},{"not_picked":["Alpha","Worship"],"picked":"Evaluate","floor":14.0},{"not_picked":["Devotion","ConjureBlade"],"picked":"Vault","floor":16.0},{"not_picked":["Prostrate"],"picked":"SKIP","floor":18.0},{"not_picked":["PathToVictory"],"picked":"SKIP","floor":19.0},{"not_picked":[],"picked":"FlurryOfBlows","floor":21.0},{"not_picked":["Protect"],"picked":"SKIP","floor":23.0},{"not_picked":[],"picked":"Evaluate","floor":27.0},{"not_picked":["WreathOfFlame"],"picked":"Meditate","floor":29.0},{"not_picked":["Protect"],"picked":"Indignation","floor":30.0},{"not_picked":["SpiritShield"],"picked":"Vault","floor":33.0},{"not_picked":["FollowUp"],"picked":"Consecrate","floor":35.0},{"not_picked":["Discovery","Mayhem"],"picked":"Singing Bowl","floor":36.0},{"not_picked":["Protect"],"picked":"Halt+1","floor":39.0},{"not_picked":["Evaluate"],"picked":"WheelKick","floor":41.0},{"not_picked":["Consecrate","CarveReality+1"],"picked":"Singing Bowl","floor":42.0},{"not_picked":["Swivel","Pray"],"picked":"Singing Bowl","floor":45.0},{"not_picked":["EmptyBody","ReachHeaven"],"picked":"Singing Bowl","floor":46.0},{"not_picked":["SignatureMove+1"],"picked":"Halt","floor":47.0},{"not_picked":["Vengeance"],"picked":"Crescendo","floor":48.0}],"player_experience":1918737,"relics_obtained":[{"floor":6.0,"key":"Ancient Tea Set"},{"floor":9.0,"key":"Blood Vial"},{"floor":12.0,"key":"Regal Pillow"},{"floor":23.0,"key":"Bag of Marbles"},{"floor":24.0,"key":"Nilry\u0027s Codex"},{"floor":26.0,"key":"Orichalcum"},{"floor":27.0,"key":"Question Card"},{"floor":30.0,"key":"Darkstone Periapt"},{"floor":41.0,"key":"Bottled Flame"},{"floor":43.0,"key":"Whetstone"},{"floor":46.0,"key":"Sundial"},{"floor":48.0,"key":"Anchor"}],"event_choices":[{"cards_removed":["Strike_P"],"damage_healed":0.0,"max_hp_gain":0.0,"max_hp_loss":0.0,"gold_gain":0.0,"event_name":"Golden Wing","player_choice":"Card Removal","floor":2.0,"gold_loss":0.0,"damage_taken":7.0},{"cards_removed":["Defend_P"],"damage_healed":0.0,"max_hp_gain":0.0,"max_hp_loss":0.0,"gold_gain":0.0,"event_name":"Purifier","player_choice":"Purged","floor":4.0,"gold_loss":0.0,"damage_taken":0.0},{"damage_healed":0.0,"max_hp_gain":0.0,"max_hp_loss":0.0,"gold_gain":0.0,"event_name":"Match and Keep!","player_choice":"1 cards matched","floor":7.0,"gold_loss":0.0,"damage_taken":0.0,"cards_obtained":["DeusExMachina"]},{"damage_healed":0.0,"max_hp_gain":0.0,"max_hp_loss":0.0,"gold_gain":0.0,"event_name":"The Joust","player_choice":"Bet on Murderer","floor":20.0,"gold_loss":50.0,"damage_taken":0.0},{"cards_removed":["Strike_P"],"damage_healed":0.0,"max_hp_gain":0.0,"max_hp_loss":0.0,"gold_gain":0.0,"event_name":"Beggar","player_choice":"Gave Gold","floor":22.0,"gold_loss":75.0,"damage_taken":0.0},{"damage_healed":0.0,"max_hp_gain":0.0,"max_hp_loss":0.0,"gold_gain":0.0,"event_name":"Cursed Tome","player_choice":"Obtained Book","floor":24.0,"gold_loss":0.0,"damage_taken":16.0},{"damage_healed":0.0,"max_hp_gain":0.0,"max_hp_loss":0.0,"gold_gain":0.0,"event_name":"SensoryStone","player_choice":"Memory 1","floor":36.0,"gold_loss":0.0,"damage_taken":0.0},{"cards_removed":["Strike_P"],"damage_healed":0.0,"max_hp_gain":0.0,"max_hp_loss":0.0,"gold_gain":0.0,"event_name":"Purifier","player_choice":"Purged","floor":37.0,"gold_loss":0.0,"damage_taken":0.0}],"is_beta":false,"boss_relics":[{"not_picked":["Pandora\u0027s Box","Tiny House"],"picked":"Busted Crown"},{"not_picked":["Astrolabe","Empty Cage"],"picked":"Philosopher\u0027s Stone"}],"items_purged_floors":[31,38],"is_endless":false,"potions_floor_spawned":[5,6,13,14,16,23,27,30,33,41,42,46],"killed_by":"Donu and Deca","ascension_level":14}}