{"host":"l15sdf2mmi0nobpi","time":1610421372,"event":{"mods":["100% Spire Juice","BaseMod","Highlight Path","Minty Spire (QoL Compilation)","Quick Restart","StSLib","¡¾¹¦ÄÜMod¡¿Neow½±Àø"],"gold_per_floor":[112,124,141,154,104,104,129,129,129,54,64,64,64,92,92,190,190,210,228,128,128,144,144,157,157,157,157,187,62,161,161,161,261,311,325,325,325,341,53,53,79,79,105,118,118,168,168,178,178,178],"floor_reached":51,"playtime":2398,"items_purged":["Moonworks:Strike","Moonworks:Strike","Moonworks:Strike","Moonworks:Ambush"],"score":791,"play_id":"11946e80-1ae1-4096-bce2-214d5dfd59de","local_time":"20210112111612","is_ascension_mode":false,"campfire_choices":[{"data":"Moonworks:x16BigRocket","floor":6.0,"key":"SMITH"},{"data":"Moonworks:x16BigRocket+1","floor":8.0,"key":"SMITH"},{"data":"Moonworks:x16BigRocket+2","floor":13.0,"key":"SMITH"},{"data":"Moonworks:x16BigRocket+3","floor":15.0,"key":"SMITH"},{"data":"Moonworks:x16BigRocket+4","floor":23.0,"key":"SMITH"},{"data":"Moonworks:x16BigRocket+5","floor":25.0,"key":"SMITH"},{"data":"Moonworks:x16BigRocket+6","floor":27.0,"key":"SMITH"},{"data":"Moonworks:x16BigRocket+7","floor":32.0,"key":"SMITH"},{"data":"Moonworks:x16BigRocket+8","floor":40.0,"key":"SMITH"},{"data":"Moonworks:x16BigRocket+9","floor":42.0,"key":"SMITH"},{"data":"Moonworks:x16BigRocket+10","floor":49.0,"key":"SMITH"}],"circlet_count":0,"master_deck":["Moonworks:Defend","Moonworks:Defend","Moonworks:Defend","Moonworks:Defend","Discovery+1","Moonworks:LulusLuckyEgg","Moonworks:x16BigRocket+11","Moonworks:RedAndBlue","Moonworks:CrystalBarrier","Moonworks:WeAreWaruda","Moonworks:FinalSurgery","Moonworks:Wanted","Moonworks:ImmovableObject","Moonworks:SinkOrSwim","Moonworks:Dinner+1","Moonworks:ImmovableObject","Moonworks:ReflectiveShell"],"relics":["Moonworks:BrokenBomb","Moonworks:Homemark","PreservedInsect","Bronze Scales","Odd Mushroom","Snecko Eye","Ornamental Fan","Tiny House","Art of War","Happy Flower"],"acts_visited":["Exordium","TheCity","TheBeyond"],"potions_floor_usage":[50],"damage_taken":[{"damage":0.0,"enemies":"Small Slimes","floor":1.0,"turns":3.0},{"damage":0.0,"enemies":"2 Louse","floor":2.0,"turns":3.0},{"damage":1.0,"enemies":"Jaw Worm","floor":3.0,"turns":4.0},{"damage":7.0,"enemies":"Blue Slaver","floor":4.0,"turns":4.0},{"damage":25.0,"enemies":"Lagavulin","floor":7.0,"turns":10.0},{"damage":0.0,"enemies":"Red Slaver","floor":11.0,"turns":5.0},{"damage":0.0,"enemies":"The Mushroom Lair","floor":14.0,"turns":3.0},{"damage":7.0,"enemies":"Hexaghost","floor":16.0,"turns":10.0},{"damage":0.0,"enemies":"Spheric Guardian","floor":18.0,"turns":3.0},{"damage":0.0,"enemies":"Chosen","floor":19.0,"turns":5.0},{"damage":0.0,"enemies":"Snecko","floor":22.0,"turns":3.0},{"damage":0.0,"enemies":"3 Cultists","floor":24.0,"turns":5.0},{"damage":3.0,"enemies":"Slavers","floor":28.0,"turns":4.0},{"damage":11.0,"enemies":"Collector","floor":33.0,"turns":8.0},{"damage":1.0,"enemies":"Orb Walker","floor":35.0,"turns":5.0},{"damage":26.0,"enemies":"3 Shapes","floor":38.0,"turns":4.0},{"damage":33.0,"enemies":"Nemesis","floor":41.0,"turns":3.0},{"damage":0.0,"enemies":"Transient","floor":44.0,"turns":3.0},{"damage":0.0,"enemies":"Mind Bloom Boss Battle","floor":46.0,"turns":4.0},{"damage":11.0,"enemies":"Jaw Worm Horde","floor":48.0,"turns":4.0},{"damage":0,"enemies":"Awakened One","floor":50,"turns":11}],"seed_played":"-5598162522690099741","potions_obtained":[{"floor":2.0,"key":"GamblersBrew"},{"floor":4.0,"key":"Fire Potion"},{"floor":11.0,"key":"Swift Potion"},{"floor":22.0,"key":"Regen Potion"},{"floor":34.0,"key":"DuplicationPotion"},{"floor":35.0,"key":"Moonworks:OneHundredPercentOrangeJuicePotion"},{"floor":48.0,"key":"Energy Potion"}],"is_trial":false,"path_per_floor":["M","M","M","M","?","R","E","R","T","$","M","?","R","?","R","B",null,"M","M","$","?","M","R","M","R","T","R","E","$","?","?","R","B",null,"M","?","?","M","$","R","E","R","T","M","?","?","?","M","R","B",null],"character_chosen":"THE_STARBREAKER","items_purchased":["Moonworks:SinkOrSwim"],"campfire_rested":0,"item_purchase_floors":[39],"current_hp_per_floor":[60,60,59,52,52,52,27,27,27,27,27,27,27,36,36,29,60,60,60,60,60,60,60,60,60,60,60,57,57,57,57,57,46,65,64,62,62,45,45,45,12,12,12,19,19,28,54,48,48,54],"gold":178,"neow_bonus":"RANDOM_COLORLESS","is_daily":false,"chose_seed":false,"campfire_upgraded":11,"win_rate":0.0,"timestamp":1610421372,"path_taken":["M","M","M","M","?","R","E","R","T","$","M","?","R","?","R","BOSS","M","M","$","?","?","R","M","R","T","R","E","$","?","?","R","BOSS","M","?","?","M","$","R","E","R","T","M","?","?","?","M","R","BOSS"],"items_purchased_type":["Card"],"build_version":"2020-12-22","purchased_purges":4,"victory":true,"max_hp_per_floor":[60,60,60,60,60,60,60,60,60,60,60,60,60,60,60,60,60,60,60,60,60,60,60,60,60,60,60,60,60,60,60,60,60,65,65,62,62,62,62,62,62,62,62,62,62,62,54,54,54,54],"card_choices":[{"not_picked":["Finesse","Good Instincts"],"picked":"Discovery","floor":0.0},{"not_picked":["Moonworks:BigBangBell","Moonworks:AngelHand","Moonworks:CloudOfSeagulls"],"picked":"SKIP","floor":1.0},{"not_picked":["Moonworks:JonathanRush","Moonworks:ImOnFire"],"picked":"Moonworks:LulusLuckyEgg","floor":2.0},{"not_picked":["Moonworks:DeployBits","Moonworks:ImmovableObject"],"picked":"Moonworks:x16BigRocket","floor":3.0},{"not_picked":["Moonworks:RagingMadness","Moonworks:ImOnFire","Moonworks:LulusLuckyEgg"],"picked":"SKIP","floor":4.0},{"not_picked":["Moonworks:UnluckyCharm","Moonworks:BigMagnum","Moonworks:NicePresent"],"picked":"SKIP","floor":7.0},{"not_picked":["Moonworks:BigMagnum","Moonworks:ImOnFire"],"picked":"Moonworks:RedAndBlue","floor":11.0},{"not_picked":["Moonworks:Assault","Moonworks:NicePresent"],"picked":"Moonworks:CrystalBarrier","floor":14.0},{"not_picked":["Moonworks:Accelerator","Moonworks:WeAreWaruda"],"picked":"Moonworks:EvilMastermind","floor":16.0},{"not_picked":["Moonworks:ImOnFire+1","Moonworks:NicePresent","Moonworks:IntelligenceOfficer"],"picked":"SKIP","floor":18.0},{"not_picked":["Moonworks:ImOnFire+1","Moonworks:NicePresent","Moonworks:IntelligenceOfficer"],"picked":"SKIP","floor":18.0},{"not_picked":["Moonworks:DeployBits","Moonworks:EvilSpyWorkPreparation","Moonworks:BigMagnum"],"picked":"SKIP","floor":19.0},{"not_picked":["Moonworks:BigMagnum","Moonworks:DeployBits","Moonworks:Flamethrower"],"picked":"SKIP","floor":22.0},{"not_picked":["Moonworks:Assault","Moonworks:ImOnFire+1","Moonworks:IndiscriminateFireSupport"],"picked":"SKIP","floor":24.0},{"not_picked":["Moonworks:FinalBattle","Moonworks:BigMagnum","Moonworks:IndiscriminateFireSupport"],"picked":"SKIP","floor":28.0},{"not_picked":["Moonworks:GoAway","Moonworks:EvilMastermind"],"picked":"Moonworks:Wanted","floor":33.0},{"not_picked":["Moonworks:CloudOfSeagulls+1","Moonworks:EvilSpyWorkPreparation+1","Moonworks:DeployBits"],"picked":"SKIP","floor":35.0},{"not_picked":["Moonworks:JonathanRush","Moonworks:BigMagnum+1"],"picked":"Moonworks:ImmovableObject","floor":38.0},{"not_picked":["Moonworks:UnluckyCharm","Moonworks:IntelligenceOfficer"],"picked":"Moonworks:Dinner+1","floor":41.0},{"not_picked":["Moonworks:LulusLuckyEgg+1","Moonworks:CloudOfSeagulls"],"picked":"Moonworks:ImmovableObject","floor":44.0},{"not_picked":["Moonworks:IndiscriminateFireSupport","Moonworks:LuckyCharm"],"picked":"Moonworks:ReflectiveShell","floor":48.0}],"player_experience":459928,"relics_obtained":[{"floor":7.0,"key":"PreservedInsect"},{"floor":9.0,"key":"Bronze Scales"},{"floor":14.0,"key":"Odd Mushroom"},{"floor":28.0,"key":"Ornamental Fan"},{"floor":41.0,"key":"Art of War"},{"floor":43.0,"key":"Happy Flower"}],"event_choices":[{"cards_removed":["Moonworks:Strike"],"damage_healed":0.0,"max_hp_gain":0.0,"max_hp_loss":0.0,"gold_gain":0.0,"event_name":"The Cleric","player_choice":"Card Removal","floor":5.0,"gold_loss":50.0,"damage_taken":0.0},{"damage_healed":0.0,"max_hp_gain":0.0,"max_hp_loss":0.0,"gold_gain":0.0,"event_name":"Liars Game","player_choice":"Ignored","floor":12.0,"gold_loss":0.0,"damage_taken":0.0},{"damage_healed":0.0,"max_hp_gain":0.0,"max_hp_loss":0.0,"gold_gain":0.0,"event_name":"Mushrooms","player_choice":"Fought Mushrooms","floor":14.0,"gold_loss":0.0,"damage_taken":0.0},{"damage_healed":0.0,"max_hp_gain":0.0,"max_hp_loss":0.0,"gold_gain":0.0,"event_name":"The Woman in Blue","player_choice":"Bought 0 Potions","floor":21.0,"gold_loss":0.0,"damage_taken":0.0},{"damage_healed":0.0,"max_hp_gain":0.0,"max_hp_loss":0.0,"gold_gain":99.0,"event_name":"Nest","player_choice":"Stole From Cult","floor":30.0,"gold_loss":0.0,"damage_taken":0.0},{"damage_healed":0.0,"max_hp_gain":0.0,"max_hp_loss":0.0,"gold_gain":0.0,"cards_transformed":["Moonworks:EvilMastermind","Moonworks:LongDistanceShot"],"event_name":"Drug Dealer","player_choice":"Became Test Subject","floor":31.0,"gold_loss":0.0,"damage_taken":0.0,"cards_obtained":["Moonworks:WeAreWaruda","Moonworks:FinalSurgery"]},{"damage_healed":0.0,"max_hp_gain":0.0,"max_hp_loss":3.0,"gold_gain":0.0,"event_name":"Winding Halls","player_choice":"Max HP","floor":36.0,"gold_loss":0.0,"damage_taken":0.0},{"damage_healed":0.0,"max_hp_gain":0.0,"max_hp_loss":0.0,"gold_gain":0.0,"event_name":"Tomb of Lord Red Mask","player_choice":"Ignored","floor":37.0,"gold_loss":0.0,"damage_taken":0.0},{"damage_healed":0.0,"max_hp_gain":0.0,"max_hp_loss":0.0,"gold_gain":0.0,"event_name":"SensoryStone","player_choice":"Memory 1","floor":45.0,"gold_loss":0.0,"damage_taken":0.0},{"damage_healed":0.0,"max_hp_gain":0.0,"max_hp_loss":0.0,"gold_gain":0.0,"event_name":"MindBloom","player_choice":"Fight","floor":46.0,"gold_loss":0.0,"damage_taken":0.0},{"damage_healed":54.0,"max_hp_gain":0.0,"max_hp_loss":8.0,"gold_gain":0.0,"event_name":"The Moai Head","player_choice":"Heal","floor":47.0,"gold_loss":0.0,"damage_taken":0.0}],"is_beta":false,"boss_relics":[{"not_picked":["Runic Dome","Pandora\u0027s Box"],"picked":"Snecko Eye"},{"not_picked":["Velvet Choker","Astrolabe"],"picked":"Tiny House"}],"items_purged_floors":[10,20,29,39],"is_endless":false,"potions_floor_spawned":[2,4,11,18,22,35,48],"ascension_level":0}}