{"host":"hbwa3kjetxrogfq8","time":1610477069,"event":{"mods":["AchievementEnabler","BaseMod","Block Reminder","Colored Map","Colored Powertips","Dark Map","Highlight Path","Minty Spire (QoL Compilation)","Rare Cards Sparkle","Relic Stats","StSLib","Synergy Search"],"gold_per_floor":[111,131,145,156,331,331,331,41,41,41,96,114,132,153,153,273,273,288,213,213,8,26,26,41,41,41],"floor_reached":25,"playtime":1153,"items_purged":[],"score":263,"play_id":"53846d20-4185-4de4-9bb7-c84c1ef0903c","local_time":"20210112194429","is_ascension_mode":true,"campfire_choices":[{"data":"Terror","floor":7,"key":"SMITH"},{"data":"Backstab","floor":10,"key":"SMITH"},{"data":"Caltrops","floor":15,"key":"SMITH"},{"data":"Neutralize","floor":23,"key":"SMITH"}],"circlet_count":0,"master_deck":["Strike_G","Strike_G","Strike_G","Strike_G","Strike_G","Defend_G","Defend_G","Defend_G","Defend_G","Defend_G","Survivor","Neutralize+1","Burst","Underhanded Strike","Backstab+1","Terror+1","Injury","Well Laid Plans","Caltrops+1","Underhanded Strike","Corpse Explosion","Noxious Fumes+1","Cloak And Dagger"],"relics":["Ring of the Snake","Bloody Idol","Gambling Chip","Blue Candle","SlaversCollar","Lee\u0027s Waffle"],"acts_visited":["Exordium","TheCity"],"potions_floor_usage":[14,16,16,22],"damage_taken":[{"damage":10,"enemies":"Cultist","floor":1,"turns":6},{"damage":6,"enemies":"2 Louse","floor":2,"turns":2},{"damage":10,"enemies":"Small Slimes","floor":3,"turns":4},{"damage":6,"enemies":"Exordium Wildlife","floor":4,"turns":7},{"damage":1,"enemies":"Blue Slaver","floor":12,"turns":3},{"damage":0,"enemies":"Looter","floor":13,"turns":3},{"damage":1,"enemies":"Exordium Wildlife","floor":14,"turns":2},{"damage":22,"enemies":"The Guardian","floor":16,"turns":12},{"damage":11,"enemies":"2 Thieves","floor":18,"turns":1},{"damage":19,"enemies":"Chosen","floor":22,"turns":6},{"damage":53,"enemies":"Centurion and Healer","floor":24,"turns":7},{"damage":26,"enemies":"Snecko","floor":25,"turns":3}],"seed_played":"3564395050640653158","potions_obtained":[{"floor":2,"key":"AttackPotion"},{"floor":4,"key":"Regen Potion"},{"floor":12,"key":"EssenceOfSteel"},{"floor":18,"key":"Fire Potion"}],"is_trial":false,"path_per_floor":["M","M","M","M","?","?","R","$","T","R","?","M","M","M","R","B",null,"M","?","?","$","M","R","M","M"],"character_chosen":"THE_SILENT","items_purchased":["Gambling Chip","Lee\u0027s Waffle","Cloak And Dagger"],"campfire_rested":0,"item_purchase_floors":[8,21,21],"current_hp_per_floor":[53,47,37,31,31,31,31,31,31,31,31,30,30,34,34,12,56,45,45,45,77,63,63,15,0,0],"gold":41,"neow_bonus":"ONE_RANDOM_RARE_CARD","is_daily":false,"chose_seed":false,"campfire_upgraded":4,"win_rate":0.0,"timestamp":1610477069,"path_taken":["M","M","M","M","?","?","R","$","T","R","?","M","M","M","R","BOSS","M","?","?","$","M","R","M","M"],"items_purchased_type":["Relic","Relic","Card"],"build_version":"2020-12-22","purchased_purges":0,"victory":false,"max_hp_per_floor":[70,70,70,70,70,70,70,70,70,70,70,70,70,70,70,70,70,70,70,70,77,77,77,77,77,77],"relic_stats":{"Lee\u0027s Waffle":32,"counters":[12,56],"Bloody Idol":10,"Gambling Chip":[19],"Blue Candle":[2],"obtain_stats":[{"SlaversCollar":17,"Lee\u0027s Waffle":21,"Golden Idol":6,"Gambling Chip":8,"Blue Candle":9,"Bloody Idol":20,"Ring of the Snake":0},{"SlaversCollar":8,"Lee\u0027s Waffle":9,"Golden Idol":4,"Gambling Chip":4,"Blue Candle":4,"Bloody Idol":9,"Ring of the Snake":0},{"SlaversCollar":39,"Lee\u0027s Waffle":40,"Golden Idol":19,"Gambling Chip":19,"Blue Candle":19,"Bloody Idol":40,"Ring of the Snake":0}],"Ring of the Snake":[24]},"card_choices":[{"not_picked":["Outmaneuver","Quick Slash"],"picked":"Underhanded Strike","floor":1},{"not_picked":["Infinite Blades","Masterful Stab","Outmaneuver"],"picked":"SKIP","floor":2},{"not_picked":["Flying Knee","Expertise"],"picked":"Backstab","floor":3},{"not_picked":["Cloak And Dagger","Bouncing Flask"],"picked":"Terror","floor":4},{"not_picked":["Sucker Punch","Deadly Poison"],"picked":"Well Laid Plans","floor":12},{"not_picked":["Bullet Time","Bane"],"picked":"Caltrops","floor":13},{"not_picked":["Crippling Poison","Deadly Poison"],"picked":"Underhanded Strike","floor":14},{"not_picked":["Envenom","Burst"],"picked":"Corpse Explosion","floor":16},{"not_picked":["Escape Plan","Bane"],"picked":"Noxious Fumes+1","floor":18},{"not_picked":["Slice","Deflect","Heel Hook+1"],"picked":"SKIP","floor":22},{"not_picked":["Slice","Quick Slash","Sucker Punch"],"picked":"SKIP","floor":24}],"player_experience":632505,"relics_obtained":[{"floor":9,"key":"Blue Candle"}],"event_choices":[{"damage_healed":0,"gold_gain":175,"player_choice":"AGREE","damage_taken":0,"max_hp_gain":0,"max_hp_loss":0,"event_name":"Liars Game","floor":5,"gold_loss":0,"cards_obtained":["Doubt"]},{"damage_healed":0,"gold_gain":0,"player_choice":"Take Wound","damage_taken":0,"relics_obtained":["Golden Idol"],"max_hp_gain":0,"max_hp_loss":0,"event_name":"Golden Idol","floor":6,"gold_loss":0,"cards_obtained":["Injury"]},{"damage_healed":0,"gold_gain":55,"player_choice":"Gained Gold","damage_taken":0,"max_hp_gain":0,"max_hp_loss":0,"event_name":"Golden Wing","floor":11,"gold_loss":0},{"cards_removed":["Doubt"],"damage_healed":0,"gold_gain":0,"player_choice":"Gave Gold","damage_taken":0,"max_hp_gain":0,"max_hp_loss":0,"event_name":"Beggar","floor":19,"gold_loss":75},{"damage_healed":0,"gold_gain":0,"player_choice":"Gave Idol","damage_taken":0,"relics_obtained":["Bloody Idol"],"max_hp_gain":0,"max_hp_loss":0,"event_name":"Forgotten Altar","floor":20,"relics_lost":["Golden Idol"],"gold_loss":0}],"is_beta":false,"boss_relics":[{"not_picked":["Busted Crown","Fusion Hammer"],"picked":"SlaversCollar"}],"items_purged_floors":[],"is_endless":false,"potions_floor_spawned":[2,4,12,13,18],"killed_by":"Snecko","ascension_level":7}}