{"host":"7qoz5gmva6til3yp","time":1610443353,"event":{"mods":["AchievementEnabler","BaseMod","Hermit","Minty Spire (QoL Compilation)","StSLib","SuperFastMode"],"gold_per_floor":[115,131,149,149,163,163,12,41,65,97,97,110,110,125,125,228,228,240,250,175,94,94,94],"floor_reached":22,"playtime":1191,"items_purged":["hermit:Strike_Hermit"],"score":196,"play_id":"54c9f12c-6c09-4785-82c3-b20c658a2229","local_time":"20210112182233","is_ascension_mode":false,"campfire_choices":[{"data":"hermit:Covet","floor":6.0,"key":"SMITH"},{"floor":13.0,"key":"REST"},{"floor":15.0,"key":"REST"}],"circlet_count":0,"master_deck":["hermit:Strike_Hermit","hermit:Snapshot","hermit:Covet+1","hermit:OverwhelmingPower","hermit:Enervate","hermit:Feint","hermit:PistolWhip","hermit:BigShot","hermit:Virtue","hermit:GhostlyPresence","hermit:Reprieve","hermit:PistolWhip+1","hermit:Roulette+1","hermit:Midnight+1","hermit:Deadeye","Finesse"],"relics":["hermit:Momento","Blood Vial","Boot","Pen Nib","Astrolabe"],"acts_visited":["Exordium","TheCity"],"potions_floor_usage":[18,22],"damage_taken":[{"damage":7.0,"enemies":"Small Slimes","floor":1.0,"turns":3.0},{"damage":11.0,"enemies":"Jaw Worm","floor":2.0,"turns":2.0},{"damage":0.0,"enemies":"Cultist","floor":3.0,"turns":3.0},{"damage":22.0,"enemies":"Lots of Slimes","floor":5.0,"turns":5.0},{"damage":8.0,"enemies":"Gremlin Nob","floor":8.0,"turns":4.0},{"damage":24.0,"enemies":"Lagavulin","floor":10.0,"turns":7.0},{"damage":6.0,"enemies":"Large Slime","floor":12.0,"turns":6.0},{"damage":0.0,"enemies":"2 Fungi Beasts","floor":14.0,"turns":3.0},{"damage":34.0,"enemies":"Slime Boss","floor":16.0,"turns":10.0},{"damage":26,"enemies":"3 Byrds","floor":18,"turns":6},{"damage":4,"enemies":"Shell Parasite","floor":19,"turns":4},{"damage":59,"enemies":"Sentry and Sphere","floor":22,"turns":5}],"seed_played":"467818008598290866","potions_obtained":[{"floor":1.0,"key":"BlessingOfTheForge"},{"floor":2.0,"key":"SpeedPotion"},{"floor":16.0,"key":"AttackPotion"},{"floor":18,"key":"Block Potion"}],"is_trial":false,"path_per_floor":["M","M","M","?","M","R","$","E","T","E","?","M","R","M","R","B",null,"M","M","?","$","M"],"character_chosen":"HERMIT","items_purchased":["hermit:BigShot","Finesse"],"campfire_rested":2,"item_purchase_floors":[7,21],"current_hp_per_floor":[68,57,57,57,35,35,35,27,27,5,5,1,23,25,47,15,75,49,51,51,51,0,0],"gold":94,"neow_bonus":"TRANSFORM_CARD","is_daily":false,"chose_seed":false,"campfire_upgraded":1,"win_rate":0.0,"timestamp":1610443353,"path_taken":["M","M","M","?","M","R","$","E","T","E","?","?","R","M","R","BOSS","M","?","?","$","M"],"items_purchased_type":["Card","Card"],"build_version":"2020-12-22","purchased_purges":1,"victory":false,"max_hp_per_floor":[75,75,75,75,75,75,75,75,75,75,75,75,75,75,75,75,75,75,75,75,75,75,75],"card_choices":[{"not_picked":["hermit:Quickdraw","hermit:NoHoldsBarred"],"picked":"hermit:Enervate","floor":1.0},{"not_picked":["hermit:BodyArmor","hermit:LoneWolf"],"picked":"hermit:Feint","floor":2.0},{"not_picked":["hermit:ShadowCloak","hermit:LoneWolf"],"picked":"hermit:PistolWhip","floor":3.0},{"not_picked":["hermit:BodyArmor","hermit:Gestalt","hermit:LuckOfTheDraw"],"picked":"SKIP","floor":5.0},{"not_picked":["hermit:Gestalt","hermit:ItchyTrigger","hermit:EternalForm"],"picked":"SKIP","floor":8.0},{"not_picked":["hermit:Feint","hermit:PistolWhip"],"picked":"hermit:Virtue","floor":10.0},{"not_picked":["hermit:Enervate","hermit:TakeAim"],"picked":"hermit:GhostlyPresence","floor":12.0},{"not_picked":["hermit:Misfire","hermit:Feint","hermit:NoHoldsBarred"],"picked":"SKIP","floor":14.0},{"not_picked":["hermit:HeroicBravado","hermit:Purgatory"],"picked":"hermit:Reprieve","floor":16.0},{"not_picked":["hermit:ItchyTrigger","hermit:Horror"],"picked":"hermit:Deadeye","floor":18},{"not_picked":["hermit:Scavenge","hermit:Midnight","hermit:Shortfuse"],"picked":"SKIP","floor":19}],"player_experience":336493,"relics_obtained":[{"floor":8.0,"key":"Blood Vial"},{"floor":9.0,"key":"Boot"},{"floor":10.0,"key":"Pen Nib"}],"event_choices":[{"cards_removed":["hermit:Strike_Hermit"],"damage_healed":0.0,"max_hp_gain":0.0,"max_hp_loss":0.0,"gold_gain":0.0,"event_name":"Living Wall","player_choice":"Forget","floor":4.0,"gold_loss":0.0,"damage_taken":0.0},{"damage_healed":0.0,"max_hp_gain":0.0,"max_hp_loss":0.0,"gold_gain":0.0,"event_name":"NoteForYourself","player_choice":"Ignored","floor":11.0,"gold_loss":0.0,"damage_taken":0.0},{"cards_removed":["hermit:Strike_Hermit"],"damage_healed":0,"gold_gain":0,"player_choice":"Gave Gold","damage_taken":0,"max_hp_gain":0,"max_hp_loss":0,"event_name":"Beggar","floor":20,"gold_loss":75}],"is_beta":false,"boss_relics":[{"not_picked":["hermit:DentedPlate","Busted Crown"],"picked":"Astrolabe"}],"items_purged_floors":[7],"is_endless":false,"potions_floor_spawned":[1,2,16,18],"killed_by":"Sentry and Sphere","ascension_level":0}}