{"host":"Sumable","time":1610477518,"event":{"mods":["AchievementEnabler","BaseMod","Better Note","BetterRewards","Googly Eyes","Hermit","Minty Spire (QoL Compilation)","Quick Restart","Shop Mod","StSLib","The Cursed","everything is the same but u backflip on backflip","slay the spire mod where everything is the same but ironclad has a cowboy hat"],"gold_per_floor":[118,118,118,136,152,152,163,194,218,218,230,261,436,413,413,490,490,510,5,104,120,120,120,147,147,224,244,271,8,37,48,48,123,123,135,153,173,173,173,208,208,208],"floor_reached":41,"playtime":2919,"items_purged":[],"score":832,"play_id":"042dadcb-dad2-4bf9-bf74-8a69bf9248eb","local_time":"20210112115158","is_ascension_mode":true,"campfire_choices":[{"data":"Uppercut","floor":6.0,"key":"SMITH"},{"floor":10.0,"key":"REST"},{"floor":15.0,"key":"REST"},{"data":"Berserk","floor":23.0,"key":"SMITH"},{"floor":25.0,"key":"REST"},{"data":"Berserk","floor":32.0,"key":"SMITH"}],"circlet_count":0,"master_deck":["AscendersBane","Strike_R+1","Strike_R+1","Strike_R+1","Strike_R+1","Defend_R+1","Defend_R+1","Defend_R+1","Defend_R+1","Bash","Fiend Fire","Bludgeon","Uppercut+1","Shrug It Off","Shrug It Off+1","Uppercut","Berserk+1","Shrug It Off+1","Spot Weakness","Shrug It Off+1","Berserk+1","Shrug It Off+1","Uppercut+1"],"relics":["Burning Blood","Ancient Tea Set","Lantern","Omamori","Busted Crown","HandDrill","Mercury Hourglass","War Paint","Toxic Egg 2","Dream Catcher","Sundial","SlaversCollar","Bottled Flame"],"acts_visited":["Exordium","TheCity","TheBeyond"],"potions_floor_usage":[],"damage_taken":[{"damage":2.0,"enemies":"Small Slimes","floor":1.0,"turns":4.0},{"damage":0.0,"enemies":"Cultist","floor":4.0,"turns":2.0},{"damage":2.0,"enemies":"Jaw Worm","floor":5.0,"turns":2.0},{"damage":0.0,"enemies":"Looter","floor":7.0,"turns":2.0},{"damage":19.0,"enemies":"3 Sentries","floor":8.0,"turns":7.0},{"damage":5.0,"enemies":"3 Louse","floor":11.0,"turns":3.0},{"damage":32.0,"enemies":"Lagavulin","floor":12.0,"turns":4.0},{"damage":43.0,"enemies":"The Guardian","floor":16.0,"turns":10.0},{"damage":11.0,"enemies":"2 Thieves","floor":18.0,"turns":4.0},{"damage":0.0,"enemies":"Chosen","floor":21.0,"turns":3.0},{"damage":28.0,"enemies":"Slavers","floor":24.0,"turns":5.0},{"damage":2.0,"enemies":"Shelled Parasite and Fungi","floor":27.0,"turns":4.0},{"damage":9.0,"enemies":"Book of Stabbing","floor":28.0,"turns":5.0},{"damage":4.0,"enemies":"Gremlin Leader","floor":30.0,"turns":7.0},{"damage":0.0,"enemies":"3 Cultists","floor":31.0,"turns":5.0},{"damage":64.0,"enemies":"Champ","floor":33.0,"turns":12.0},{"damage":27.0,"enemies":"3 Darklings","floor":35.0,"turns":7.0},{"damage":14.0,"enemies":"3 Shapes","floor":36.0,"turns":4.0},{"damage":19.0,"enemies":"Jaw Worm Horde","floor":37.0,"turns":5.0},{"damage":11.0,"enemies":"Giant Head","floor":40.0,"turns":8.0},{"damage":22,"enemies":"Sphere and 2 Shapes","floor":41,"turns":2}],"seed_played":"-2005010429366127420","potions_obtained":[{"floor":1.0,"key":"SpeedPotion"},{"floor":4.0,"key":"Fire Potion"},{"floor":5.0,"key":"SteroidPotion"},{"floor":11.0,"key":"Ancient Potion"},{"floor":24.0,"key":"SkillPotion"},{"floor":27.0,"key":"Weak Potion"},{"floor":30.0,"key":"Strength Potion"},{"floor":31.0,"key":"SkillPotion"},{"floor":36.0,"key":"GamblersBrew"},{"floor":37.0,"key":"LiquidMemories"}],"is_trial":false,"path_per_floor":["M","$","?","M","M","R","M","E","T","R","M","E","?","?","R","B",null,"M","$","?","M","?","R","E","R","T","M","E","$","E","M","R","B",null,"M","M","M","?","?","E","M"],"character_chosen":"IRONCLAD","items_purchased":["Shrug It Off","HandDrill","Mercury Hourglass","BlessingOfTheForge","Berserk","Shrug It Off+1","Energy Potion"],"campfire_rested":3,"item_purchase_floors":[19,19,19,19,29,29,29],"current_hp_per_floor":[76,76,76,80,80,80,80,67,67,80,80,54,54,54,78,41,70,65,65,65,71,71,71,49,73,73,77,74,74,76,80,80,22,66,45,37,24,24,24,19,0,0],"gold":208,"neow_bonus":"ONE_RANDOM_RARE_CARD","is_daily":false,"chose_seed":false,"campfire_upgraded":3,"win_rate":0.0,"timestamp":1610477518,"path_taken":["M","$","?","M","M","R","M","E","T","R","?","E","?","?","R","BOSS","M","$","?","M","?","R","E","R","T","?","E","?","E","?","R","BOSS","M","?","M","?","?","E","M"],"items_purchased_type":["Card","Relic","Relic","Potion","Card","Card","Potion"],"build_version":"2020-12-18","purchased_purges":0,"victory":false,"max_hp_per_floor":[80,80,80,80,80,80,80,80,80,80,80,80,80,80,80,80,80,80,80,80,80,80,80,80,80,80,80,80,80,80,80,80,80,80,80,80,80,80,80,80,80,80],"card_choices":[{"not_picked":["Clothesline","Second Wind","Dropkick"],"picked":"SKIP","floor":1.0},{"not_picked":["Dropkick","Clash"],"picked":"Uppercut","floor":4.0},{"not_picked":["Flex","Sword Boomerang"],"picked":"Shrug It Off","floor":5.0},{"not_picked":["Heavy Blade","Twin Strike"],"picked":"Shrug It Off","floor":7.0},{"not_picked":["Pommel Strike","Rampage","Hemokinesis"],"picked":"SKIP","floor":8.0},{"not_picked":["Sword Boomerang","Pommel Strike"],"picked":"Uppercut","floor":11.0},{"not_picked":["Juggernaut","Havoc","Combust"],"picked":"SKIP","floor":12.0},{"not_picked":["Bludgeon","Fiend Fire"],"picked":"Berserk","floor":16.0},{"not_picked":["Reckless Charge"],"picked":"SKIP","floor":18.0},{"not_picked":["Thunderclap"],"picked":"SKIP","floor":21.0},{"not_picked":[],"picked":"Spot Weakness","floor":24.0},{"not_picked":["Wild Strike"],"picked":"SKIP","floor":27.0},{"not_picked":[],"picked":"Shrug It Off+1","floor":28.0},{"not_picked":["Wild Strike"],"picked":"SKIP","floor":30.0},{"not_picked":["Armaments+1"],"picked":"SKIP","floor":31.0},{"not_picked":["Thunderclap"],"picked":"SKIP","floor":35.0},{"not_picked":["Pommel Strike"],"picked":"SKIP","floor":36.0},{"not_picked":["Body Slam"],"picked":"SKIP","floor":37.0},{"not_picked":["Infernal Blade+1"],"picked":"SKIP","floor":40.0}],"player_experience":1065311,"relics_obtained":[{"floor":8.0,"key":"Ancient Tea Set"},{"floor":9.0,"key":"Lantern"},{"floor":12.0,"key":"Omamori"},{"floor":24.0,"key":"War Paint"},{"floor":26.0,"key":"Toxic Egg 2"},{"floor":28.0,"key":"Dream Catcher"},{"floor":30.0,"key":"Sundial"},{"floor":40.0,"key":"Bottled Flame"}],"event_choices":[{"damage_healed":0.0,"max_hp_gain":0.0,"max_hp_loss":0.0,"gold_gain":0.0,"cards_transformed":["Strike_R"],"event_name":"Transmorgrifier","player_choice":"Transformed","floor":3.0,"gold_loss":0.0,"damage_taken":0.0,"cards_obtained":["Bludgeon"]},{"damage_healed":0.0,"max_hp_gain":0.0,"max_hp_loss":0.0,"gold_gain":175.0,"event_name":"Liars Game","player_choice":"AGREE","floor":13.0,"gold_loss":0.0,"damage_taken":0.0,"cards_obtained":["Doubt"]},{"damage_healed":0.0,"max_hp_gain":0.0,"max_hp_loss":0.0,"gold_gain":0.0,"event_name":"World of Goop","player_choice":"Left Gold","floor":14.0,"gold_loss":23.0,"damage_taken":0.0},{"damage_healed":0.0,"max_hp_gain":0.0,"max_hp_loss":0.0,"gold_gain":99.0,"event_name":"Nest","player_choice":"Stole From Cult","floor":20.0,"gold_loss":0.0,"damage_taken":0.0},{"damage_healed":0.0,"max_hp_gain":0.0,"max_hp_loss":0.0,"gold_gain":0.0,"event_name":"Back to Basics","player_choice":"Simplicity","floor":22.0,"gold_loss":0.0,"damage_taken":0.0,"cards_upgraded":["Strike_R","Strike_R","Strike_R","Strike_R","Defend_R","Defend_R","Defend_R","Defend_R"]},{"damage_healed":0.0,"max_hp_gain":0.0,"max_hp_loss":0.0,"gold_gain":0.0,"event_name":"Mysterious Sphere","player_choice":"Ignored","floor":38.0,"gold_loss":0.0,"damage_taken":0.0},{"damage_healed":0.0,"max_hp_gain":0.0,"max_hp_loss":0.0,"gold_gain":0.0,"event_name":"Duplicator","player_choice":"Copied","floor":39.0,"gold_loss":0.0,"damage_taken":0.0,"cards_obtained":["Uppercut"]}],"is_beta":true,"boss_relics":[{"not_picked":["Velvet Choker","Tiny House"],"picked":"Busted Crown"},{"not_picked":["Empty Cage","Pandora\u0027s Box"],"picked":"SlaversCollar"}],"items_purged_floors":[],"is_endless":false,"potions_floor_spawned":[1,4,5,11,24,27,30,31,36,37],"killed_by":"Sphere and 2 Shapes","ascension_level":13}}