{"host":"dyggtcpod2kd5hqt","time":1610470915,"event":{"mods":["2.2 Compatiblity","AchievementEnabler","BaseMod","Bestiary","Block Reminder","Colored Map","Colored Powertips","Minty Spire (QoL Compilation)","Quick Restart","Rare Cards Sparkle","Relic Stats","Unknown Chances"],"gold_per_floor":[118,128,140,152,152,152,181,131,131,131,28,103,121,139,139,244,244,264,32,32,32,50,85,85,115,115,145,145,155,184,39,39,139,139,152,169,169,22,41,41,71,81,135,185,211,33,51,68,68,68,68,68,68,100,100],"floor_reached":56,"playtime":13740,"items_purged":["Blizzard"],"score":1765,"play_id":"eb7fc5f9-3a49-4470-952b-7ec85d72d7a6","local_time":"20210112120155","is_ascension_mode":true,"campfire_choices":[{"data":"Zap","floor":6,"key":"SMITH"},{"data":"Defragment","floor":10,"key":"SMITH"},{"data":"Hologram","floor":15,"key":"SMITH"},{"floor":24,"key":"REST"},{"floor":28,"key":"REST"},{"data":"Thunder Strike","floor":32,"key":"SMITH"},{"data":"Amplify","floor":40,"key":"SMITH"},{"floor":49,"key":"RECALL"},{"data":"Heatsinks","floor":52,"key":"SMITH"}],"circlet_count":0,"master_deck":["AscendersBane","Zap+1","Dualcast","Undo","Reboot","Electrodynamics","Defragment+1","Storm","Force Field","Doom and Gloom","Self Repair","Rebound","Coolheaded","Hologram+1","Heatsinks","Cold Snap","Heatsinks+1","Thunder Strike+1","Glacier","Creative AI","Loop+1","Redo+1","Amplify+1","Electrodynamics","Writhe","Force Field","Stack","Leap+1"],"relics":["Pandora\u0027s Box","Orichalcum","Lizard Tail","Letter Opener","Busted Crown","Medical Kit","Peace Pipe","TungstenRod","Happy Flower","Cables","Boot","Strange Spoon","Nuclear Battery","ClockworkSouvenir","Strawberry","Bird Faced Urn","Regal Pillow","DataDisk","Bag of Marbles"],"acts_visited":["Exordium","TheCity","TheBeyond","TheEnding"],"potions_floor_usage":[16,25,27,39,44,55,55],"damage_taken":[{"damage":16,"enemies":"2 Louse","floor":1,"turns":2},{"damage":12,"enemies":"Jaw Worm","floor":2,"turns":3},{"damage":0,"enemies":"Cultist","floor":3,"turns":3},{"damage":18,"enemies":"Large Slime","floor":4,"turns":4},{"damage":18,"enemies":"3 Sentries","floor":7,"turns":3},{"damage":3,"enemies":"Looter","floor":13,"turns":3},{"damage":6,"enemies":"Exordium Wildlife","floor":14,"turns":2},{"damage":0,"enemies":"Slime Boss","floor":16,"turns":4},{"damage":3,"enemies":"Spheric Guardian","floor":18,"turns":4},{"damage":0,"enemies":"Chosen","floor":22,"turns":4},{"damage":40,"enemies":"Slavers","floor":23,"turns":3},{"damage":29,"enemies":"Gremlin Leader","floor":25,"turns":5},{"damage":15,"enemies":"Slavers","floor":27,"turns":3},{"damage":0,"enemies":"Snecko","floor":29,"turns":4},{"damage":12,"enemies":"Gremlin Leader","floor":30,"turns":6},{"damage":3,"enemies":"Champ","floor":33,"turns":6},{"damage":14,"enemies":"Orb Walker","floor":35,"turns":4},{"damage":6,"enemies":"3 Shapes","floor":36,"turns":2},{"damage":0,"enemies":"Sphere and 2 Shapes","floor":39,"turns":3},{"damage":2,"enemies":"Reptomancer","floor":41,"turns":4},{"damage":10,"enemies":"Jaw Worm Horde","floor":42,"turns":2},{"damage":14,"enemies":"2 Orb Walkers","floor":44,"turns":3},{"damage":46,"enemies":"Nemesis","floor":45,"turns":5},{"damage":0,"enemies":"3 Darklings","floor":47,"turns":2},{"damage":2,"enemies":"Spire Growth","floor":48,"turns":3},{"damage":47,"enemies":"Donu and Deca","floor":50,"turns":6},{"damage":68,"enemies":"Shield and Spear","floor":54,"turns":4},{"damage":31,"enemies":"The Heart","floor":55,"turns":9}],"seed_played":"1253711041151418595","potions_obtained":[{"floor":1,"key":"DuplicationPotion"},{"floor":2,"key":"AttackPotion"},{"floor":13,"key":"SneckoOil"},{"floor":16,"key":"Swift Potion"},{"floor":30,"key":"Energy Potion"},{"floor":33,"key":"Block Potion"},{"floor":41,"key":"Strength Potion"},{"floor":45,"key":"AttackPotion"},{"floor":54,"key":"PowerPotion"}],"is_trial":false,"path_per_floor":["M","M","M","M","?","R","E","?","T","R","$","?","M","M","R","B",null,"M","$","?","?","M","E","R","E","T","E","R","M","E","$","R","B",null,"M","M","?","$","M","R","E","M","T","?","E","$","M","M","R","B",null,"R","$","E","B",null],"character_chosen":"DEFECT","items_purchased":["Heatsinks","Cold Snap","Medical Kit","Strange Spoon","ClockworkSouvenir","DataDisk","Stack"],"campfire_rested":2,"item_purchase_floors":[11,11,19,31,38,46,46],"current_hp_per_floor":[52,47,54,43,43,43,25,25,25,25,25,14,18,12,12,19,61,58,58,58,58,58,18,40,18,18,3,25,32,27,27,27,31,64,50,44,63,63,70,70,82,72,72,58,41,41,53,76,76,64,78,78,78,37,53],"gold":100,"neow_bonus":"BOSS_RELIC","is_daily":false,"chose_seed":false,"campfire_upgraded":6,"win_rate":0.0,"timestamp":1610470915,"path_taken":["M","M","M","M","?","R","E","?","T","R","$","?","M","M","R","BOSS","M","$","?","?","?","E","R","E","T","E","R","M","E","$","R","BOSS","M","M","?","$","M","R","E","M","T","?","E","?","M","M","R","BOSS","R","$","E","BOSS"],"items_purchased_type":["Card","Card","Relic","Relic","Relic","Relic","Card"],"build_version":"2020-12-22","purchased_purges":1,"victory":true,"max_hp_per_floor":[75,75,75,75,75,75,75,75,75,75,75,75,75,75,75,75,75,75,75,75,75,75,75,75,75,75,75,75,75,75,75,75,75,75,75,75,75,75,75,75,82,82,82,82,82,82,82,82,82,82,82,82,82,82,82],"relic_stats":{"Regal Pillow":0,"Happy Flower":[22],"counters":[28,104],"Letter Opener":[210],"Orichalcum":[168],"Medical Kit":[2],"Boot":[1],"Cables":[66,38,10,0,18],"Peace Pipe":0,"Strange Spoon":[5],"Lizard Tail":0,"Busted Crown":36,"Bird Faced Urn":[140],"Pandora\u0027s Box":["Undo","Reboot","Electrodynamics","Defragment","Storm","Force Field","Doom and Gloom","Blizzard"],"obtain_stats":[{"Regal Pillow":45,"Happy Flower":26,"Letter Opener":9,"Orichalcum":5,"Medical Kit":19,"Boot":30,"Cables":27,"Nuclear Battery":34,"ClockworkSouvenir":38,"Peace Pipe":23,"Strange Spoon":31,"Lizard Tail":7,"DataDisk":46,"Busted Crown":17,"Strawberry":41,"Bird Faced Urn":44,"Pandora\u0027s Box":0,"Bag of Marbles":54,"Cracked Core":0,"TungstenRod":25},{"Regal Pillow":23,"Happy Flower":12,"Letter Opener":5,"Orichalcum":4,"Medical Kit":9,"Boot":15,"Cables":13,"Nuclear Battery":16,"ClockworkSouvenir":18,"Peace Pipe":11,"Strange Spoon":15,"Lizard Tail":5,"DataDisk":23,"Busted Crown":8,"Strawberry":20,"Bird Faced Urn":22,"Pandora\u0027s Box":0,"Bag of Marbles":27,"Cracked Core":0,"TungstenRod":12},{"Regal Pillow":81,"Happy Flower":40,"Letter Opener":15,"Orichalcum":12,"Medical Kit":28,"Boot":52,"Cables":42,"Nuclear Battery":58,"ClockworkSouvenir":64,"Peace Pipe":35,"Strange Spoon":52,"Lizard Tail":15,"DataDisk":81,"Busted Crown":24,"Strawberry":71,"Bird Faced Urn":76,"Pandora\u0027s Box":0,"Bag of Marbles":95,"Cracked Core":0,"TungstenRod":40}],"TungstenRod":58},"card_choices":[{"not_picked":["Reinforced Body","Stack"],"picked":"Self Repair","floor":1},{"not_picked":["Go for the Eyes","Chaos"],"picked":"Rebound","floor":2},{"not_picked":["Turbo","Steam","Lockon"],"picked":"SKIP","floor":3},{"not_picked":["Cold Snap","Storm"],"picked":"Coolheaded","floor":4},{"not_picked":["Compile Driver","Chill"],"picked":"Hologram","floor":7},{"not_picked":["Conserve Battery","Rebound"],"picked":"Heatsinks","floor":13},{"not_picked":["Sweeping Beam","Streamline","Fusion"],"picked":"SKIP","floor":14},{"not_picked":["Biased Cognition","Amplify"],"picked":"Thunder Strike","floor":16},{"not_picked":["Sweeping Beam+1"],"picked":"SKIP","floor":18},{"not_picked":[],"picked":"Loop+1","floor":22},{"not_picked":["Reinforced Body"],"picked":"SKIP","floor":23},{"not_picked":[],"picked":"Redo+1","floor":25},{"not_picked":["Rebound"],"picked":"SKIP","floor":27},{"not_picked":["Auto Shields"],"picked":"SKIP","floor":29},{"not_picked":[],"picked":"Amplify","floor":30},{"not_picked":[],"picked":"Electrodynamics","floor":33},{"not_picked":["Leap"],"picked":"SKIP","floor":35},{"not_picked":["Ball Lightning"],"picked":"SKIP","floor":36},{"not_picked":[],"picked":"Force Field","floor":39},{"not_picked":["Auto Shields"],"picked":"SKIP","floor":41},{"not_picked":["Scrape+1"],"picked":"SKIP","floor":42},{"not_picked":["Tempest"],"picked":"SKIP","floor":45},{"not_picked":["Turbo"],"picked":"SKIP","floor":47},{"not_picked":["Barrage+1"],"picked":"SKIP","floor":48},{"not_picked":[],"picked":"Leap+1","floor":54}],"player_experience":613426,"relics_obtained":[{"floor":7,"key":"Lizard Tail"},{"floor":9,"key":"Letter Opener"},{"floor":23,"key":"Peace Pipe"},{"floor":25,"key":"TungstenRod"},{"floor":26,"key":"Happy Flower"},{"floor":27,"key":"Cables"},{"floor":30,"key":"Boot"},{"floor":41,"key":"Strawberry"},{"floor":44,"key":"Bird Faced Urn"},{"floor":45,"key":"Regal Pillow"},{"floor":54,"key":"Bag of Marbles"}],"event_choices":[{"damage_healed":0,"gold_gain":0,"player_choice":"Box","damage_taken":0,"relics_obtained":["Orichalcum"],"max_hp_gain":0,"max_hp_loss":0,"event_name":"Big Fish","floor":5,"gold_loss":0,"cards_obtained":["Regret"]},{"cards_removed":["Regret"],"damage_healed":0,"gold_gain":0,"player_choice":"Card Removal","damage_taken":0,"max_hp_gain":0,"max_hp_loss":0,"event_name":"The Cleric","floor":8,"gold_loss":50},{"damage_healed":0,"gold_gain":75,"player_choice":"Gather Gold","damage_taken":11,"max_hp_gain":0,"max_hp_loss":0,"event_name":"World of Goop","floor":12,"gold_loss":0},{"damage_healed":0,"gold_gain":0,"player_choice":"Read","damage_taken":0,"max_hp_gain":0,"max_hp_loss":0,"event_name":"The Library","floor":20,"gold_loss":0,"cards_obtained":["Glacier"]},{"damage_healed":0,"gold_gain":0,"player_choice":"1 cards matched","damage_taken":0,"max_hp_gain":0,"max_hp_loss":0,"event_name":"Match and Keep!","floor":21,"gold_loss":0,"cards_obtained":["Creative AI"]},{"damage_healed":19,"gold_gain":0,"player_choice":"Writhe","damage_taken":0,"max_hp_gain":0,"max_hp_loss":0,"event_name":"Winding Halls","floor":37,"gold_loss":0,"cards_obtained":["Writhe"]},{"damage_healed":0,"gold_gain":0,"player_choice":"Fight","damage_taken":0,"max_hp_gain":0,"max_hp_loss":0,"event_name":"Mysterious Sphere","floor":44,"gold_loss":0}],"is_beta":false,"boss_relics":[{"not_picked":["Coffee Dripper","Philosopher\u0027s Stone"],"picked":"Busted Crown"},{"not_picked":["Tiny House","Velvet Choker"],"picked":"Nuclear Battery"}],"items_purged_floors":[19],"is_endless":false,"potions_floor_spawned":[1,2,13,16,22,23,30,33,36,41,45,47,48,54],"ascension_level":10}}