{"host":"6swbl1yqdi8v28pk","time":1610414877,"event":{"mods":["AchievementEnabler","BaseMod","Colored Map","Minty Spire (QoL Compilation)","Quick Restart"],"gold_per_floor":[117,117,38,49,60,91,106,106,106,56,56,73,73,93,93,192,192,203,76,94,109,109,109],"floor_reached":22,"playtime":841,"items_purged":["Strike_B"],"score":188,"play_id":"387d325e-f9d5-4732-9c74-3a54024cd2f8","local_time":"20210111192757","is_ascension_mode":false,"campfire_choices":[{"data":"Biased Cognition","floor":8.0,"key":"SMITH"},{"floor":15.0,"key":"REST"}],"circlet_count":0,"master_deck":["Strike_B","Strike_B","Defend_B","Defend_B","Defend_B","Defend_B","Zap","Dualcast","Sweeping Beam","Undo","Beam Cell","Ball Lightning","Biased Cognition+1","Steam","Rebound","Coolheaded","Echo Form","Coolheaded","Rebound"],"relics":["Busted Crown","Gremlin Horn","Orichalcum","MealTicket","Snecko Eye"],"acts_visited":["Exordium","TheCity"],"potions_floor_usage":[],"damage_taken":[{"damage":0.0,"enemies":"Cultist","floor":1.0,"turns":4.0},{"damage":2.0,"enemies":"2 Louse","floor":4.0,"turns":2.0},{"damage":2.0,"enemies":"Small Slimes","floor":5.0,"turns":3.0},{"damage":17.0,"enemies":"Lagavulin","floor":6.0,"turns":7.0},{"damage":8.0,"enemies":"Red Slaver","floor":7.0,"turns":3.0},{"damage":8.0,"enemies":"Exordium Thugs","floor":12.0,"turns":4.0},{"damage":11.0,"enemies":"Large Slime","floor":14.0,"turns":5.0},{"damage":25.0,"enemies":"The Guardian","floor":16.0,"turns":13.0},{"damage":9.0,"enemies":"Spheric Guardian","floor":18.0,"turns":4.0},{"damage":0.0,"enemies":"Shell Parasite","floor":20.0,"turns":5.0},{"damage":27.0,"enemies":"Snake Plant","floor":21.0,"turns":5.0},{"damage":0,"enemies":"Centurion and Healer","floor":22,"turns":1}],"seed_played":"8295299338698294358","potions_obtained":[{"floor":4.0,"key":"LiquidMemories"},{"floor":6.0,"key":"SkillPotion"},{"floor":12.0,"key":"Fruit Juice"},{"floor":14.0,"key":"EssenceOfDarkness"},{"floor":20.0,"key":"Swift Potion"}],"is_trial":false,"path_per_floor":["M","T","$","M","M","E","M","R","T","?","$","M","?","M","R","B",null,"M","$","M","M","M"],"character_chosen":"DEFECT","items_purchased":["Undo","Coolheaded"],"campfire_rested":1,"item_purchase_floors":[3,19],"current_hp_per_floor":[75,75,75,73,71,54,46,46,46,46,46,43,43,32,56,31,80,71,80,80,53,53,53],"gold":109,"neow_bonus":"BOSS_RELIC","is_daily":false,"chose_seed":false,"campfire_upgraded":1,"win_rate":0.0,"timestamp":1610414877,"path_taken":["M","?","$","M","M","E","M","R","T","?","$","M","?","M","R","BOSS","M","$","M","M","M"],"items_purchased_type":["Card","Card"],"build_version":"2020-12-22","purchased_purges":1,"victory":false,"max_hp_per_floor":[75,75,75,75,75,75,75,75,75,75,75,80,80,80,80,80,80,80,80,80,80,80,80],"card_choices":[{"not_picked":[],"picked":"Sweeping Beam","floor":1.0},{"not_picked":[],"picked":"Beam Cell","floor":4.0},{"not_picked":[],"picked":"Ball Lightning","floor":5.0},{"not_picked":[],"picked":"Biased Cognition","floor":6.0},{"not_picked":[],"picked":"Steam","floor":7.0},{"not_picked":[],"picked":"Rebound","floor":12.0},{"not_picked":[],"picked":"Coolheaded","floor":14.0},{"not_picked":[],"picked":"Echo Form","floor":16.0},{"not_picked":["Compile Driver"],"picked":"SKIP","floor":18.0},{"not_picked":[],"picked":"Rebound","floor":20.0},{"not_picked":["Gash+1"],"picked":"SKIP","floor":21.0}],"player_experience":123844,"relics_obtained":[{"floor":2.0,"key":"Gremlin Horn"},{"floor":6.0,"key":"Orichalcum"}],"event_choices":[{"cards_removed":["Strike_B"],"damage_healed":0.0,"max_hp_gain":0.0,"max_hp_loss":0.0,"gold_gain":0.0,"event_name":"The Cleric","player_choice":"Card Removal","floor":10.0,"gold_loss":50.0,"damage_taken":0.0},{"damage_healed":0.0,"max_hp_gain":0.0,"max_hp_loss":0.0,"gold_gain":0.0,"event_name":"WeMeetAgain","player_choice":"Gave Potion","floor":13.0,"gold_loss":0.0,"damage_taken":0.0,"relics_obtained":["MealTicket"]}],"is_beta":false,"boss_relics":[{"not_picked":["Runic Pyramid","Tiny House"],"picked":"Snecko Eye"}],"items_purged_floors":[19],"is_endless":false,"potions_floor_spawned":[4,6,12,14,20],"killed_by":"Centurion and Healer","ascension_level":0}}