{"host":"f5gffvlv6a66yqkd","time":1610432502,"event":{"mods":["2.2 Compatiblity","BaseMod","Colored Map","DeckTracker","Keyboard Shortcuts","Minty Spire (QoL Compilation)","Permanent Neow","Quick Restart","Relic Stats","StSLib","SuperFastMode"],"gold_per_floor":[110,123,133,83,101,131,206,206,206,59,69,89,89,106,106,106,106],"floor_reached":16,"playtime":356,"items_purged":[],"score":154,"play_id":"80fb1d02-687e-4b66-892e-e602a99d0428","local_time":"20210112152142","daily_mods":["Heirloom"],"is_ascension_mode":false,"campfire_choices":[{"floor":13,"key":"REST"},{"data":"Blood for Blood","floor":15,"key":"SMITH"}],"circlet_count":0,"master_deck":["Strike_R","Strike_R","Strike_R","Strike_R","Strike_R","Defend_R","Defend_R","Defend_R","Bash","Fire Breathing","Clothesline","Burning Pact","Feel No Pain","Sentinel","Shockwave","Feel No Pain","Headbutt","Blood for Blood+1","Wild Strike","Flame Barrier"],"relics":["Burning Blood","Calipers","CaptainsWheel","Charon\u0027s Ashes","Orrery"],"acts_visited":["Exordium"],"potions_floor_usage":[16,16],"damage_taken":[{"damage":1,"enemies":"Jaw Worm","floor":1,"turns":4},{"damage":10,"enemies":"Small Slimes","floor":2,"turns":3},{"damage":0,"enemies":"2 Louse","floor":3,"turns":4},{"damage":5,"enemies":"Looter","floor":5,"turns":4},{"damage":43,"enemies":"Lagavulin","floor":6,"turns":9},{"damage":12,"enemies":"Blue Slaver","floor":11,"turns":5},{"damage":24,"enemies":"Exordium Thugs","floor":12,"turns":5},{"damage":13,"enemies":"Exordium Wildlife","floor":14,"turns":5},{"damage":14,"enemies":"The Guardian","floor":16,"turns":7}],"seed_played":"-1063148788550119386","potions_obtained":[{"floor":5,"key":"BlessingOfTheForge"},{"floor":11,"key":"Dexterity Potion"},{"floor":14,"key":"SkillPotion"}],"is_trial":true,"path_per_floor":["M","M","M","?","M","E","?","?","T","$","M","M","R","M","R","B"],"character_chosen":"IRONCLAD","items_purchased":["Orrery"],"campfire_rested":1,"item_purchase_floors":[10],"current_hp_per_floor":[80,76,80,80,80,43,32,37,37,37,31,13,38,31,31,17,17],"gold":106,"neow_bonus":"","is_daily":false,"chose_seed":false,"campfire_upgraded":1,"win_rate":0.0,"timestamp":1610432502,"path_taken":["M","M","M","?","M","E","?","?","T","$","M","M","R","M","R","BOSS"],"items_purchased_type":["Relic"],"build_version":"2020-12-22","purchased_purges":0,"victory":false,"max_hp_per_floor":[80,80,80,80,80,80,80,85,85,85,85,85,85,85,85,85,85],"relic_stats":{"counters":[9,46],"Charon\u0027s Ashes":[45],"obtain_stats":[{"CaptainsWheel":6,"Calipers":0,"Orrery":10,"Charon\u0027s Ashes":9,"Burning Blood":0},{"CaptainsWheel":5,"Calipers":0,"Orrery":5,"Charon\u0027s Ashes":5,"Burning Blood":0},{"CaptainsWheel":24,"Calipers":0,"Orrery":24,"Charon\u0027s Ashes":24,"Burning Blood":0}],"Burning Blood":40},"card_choices":[{"not_picked":["Thunderclap","Havoc","True Grit"],"picked":"SKIP","floor":1},{"not_picked":["Blood for Blood","Twin Strike"],"picked":"Fire Breathing","floor":2},{"not_picked":["Flex","Headbutt","Rage"],"picked":"SKIP","floor":3},{"not_picked":["Iron Wave","Twin Strike"],"picked":"Clothesline","floor":5},{"not_picked":["Dark Embrace","Corruption"],"picked":"Burning Pact","floor":6},{"not_picked":["Reckless Charge","Heavy Blade"],"picked":"Feel No Pain","floor":10},{"not_picked":["Heavy Blade","Iron Wave"],"picked":"Sentinel","floor":10},{"not_picked":["Twin Strike","Rupture"],"picked":"Shockwave","floor":10},{"not_picked":["Headbutt","Twin Strike"],"picked":"Feel No Pain","floor":10},{"not_picked":["Corruption","Rampage"],"picked":"Headbutt","floor":10},{"not_picked":["Clash","Sword Boomerang"],"picked":"Blood for Blood","floor":11},{"not_picked":["Clash","Heavy Blade"],"picked":"Wild Strike","floor":12},{"not_picked":["Heavy Blade","Warcry"],"picked":"Flame Barrier","floor":14}],"player_experience":1547430,"relics_obtained":[{"floor":6,"key":"CaptainsWheel"},{"floor":9,"key":"Charon\u0027s Ashes"}],"event_choices":[{"cards_removed":["Defend_R"],"damage_healed":0,"gold_gain":0,"player_choice":"Card Removal","damage_taken":0,"max_hp_gain":0,"max_hp_loss":0,"event_name":"The Cleric","floor":4,"gold_loss":50},{"damage_healed":0,"gold_gain":75,"player_choice":"Gather Gold","damage_taken":11,"max_hp_gain":0,"max_hp_loss":0,"event_name":"World of Goop","floor":7,"gold_loss":0},{"damage_healed":0,"gold_gain":0,"player_choice":"Donut","damage_taken":0,"max_hp_gain":5,"max_hp_loss":0,"event_name":"Big Fish","floor":8,"gold_loss":0}],"is_beta":false,"boss_relics":[],"items_purged_floors":[],"is_endless":true,"potions_floor_spawned":[5,11,14],"killed_by":"The Guardian","ascension_level":0}}