{"host":"w9yruvs4bqht6bhw","time":1610428794,"event":{"mods":["BaseMod","Colored Powertips","Minty Spire (QoL Compilation)"],"gold_per_floor":[117,39,39,51,68,97,97,131,131,150,166,166,181,181,181,278,278,292,292,207,196,0,0,0,0,0,0,20,20,20,20,20,125,125,136,136,136,136,150,150,165,165,165,165,165,165,165],"floor_reached":46,"playtime":1455,"items_purged":[],"score":643,"play_id":"e66607ae-b2b7-4900-b8f9-c5200b399b4b","local_time":"20210112001954","is_ascension_mode":true,"campfire_choices":[{"floor":7,"key":"REST"},{"floor":12,"key":"REST"},{"floor":15,"key":"REST"},{"data":"Feed","floor":23,"key":"SMITH"},{"data":"RitualDagger","floor":27,"key":"SMITH"},{"floor":29,"key":"REST"},{"floor":32,"key":"REST"},{"floor":40,"key":"REST"},{"floor":42,"key":"REST"}],"circlet_count":0,"master_deck":["Strike_R+1","Strike_R+1","Strike_R+1","Strike_R+1","Strike_R+1","Defend_R+1","Defend_R+1","Defend_R+1","Bash","Iron Wave","Spot Weakness","Shrug It Off","Shrug It Off","Shockwave","Shrug It Off","Seeing Red","Feed+1","Headbutt","RitualDagger+1","Heavy Blade","Writhe","Parasite"],"relics":["Black Blood","NeowsBlessing","Blood Vial","Blue Candle","Red Skull","Pear","SlaversCollar","Lizard Tail","PreservedInsect","Bronze Scales","Pantograph","Sundial"],"acts_visited":["Exordium","TheCity","TheBeyond"],"potions_floor_usage":[6,8,16,18,28,28,37,46],"damage_taken":[{"damage":0,"enemies":"Jaw Worm","floor":1,"turns":1},{"damage":0,"enemies":"Cultist","floor":4,"turns":1},{"damage":0,"enemies":"2 Louse","floor":5,"turns":1},{"damage":61,"enemies":"Lagavulin","floor":6,"turns":9},{"damage":34,"enemies":"Gremlin Nob","floor":8,"turns":5},{"damage":8,"enemies":"2 Fungi Beasts","floor":10,"turns":3},{"damage":0,"enemies":"Blue Slaver","floor":11,"turns":4},{"damage":25,"enemies":"3 Louse","floor":13,"turns":4},{"damage":49,"enemies":"Hexaghost","floor":16,"turns":8},{"damage":20,"enemies":"Shell Parasite","floor":18,"turns":8},{"damage":16,"enemies":"2 Thieves","floor":21,"turns":4},{"damage":31,"enemies":"Shelled Parasite and Fungi","floor":28,"turns":6},{"damage":85,"enemies":"Champ","floor":33,"turns":11},{"damage":25,"enemies":"3 Shapes","floor":35,"turns":8},{"damage":0,"enemies":"3 Darklings","floor":37,"turns":1},{"damage":79,"enemies":"4 Shapes","floor":39,"turns":6},{"damage":102,"enemies":"Writhing Mass","floor":41,"turns":10},{"damage":66,"enemies":"Jaw Worm Horde","floor":46,"turns":5}],"seed_played":"5488572507039580242","potions_obtained":[{"floor":4,"key":"ElixirPotion"},{"floor":5,"key":"SteroidPotion"},{"floor":10,"key":"CultistPotion"},{"floor":16,"key":"Energy Potion"},{"floor":21,"key":"SmokeBomb"},{"floor":28,"key":"Fruit Juice"},{"floor":41,"key":"PowerPotion"}],"is_trial":false,"path_per_floor":["M","$","?","M","M","E","R","E","T","M","M","R","M","?","R","B",null,"M","$","?","M","$","R","?","?","T","R","M","R","$","?","R","B",null,"M","?","M","?","M","R","M","R","T","?","T","M"],"character_chosen":"IRONCLAD","items_purchased":["Spot Weakness","PreservedInsect","Block Potion"],"campfire_rested":7,"item_purchase_floors":[2,22,22],"current_hp_per_floor":[78,78,78,80,80,25,49,23,23,23,31,55,38,41,68,27,74,62,62,62,54,54,54,54,48,48,48,30,58,58,58,86,9,74,67,92,99,99,32,61,24,53,53,53,53,0,0],"gold":165,"neow_bonus":"THREE_ENEMY_KILL","is_daily":false,"chose_seed":false,"campfire_upgraded":2,"win_rate":0.0,"timestamp":1610428794,"path_taken":["M","$","?","?","M","E","R","E","T","M","M","R","M","?","R","BOSS","M","$","?","M","$","R","?","?","T","R","M","R","$","?","R","BOSS","M","?","M","?","M","R","M","R","T","?","?","M"],"items_purchased_type":["Card","Relic","Potion"],"build_version":"2020-12-22","purchased_purges":0,"victory":false,"max_hp_per_floor":[80,80,80,80,80,80,80,80,80,80,80,80,80,90,90,90,90,90,90,90,90,90,90,90,90,90,90,95,95,95,95,95,95,95,99,99,99,99,99,99,99,99,99,99,99,103,103],"card_choices":[{"not_picked":["Flex","Dark Embrace"],"picked":"Iron Wave","floor":1},{"not_picked":["Clothesline","Brutality","Sever Soul"],"picked":"SKIP","floor":4},{"not_picked":["Pommel Strike","Power Through"],"picked":"Shrug It Off","floor":5},{"not_picked":["Combust","Cleave"],"picked":"Shrug It Off","floor":6},{"not_picked":["Evolve","Cleave"],"picked":"Shockwave","floor":8},{"not_picked":["Sword Boomerang","Bloodletting"],"picked":"Shrug It Off","floor":10},{"not_picked":["Flex","Havoc"],"picked":"Seeing Red","floor":11},{"not_picked":["Thunderclap","Clothesline","Havoc"],"picked":"SKIP","floor":13},{"not_picked":["Immolate","Brutality"],"picked":"Feed","floor":16},{"not_picked":["Perfected Strike","Twin Strike"],"picked":"Headbutt","floor":18},{"not_picked":["Perfected Strike","Cleave","Pommel Strike"],"picked":"SKIP","floor":21},{"not_picked":["Cleave","Body Slam+1","Combust"],"picked":"SKIP","floor":28},{"not_picked":["Body Slam+1","Dark Embrace"],"picked":"Heavy Blade","floor":35},{"not_picked":["Headbutt+1","Sword Boomerang+1","Wild Strike+1"],"picked":"SKIP","floor":39},{"not_picked":["Dark Embrace","Armaments+1","Wild Strike"],"picked":"SKIP","floor":41}],"player_experience":385607,"relics_obtained":[{"floor":6,"key":"Blood Vial"},{"floor":8,"key":"Blue Candle"},{"floor":9,"key":"Red Skull"},{"floor":26,"key":"Bronze Scales"},{"floor":43,"key":"Pantograph"},{"floor":45,"key":"Sundial"}],"event_choices":[{"cards_removed":["Defend_R"],"damage_healed":0,"gold_gain":0,"player_choice":"Offered Basic","damage_taken":0,"max_hp_gain":0,"max_hp_loss":0,"event_name":"Bonfire Elementals","floor":3,"gold_loss":0},{"damage_healed":0,"gold_gain":0,"player_choice":"Success","damage_taken":7,"relics_obtained":["Pear"],"max_hp_gain":0,"max_hp_loss":0,"event_name":"Scrap Ooze","floor":14,"gold_loss":0},{"damage_healed":0,"gold_gain":0,"player_choice":"Obtained Relic","damage_taken":0,"relics_obtained":["Lizard Tail"],"max_hp_gain":0,"max_hp_loss":0,"event_name":"Addict","floor":20,"gold_loss":85},{"damage_healed":0,"gold_gain":0,"player_choice":"Ignored","damage_taken":0,"max_hp_gain":0,"max_hp_loss":0,"event_name":"Ghosts","floor":24,"gold_loss":0},{"damage_healed":0,"gold_gain":0,"player_choice":"Joined the Cult","damage_taken":6,"max_hp_gain":0,"max_hp_loss":0,"event_name":"Nest","floor":25,"gold_loss":0,"cards_obtained":["RitualDagger"]},{"damage_healed":0,"gold_gain":0,"player_choice":"Simplicity","damage_taken":0,"max_hp_gain":0,"max_hp_loss":0,"event_name":"Back to Basics","floor":31,"gold_loss":0,"cards_upgraded":["Strike_R","Strike_R","Strike_R","Strike_R","Strike_R","Defend_R","Defend_R","Defend_R"]},{"damage_healed":25,"gold_gain":0,"player_choice":"Writhe","damage_taken":0,"max_hp_gain":0,"max_hp_loss":0,"event_name":"Winding Halls","floor":36,"gold_loss":0,"cards_obtained":["Writhe"]},{"damage_healed":0,"gold_gain":0,"player_choice":"Ignored","damage_taken":0,"max_hp_gain":0,"max_hp_loss":0,"event_name":"Mysterious Sphere","floor":38,"gold_loss":0},{"damage_healed":0,"gold_gain":0,"player_choice":"Ignored","damage_taken":0,"max_hp_gain":0,"max_hp_loss":0,"event_name":"Tomb of Lord Red Mask","floor":44,"gold_loss":0}],"is_beta":false,"boss_relics":[{"not_picked":["Velvet Choker","Runic Pyramid"],"picked":"SlaversCollar"},{"not_picked":["Calling Bell","Coffee Dripper"],"picked":"Black Blood"}],"items_purged_floors":[],"is_endless":false,"potions_floor_spawned":[4,5,10,16,21,28,41],"killed_by":"Jaw Worm Horde","ascension_level":9}}