{"host":"refsn2q8at3dn95k","time":1610418774,"event":{"mods":["BaseMod","Hubris","Infinite Spire","Minty Spire (QoL Compilation)","Replay The Spire","StSLib","The Jungle"],"gold_per_floor":[110,128,146,126,143,143,169,94,121,21,35,54,73,73,73,73,73],"floor_reached":16,"playtime":944,"items_purged":["Defend_R","Defend_R"],"score":219,"play_id":"34a9f591-5574-46a5-973f-7c0750338e05","local_time":"20210111203254","is_ascension_mode":true,"campfire_choices":[{"data":"Heavy Blade","floor":6,"key":"SMITH"},{"floor":15,"key":"REST"}],"circlet_count":0,"master_deck":["AscendersBane","Strike_R","Strike_R","Strike_R","Strike_R","Defend_R","Defend_R","Bash","Clash","Sword Boomerang","Heavy Blade+1","Pummel","Immolate","Flex"],"relics":["Ring of Chaos","Happy Flower","Omamori"],"acts_visited":["Exordium"],"potions_floor_usage":[5,7,12,12],"damage_taken":[{"damage":1,"enemies":"Cultist","floor":1,"turns":4},{"damage":1,"enemies":"Small Slimes","floor":2,"turns":2},{"damage":12,"enemies":"Jaw Worm","floor":3,"turns":2},{"damage":8,"enemies":"3 Louse","floor":5,"turns":3},{"damage":0,"enemies":"Gremlin Nob","floor":7,"turns":2},{"damage":24,"enemies":"Exordium Wildlife","floor":11,"turns":2},{"damage":15,"enemies":"Gremlin Gang","floor":12,"turns":2},{"damage":14,"enemies":"Red Slaver","floor":13,"turns":3},{"damage":31,"enemies":"Hexaghost","floor":16,"turns":4}],"seed_played":"-8938262087907252174","potions_obtained":[{"floor":2,"key":"Regen Potion"},{"floor":4,"key":"Cursed Concoction"},{"floor":5,"key":"SteroidPotion"},{"floor":11,"key":"Regen Potion"}],"is_trial":false,"path_per_floor":["M","M","M","?","M","R","E","$","T","$","M","M","M","?","R","B"],"character_chosen":"IRONCLAD","items_purchased":[],"campfire_rested":1,"item_purchase_floors":[],"current_hp_per_floor":[67,66,54,54,55,55,55,55,55,55,31,21,7,7,29,0,0],"gold":73,"neow_bonus":"BOSS_RELIC","is_daily":false,"chose_seed":false,"campfire_upgraded":1,"win_rate":0.0,"timestamp":1610418774,"path_taken":["M","M","?","?","?","R","E","$","T","$","M","?","M","?","R","BOSS"],"items_purchased_type":[],"build_version":"2020-12-22","purchased_purges":2,"victory":false,"max_hp_per_floor":[75,75,75,75,75,75,75,75,75,75,75,75,75,75,75,75,75],"card_choices":[{"not_picked":["Defy Death","Anger"],"picked":"Clash","floor":1},{"not_picked":["hubris:ReadiedAction","ReplayTheSpireMod:Muscle Training"],"picked":"Sword Boomerang","floor":2},{"not_picked":["Sentinel","Dropkick","ReplayTheSpireMod:Strike From Hell"],"picked":"SKIP","floor":3},{"not_picked":["Searing Blow","Clothesline"],"picked":"Heavy Blade","floor":5},{"not_picked":["hubris:CleavingFinish","Body Slam","hubris:StunningStrike"],"picked":"SKIP","floor":7},{"not_picked":["Perfected Strike","Ghostly Armor","infinitespire:OneForAll"],"picked":"SKIP","floor":11},{"not_picked":["Wild Strike","Perfected Strike"],"picked":"Pummel","floor":12},{"not_picked":["Ghostly Armor","Cleave"],"picked":"Immolate","floor":13}],"player_experience":1624699,"relics_obtained":[{"floor":7,"key":"Happy Flower"},{"floor":9,"key":"Omamori"}],"event_choices":[{"damage_healed":0,"gold_gain":0,"player_choice":"Bought 1 Potion","damage_taken":0,"max_hp_gain":0,"max_hp_loss":0,"event_name":"The Woman in Blue","floor":4,"gold_loss":0},{"damage_healed":0,"gold_gain":0,"cards_transformed":["Strike_R"],"player_choice":"Transformed","damage_taken":0,"max_hp_gain":0,"max_hp_loss":0,"event_name":"Transmorgrifier","floor":14,"gold_loss":0,"cards_obtained":["Flex"]}],"is_beta":false,"boss_relics":[],"items_purged_floors":[8,10],"is_endless":false,"potions_floor_spawned":[2,5,11],"killed_by":"Hexaghost","ascension_level":14}}