{"host":"359hz4210ybch7ku","time":1610427006,"event":{"mods":["BaseMod","Block Reminder","Colored Map","Colored Powertips","Highlight Path","Minty Spire (QoL Compilation)","Slay the Relics Exporter","StSLib"],"gold_per_floor":[119,130,142,61,74,74,25,25,106,123,148,159,259,272,272,373,373,387,407,419,433,450,450,365,397,397,397,397,91,91,122,122,218,218,230,247,257,269,282,282,316,316,316,329,0,60,80,80,80],"floor_reached":48,"playtime":4779,"items_purged":["Defend_P","Strike_P+1"],"score":791,"play_id":"32413fd4-cabe-460b-8fec-705d68a45c13","local_time":"20210111205006","is_ascension_mode":true,"campfire_choices":[{"data":"ForeignInfluence","floor":6,"key":"SMITH"},{"data":"Eruption","floor":8,"key":"SMITH"},{"floor":15,"key":"REST"},{"data":"LessonLearned","floor":23,"key":"SMITH"},{"data":"Wallop","floor":28,"key":"SMITH"},{"data":"SandsOfTime","floor":30,"key":"SMITH"},{"data":"BattleHymn","floor":32,"key":"SMITH"},{"floor":40,"key":"REST"},{"floor":42,"key":"REST"}],"circlet_count":0,"master_deck":["Strike_P+1","Strike_P+1","Strike_P+1","Defend_P+1","Defend_P+1","Defend_P+1","Eruption+1","Vigilance+1","ForeignInfluence+1","Wallop+1","InnerPeace+1","Adaptation+1","WaveOfTheHand+1","LikeWater+1","LessonLearned+1","SandsOfTime+1","Vault+1","TalkToTheHand+1","Protect+1","SandsOfTime+1","BattleHymn+1","Vault+1","LikeWater+1","ReachHeaven+1","Collect+1","Wish","LikeWater","LikeWater+1","DeusExMachina"],"relics":["PureWater","CloakClasp","HornCleat","Nunchaku","Snecko Eye","Gremlin Horn","Kunai","Matryoshka","Toolbox","Orichalcum","Runic Pyramid","Lantern","Akabeko","Ornamental Fan","Bottled Flame"],"acts_visited":["Exordium","TheCity","TheBeyond"],"potions_floor_usage":[10,16,16,18,21,25,31,31,46,46,48,48],"damage_taken":[{"damage":0,"enemies":"Cultist","floor":1,"turns":4},{"damage":0,"enemies":"Jaw Worm","floor":2,"turns":2},{"damage":0,"enemies":"2 Louse","floor":3,"turns":1},{"damage":6,"enemies":"2 Fungi Beasts","floor":5,"turns":4},{"damage":0,"enemies":"Gremlin Gang","floor":10,"turns":2},{"damage":10,"enemies":"3 Sentries","floor":11,"turns":10},{"damage":0,"enemies":"Lots of Slimes","floor":12,"turns":5},{"damage":1,"enemies":"Large Slime","floor":14,"turns":5},{"damage":12,"enemies":"Hexaghost","floor":16,"turns":14},{"damage":0,"enemies":"Chosen","floor":18,"turns":3},{"damage":0,"enemies":"Shell Parasite","floor":19,"turns":3},{"damage":3,"enemies":"3 Cultists","floor":20,"turns":8},{"damage":0,"enemies":"Chosen and Byrds","floor":21,"turns":5},{"damage":0,"enemies":"Centurion and Healer","floor":22,"turns":5},{"damage":0,"enemies":"Book of Stabbing","floor":25,"turns":3},{"damage":0,"enemies":"Slavers","floor":31,"turns":3},{"damage":0,"enemies":"Collector","floor":33,"turns":5},{"damage":39,"enemies":"3 Shapes","floor":35,"turns":5},{"damage":16,"enemies":"3 Darklings","floor":36,"turns":6},{"damage":0,"enemies":"Spire Growth","floor":37,"turns":6},{"damage":0,"enemies":"Maw","floor":38,"turns":10},{"damage":0,"enemies":"3 Darklings","floor":39,"turns":2},{"damage":11,"enemies":"Reptomancer","floor":41,"turns":7},{"damage":0,"enemies":"Jaw Worm Horde","floor":44,"turns":4},{"damage":44,"enemies":"Nemesis","floor":46,"turns":7},{"damage":3,"enemies":"4 Shapes","floor":47,"turns":4},{"damage":21,"enemies":"Reptomancer","floor":48,"turns":4}],"seed_played":"-7092368001671818164","potions_obtained":[{"floor":1,"key":"Ambrosia"},{"floor":5,"key":"Dexterity Potion"},{"floor":12,"key":"GamblersBrew"},{"floor":14,"key":"SkillPotion"},{"floor":20,"key":"AttackPotion"},{"floor":22,"key":"SkillPotion"},{"floor":25,"key":"ColorlessPotion"},{"floor":33,"key":"SteroidPotion"},{"floor":35,"key":"Ambrosia"},{"floor":37,"key":"Block Potion"},{"floor":47,"key":"SteroidPotion"}],"is_trial":false,"path_per_floor":["M","M","M","$","M","R","$","R","T","M","E","M","?","M","R","B",null,"M","M","M","M","M","R","?","E","T","?","R","$","R","E","R","B",null,"M","M","M","M","M","R","E","R","T","M","$","E","M","E"],"character_chosen":"WATCHER","items_purchased":["Adaptation","Explosive Potion","Toolbox","BattleHymn","BottledMiracle","Wish","LikeWater"],"campfire_rested":3,"item_purchase_floors":[4,7,29,29,29,45,45],"current_hp_per_floor":[51,51,51,51,45,45,45,45,45,45,35,35,35,34,55,43,72,72,72,69,69,69,69,69,69,69,69,69,69,69,69,69,69,72,33,17,17,17,17,38,27,48,48,48,48,4,1,0,0],"gold":80,"neow_bonus":"ONE_RARE_RELIC","is_daily":false,"chose_seed":false,"campfire_upgraded":6,"win_rate":0.0,"timestamp":1610427006,"path_taken":["M","?","M","$","M","R","$","R","T","M","E","M","?","M","R","BOSS","M","?","M","M","M","R","?","E","T","?","R","$","R","E","R","BOSS","M","M","M","M","M","R","E","R","T","?","$","E","M","E"],"items_purchased_type":["Card","Potion","Relic","Card","Potion","Card","Card"],"build_version":"2020-12-22","purchased_purges":2,"victory":false,"max_hp_per_floor":[72,72,72,72,72,72,72,72,72,72,72,72,72,72,72,72,72,72,72,72,72,72,72,72,72,72,72,72,72,72,72,72,72,72,72,72,72,72,72,72,72,72,72,72,72,72,72,72,72],"card_choices":[{"not_picked":["CrushJoints","FlyingSleeves"],"picked":"ForeignInfluence","floor":1},{"not_picked":["EmptyFist","Evaluate"],"picked":"Wallop","floor":2},{"not_picked":["ThirdEye","Evaluate"],"picked":"InnerPeace","floor":3},{"not_picked":["FearNoEvil","InnerPeace"],"picked":"MasterReality","floor":5},{"not_picked":["CrushJoints","FlyingSleeves"],"picked":"WaveOfTheHand","floor":10},{"not_picked":["ThirdEye","Wish"],"picked":"LikeWater","floor":11},{"not_picked":["PathToVictory","FlyingSleeves","CutThroughFate"],"picked":"SKIP","floor":12},{"not_picked":["EmptyFist","Indignation","CrushJoints"],"picked":"SKIP","floor":14},{"not_picked":["Blasphemy","Omniscience"],"picked":"LessonLearned","floor":16},{"not_picked":["ClearTheMind","Prostrate","BowlingBash"],"picked":"SKIP","floor":18},{"not_picked":["CutThroughFate+1","JustLucky"],"picked":"SandsOfTime","floor":19},{"not_picked":["EmptyBody","Halt+1"],"picked":"Vault","floor":20},{"not_picked":["Crescendo","EmptyBody"],"picked":"TalkToTheHand+1","floor":21},{"not_picked":["FlurryOfBlows+1","Wireheading"],"picked":"Protect","floor":22},{"not_picked":["Fasting2","SashWhip+1"],"picked":"SandsOfTime","floor":25},{"not_picked":["ThirdEye+1","BattleHymn","Halt"],"picked":"SKIP","floor":31},{"not_picked":["Alpha","Judgement"],"picked":"Vault","floor":33},{"not_picked":["CrushJoints","DeceiveReality"],"picked":"LikeWater+1","floor":35},{"not_picked":["DeceiveReality","Vengeance"],"picked":"ReachHeaven+1","floor":36},{"not_picked":["Vengeance","CrushJoints+1","LikeWater+1"],"picked":"SKIP","floor":37},{"not_picked":["FearNoEvil+1","Weave+1","Study+1"],"picked":"SKIP","floor":38},{"not_picked":["EmptyBody","ThirdEye"],"picked":"Collect+1","floor":39},{"not_picked":["FlyingSleeves","EmptyFist+1","BowlingBash"],"picked":"SKIP","floor":41},{"not_picked":["EmptyBody","JustLucky","Worship"],"picked":"SKIP","floor":44},{"not_picked":["Indignation+1","MentalFortress"],"picked":"LikeWater+1","floor":46},{"not_picked":["Prostrate","PathToVictory+1"],"picked":"DeusExMachina","floor":47}],"player_experience":187576,"relics_obtained":[{"floor":9,"key":"HornCleat"},{"floor":11,"key":"Nunchaku"},{"floor":25,"key":"Kunai"},{"floor":26,"key":"Matryoshka"},{"floor":31,"key":"Orichalcum"},{"floor":41,"key":"Lantern"},{"floor":43,"key":"Akabeko"},{"floor":43,"key":"Ornamental Fan"},{"floor":46,"key":"Bottled Flame"}],"event_choices":[{"damage_healed":0,"gold_gain":100,"player_choice":"Pray","damage_taken":0,"max_hp_gain":0,"max_hp_loss":0,"event_name":"Golden Shrine","floor":13,"gold_loss":0},{"damage_healed":0,"gold_gain":0,"player_choice":"Obtained Relic","damage_taken":0,"relics_obtained":["Gremlin Horn"],"max_hp_gain":0,"max_hp_loss":0,"event_name":"Addict","floor":24,"gold_loss":85},{"cards_removed":["MasterReality"],"damage_healed":0,"gold_gain":0,"player_choice":"Card Removal","damage_taken":0,"max_hp_gain":0,"max_hp_loss":0,"event_name":"Wheel of Change","floor":27,"gold_loss":0}],"is_beta":false,"boss_relics":[{"not_picked":["Runic Dome","Cursed Key"],"picked":"Snecko Eye"},{"not_picked":["SacredBark","VioletLotus"],"picked":"Runic Pyramid"}],"items_purged_floors":[29,45],"is_endless":false,"potions_floor_spawned":[1,5,12,14,20,22,25,33,35,37,47],"killed_by":"Reptomancer","ascension_level":4}}