{"host":"l4am8ae7vj09bp0g","time":1610476633,"event":{"mods":["Act Like it!","BaseMod","Colored Powertips","Conspire","LagranYue(¿≠∏Ò¿ °§‘¬)","Minty Spire (QoL Compilation)","Quick Restart","Relic Filter","Replay The Spire","Shop Mod","StSLib","SuperFastMode","TestMod","vexMod"],"gold_per_floor":[112,161,161,161,177,209,242,24,73,103,135,165,189,219,219,330,330,349,11,11,31,31,80,80,80],"floor_reached":24,"playtime":870,"items_purged":["Delirium","Normality"],"score":691,"play_id":"fe86114e-1d9c-46bc-af06-efd00613429e","local_time":"20210113023713","daily_mods":["Heirloom","Time Dilation","Flight","DeadlyEvents","Cursed Run","Elite Swarm"],"is_ascension_mode":true,"campfire_choices":[{"data":"Limit Break","floor":15.0,"key":"SMITH"}],"circlet_count":0,"master_deck":["conspire:GhostlyStrike","conspire:GhostlyStrike","conspire:GhostlyStrike","conspire:GhostlyStrike","conspire:GhostlyStrike","conspire:GhostlyDefend","conspire:GhostlyDefend","conspire:GhostlyDefend","conspire:GhostlyDefend","Bash+1","Clash","Cleave","Reaper","Double Tap","conspire:Blindness","vexMod:UltimateCard","vexMod:UltimateCard","Feed","Limit Break+1","Writhe","Offering","ReplayTheSpireMod:Splinters","Dark Embrace+1","conspire:Blindness"],"relics":["Cursed Key","Darkstone Periapt","Du-Vu Doll","testmod-TestBox","LagranYue:RandomDrawCardRelic","testmod-Charity","Peace Pipe","Ring of Greed","The Courier","Onion Ring","MerchantsRug","Replay:Baseball","ReplayTheSpireMod:Lightbulb","StrikeDummy","vexMod:MemoryStick","vexMod:ConsolationPrize","SlaversCollar","Golden Egg","ReplayFunnel","Frozen Egg 2","Tiny Chest"],"acts_visited":["Exordium","TheCity"],"potions_floor_usage":[],"damage_taken":[{"damage":0.0,"enemies":"Small Slimes","floor":1.0,"turns":3.0},{"damage":1.0,"enemies":"Cultist","floor":5.0,"turns":3.0},{"damage":36.0,"enemies":"Lagavulin","floor":6.0,"turns":7.0},{"damage":14.0,"enemies":"Gremlin Nob","floor":7.0,"turns":3.0},{"damage":18.0,"enemies":"3 Sentries","floor":10.0,"turns":4.0},{"damage":0.0,"enemies":"Lagavulin","floor":11.0,"turns":2.0},{"damage":0.0,"enemies":"Gremlin Nob","floor":12.0,"turns":2.0},{"damage":0.0,"enemies":"Lagavulin","floor":13.0,"turns":4.0},{"damage":8.0,"enemies":"3 Sentries","floor":14.0,"turns":3.0},{"damage":13.0,"enemies":"Fading Forest","floor":16.0,"turns":8.0},{"damage":8.0,"enemies":"Shell Parasite","floor":18.0,"turns":2.0},{"damage":8.0,"enemies":"2 Thieves","floor":21.0,"turns":1.0},{"damage":28.0,"enemies":"Book of Stabbing","floor":23.0,"turns":3.0},{"damage":0,"enemies":"Slavers","floor":24,"turns":1}],"seed_played":"1866063919301994933","potions_obtained":[{"floor":1.0,"key":"SteroidPotion"},{"floor":7.0,"key":"Weak Potion"},{"floor":10.0,"key":"SteroidPotion"},{"floor":11.0,"key":"SmokeBomb"},{"floor":16.0,"key":"FearPotion"},{"floor":18.0,"key":"Fire Potion"},{"floor":23.0,"key":"SkillPotion"}],"is_trial":true,"path_per_floor":["M","?","?","?","M","E","E","$","T","E","E","E","E","E","R","B",null,"M","$","T","M","$","E","E"],"character_chosen":"IRONCLAD","items_purchased":["MerchantsRug","Replay:Baseball","Golden Egg","ReplayFunnel"],"campfire_rested":0,"item_purchase_floors":[8,8,19,19],"current_hp_per_floor":[81,88,88,88,88,53,48,57,64,63,70,82,96,89,89,118,133,128,131,137,132,132,129,129,129],"gold":80,"neow_bonus":"","is_daily":false,"chose_seed":false,"campfire_upgraded":1,"win_rate":0.0,"timestamp":1610476633,"path_taken":["M","?","?","?","?","E","E","$","T","E","E","?","E","E","R","BOSS","M","$","?","M","?","E","E"],"items_purchased_type":["Relic","Relic","Relic","Relic"],"build_version":"2020-12-22","purchased_purges":2,"victory":false,"max_hp_per_floor":[81,88,88,88,89,90,91,100,107,108,115,116,117,118,118,133,133,136,139,145,148,148,161,161,161],"card_choices":[{"not_picked":["Dual Wield","Dark Embrace"],"picked":"Clash","floor":1.0},{"not_picked":["Evolve","Anger"],"picked":"Cleave","floor":5.0},{"not_picked":["Immolate","Exhume"],"picked":"Reaper","floor":6.0},{"not_picked":["Exhume","Barricade"],"picked":"Double Tap","floor":7.0},{"not_picked":["Reaper","conspire:HitWhereItHurts","Demonic Infusion"],"picked":"SKIP","floor":10.0},{"not_picked":["Eclipse","Immolate"],"picked":"Feed","floor":11.0},{"not_picked":["Demon Form","Demonic Infusion","Brutality"],"picked":"SKIP","floor":12.0},{"not_picked":["Juggernaut","Brutality","Impervious"],"picked":"SKIP","floor":13.0},{"not_picked":["Feed","Replay:Many Hands"],"picked":"Limit Break","floor":14.0},{"not_picked":["Reaper","Corruption"],"picked":"Offering","floor":16.0},{"not_picked":["Clothesline","Havoc","Evolve+1"],"picked":"SKIP","floor":18.0},{"not_picked":["Clash","Dropkick"],"picked":"Dark Embrace+1","floor":21.0},{"not_picked":["Fiend Fire","Juggernaut+1","Impervious"],"picked":"SKIP","floor":23.0}],"player_experience":73812,"relics_obtained":[{"floor":2.0,"key":"Ring of Greed"},{"floor":2.0,"key":"The Courier"},{"floor":2.0,"key":"Blue Doll"},{"floor":6.0,"key":"Centennial Puzzle"},{"floor":7.0,"key":"Onion Ring"},{"floor":10.0,"key":"ReplayTheSpireMod:Lightbulb"},{"floor":12.0,"key":"StrikeDummy"},{"floor":13.0,"key":"vexMod:MemoryStick"},{"floor":14.0,"key":"vexMod:ConsolationPrize"},{"floor":20.0,"key":"Frozen Egg 2"},{"floor":23.0,"key":"Tiny Chest"}],"event_choices":[{"damage_healed":0.0,"max_hp_gain":0.0,"max_hp_loss":0.0,"gold_gain":0.0,"event_name":"conspire:LoneGhost","player_choice":"Agree","floor":3.0,"gold_loss":0.0,"damage_taken":0.0},{"damage_healed":0.0,"max_hp_gain":0.0,"max_hp_loss":0.0,"gold_gain":0.0,"event_name":"Upgrade Shrine","player_choice":"Upgraded","floor":4.0,"gold_loss":0.0,"damage_taken":0.0,"cards_upgraded":["Bash"]}],"is_beta":false,"boss_relics":[{"not_picked":["Painkiller Herb","testmod-BatchProcessingSystem"],"picked":"SlaversCollar"}],"items_purged_floors":[8,19],"is_endless":true,"potions_floor_spawned":[1,7,10,11,16,18,23],"killed_by":"Slavers","ascension_level":1}}