{"host":"t9zjxed0utvsfjwc","time":1610459054,"event":{"mods":["2.2 Compatiblity","Aspiration","BaseMod","Block Reminder","Colored Map","Colored Powertips","Highlight Path","Hubris","Infinite Spire","Minty Spire (QoL Compilation)","Quick Restart","Replay The Spire","StSLib","The Marked","Unceasing Turn Reminder","everything is the same but u backflip on backflip"],"gold_per_floor":[113,113,37,37,37,72,72,82,82,109,125,125,139,155,155,252,252,264,264,280,280,280,280,292,309,360,360,376,376,376],"floor_reached":29,"playtime":1709,"items_purged":[],"score":260,"play_id":"fbdf521f-b32e-42cc-80f7-b081a474564b","local_time":"20210112134414","is_ascension_mode":false,"campfire_choices":[{"data":"theMarked:WardOff","floor":7,"key":"SMITH"},{"data":"theMarked:BindingBlade","floor":12,"key":"SMITH"},{"data":"theMarked:WardOff","floor":15,"key":"SMITH"},{"data":"Demon Form","floor":23,"key":"SMITH"}],"circlet_count":0,"master_deck":["theMarked:Strike","theMarked:Strike","theMarked:Strike","theMarked:Defend+1","theMarked:Defend","theMarked:Defend+1","theMarked:Defend","theMarked:SoldierOfQuellstein","theMarked:WardOff+1","theMarked:AttractMetal","theMarked:BindingBlade+1","theMarked:WardOff+1","Thunderclap","Demon Form+1","theMarked:Panic","theMarked:SwordAndMagic","theMarked:ParalyzingBlade","theMarked:EmpowerWeapon","theMarked:EmpowerWeapon"],"relics":["theMarked:ArtifactOfAir","NeowsBlessing","Replay:WaspNest","hubris:DisguiseKit","Ornamental Fan","War Paint","hubris:HollowSoul","StoneCalendar","Black Star","Bag of Marbles"],"acts_visited":["Exordium","TheCity"],"potions_floor_usage":[10,16,16,28,28],"damage_taken":[{"damage":0,"enemies":"2 Louse","floor":1,"turns":1},{"damage":0,"enemies":"Gremlin Nob","floor":6,"turns":1},{"damage":0,"enemies":"Small Slimes","floor":8,"turns":1},{"damage":9,"enemies":"3 Sentries","floor":10,"turns":13},{"damage":1,"enemies":"Cultist","floor":11,"turns":3},{"damage":0,"enemies":"Exordium Thugs","floor":13,"turns":6},{"damage":0,"enemies":"Blue Slaver","floor":14,"turns":4},{"damage":30,"enemies":"Slime Boss","floor":16,"turns":12},{"damage":4,"enemies":"Spheric Guardian","floor":18,"turns":7},{"damage":12,"enemies":"3 Byrds","floor":20,"turns":5},{"damage":8,"enemies":"Snake Plant","floor":24,"turns":4},{"damage":12,"enemies":"Centurion and Healer","floor":25,"turns":7},{"damage":15,"enemies":"Cultist and Chosen","floor":28,"turns":4},{"damage":0,"enemies":"3 Cultists","floor":29,"turns":1}],"seed_played":"-5351717773091024931","potions_obtained":[{"floor":8,"key":"ColorlessPotion"},{"floor":10,"key":"SpeedPotion"},{"floor":11,"key":"BlessingOfTheForge"},{"floor":14,"key":"Block Potion"},{"floor":25,"key":"SkillPotion"},{"floor":28,"key":"Energy Potion"}],"is_trial":false,"path_per_floor":["M","?","$","?","?","E","R","M","T","E","M","R","M","M","R","B",null,"M","AVR","M","?","?","R","M","M","T","?","M","M"],"character_chosen":"THE_DEFAULT","items_purchased":["theMarked:AttractMetal"],"campfire_rested":0,"item_purchase_floors":[3],"current_hp_per_floor":[70,70,70,70,70,70,70,70,70,61,60,60,60,60,60,30,70,66,66,54,54,61,61,53,41,41,35,20,14,14],"gold":376,"neow_bonus":"THREE_ENEMY_KILL","is_daily":false,"chose_seed":false,"campfire_upgraded":4,"win_rate":0.0,"timestamp":1610459054,"path_taken":["M","?","$","?","?","E","R","?","T","E","M","R","M","M","R","BOSS","M","AVR","M","?","?","R","M","M","T","?","M","M"],"items_purchased_type":["Card"],"build_version":"2020-12-22","purchased_purges":0,"victory":false,"max_hp_per_floor":[70,70,70,70,70,70,70,70,70,70,70,70,70,70,70,70,70,70,70,70,70,70,70,70,70,70,70,70,14,14],"card_choices":[{"not_picked":["theMarked:ResourceFulStrike","theMarked:ElectricStrings"],"picked":"theMarked:WardOff","floor":1},{"not_picked":["theMarked:Static","theMarked:GodGivenPower","theMarked:Aftermath","Juggernaut"],"picked":"SKIP","floor":6},{"not_picked":["theMarked:WastefulAttack","theMarked:Improvise","theMarked:EmpowerWeapon","Havoc"],"picked":"SKIP","floor":8},{"not_picked":["theMarked:SwordAndMagic","theMarked:HeritageOfTheMarked","Clash"],"picked":"theMarked:BindingBlade","floor":10},{"not_picked":["theMarked:Aftermath","theMarked:SwordAndMagic","Intimidate"],"picked":"theMarked:WardOff","floor":11},{"not_picked":["theMarked:WastefulDefense","theMarked:ElectricStrings","theMarked:Overthink"],"picked":"Thunderclap","floor":13},{"not_picked":["theMarked:Polarize","theMarked:HeightenedSenses","theMarked:Parkour","Perfected Strike"],"picked":"SKIP","floor":14},{"not_picked":["theMarked:Vacuum","theMarked:Challenge","theMarked:BindingBlade"],"picked":"Demon Form","floor":16},{"not_picked":["theMarked:SwordAndMagic+1","theMarked:Polarize","theMarked:MaelstromOfLightning","Iron Wave"],"picked":"SKIP","floor":18},{"not_picked":["theMarked:Frustration","theMarked:WastefulDefense+1","theMarked:Static","Ghostly Armor"],"picked":"SKIP","floor":20},{"not_picked":["theMarked:Parkour+1","theMarked:ResourceFulStrike","Power Through"],"picked":"theMarked:ParalyzingBlade","floor":24},{"not_picked":["theMarked:ChainLightning+1","theMarked:Improvise","Dropkick"],"picked":"theMarked:EmpowerWeapon","floor":25},{"not_picked":["theMarked:TakeCover+1","theMarked:ShockingTouch+1","Carnage"],"picked":"theMarked:EmpowerWeapon","floor":28}],"player_experience":266607,"relics_obtained":[{"floor":2,"key":"Replay:WaspNest"},{"floor":6,"key":"Ornamental Fan"},{"floor":10,"key":"War Paint"},{"floor":26,"key":"Bag of Marbles"}],"event_choices":[{"cards_removed":["hubris:Lust"],"damage_healed":0,"gold_gain":0,"player_choice":"Purged","damage_taken":0,"max_hp_gain":0,"max_hp_loss":0,"event_name":"Purifier","floor":5,"gold_loss":0},{"damage_healed":0,"gold_gain":0,"cards_transformed":["theMarked:Strike","theMarked:Strike"],"player_choice":"Became Test Subject","damage_taken":0,"max_hp_gain":0,"max_hp_loss":0,"event_name":"Drug Dealer","floor":21,"gold_loss":0,"cards_obtained":["theMarked:Panic","theMarked:SwordAndMagic"]},{"damage_healed":0,"gold_gain":0,"player_choice":"","damage_taken":6,"max_hp_gain":0,"max_hp_loss":0,"event_name":"Knowing Skull","floor":27,"potions_obtained":[],"gold_loss":0,"cards_obtained":[]}],"is_beta":false,"boss_relics":[{"not_picked":["aspiration:RitualDagger","theMarked:Eyepatch"],"picked":"hubris:HollowSoul"}],"items_purged_floors":[],"is_endless":false,"potions_floor_spawned":[8,10,11,14,25,28],"killed_by":"3 Cultists","ascension_level":0}}