{"host":"oeotdbd679q6m6vu","time":1610457903,"event":{"mods":["Act Like it!","BaseMod","Colored Map","Decade(王小明)","Friendly Minions","Gensokyo","GifTheSpireLib","Highlight Path","Marisa（F雨　魔理沙）","Minty Spire (QoL Compilation)","Rare Cards Sparkle","Reimu（博丽灵梦）","StSLib","The Animator","Youmu（魂魄妖梦）"],"gold_per_floor":[112,112,125,125,145,145,158,158,230,230,24,52,64,79,79,178,178,196,121,91,110,130,130,160,177,177,4,4,35,55,55,55,157,157,171,222,241,241,241],"floor_reached":38,"playtime":1798,"items_purged":["Poor:ReiMu"],"score":536,"play_id":"5590951b-5475-44fd-82db-e753984cadee","local_time":"20210112082503","is_ascension_mode":true,"campfire_choices":[{"floor":6,"key":"REST"},{"data":"Eviscerate","floor":15,"key":"SMITH"},{"floor":23,"key":"REST"},{"floor":28,"key":"RECALL"},{"floor":32,"key":"REST"}],"circlet_count":0,"master_deck":["Strike_G","Strike_G","Strike_G","Strike_G","Defend_G","Defend_G","Defend_G","Defend_G","Defend_G","Survivor+1","Neutralize+1","Expertise","Slice+1","Quick Slash","Flying Knee","Underhanded Strike","Eviscerate","Eviscerate+1","A Thousand Cuts","All Out Attack+1","Acrobatics+1","Grand Finale","Leg Sweep+1","Footwork+1","Flying Knee","Reflex+1","Tactician+1","Envenom","Eviscerate+1","Distraction+1"],"relics":["Ring of the Snake","Smiling Mask","YidongShenshe:ReiMu","CrazyTorch:ReiMu","Toolbox","Ginger","Fusion Hammer","Centennial Puzzle","Ornamental Fan","Lee\u0027s Waffle","Omamori","Enchiridion","Cursed Key","Ice Cream"],"acts_visited":["Exordium","TheCity","TheBeyond"],"potions_floor_usage":[16,16,16,21,24,25,38,38,38],"damage_taken":[{"damage":0,"enemies":"Small Slimes","floor":1,"turns":3},{"damage":2,"enemies":"2 Louse","floor":3,"turns":4},{"damage":2,"enemies":"Cultist","floor":5,"turns":4},{"damage":8,"enemies":"Looter","floor":7,"turns":3},{"damage":15,"enemies":"3 Sentries","floor":12,"turns":5},{"damage":0,"enemies":"3 Louse","floor":13,"turns":2},{"damage":0,"enemies":"Large Slime","floor":14,"turns":3},{"damage":0,"enemies":"Slime Boss","floor":16,"turns":5},{"damage":28,"enemies":"2 Thieves","floor":18,"turns":4},{"damage":10,"enemies":"Shell Parasite","floor":21,"turns":4},{"damage":19,"enemies":"Snake Plant","floor":22,"turns":3},{"damage":35,"enemies":"Book of Stabbing","floor":24,"turns":4},{"damage":4,"enemies":"Centurion and Healer","floor":25,"turns":5},{"damage":18,"enemies":"Slavers","floor":29,"turns":6},{"damage":21,"enemies":"Shelled Parasite and Fungi","floor":30,"turns":4},{"damage":48,"enemies":"Champ","floor":33,"turns":11},{"damage":45,"enemies":"3 Darklings","floor":35,"turns":6},{"damage":8,"enemies":"2 Orb Walkers","floor":36,"turns":4},{"damage":1,"enemies":"Orb Walker","floor":37,"turns":2},{"damage":31,"enemies":"Orin","floor":38,"turns":6}],"seed_played":"9061765744608803105","potions_obtained":[{"floor":3,"key":"SteroidPotion"},{"floor":7,"key":"MagicPotion:ReiMu"},{"floor":13,"key":"Strength Potion"},{"floor":16,"key":"GamblersBrew"},{"floor":20,"key":"Swift Potion"},{"floor":20,"key":"LiquidBronze"},{"floor":25,"key":"Weak Potion"},{"floor":33,"key":"GrandPatriotsElixir:ReiMu"},{"floor":35,"key":"Fire Potion"}],"is_trial":false,"path_per_floor":["M","?","M","?","M","R","M","?","T","?","$","E","M","M","R","B",null,"M","?","?","M","M","R","E","M","T","$","R","E","M","?","R","B",null,"M","?","M","?"],"character_chosen":"THE_SILENT","items_purchased":["Toolbox","Lee\u0027s Waffle","Flying Knee"],"campfire_rested":3,"item_purchase_floors":[11,27,27],"current_hp_per_floor":[77,52,50,50,48,71,63,63,63,48,48,33,33,33,33,33,77,49,49,49,39,20,43,8,4,4,84,84,66,45,29,54,6,84,39,31,30,0,0],"gold":241,"neow_bonus":"TEN_PERCENT_HP_BONUS","is_daily":false,"chose_seed":false,"campfire_upgraded":1,"win_rate":0.0,"timestamp":1610457903,"path_taken":["M","?","M","?","?","R","M","?","T","?","$","E","M","M","R","BOSS","M","?","?","?","M","R","E","M","T","$","R","E","M","?","R","BOSS","M","?","M","?"],"items_purchased_type":["Relic","Relic","Card"],"build_version":"2020-12-22","purchased_purges":1,"victory":false,"max_hp_per_floor":[77,77,77,77,77,77,77,77,77,77,77,77,77,77,77,77,77,77,77,77,77,77,77,77,77,77,84,84,84,84,84,84,84,84,84,84,84,84,84],"card_choices":[{"not_picked":["Backflip","Blade Dance"],"picked":"Expertise","floor":1},{"not_picked":["Flying Knee","Dodge and Roll"],"picked":"Slice","floor":3},{"not_picked":["Caltrops","Riddle With Holes"],"picked":"Quick Slash","floor":5},{"not_picked":["Dodge and Roll","Deadly Poison"],"picked":"Flying Knee","floor":7},{"not_picked":["Dagger Spray","Cloak And Dagger"],"picked":"Underhanded Strike","floor":12},{"not_picked":["All Out Attack","Prepared"],"picked":"Eviscerate","floor":13},{"not_picked":["Endless Agony","Well Laid Plans"],"picked":"Eviscerate","floor":14},{"not_picked":["Die Die Die","Venomology"],"picked":"A Thousand Cuts","floor":16},{"not_picked":["Bane","Flying Knee"],"picked":"All Out Attack+1","floor":18},{"not_picked":["Deadly Poison","Backflip"],"picked":"Acrobatics+1","floor":21},{"not_picked":["All Out Attack","Acrobatics"],"picked":"Grand Finale","floor":22},{"not_picked":["Skewer","Noxious Fumes"],"picked":"Leg Sweep+1","floor":24},{"not_picked":["Noxious Fumes","Bane"],"picked":"Footwork+1","floor":25},{"not_picked":["Backflip","Outmaneuver"],"picked":"Reflex+1","floor":29},{"not_picked":["Backstab","Skewer+1"],"picked":"Tactician+1","floor":30},{"not_picked":["Tools of the Trade","Venomology"],"picked":"Envenom","floor":33},{"not_picked":["Riddle With Holes+1","Dash+1"],"picked":"Eviscerate+1","floor":35},{"not_picked":["Deflect+1","Quick Slash"],"picked":"Distraction+1","floor":36},{"not_picked":["Dagger Throw","Caltrops+1","Expertise"],"picked":"SKIP","floor":37}],"player_experience":296746,"relics_obtained":[{"floor":9,"key":"CrazyTorch:ReiMu"},{"floor":12,"key":"Ginger"},{"floor":24,"key":"Centennial Puzzle"},{"floor":26,"key":"Ornamental Fan"},{"floor":29,"key":"Omamori"},{"floor":31,"key":"Enchiridion"},{"floor":36,"key":"Ice Cream"}],"event_choices":[{"damage_healed":0,"gold_gain":0,"player_choice":"Success","damage_taken":25,"relics_obtained":["Smiling Mask"],"max_hp_gain":0,"max_hp_loss":0,"event_name":"Scrap Ooze","floor":2,"gold_loss":0},{"damage_healed":0,"gold_gain":0,"player_choice":"Upgraded","damage_taken":0,"max_hp_gain":0,"max_hp_loss":0,"event_name":"Upgrade Shrine","floor":4,"gold_loss":0,"cards_upgraded":["Neutralize"]},{"damage_healed":0,"gold_gain":0,"player_choice":"带走神社","damage_taken":0,"relics_obtained":["YidongShenshe:ReiMu"],"max_hp_gain":0,"max_hp_loss":0,"event_name":"yidonshenshe","floor":8,"gold_loss":0,"cards_obtained":["Poor:ReiMu"]},{"damage_healed":0,"gold_gain":0,"player_choice":"Entered Light","damage_taken":15,"max_hp_gain":0,"max_hp_loss":0,"event_name":"Shining Light","floor":10,"gold_loss":0,"cards_upgraded":["Slice","Survivor"]},{"cards_removed":["Strike_G"],"damage_healed":0,"gold_gain":0,"player_choice":"Gave Gold","damage_taken":0,"max_hp_gain":0,"max_hp_loss":0,"event_name":"Beggar","floor":19,"gold_loss":75},{"damage_healed":0,"gold_gain":0,"player_choice":"Bought 2 Potions","damage_taken":0,"max_hp_gain":0,"max_hp_loss":0,"event_name":"The Woman in Blue","floor":20,"gold_loss":0},{"damage_healed":0,"gold_gain":0,"player_choice":"Obtained Book","damage_taken":16,"max_hp_gain":0,"max_hp_loss":0,"event_name":"Cursed Tome","floor":31,"gold_loss":0},{"damage_healed":0,"gold_gain":0,"player_choice":"Fight","damage_taken":0,"max_hp_gain":0,"max_hp_loss":0,"event_name":"Mysterious Sphere","floor":36,"gold_loss":0},{"damage_healed":0,"gold_gain":0,"player_choice":"Fight","damage_taken":0,"max_hp_gain":0,"max_hp_loss":0,"event_name":"OrinTheCat","floor":38,"gold_loss":0}],"is_beta":false,"boss_relics":[{"not_picked":["Astrolabe","Snecko Eye"],"picked":"Fusion Hammer"},{"not_picked":["Tiny House","Black Star"],"picked":"Cursed Key"}],"items_purged_floors":[11],"is_endless":false,"potions_floor_spawned":[3,7,13,14,16,25,33,35],"killed_by":"Orin","ascension_level":3}}