{"host":"9l1knhxfturzliqa","time":1610451311,"event":{"mods":["BaseMod","Colored Map","Colored Powertips","DeckTracker","Highlight Path","Keyboard Shortcuts","Minty Spire (QoL Compilation)","Random Character Button"],"gold_per_floor":[18,32,46,73,85,85,101,101,101,101,121,25,25,48,48,142,142,163,88,106,56,76,76,97,12,37,49,74,111,143,174,186,198,198],"floor_reached":33,"playtime":1421,"items_purged":["Strike_G","Defend_G"],"score":417,"play_id":"e2607fb3-38df-4f80-a63b-5821797aa36e","local_time":"20210112203511","is_ascension_mode":true,"campfire_choices":[{"data":"Deadly Poison","floor":6.0,"key":"SMITH"},{"data":"Bouncing Flask","floor":8.0,"key":"SMITH"},{"data":"Neutralize","floor":10.0,"key":"SMITH"},{"floor":15.0,"key":"REST"},{"floor":23.0,"key":"REST"},{"floor":27.0,"key":"REST"},{"floor":32.0,"key":"REST"}],"circlet_count":0,"master_deck":["AscendersBane","Strike_G","Strike_G","Strike_G","Defend_G","Defend_G","Defend_G","Defend_G","Survivor","Neutralize+1","Poisoned Stab","Blur","Dagger Spray","Deadly Poison+1","Bouncing Flask+1","Backflip","Quick Slash","Malaise","Noxious Fumes","Deflect+1","PiercingWail","PiercingWail"],"relics":["Ring of the Serpent","CaptainsWheel","Smiling Mask","Mummified Hand","Golden Idol","StoneCalendar","MawBank"],"acts_visited":["Exordium","TheCity"],"potions_floor_usage":[],"damage_taken":[{"damage":0.0,"enemies":"Cultist","floor":1.0,"turns":4.0},{"damage":0.0,"enemies":"2 Louse","floor":2.0,"turns":3.0},{"damage":0.0,"enemies":"Small Slimes","floor":3.0,"turns":4.0},{"damage":10.0,"enemies":"Exordium Thugs","floor":5.0,"turns":6.0},{"damage":8.0,"enemies":"3 Louse","floor":7.0,"turns":4.0},{"damage":0.0,"enemies":"Red Slaver","floor":11.0,"turns":4.0},{"damage":3.0,"enemies":"Blue Slaver","floor":14.0,"turns":4.0},{"damage":14.0,"enemies":"The Guardian","floor":16.0,"turns":8.0},{"damage":24.0,"enemies":"3 Byrds","floor":18.0,"turns":4.0},{"damage":8.0,"enemies":"Shell Parasite","floor":20.0,"turns":5.0},{"damage":11.0,"enemies":"Snecko","floor":22.0,"turns":5.0},{"damage":31.0,"enemies":"Shelled Parasite and Fungi","floor":24.0,"turns":6.0},{"damage":3.0,"enemies":"Snake Plant","floor":28.0,"turns":5.0},{"damage":4.0,"enemies":"Snecko","floor":29.0,"turns":6.0},{"damage":0.0,"enemies":"3 Cultists","floor":30.0,"turns":5.0},{"damage":7.0,"enemies":"Snake Plant","floor":31.0,"turns":5.0},{"damage":56,"enemies":"Champ","floor":33,"turns":14}],"seed_played":"2757411861714703786","potions_obtained":[{"floor":5.0,"key":"FearPotion"},{"floor":11.0,"key":"CunningPotion"},{"floor":14.0,"key":"Explosive Potion"},{"floor":18.0,"key":"LiquidMemories"},{"floor":24.0,"key":"CunningPotion"},{"floor":28.0,"key":"GamblersBrew"},{"floor":31.0,"key":"FairyPotion"}],"is_trial":false,"path_per_floor":["M","M","M","T","M","R","M","R","T","R","M","$","?","M","R","B",null,"M","?","M","$","M","R","M","?","T","R","M","M","M","M","R","B"],"character_chosen":"THE_SILENT","items_purchased":["Quick Slash"],"campfire_rested":4,"item_purchase_floors":[12],"current_hp_per_floor":[59,59,59,59,49,49,41,41,41,41,41,41,25,22,41,27,56,32,32,24,24,13,32,1,1,1,20,17,13,13,6,25,0,0],"gold":198,"neow_bonus":"ONE_RARE_RELIC","is_daily":false,"chose_seed":false,"campfire_upgraded":3,"win_rate":0.0,"timestamp":1610451311,"path_taken":["M","M","M","?","M","R","M","R","T","R","M","$","?","M","R","BOSS","M","?","M","$","M","R","M","?","T","R","M","M","?","M","R","BOSS"],"items_purchased_type":["Card"],"build_version":"2020-12-22","purchased_purges":2,"victory":false,"max_hp_per_floor":[66,66,66,66,66,66,66,66,66,66,66,66,66,66,66,66,66,66,66,66,66,66,66,66,66,66,66,66,66,66,66,66,66,66],"card_choices":[{"not_picked":["Outmaneuver","Skewer"],"picked":"Poisoned Stab","floor":1.0},{"not_picked":["Underhanded Strike","Caltrops"],"picked":"Blur","floor":2.0},{"not_picked":["Dash","Caltrops"],"picked":"Dagger Spray","floor":3.0},{"not_picked":["Poisoned Stab","Calculated Gamble"],"picked":"Deadly Poison","floor":5.0},{"not_picked":["Deflect","Dodge and Roll"],"picked":"Bouncing Flask","floor":7.0},{"not_picked":["Dodge and Roll","Dagger Throw"],"picked":"Backflip","floor":11.0},{"not_picked":["Endless Agony","All Out Attack","Prepared"],"picked":"SKIP","floor":14.0},{"not_picked":["Envenom","Wraith Form v2"],"picked":"Malaise","floor":16.0},{"not_picked":["Dodge and Roll","Escape Plan"],"picked":"Noxious Fumes","floor":18.0},{"not_picked":["Deadly Poison","Backflip","Deflect"],"picked":"SKIP","floor":20.0},{"not_picked":["Underhanded Strike","Prepared","Dagger Throw"],"picked":"SKIP","floor":22.0},{"not_picked":["Die Die Die","Slice","Flying Knee"],"picked":"SKIP","floor":24.0},{"not_picked":["Flying Knee","Eviscerate"],"picked":"Deflect+1","floor":28.0},{"not_picked":["Endless Agony","Deadly Poison"],"picked":"PiercingWail","floor":29.0},{"not_picked":["Flying Knee","Underhanded Strike","Sucker Punch"],"picked":"SKIP","floor":30.0},{"not_picked":["Blade Dance","Underhanded Strike"],"picked":"PiercingWail","floor":31.0}],"player_experience":415624,"relics_obtained":[{"floor":4.0,"key":"Smiling Mask"},{"floor":9.0,"key":"Mummified Hand"},{"floor":26.0,"key":"MawBank"}],"event_choices":[{"damage_healed":0.0,"max_hp_gain":0.0,"max_hp_loss":0.0,"gold_gain":0.0,"event_name":"Golden Idol","player_choice":"Take Damage","floor":13.0,"gold_loss":0.0,"damage_taken":16.0,"relics_obtained":["Golden Idol"]},{"cards_removed":["Strike_G"],"damage_healed":0.0,"max_hp_gain":0.0,"max_hp_loss":0.0,"gold_gain":0.0,"event_name":"Beggar","player_choice":"Gave Gold","floor":19.0,"gold_loss":75.0,"damage_taken":0.0},{"damage_healed":0.0,"max_hp_gain":0.0,"max_hp_loss":0.0,"gold_gain":0.0,"event_name":"Addict","player_choice":"Obtained Relic","floor":25.0,"gold_loss":85.0,"damage_taken":0.0,"relics_obtained":["StoneCalendar"]}],"is_beta":false,"boss_relics":[{"not_picked":["Pandora\u0027s Box","Runic Pyramid"],"picked":"Ring of the Serpent"}],"items_purged_floors":[12,21],"is_endless":false,"potions_floor_spawned":[5,11,14,18,24,28,31],"killed_by":"Champ","ascension_level":14}}