{"host":"vohenq18pmg6jboc","time":1610426387,"event":{"mods":["Arknights The Spire","Bard","BaseMod","CapriCore","Chen","Downfall","Gremlin Mod","GungeonMod","Hermit","Koishi","KomeijiMod","Marisa（霧雨　魔理沙）","Minty Spire (QoL Compilation)","Reimu（博???）","Relic Stats","Remilia（蕾米莉?）","StSLib","The Administrix","The Bug Knight","The Cursed","The Hierophant","The Immortal","The IronCluck","The Runesmith","The Servant 0.9.4","WarShipGirlsR/??少女R mod","Yakumo Yukari mod","Youmu（魂魄妖?）","Yuyuko","[地精首?爬塔]The Maniac"],"gold_per_floor":[109,124,124,40,53,87,100,100,100,128,128,128,60,60,60,179,179,186,222,254,24,37,37,37,50,50,50,50,10,20,20,20,117,117,135,135,0,18,18,18],"floor_reached":39,"playtime":2507,"items_purged":[],"score":379,"play_id":"7c37c94e-6d4b-4231-86a0-16381ee7f887","local_time":"20210112123947","is_ascension_mode":false,"campfire_choices":[{"floor":8.0,"key":"REST"},{"floor":12.0,"key":"REST"},{"floor":15.0,"key":"REST"},{"floor":23,"key":"REST"},{"data":"HollowMod:HowlingWraiths","floor":27,"key":"SMITH"},{"floor":32,"key":"REST"}],"circlet_count":0,"master_deck":["HollowMod:NailStrikeStart","HollowMod:NailStrikeStart","HollowMod:NailStrikeStart","HollowMod:QuickDashStart","HollowMod:QuickDashStart","HollowMod:QuickDashStart","HollowMod:PogoStrike","HollowMod:GoodIntentions","HollowMod:SiblingsSouls","HollowMod:PureNailStrike","HollowMod:CycloneSlash","HollowMod:FallenFury","HollowMod:SlysStrikes","HollowMod:HowlingWraiths+1","HollowMod:MonarchWings","HollowMod:PerfectDash","HollowMod:AwokenDreamNail","CurseOfTheBell","HollowMod:DescendingDark","HollowMod:NewLittleFool+1","HollowMod:InfectedAttack","HollowMod:InfectedCysts","HollowMod:LifebloodCocoon+1","RitualDagger","ZunPunch:ReiMu","HollowMod:DesolateDive","HollowMod:HornetsHelp","HollowMod:ZotesMagnificence+1","HollowMod:VengefulSpirit+1","HollowMod:NewGlowingWomb+1","HollowMod:InfectedCysts","Dramatic Entrance","HollowMod:SharpenedShadows","HollowMod:SoulShaman"],"relics":["HollowMod:VesselMask","NeowsBlessing","Matryoshka","Regal Pillow","AntiCross","Odd Mushroom","Bloody Idol","Calling Bell","MawBank","Meat on the Bone","TungstenRod","Bottled Lightning","Toy Ornithopter","Bronze Scales","Astrolabe"],"acts_visited":["Exordium","TheCity","TheBeyond"],"potions_floor_usage":[39],"damage_taken":[{"damage":0.0,"enemies":"Jaw Worm","floor":1.0,"turns":1.0},{"damage":0.0,"enemies":"2 Louse","floor":2.0,"turns":1.0},{"damage":0.0,"enemies":"Small Slimes","floor":5.0,"turns":1.0},{"damage":65.0,"enemies":"Gremlin Nob","floor":6.0,"turns":6.0},{"damage":4.0,"enemies":"Blue Slaver","floor":7.0,"turns":3.0},{"damage":13.0,"enemies":"The Mushroom Lair","floor":10.0,"turns":4.0},{"damage":56.0,"enemies":"The Guardian","floor":16.0,"turns":8.0},{"damage":1,"enemies":"Shell Parasite","floor":18,"turns":3},{"damage":17,"enemies":"Chosen","floor":19,"turns":5},{"damage":22,"enemies":"Snake Plant","floor":20,"turns":4},{"damage":37,"enemies":"Shelled Parasite and Fungi","floor":22,"turns":6},{"damage":11,"enemies":"3 Cultists","floor":25,"turns":3},{"damage":14,"enemies":"Snecko","floor":30,"turns":4},{"damage":32,"enemies":"Champ","floor":33,"turns":8},{"damage":22,"enemies":"3 Shapes","floor":35,"turns":4},{"damage":9,"enemies":"Orb Walker","floor":38,"turns":2},{"damage":84,"enemies":"Transient","floor":39,"turns":5}],"seed_played":"-3668568832554713748","potions_obtained":[{"floor":5.0,"key":"ColorlessPotion"},{"floor":6.0,"key":"LiquidBronze"},{"floor":10.0,"key":"Explosive Potion"},{"floor":22,"key":"CalmPotion"},{"floor":25,"key":"UndeadPotion"},{"floor":33,"key":"AttackPotion"},{"floor":35,"key":"Regen Potion"}],"is_trial":false,"path_per_floor":["M","M","?","$","M","E","M","R","T","?","?","R","$","?","R","B",null,"M","M","M","$","M","R","?","M","T","R","?","?","M","$","R","B",null,"M","?","$","M","M"],"character_chosen":"THE_BUGKNIGHT","items_purchased":["HollowMod:PureNailStrike","HollowMod:CycloneSlash","HollowMod:PerfectDash","Bottled Lightning","Dramatic Entrance","HollowMod:SharpenedShadows"],"campfire_rested":5,"item_purchase_floors":[4,4,13,21,37,37],"current_hp_per_floor":[75,75,75,75,75,16,12,34,34,21,3,40,40,40,75,25,75,75,58,48,48,29,66,66,60,60,60,55,55,46,46,75,54,75,58,58,58,54,0,0],"gold":18,"neow_bonus":"THREE_ENEMY_KILL","is_daily":false,"chose_seed":false,"campfire_upgraded":1,"win_rate":0.0,"timestamp":1610426387,"path_taken":["M","M","?","$","M","E","M","R","T","?","?","R","$","?","R","BOSS","M","M","M","$","M","R","?","M","T","R","?","?","M","?","R","BOSS","M","?","$","M","M"],"items_purchased_type":["Card","Card","Card","Relic","Card","Card"],"build_version":"2020-12-22","purchased_purges":0,"victory":false,"max_hp_per_floor":[75,75,75,75,75,75,75,75,75,75,75,75,75,75,75,75,75,75,75,75,75,75,75,75,75,75,75,75,75,75,75,75,75,75,75,75,75,75,75,75],"relic_stats":{"Regal Pillow":22,"counters":[10,44],"Bloody Idol":25,"Bronze Scales":[33],"Astrolabe":["HollowMod:ZotesMagnificence","HollowMod:VengefulSpirit","HollowMod:NewGlowingWomb"],"MawBank":48,"obtain_stats":[{"Regal Pillow":0,"NeowsBlessing":0,"Golden Idol":0,"Astrolabe":34,"ZunR:ReiMu":29,"HollowMod:VesselMask":0,"DemoMod:GlassGuonStoneRelic":22,"Odd Mushroom":0,"MawBank":17,"Calling Bell":17,"Matryoshka":0,"Bloody Idol":24,"Bronze Scales":26,"AntiCross":0,"Bottled Lightning":21,"TungstenRod":17,"Toy Ornithopter":26,"Meat on the Bone":17},{"Regal Pillow":0,"NeowsBlessing":0,"Golden Idol":0,"Astrolabe":7,"ZunR:ReiMu":5,"HollowMod:VesselMask":0,"DemoMod:GlassGuonStoneRelic":4,"Odd Mushroom":0,"MawBank":0,"Calling Bell":0,"Matryoshka":0,"Bloody Idol":4,"Bronze Scales":5,"AntiCross":0,"Bottled Lightning":3,"TungstenRod":0,"Toy Ornithopter":5,"Meat on the Bone":0},{"Regal Pillow":0,"NeowsBlessing":0,"Golden Idol":0,"Astrolabe":33,"ZunR:ReiMu":21,"HollowMod:VesselMask":0,"DemoMod:GlassGuonStoneRelic":18,"Odd Mushroom":0,"MawBank":0,"Calling Bell":0,"Matryoshka":0,"Bloody Idol":18,"Bronze Scales":21,"AntiCross":0,"Bottled Lightning":12,"TungstenRod":0,"Toy Ornithopter":21,"Meat on the Bone":0}],"TungstenRod":46,"Toy Ornithopter":5,"Meat on the Bone":24},"card_choices":[{"not_picked":["HollowMod:LifebloodCocoon","HollowMod:NewJinnsSoul"],"picked":"HollowMod:GoodIntentions","floor":1.0},{"not_picked":["HollowMod:GoodIntentions","HollowMod:VengefulSpirit"],"picked":"HollowMod:SiblingsSouls","floor":2.0},{"not_picked":["HollowMod:DashSlash","HollowMod:DescendingDark"],"picked":"HollowMod:FallenFury","floor":5.0},{"not_picked":["HollowMod:VengefulSpirit","HollowMod:ShadowDash"],"picked":"HollowMod:SlysStrikes","floor":6.0},{"not_picked":["HollowMod:CrystalDash","HollowMod:DungDefenderAura"],"picked":"HollowMod:HowlingWraiths","floor":7.0},{"not_picked":["HollowMod:TaintedHusks","HollowMod:SharpenedNail"],"picked":"HollowMod:MonarchWings","floor":10.0},{"not_picked":["HollowMod:SoulMaster","HollowMod:ZotesMagnificence"],"picked":"HollowMod:AwokenDreamNail","floor":16.0},{"not_picked":["HollowMod:FallenFury+1","HollowMod:CycloneSlash"],"picked":"HollowMod:DescendingDark","floor":18},{"not_picked":["HollowMod:LifebloodCocoon","HollowMod:DescendingDark"],"picked":"HollowMod:NewLittleFool+1","floor":19},{"not_picked":["HollowMod:CloakDash","HollowMod:SiblingsShadow"],"picked":"HollowMod:InfectedAttack","floor":20},{"not_picked":["HollowMod:CycloneSlash","HollowMod:DreamGate"],"picked":"HollowMod:InfectedCysts","floor":22},{"not_picked":["HollowMod:SoulStrike","HollowMod:CrystalDash"],"picked":"HollowMod:LifebloodCocoon+1","floor":25},{"not_picked":["HollowMod:GoodIntentions","HollowMod:SoulSplash"],"picked":"HollowMod:DesolateDive","floor":30},{"not_picked":["HollowMod:VoidDash","HollowMod:Hiveblood"],"picked":"HollowMod:HornetsHelp","floor":33},{"not_picked":["HollowMod:InfectedAttack","HollowMod:NewJinnsSoul"],"picked":"HollowMod:InfectedCysts","floor":35},{"not_picked":["HollowMod:ShadowDash","HollowMod:LifebloodCocoon"],"picked":"HollowMod:SoulShaman","floor":38}],"player_experience":61107,"relics_obtained":[{"floor":6.0,"key":"Matryoshka"},{"floor":9.0,"key":"Regal Pillow"},{"floor":9.0,"key":"AntiCross"},{"floor":10.0,"key":"Odd Mushroom"},{"floor":17,"key":"MawBank"},{"floor":17,"key":"Meat on the Bone"},{"floor":17,"key":"TungstenRod"},{"floor":26,"key":"Toy Ornithopter"},{"floor":26,"key":"Bronze Scales"}],"event_choices":[{"damage_healed":0.0,"max_hp_gain":0.0,"max_hp_loss":0.0,"gold_gain":0.0,"event_name":"Golden Wing","player_choice":"Ignored","floor":3.0,"gold_loss":0.0,"damage_taken":0.0},{"damage_healed":0.0,"max_hp_gain":0.0,"max_hp_loss":0.0,"gold_gain":0.0,"event_name":"Mushrooms","player_choice":"Fought Mushrooms","floor":10.0,"gold_loss":0.0,"damage_taken":0.0},{"damage_healed":0.0,"max_hp_gain":0.0,"max_hp_loss":0.0,"gold_gain":0.0,"event_name":"Golden Idol","player_choice":"Take Damage","floor":11.0,"gold_loss":0.0,"damage_taken":18.0,"relics_obtained":["Golden Idol"]},{"damage_healed":0,"gold_gain":0,"player_choice":"Gave Idol","damage_taken":0,"relics_obtained":["Bloody Idol"],"max_hp_gain":0,"max_hp_loss":0,"event_name":"Forgotten Altar","floor":24,"relics_lost":["Golden Idol"],"gold_loss":0},{"damage_healed":0,"gold_gain":0,"player_choice":"Joined the Cult","damage_taken":6,"max_hp_gain":0,"max_hp_loss":0,"event_name":"Nest","floor":28,"gold_loss":0,"cards_obtained":["RitualDagger"]},{"damage_healed":0,"gold_gain":0,"player_choice":"交出神酒","damage_taken":0,"max_hp_gain":0,"max_hp_loss":0,"event_name":"ZunEvent","floor":29,"relics_lost":["ZunR:ReiMu"],"gold_loss":0,"cards_obtained":["ZunPunch:ReiMu"]}],"is_beta":false,"boss_relics":[{"not_picked":["SacredBark","Fusion Hammer"],"picked":"Calling Bell"},{"not_picked":["Empty Cage","Coffee Dripper"],"picked":"Astrolabe"}],"items_purged_floors":[],"is_endless":false,"potions_floor_spawned":[5,6,10,22,25,33,35],"killed_by":"Transient","ascension_level":0}}