{"host":"appz8zkad29u9482","time":1610444828,"event":{"mods":["2.2 Compatiblity","Act Like it!","Aspiration","BaseMod","Beaked The Cultist","Better Altar","Better Match","Better Note","Better Skull","Better Third Choice","BetterRewards","CapriCore","Conspire","Disable Question Mark Monsters","Energized Spire","Gensokyo","GifTheSpireLib","Gold Saver","Halation","Hermit","Hubris","Infinite Spire","Jedi Mod","Marisa????????","Minty Spire (QoL Compilation)","Permanent Neow","Reimu??????","Replay The Spire","Somnambulant","Spicy Shops","StSLib","Strawberry Spire","Stuff the Spire","The Administrix","The Animator","The Cursed","The Hierophant","The Immortal","yUi"],"gold_per_floor":[1185,689,707,719,719,719,753,753,753,771,784,784,684,709,709,812,812,828,828,845,858,438,438,538,558,558,575,349,481,481,605,605,707,707,719,719,734,751,751,851,871,1007,1007,882,882,882,911,930,930,930],"floor_reached":51,"playtime":3429,"items_purged":["Strike_B","Defend_B","Regret","Regret","Replay:Hysterical Blindness"],"score":811,"play_id":"51fa2c8a-064a-4639-bce5-4e7ea4929d25","local_time":"20210111234708","is_ascension_mode":true,"campfire_choices":[{"data":"strawberrySpire:Flashback","floor":6,"key":"SMITH"},{"floor":15,"key":"REST"},{"data":"strawberrySpire:Flashback","floor":23,"key":"SMITH"},{"data":"strawberrySpire:Flashback","floor":30,"key":"SMITH"},{"floor":32,"key":"REST"},{"floor":46,"key":"REST"},{"data":"hubris:Rewind","floor":49,"key":"SMITH"}],"circlet_count":0,"master_deck":["Strike_B","Strike_B","Defend_B","Defend_B","Zap","Dualcast","strawberrySpire:Adapter","strawberrySpire:Flashback","Coolheaded","Beam Cell+1","Leap","Glacier","Ghostly","strawberrySpire:AnotherWinter","Decay","StuffTheSpire:GlassShard+1","Electrodynamics","strawberrySpire:Adapter","Creative AI","Coolheaded+1","infinitespire:UltimateForm+1","Redo+1","Pot Of Greed","Pot Of Greed","hubris:Rewind+1","Writhe","Pot Of Greed","animator:ElricEdward","animator:Aisha","animator:Caster"],"relics":["Cracked Core","infinitespire:Freezer","jedi:laserpointer","Mirror","StuffTheSpire:RedRose","Regal Pillow","StuffTheSpire:TintedRock","energizedSpire:CursedPentagram","halation:Thesaurus","hubris:TenFootPole","Mango","hubris:BottledRain","Orichalcum","ReplayFunnel","strawberrySpire:ElefentMask","hubris:GrandSneckoEye","StuffTheSpire:GrapeVine","Grinning Jar","Prayer Wheel","Replay:Baseball","jedi:cryingmask","hubris:DisguiseKit","Replay:PocketPolymizer"],"acts_visited":["Exordium","TheCity","TheBeyond"],"potions_floor_usage":[14,48,50,50,50],"damage_taken":[{"damage":1,"enemies":"Cultist","floor":1,"turns":3},{"damage":0,"enemies":"Jaw Worm","floor":3,"turns":3},{"damage":0,"enemies":"Small Slimes","floor":4,"turns":3},{"damage":16,"enemies":"3 Sentries","floor":7,"turns":7},{"damage":5,"enemies":"Blue Slaver","floor":10,"turns":3},{"damage":3,"enemies":"Lots of Slimes","floor":11,"turns":3},{"damage":15,"enemies":"Gremlin Nob","floor":14,"turns":4},{"damage":20,"enemies":"The Guardian","floor":16,"turns":11},{"damage":2,"enemies":"Spheric Guardian","floor":18,"turns":5},{"damage":11,"enemies":"Chosen","floor":20,"turns":6},{"damage":13,"enemies":"Sentry and Sphere","floor":21,"turns":7},{"damage":6,"enemies":"Book of Stabbing","floor":24,"turns":6},{"damage":1,"enemies":"Snecko","floor":25,"turns":6},{"damage":1,"enemies":"3 Cultists","floor":27,"turns":3},{"damage":25,"enemies":"Slavers","floor":29,"turns":2},{"damage":3,"enemies":"Gremlin Leader","floor":31,"turns":6},{"damage":39,"enemies":"Automaton","floor":33,"turns":12},{"damage":6,"enemies":"3 Darklings","floor":35,"turns":4},{"damage":0,"enemies":"3 Shapes","floor":37,"turns":3},{"damage":0,"enemies":"Sphere and 2 Shapes","floor":38,"turns":4},{"damage":21,"enemies":"Reptomancer","floor":40,"turns":6},{"damage":0,"enemies":"3 Darklings","floor":41,"turns":6},{"damage":12,"enemies":"Nemesis","floor":42,"turns":9},{"damage":8,"enemies":"conspire:MimicChest","floor":47,"turns":5},{"damage":12,"enemies":"Jaw Worm Horde","floor":48,"turns":4},{"damage":11,"enemies":"conspire:OrnateMirror","floor":50,"turns":6}],"seed_played":"-2116820120894923581","potions_obtained":[{"floor":4,"key":"FocusPotion"},{"floor":7,"key":"Energy Potion"},{"floor":10,"key":"AttackPotion"},{"floor":18,"key":"LiquidBronze"},{"floor":48,"key":"SkillPotion"}],"is_trial":false,"path_per_floor":["M","$","M","M","?","R","E","?","T","M","M","?","?","E","R","B",null,"M","?","M","M","$","R","E","M","T","M","$","E","R","E","R","B",null,"M","AVR","M","M","?","E","M","E","T","$","?","R","?","M","R","B",null],"character_chosen":"DEFECT","items_purchased":["infinitespire:Freezer","strawberrySpire:Flashback","Centennial Puzzle","halation:Thesaurus","Orichalcum","hubris:DisguiseKit"],"campfire_rested":3,"item_purchase_floors":[2,2,22,22,28,44],"current_hp_per_floor":[67,67,67,67,67,67,51,51,51,46,43,43,43,28,63,43,68,66,66,55,42,42,42,50,49,49,48,48,23,23,20,59,20,82,76,76,76,82,82,61,61,49,49,49,39,78,70,58,58,47],"gold":930,"neow_bonus":"REMOVE_TWO","is_daily":false,"chose_seed":false,"campfire_upgraded":4,"win_rate":0.0,"timestamp":1610444828,"path_taken":["M","$","M","M","?","R","E","?","T","M","?","?","?","E","R","BOSS","M","?","M","M","$","R","E","?","T","M","?","E","R","E","R","BOSS","M","AVR","M","M","?","E","M","E","T","$","?","R","?","M","R","BOSS"],"items_purchased_type":["Relic","Card","Relic","Relic","Relic","Relic"],"build_version":"2020-12-22","purchased_purges":5,"victory":true,"max_hp_per_floor":[68,68,68,68,68,68,68,68,68,68,68,68,68,68,68,68,68,68,68,68,68,68,68,82,82,82,82,82,82,82,82,82,82,82,82,82,82,82,82,82,82,82,82,82,82,82,82,82,82,82],"card_choices":[{"not_picked":["Conserve Battery","jedi:sharpshooter"],"picked":"strawberrySpire:Adapter","floor":1},{"not_picked":["hubris:PowerSurge","jedi:BurstFrost"],"picked":"Coolheaded","floor":3},{"not_picked":["Conserve Battery","Hologram"],"picked":"Beam Cell","floor":4},{"not_picked":["BasicCrystalCard","Compile Driver","StuffTheSpire:Plugnplay"],"picked":"SKIP","floor":7},{"not_picked":["jedi:overflow","Force Field"],"picked":"Leap","floor":10},{"not_picked":["Blizzard","hubris:DoWhile"],"picked":"Glacier","floor":11},{"not_picked":["Rebound","Lockon","StuffTheSpire:EventHorizon"],"picked":"SKIP","floor":14},{"not_picked":["StuffTheSpire:EventHorizon","Multi-Cast"],"picked":"strawberrySpire:AnotherWinter","floor":16},{"not_picked":["Double Energy","strawberrySpire:DataDump","Reinforced Body+1"],"picked":"SKIP","floor":18},{"not_picked":["jedi:blockon","Beam Cell"],"picked":"StuffTheSpire:GlassShard+1","floor":20},{"not_picked":["Recycle","Streamline","Panic Button"],"picked":"SKIP","floor":21},{"not_picked":["Conserve Battery","BootSequence","Static Discharge"],"picked":"SKIP","floor":24},{"not_picked":["StuffTheSpire:Plugnplay","Steam"],"picked":"Electrodynamics","floor":25},{"not_picked":["Steam","Go for the Eyes"],"picked":"strawberrySpire:Adapter","floor":27},{"not_picked":["Fusion","Steam Power","strawberrySpire:DataDump"],"picked":"SKIP","floor":29},{"not_picked":["Hologram","Beam Cell","Steam"],"picked":"SKIP","floor":31},{"not_picked":["jedi:studyfrost","All For One"],"picked":"Creative AI","floor":33},{"not_picked":["StuffTheSpire:LoadUp+1","Rebound+1"],"picked":"Coolheaded+1","floor":35},{"not_picked":["Conserve Battery+1","Steam+1","Rebound+1"],"picked":"SKIP","floor":37},{"not_picked":["strawberrySpire:Disconnect","Rebound+1"],"picked":"Redo+1","floor":38},{"not_picked":["Reprogram+1","BasicCrystalCard","Rebound+1"],"picked":"SKIP","floor":40},{"not_picked":["strawberrySpire:Compressor+1","Panic Button","Rip and Tear+1"],"picked":"SKIP","floor":41},{"not_picked":["Reboot","Chill+1","hubris:Ukulele"],"picked":"SKIP","floor":42},{"not_picked":["ReplayTheSpireMod:Haul","ReplayTheSpireMod:??????????????????????"],"picked":"hubris:Rewind","floor":45},{"not_picked":["Conserve Battery","jedi:blockon+1","Streamline"],"picked":"animator:ElricEdward","floor":47},{"not_picked":["Coolheaded","jedi:BurstLightning","Sweeping Beam+1"],"picked":"animator:Aisha","floor":48},{"not_picked":["Auto Shields","Barrage+1","conspire:Rain+1"],"picked":"animator:Caster","floor":48}],"player_experience":539818,"relics_obtained":[{"floor":7,"key":"Mirror"},{"floor":9,"key":"Regal Pillow"},{"floor":14,"key":"StuffTheSpire:TintedRock"},{"floor":24,"key":"Mango"},{"floor":26,"key":"hubris:BottledRain"},{"floor":29,"key":"ReplayFunnel"},{"floor":31,"key":"strawberrySpire:ElefentMask"},{"floor":40,"key":"Grinning Jar"},{"floor":42,"key":"Replay:Baseball"},{"floor":43,"key":"jedi:cryingmask"},{"floor":47,"key":"Replay:PocketPolymizer"}],"event_choices":[{"damage_healed":0,"gold_gain":0,"player_choice":"Box","damage_taken":0,"relics_obtained":["jedi:laserpointer"],"max_hp_gain":0,"max_hp_loss":0,"event_name":"Big Fish","floor":5,"gold_loss":0,"cards_obtained":["Regret"]},{"damage_healed":0,"gold_gain":0,"player_choice":"Argue","damage_taken":0,"max_hp_gain":0,"max_hp_loss":0,"event_name":"conspire:LoneGhost","floor":13,"gold_loss":0},{"damage_healed":0,"gold_gain":0,"player_choice":"Cursed","damage_taken":0,"max_hp_gain":0,"max_hp_loss":0,"event_name":"Wheel of Change","floor":19,"gold_loss":0,"cards_obtained":["Decay"]}],"is_beta":false,"boss_relics":[{"not_picked":["Fusion Hammer","ReplayTheSpireMod:DimensionalGlitch"],"picked":"energizedSpire:CursedPentagram"},{"not_picked":["strawberrySpire:CapacitorDischarge","hubris:BlackHole"],"picked":"hubris:GrandSneckoEye"}],"items_purged_floors":[2,2,22,28,36],"is_endless":false,"potions_floor_spawned":[4,7,10,18,20,25,27,31,35,38,42,48],"ascension_level":1}}