{"host":"2xjkbrmvrd7iq7pu","time":1610478827,"event":{"mods":["AchievementEnabler","Act Like it!","Arknights The Spire","BaseMod","Downfall","Gensokyo","Gremlin Mod","GungeonMod","KinomotoSakuraMod(ƒæ÷Æ±æ”£)","Lobotomy","Minty Spire (QoL Compilation)","Reimu£®≤©¿ˆ¡È√Œ£©","Replay The Spire","StSLib","The Alterego","The Bug Knight","The Cursed","Yakumo Yukari mod"],"gold_per_floor":[134,147,147,167,185,135,135,146,146,157,157,232,232,261,261,261,261],"floor_reached":16,"playtime":1503,"items_purged":[],"score":102,"play_id":"b50d3cda-f583-4c76-8c4f-0157747154ac","local_time":"20210113031347","is_ascension_mode":false,"campfire_choices":[{"data":"PositiveMatter_Antimatter_Universe_purple","floor":11,"key":"SMITH"},{"data":"Observe_purple_2","floor":11,"key":"SMITH"},{"floor":13,"key":"REST"},{"floor":15,"key":"REST"}],"circlet_count":0,"master_deck":["AT_purpleEX","AT_purpleEX","Defend_purpleEX","Defend_purpleEX","Defend_purpleEX","Observe_purple_1","Observe_purple_2+1","PositiveMatter_Antimatter_Universe_purple+1","Charmbait_purple","Line_surface_state_purple","EighthInstrument_OneDividesIntoTwo_purple","WangLiang_OokamiKakushi_purple","SharpContractionReality_purple","Boundary_LightAndDark_purple","Mirror_FormAndEmptin_purple","Boundary_DynamicStaticEquilibrium_purple","GluttonyofRealm_purpleEX","D_absorption_purple"],"relics":["Boundary_crack","Memoryfragments_purpleEX","Replay:Arrowhead","Unceasing Top"],"acts_visited":["Exordium"],"potions_floor_usage":[16,16,16],"damage_taken":[{"damage":8,"enemies":"Small Slimes","floor":1,"turns":4},{"damage":1,"enemies":"2 Louse","floor":2,"turns":3},{"damage":11,"enemies":"Jaw Worm","floor":4,"turns":4},{"damage":2,"enemies":"2 Fungi Beasts","floor":5,"turns":4},{"damage":21,"enemies":"Exordium Thugs","floor":8,"turns":5},{"damage":7,"enemies":"Gremlin Gang","floor":10,"turns":4},{"damage":25,"enemies":"Replay:BlueRogue","floor":14,"turns":5},{"damage":41,"enemies":"Hexaghost","floor":16,"turns":8}],"seed_played":"7521031256156968921","potions_obtained":[{"floor":1,"key":"ZuzhouPotion:ReiMu"},{"floor":8,"key":"Adrenaline Potion"},{"floor":10,"key":"EntropicBrew"}],"is_trial":false,"path_per_floor":["M","M","?","M","M","?","?","M","T","M","R","?","R","E","R","B"],"character_chosen":"Youkari","items_purchased":[],"campfire_rested":2,"item_purchase_floors":[],"current_hp_per_floor":[64,64,57,48,47,47,47,28,28,26,26,15,36,14,35,0,0],"gold":261,"neow_bonus":"REMOVE_CARD","is_daily":false,"chose_seed":false,"campfire_upgraded":2,"win_rate":0.0,"timestamp":1610478827,"path_taken":["M","M","?","M","M","?","?","M","T","?","R","?","R","E","R","BOSS"],"items_purchased_type":[],"build_version":"2020-12-22","purchased_purges":0,"victory":false,"max_hp_per_floor":[70,70,70,70,70,70,70,70,70,70,70,70,70,73,73,73,73],"card_choices":[{"not_picked":["Worldmountain_purple","Mirror_FormAndEmptin_purple"],"picked":"PositiveMatter_Antimatter_Universe_purple","floor":1},{"not_picked":["Boundary_DreamRealityDamnation_purple","Umbrella_purple"],"picked":"Charmbait_purple","floor":2},{"not_picked":["Boundary_DreamRealityDamnation_purple","SfantasyHide_purple"],"picked":"Line_surface_state_purple","floor":4},{"not_picked":["Realm_recovery_purpleEX","Worldmountain_purple"],"picked":"EighthInstrument_OneDividesIntoTwo_purple","floor":5},{"not_picked":["WatchEChange_purple","Boundary_ObjectiveBoundary_purple","DarkRealmRedLine_purple"],"picked":"SKIP","floor":8},{"not_picked":["WingOfChimera_purple","RuleDissolution_purple"],"picked":"GluttonyofRealm_purpleEX","floor":10},{"not_picked":["Charmbait_purple","SfantasyHide_purple"],"picked":"D_absorption_purple","floor":14}],"player_experience":674152,"relics_obtained":[{"floor":9,"key":"Replay:Arrowhead"},{"floor":14,"key":"Unceasing Top"}],"event_choices":[{"cards_removed":["Defend_purpleEX"],"damage_healed":0,"gold_gain":0,"player_choice":"Card Removal","damage_taken":7,"max_hp_gain":0,"max_hp_loss":0,"event_name":"Golden Wing","floor":3,"gold_loss":0},{"cards_removed":["AT_purpleEX"],"damage_healed":0,"gold_gain":0,"player_choice":"Card Removal","damage_taken":0,"max_hp_gain":0,"max_hp_loss":0,"event_name":"The Cleric","floor":6,"gold_loss":50},{"damage_healed":0,"gold_gain":75,"player_choice":"Gather Gold","damage_taken":11,"max_hp_gain":0,"max_hp_loss":0,"event_name":"World of Goop","floor":12,"gold_loss":0}],"is_beta":false,"boss_relics":[],"items_purged_floors":[],"is_endless":false,"potions_floor_spawned":[1,8,10],"killed_by":"Hexaghost","ascension_level":0}}