{"host":"9vk21r6l9dtkpvh9","time":1610475270,"event":{"mods":["100% Spire Juice","2.2 Compatiblity","AchievementEnabler","Act Like it!","Astrologer","Bartender","BaseMod","Better Altar","Better Match","Better Note","Better Sensory Stone","Better Skull","Better Third Choice","BetterRewards","CapriCore","CatGirl Mod","Colored Map","Colored Powertips","Conspire","DeckTracker","Downfall","Energized Spire","Gensokyo","GifTheSpireLib","Hermit","Hubris","Infinite Spire","Jorbs\u0027s Wanderer Trilogy","Koishi","LagranYue(???·?)","Luminous","Mad Scientist","Marisa????????","Mimic Mod","Minty Spire (QoL Compilation)","Potionbrewer","Rare Cards Sparkle","Relic Stats","Replay The Spire","SOS???????","Shade Mod","Spicy Shops","StSLib","SuperFastMode","Td1madao Mod","The Animator","The Forsaken","The Gatherer","The Hierophant","The Immortal","The Jungle","The Marked","The Mystic","The Necromancer","The Runesmith","The Senshi","The Servant 0.9.4","The Valiant","The Wild Card","TheBandit","TheSwordswoman","TheWitcher","WarShipGirlsR/????R mod","vexMod","???Mod??????Boss"],"gold_per_floor":[114,128,94,110,130,164,164,175,175,194,228,239,239,269,269,367,367,381,306,306,306,322,335,335,364,388,388,403,403,420,420,420,522,522,542,557,557,557,557],"floor_reached":38,"playtime":3802,"items_purged":[],"score":461,"play_id":"2b21b832-3565-498f-81b7-8a052a1dde25","local_time":"20210112131430","is_ascension_mode":false,"campfire_choices":[{"floor":7.0,"key":"REST"},{"data":"astrologer:StarOfChange","floor":13.0,"key":"SMITH"},{"floor":15.0,"key":"REST"},{"floor":24.0,"key":"REST"},{"floor":27.0,"key":"REST"},{"data":"astrologer:Starfield","floor":29.0,"key":"SMITH"},{"floor":32.0,"key":"REST"}],"circlet_count":0,"master_deck":["astrologer:Strike","astrologer:Strike","astrologer:Strike","astrologer:Strike","astrologer:Defend","astrologer:Defend","astrologer:Defend","astrologer:Defend","astrologer:NorthStar","astrologer:TheFool+1","astrologer:StarOfChange+1","astrologer:Prismatic","astrologer:MeteorShower","astrologer:Premonition","astrologer:Stardust","astrologer:SpaceDust","astrologer:FrozenStar","astrologer:FrozenStar","astrologer:Temperance","astrologer:ShootingStar","astrologer:Fate","astrologer:TheLovers","astrologer:TheMagician+1","astrologer:Starfield+1","astrologer:SolarFlare","astrologer:TheHangedMan","astrologer:TheWorld","astrologer:Moonlight+1"],"relics":["astrologer:SkyMirror","LagranYue:RandomDrawCardRelic","hubris:BundleOfHerbs","FossilizedHelix","Matryoshka","infinitespire:PuzzleCube","energizedSpire:SpiderWeb","Sundial","vexMod:InvisibilityCloak","hubris:TenFootPole","Potion Belt","vexMod:Dragonfruit","Snecko Eye","hubris:Towel"],"acts_visited":["Exordium","TheCity","TheBeyond"],"potions_floor_usage":[38,38],"damage_taken":[{"damage":1.0,"enemies":"Cultist","floor":1.0,"turns":4.0},{"damage":3.0,"enemies":"Small Slimes","floor":2.0,"turns":3.0},{"damage":2.0,"enemies":"2 Louse","floor":4.0,"turns":3.0},{"damage":11.0,"enemies":"Looter","floor":5.0,"turns":3.0},{"damage":34.0,"enemies":"Gremlin Nob","floor":6.0,"turns":5.0},{"damage":0.0,"enemies":"3 Louse","floor":8.0,"turns":1.0},{"damage":0.0,"enemies":"Red Slaver","floor":10.0,"turns":4.0},{"damage":0.0,"enemies":"3 Sentries","floor":11.0,"turns":6.0},{"damage":0.0,"enemies":"2 Fungi Beasts","floor":12.0,"turns":4.0},{"damage":4.0,"enemies":"Gremlin Nob","floor":14.0,"turns":5.0},{"damage":13.0,"enemies":"The Guardian","floor":16.0,"turns":10.0},{"damage":7.0,"enemies":"Shell Parasite","floor":18.0,"turns":7.0},{"damage":5.0,"enemies":"Chosen","floor":22.0,"turns":6.0},{"damage":39.0,"enemies":"Book of Stabbing","floor":23.0,"turns":7.0},{"damage":50.0,"enemies":"Gremlin Leader","floor":25.0,"turns":6.0},{"damage":0.0,"enemies":"Centurion and Healer","floor":28.0,"turns":7.0},{"damage":11.0,"enemies":"Snecko","floor":30.0,"turns":7.0},{"damage":28.0,"enemies":"Automaton","floor":33.0,"turns":10.0},{"damage":9.0,"enemies":"Orb Walker","floor":35.0,"turns":5.0},{"damage":40,"enemies":"3 Darklings","floor":36,"turns":6},{"damage":66,"enemies":"infinitespire:Three Voidlings","floor":38,"turns":7},{"damage":71,"enemies":"Nightmare_Alpha","floor":38,"turns":9}],"seed_played":"1860342934691283543","potions_obtained":[{"floor":2.0,"key":"sneckomod:MuddlingPotion"},{"floor":6.0,"key":"potionbrewer:NoxiousPotion"},{"floor":8.0,"key":"Reflective Coating"},{"floor":11.0,"key":"LiquidMemories"},{"floor":14.0,"key":"infinitespire:BlackPotion"},{"floor":18.0,"key":"Explosive Potion"},{"floor":25.0,"key":"Dexterity Potion"},{"floor":33.0,"key":"potionbrewer:BoundlessPotion"},{"floor":36,"key":"sneckomod:MuddlingPotion"}],"is_trial":false,"path_per_floor":["M","M","$","M","M","E","R","M","T","M","E","M","R","E","R","B",null,"M","?","?","?","M","E","R","E","T","R","M","R","M","T","R","B",null,"M","M","?","?"],"character_chosen":"ASTROLOGER","items_purchased":["astrologer:MeteorShower"],"campfire_rested":5,"item_purchase_floors":[3],"current_hp_per_floor":[69,66,66,64,53,19,40,40,40,40,40,40,40,38,59,48,70,65,65,65,65,64,25,46,20,20,41,45,45,34,39,61,38,75,66,46,46,0,0],"gold":557,"neow_bonus":"UPGRADE_CARD","is_daily":false,"chose_seed":false,"campfire_upgraded":2,"win_rate":0.0,"timestamp":1610475270,"path_taken":["M","?","$","M","M","E","R","M","T","M","E","?","R","E","R","BOSS","M","?","?","?","M","E","R","E","T","R","M","R","M","?","R","BOSS","M","M","?","?"],"items_purchased_type":["Card"],"build_version":"2020-12-22","purchased_purges":0,"victory":false,"max_hp_per_floor":[70,70,70,70,70,70,70,70,70,70,70,70,70,70,70,70,70,70,70,70,70,70,70,70,70,70,70,70,70,70,75,75,75,75,75,75,75,75,75],"relic_stats":{"counters":[22,125],"Sundial":[8],"Snecko Eye":[54,53,65,66],"obtain_stats":[{"Potion Belt":31,"LagranYue:RandomDrawCardRelic":0,"energizedSpire:SpiderWeb":17,"hubris:Towel":37,"vexMod:Dragonfruit":31,"vexMod:InvisibilityCloak":25,"Matryoshka":11,"Sundial":23,"Snecko Eye":34,"astrologer:SkyMirror":0,"hubris:BundleOfHerbs":6,"hubris:TenFootPole":26,"FossilizedHelix":9,"infinitespire:PuzzleCube":14},{"Potion Belt":17,"LagranYue:RandomDrawCardRelic":0,"energizedSpire:SpiderWeb":11,"hubris:Towel":20,"vexMod:Dragonfruit":17,"vexMod:InvisibilityCloak":15,"Matryoshka":8,"Sundial":14,"Snecko Eye":18,"astrologer:SkyMirror":0,"hubris:BundleOfHerbs":5,"hubris:TenFootPole":15,"FossilizedHelix":6,"infinitespire:PuzzleCube":10},{"Potion Belt":88,"LagranYue:RandomDrawCardRelic":0,"energizedSpire:SpiderWeb":48,"hubris:Towel":109,"vexMod:Dragonfruit":88,"vexMod:InvisibilityCloak":74,"Matryoshka":29,"Sundial":68,"Snecko Eye":98,"astrologer:SkyMirror":0,"hubris:BundleOfHerbs":18,"hubris:TenFootPole":74,"FossilizedHelix":19,"infinitespire:PuzzleCube":38}]},"card_choices":[{"not_picked":["astrologer:ReadTheStars","astrologer:FrozenStar"],"picked":"astrologer:StarOfChange","floor":1.0},{"not_picked":["astrologer:Opposition","astrologer:Stardust"],"picked":"astrologer:Prismatic","floor":2.0},{"not_picked":["astrologer:Radiance","astrologer:StarOfCourage"],"picked":"astrologer:Premonition","floor":4.0},{"not_picked":["astrologer:TheEmperor","astrologer:Prismatic"],"picked":"astrologer:Stardust","floor":5.0},{"not_picked":["astrologer:Justice","astrologer:Opposition"],"picked":"astrologer:SpaceDust","floor":6.0},{"not_picked":["astrologer:Fate","astrologer:Fireball"],"picked":"astrologer:FrozenStar","floor":8.0},{"not_picked":["astrologer:Stardust","astrologer:TheSun"],"picked":"astrologer:FrozenStar","floor":10.0},{"not_picked":["astrologer:Justice","astrologer:Radiance"],"picked":"astrologer:Temperance","floor":11.0},{"not_picked":["astrologer:TheMoon","astrologer:MeteorShower"],"picked":"astrologer:ShootingStar","floor":12.0},{"not_picked":["astrologer:Opposition","astrologer:Divination","astrologer:Still"],"picked":"SKIP","floor":14.0},{"not_picked":["astrologer:WheelofFortune","astrologer:HeatDeath"],"picked":"astrologer:Fate","floor":16.0},{"not_picked":["astrologer:ReadTheStars","astrologer:LonelyStar"],"picked":"astrologer:TheLovers","floor":18.0},{"not_picked":["astrologer:Fate+1","astrologer:Premonition+1"],"picked":"astrologer:TheMagician+1","floor":19.0},{"not_picked":["astrologer:Prestidigitation","astrologer:Opposition","astrologer:SpaceDust"],"picked":"SKIP","floor":22.0},{"not_picked":["astrologer:Radiance","astrologer:Still"],"picked":"astrologer:Starfield","floor":23.0},{"not_picked":["astrologer:Alignment","astrologer:CometStrike"],"picked":"astrologer:SolarFlare","floor":25.0},{"not_picked":["astrologer:SolarFlare","astrologer:Radiance","astrologer:Divination"],"picked":"SKIP","floor":28.0},{"not_picked":["astrologer:StarOfCourage+1","astrologer:MeteorShower"],"picked":"astrologer:TheHangedMan","floor":30.0},{"not_picked":["astrologer:TheMagician","astrologer:Nova"],"picked":"astrologer:TheWorld","floor":33.0},{"not_picked":["astrologer:Opposition+1","astrologer:Prestidigitation+1"],"picked":"astrologer:Moonlight+1","floor":35.0},{"not_picked":["astrologer:TheHighPriestess","astrologer:Shine+1","astrologer:Stardust"],"picked":"SKIP","floor":36}],"player_experience":659231,"relics_obtained":[{"floor":6.0,"key":"hubris:BundleOfHerbs"},{"floor":9.0,"key":"FossilizedHelix"},{"floor":11.0,"key":"Matryoshka"},{"floor":14.0,"key":"infinitespire:PuzzleCube"},{"floor":23.0,"key":"Sundial"},{"floor":25.0,"key":"vexMod:InvisibilityCloak"},{"floor":26.0,"key":"hubris:TenFootPole"},{"floor":31.0,"key":"Potion Belt"},{"floor":31.0,"key":"vexMod:Dragonfruit"}],"event_choices":[{"damage_healed":0.0,"max_hp_gain":0.0,"max_hp_loss":0.0,"gold_gain":0.0,"event_name":"betterMatch:BetterMatch","player_choice":"2","floor":19.0,"gold_loss":0.0,"damage_taken":0.0,"cards_obtained":["betterMatch:RareCard"]},{"damage_healed":0.0,"max_hp_gain":0.0,"max_hp_loss":0.0,"gold_gain":0.0,"event_name":"betterNote:BetterNote","player_choice":"Ignored","floor":20.0,"gold_loss":0.0,"damage_taken":0.0,"cards_obtained":["Moonworks:WeAreWaruda"]}],"is_beta":false,"boss_relics":[{"not_picked":["conspire:RunicOctahedron","Runic Pyramid"],"picked":"energizedSpire:SpiderWeb"},{"not_picked":["Replay:Drink Me","Calling Bell"],"picked":"Snecko Eye"}],"items_purged_floors":[],"is_endless":false,"potions_floor_spawned":[2,6,8,11,14,18,25,33,36],"killed_by":"Nightmare_Alpha","ascension_level":0}}