{"host":"9vk21r6l9dtkpvh9","time":1610486098,"event":{"mods":["100% Spire Juice","2.2 Compatiblity","AchievementEnabler","Act Like it!","Astrologer","Bartender","BaseMod","Better Altar","Better Match","Better Note","Better Sensory Stone","Better Skull","Better Third Choice","BetterRewards","CapriCore","CatGirl Mod","Colored Map","Colored Powertips","Conspire","DeckTracker","Downfall","Energized Spire","Gensokyo","GifTheSpireLib","Hermit","Hubris","Infinite Spire","Jorbs\u0027s Wanderer Trilogy","Koishi","LagranYue(???·?)","Luminous","Mad Scientist","Marisa????????","Mimic Mod","Minty Spire (QoL Compilation)","Potionbrewer","Rare Cards Sparkle","Relic Stats","Replay The Spire","SOS???????","Shade Mod","Spicy Shops","StSLib","SuperFastMode","Td1madao Mod","The Animator","The Forsaken","The Gatherer","The Hierophant","The Immortal","The Jungle","The Marked","The Mystic","The Necromancer","The Runesmith","The Senshi","The Servant 0.9.4","The Valiant","The Wild Card","TheBandit","TheSwordswoman","TheWitcher","WarShipGirlsR/????R mod","vexMod","???Mod??????Boss"],"gold_per_floor":[118,118,61,71,85,115,115,132,132,132,146,172,192,202,202,307,307,322,322,322,342,353,353,379,379,379,289,388,388,388,407,407,512,512,528,528,546,546,546,546,546,546,570,588,605,605,655,675,675,675,675,675,28,60,60,60],"floor_reached":55,"playtime":5391,"items_purged":["theMarked:Strike","Decay"],"score":647,"play_id":"565c819a-ce52-4784-a456-c963b5024978","local_time":"20210112161458","is_ascension_mode":false,"campfire_choices":[{"floor":7,"key":"REST"},{"floor":10,"key":"REST"},{"floor":15,"key":"REST"},{"floor":23,"key":"REST"},{"floor":25,"key":"REST"},{"data":"infinitespire:Starlight","floor":30,"key":"SMITH"},{"floor":40,"key":"RECALL"},{"data":"Replay:SS_hec_2","floor":42,"key":"SMITH"},{"data":"expansioncontent:CaCaw","floor":46,"key":"SMITH"},{"data":"Replay:Dark Deal","floor":49,"key":"SMITH"},{"data":"theMarked:EmpowerWeapon","floor":52,"key":"SMITH"}],"circlet_count":0,"master_deck":["theMarked:Strike+1","theMarked:Defend","theMarked:Defend","theMarked:Defend","theMarked:Defend","theMarked:SoldierOfQuellstein+1","theMarked:ReduceFriction","theMarked:RepellingDischarge","theMarked:HeritageOfTheMarked+1","theMarked:ParalyzingBlade+1","theMarked:ResourceFulStrike","theMarked:SwordAndMagic+1","theMarked:EmpowerWeapon+1","theMarked:Improvise+1","theMarked:WardOff+1","theMarked:Abjuration","AbeCurse","theMarked:Polarize","theMarked:TwofoldDefense+1","theMarked:WardOff","infinitespire:Starlight+1","theMarked:HeritageOfTheMarked+1","theMarked:EternalStudent","theMarked:WardOff+1","Replay:Dark Deal+1","Replay:SS_hec_2+1","expansioncontent:CaCaw+1","theMarked:Convert+1","theMarked:StartUp+1","theMarked:Seal+1"],"relics":["theMarked:ArtifactOfAir","LagranYue:RandomDrawCardRelic","Bag of Marbles","Whetstone","Abe\u0027s Treasure","Juzu Bracelet","Nunchaku","Medical Kit","SlaversCollar","ReplayTheSpireMod:ShopPack","Replay:Mystery Machine","CaptainsWheel","Incense Burner","Protect_Vest","infinitespire:PuzzleCube","conspire:TopHat"],"acts_visited":["Exordium","TheCity","TheBeyond","TheEnding"],"potions_floor_usage":[8,12,16,21,35,50,55,55,55],"damage_taken":[{"damage":5,"enemies":"Small Slimes","floor":1,"turns":4},{"damage":0,"enemies":"Cultist","floor":4,"turns":5},{"damage":0,"enemies":"2 Louse","floor":5,"turns":3},{"damage":41,"enemies":"Gremlin Nob","floor":6,"turns":6},{"damage":21,"enemies":"Gremlin Gang","floor":8,"turns":5},{"damage":4,"enemies":"Blue Slaver","floor":11,"turns":5},{"damage":8,"enemies":"Lagavulin","floor":12,"turns":6},{"damage":0,"enemies":"Large Slime","floor":13,"turns":4},{"damage":1,"enemies":"3 Louse","floor":14,"turns":3},{"damage":8,"enemies":"Slime Boss","floor":16,"turns":6},{"damage":5,"enemies":"Chosen","floor":18,"turns":3},{"damage":10,"enemies":"2 Thieves","floor":21,"turns":2},{"damage":17,"enemies":"Snecko","floor":22,"turns":4},{"damage":34,"enemies":"Book of Stabbing","floor":24,"turns":6},{"damage":0,"enemies":"Centurion and Healer","floor":31,"turns":4},{"damage":49,"enemies":"Champ","floor":33,"turns":12},{"damage":12,"enemies":"3 Darklings","floor":35,"turns":5},{"damage":18,"enemies":"3 Shapes","floor":37,"turns":3},{"damage":0,"enemies":"Jaw Worm Horde","floor":44,"turns":8},{"damage":0,"enemies":"Transient","floor":45,"turns":5},{"damage":0,"enemies":"Mind Bloom Boss Battle","floor":47,"turns":6},{"damage":0,"enemies":"Spire Growth","floor":48,"turns":4},{"damage":72,"enemies":"hubris:GrandSnecko","floor":50,"turns":13},{"damage":49,"enemies":"Shield and Spear","floor":54,"turns":8},{"damage":51,"enemies":"The Heart","floor":55,"turns":2}],"seed_played":"-6814903093203979476","potions_obtained":[{"floor":4,"key":"Fire Potion"},{"floor":6,"key":"potionbrewer:BarricadePotion"},{"floor":8,"key":"potionbrewer:NoxiousPotion"},{"floor":11,"key":"SteroidPotion"},{"floor":13,"key":"AttackPotion"},{"floor":18,"key":"Regen Potion"},{"floor":19,"key":"AttackPotion"},{"floor":19,"key":"EssenceOfSteel"},{"floor":31,"key":"potionbrewer:AcidPotion"},{"floor":33,"key":"Block Potion"},{"floor":35,"key":"champ:CounterPotion"}],"is_trial":false,"path_per_floor":["M","?","$","M","M","E","R","M","T","R","M","E","M","M","R","B",null,"M","?","?","M","M","R","E","R","T","?","?","AVR","R","M","R_BF","B",null,"M","?","M","?","?","R","AVR","R","T","M","M","R","?","M","R","B",null,"R","$","E","B"],"character_chosen":"THE_DEFAULT","items_purchased":["theMarked:HeritageOfTheMarked+1","Incense Burner","Protect_Vest","infinitespire:PuzzleCube","Elixir"],"campfire_rested":5,"item_purchase_floors":[3,53,53,53,53],"current_hp_per_floor":[65,65,65,65,65,24,45,24,24,45,41,33,33,32,53,45,70,65,65,65,55,38,59,25,46,46,46,46,46,46,61,70,34,70,58,58,40,40,40,40,40,40,40,55,55,55,70,70,70,13,70,70,70,21,0,0],"gold":60,"neow_bonus":"TRANSFORM_CARD","is_daily":false,"chose_seed":false,"campfire_upgraded":5,"win_rate":0.0,"timestamp":1610486098,"path_taken":["M","?","?","M","?","E","R","M","T","R","M","E","M","M","R","BOSS","M","?","?","M","M","R","E","R","T","?","?","AVR","R","M","R_BF","BOSS","M","?","M","?","?","R","AVR","R","T","M","M","R","?","M","R","BOSS","R","$","E","BOSS"],"items_purchased_type":["Card","Relic","Relic","Relic","Potion"],"build_version":"2020-12-22","purchased_purges":2,"victory":false,"max_hp_per_floor":[70,70,70,70,70,70,70,70,70,70,70,70,70,70,70,70,70,70,70,70,70,70,70,70,70,70,70,70,70,70,70,70,70,70,70,70,70,70,70,70,70,70,70,70,70,70,70,70,70,70,70,70,70,70,70,70],"relic_stats":{"Nunchaku":[8],"counters":[25,123],"Juzu Bracelet":3,"Whetstone":["theMarked:Strike","theMarked:SwordAndMagic"],"Medical Kit":[3],"obtain_stats":[{"LagranYue:RandomDrawCardRelic":0,"Juzu Bracelet":24,"Incense Burner":53,"Protect_Vest":53,"Whetstone":12,"Replay:Mystery Machine":43,"Medical Kit":29,"conspire:TopHat":54,"theMarked:ArtifactOfAir":0,"SlaversCollar":34,"Nunchaku":26,"CaptainsWheel":47,"Bag of Marbles":6,"Abe\u0027s Treasure":17,"infinitespire:PuzzleCube":53,"ReplayTheSpireMod:ShopPack":41},{"LagranYue:RandomDrawCardRelic":0,"Juzu Bracelet":14,"Incense Burner":23,"Protect_Vest":23,"Whetstone":7,"Replay:Mystery Machine":18,"Medical Kit":14,"conspire:TopHat":24,"theMarked:ArtifactOfAir":0,"SlaversCollar":16,"Nunchaku":14,"CaptainsWheel":21,"Bag of Marbles":4,"Abe\u0027s Treasure":10,"infinitespire:PuzzleCube":23,"ReplayTheSpireMod:ShopPack":18},{"LagranYue:RandomDrawCardRelic":0,"Juzu Bracelet":58,"Incense Burner":114,"Protect_Vest":114,"Whetstone":30,"Replay:Mystery Machine":79,"Medical Kit":58,"conspire:TopHat":121,"theMarked:ArtifactOfAir":0,"SlaversCollar":73,"Nunchaku":58,"CaptainsWheel":97,"Bag of Marbles":16,"Abe\u0027s Treasure":43,"infinitespire:PuzzleCube":114,"ReplayTheSpireMod:ShopPack":79}]},"card_choices":[{"not_picked":["theMarked:Generate","theMarked:BanishingStrike"],"picked":"theMarked:RepellingDischarge","floor":1},{"not_picked":["theMarked:WastefulAttack","theMarked:ResourceFulStrike"],"picked":"theMarked:ParalyzingBlade","floor":4},{"not_picked":["theMarked:Electrocute","theMarked:ChainLightning"],"picked":"theMarked:ResourceFulStrike","floor":5},{"not_picked":["theMarked:Electrocute","theMarked:BanishingStrike"],"picked":"theMarked:SwordAndMagic","floor":6},{"not_picked":["theMarked:Convert","theMarked:Overthink"],"picked":"theMarked:EmpowerWeapon","floor":8},{"not_picked":["theMarked:Parkour","theMarked:Static"],"picked":"theMarked:Improvise","floor":11},{"not_picked":["theMarked:Standoff","theMarked:BanishingStrike","theMarked:HeightenedSenses"],"picked":"SKIP","floor":12},{"not_picked":["theMarked:Frustration","theMarked:HeightenedSenses","theMarked:WastefulDefense"],"picked":"SKIP","floor":13},{"not_picked":["theMarked:Parkour","theMarked:MuscleMemory"],"picked":"theMarked:WardOff","floor":14},{"not_picked":["theMarked:Challenge","theMarked:UnarmedFury"],"picked":"theMarked:Abjuration","floor":16},{"not_picked":["theMarked:EmpowerWeapon","theMarked:ContemptForTheProud+1"],"picked":"theMarked:Polarize","floor":18},{"not_picked":["theMarked:Improvise","theMarked:ResourceFulStrike+1"],"picked":"theMarked:TwofoldDefense+1","floor":21},{"not_picked":["theMarked:TunnelVision","theMarked:ComboAttacks","theMarked:Electrify"],"picked":"SKIP","floor":22},{"not_picked":["theMarked:Vacuum","theMarked:WastefulAttack+1"],"picked":"theMarked:WardOff","floor":24},{"not_picked":["theMarked:Aftermath+1","theMarked:Static"],"picked":"theMarked:HeritageOfTheMarked+1","floor":31},{"not_picked":["theMarked:ChannelForce","theMarked:SoldierForm"],"picked":"theMarked:EternalStudent","floor":33},{"not_picked":["theMarked:ChainLightning","theMarked:Parkour+1"],"picked":"theMarked:WardOff+1","floor":35},{"not_picked":["theMarked:BanishingStrike","theMarked:SwordAndMagic+1","theMarked:HeightenedSenses"],"picked":"SKIP","floor":37},{"not_picked":["Magnetism","Chrysalis"],"picked":"Replay:Dark Deal","floor":41},{"not_picked":["Poisoned Strike","expansioncontent:DefensiveStance"],"picked":"Replay:SS_hec_2","floor":41},{"not_picked":["expansioncontent:AwakenDeath","Dark Shackles"],"picked":"expansioncontent:CaCaw","floor":41},{"not_picked":["theMarked:Frustration","theMarked:ResourceFulStrike+1"],"picked":"theMarked:Convert+1","floor":44},{"not_picked":["theMarked:ResourceFulStrike","theMarked:ParalyzingBlade"],"picked":"theMarked:StartUp+1","floor":45},{"not_picked":["theMarked:Parkour+1","theMarked:Convert"],"picked":"theMarked:Seal+1","floor":47},{"not_picked":["theMarked:PowerFlow","theMarked:Static+1","theMarked:Frustration"],"picked":"SKIP","floor":48},{"not_picked":["theMarked:HeightenedSenses","theMarked:SuspiciousRaven","theMarked:BanishingStrike"],"picked":"SKIP","floor":54}],"player_experience":667181,"relics_obtained":[{"floor":6,"key":"Bag of Marbles"},{"floor":12,"key":"Whetstone"},{"floor":24,"key":"Juzu Bracelet"},{"floor":26,"key":"Nunchaku"},{"floor":43,"key":"Replay:Mystery Machine"},{"floor":47,"key":"CaptainsWheel"},{"floor":54,"key":"conspire:TopHat"}],"event_choices":[{"cards_removed":["theMarked:Strike"],"damage_healed":0,"gold_gain":0,"player_choice":"Offered Basic","damage_taken":0,"max_hp_gain":0,"max_hp_loss":0,"event_name":"Bonfire Elementals","floor":2,"gold_loss":0},{"damage_healed":0,"gold_gain":0,"player_choice":"Got Potions","damage_taken":0,"max_hp_gain":0,"max_hp_loss":0,"event_name":"Lab","floor":19,"gold_loss":0},{"damage_healed":0,"gold_gain":0,"player_choice":"Forge","damage_taken":0,"max_hp_gain":0,"max_hp_loss":0,"event_name":"Accursed Blacksmith","floor":20,"gold_loss":0,"cards_upgraded":["theMarked:ParalyzingBlade"]},{"cards_removed":["theMarked:Strike"],"damage_healed":0,"gold_gain":0,"player_choice":"Upgrade and Remove","damage_taken":0,"max_hp_gain":0,"max_hp_loss":0,"event_name":"Designer","floor":27,"gold_loss":90,"cards_upgraded":["theMarked:Improvise"]},{"damage_healed":0,"gold_gain":99,"player_choice":"Steal","damage_taken":0,"max_hp_gain":0,"max_hp_loss":0,"event_name":"betterThird:BetterNest","floor":28,"gold_loss":0},{"damage_healed":0,"gold_gain":0,"player_choice":"Leave","damage_taken":0,"max_hp_gain":0,"max_hp_loss":0,"event_name":"conspire:Investor","floor":36,"gold_loss":0},{"damage_healed":0,"gold_gain":0,"player_choice":"Upgraded","damage_taken":0,"max_hp_gain":0,"max_hp_loss":0,"event_name":"Upgrade Shrine","floor":38,"gold_loss":0,"cards_upgraded":["theMarked:SoldierOfQuellstein"]},{"damage_healed":0,"gold_gain":0,"player_choice":"Cursed","damage_taken":0,"max_hp_gain":0,"max_hp_loss":0,"event_name":"Wheel of Change","floor":39,"gold_loss":0,"cards_obtained":["Decay"]},{"damage_healed":0,"gold_gain":0,"player_choice":"Fight","damage_taken":0,"max_hp_gain":0,"max_hp_loss":0,"event_name":"MindBloom","floor":47,"gold_loss":0}],"is_beta":false,"boss_relics":[{"not_picked":["energizedSpire:HugeHouse","vexMod:BigBerry"],"picked":"Abe\u0027s Treasure"},{"not_picked":["conspire:RunicOctahedron","Replay:Drink Me"],"picked":"SlaversCollar"}],"items_purged_floors":[29,41],"is_endless":false,"potions_floor_spawned":[4,6,8,11,13,14,18,31,33,35,37,44,54],"killed_by":"The Heart","ascension_level":0}}