{"host":"hve1dyh1ly81yl9f","time":1610461595,"event":{"mods":["BaseMod","Colored Map","DeckTracker","Highlight Path","Keyboard Shortcuts","Minty Spire (QoL Compilation)","Permanent Neow","Quick Restart","StSLib","SuperFastMode"],"gold_per_floor":[367,367,88,104,122,156,156,182,182,197,208,208,243,253,253,253,253],"floor_reached":16,"playtime":453,"items_purged":["Strike_R"],"score":171,"play_id":"c9950f2e-dbb6-452e-918e-0a381f61ea43","local_time":"20210112232635","is_ascension_mode":true,"campfire_choices":[{"data":"Whirlwind","floor":7.0,"key":"SMITH"},{"floor":12.0,"key":"REST"},{"floor":15.0,"key":"REST"}],"circlet_count":0,"master_deck":["Strike_R","Strike_R","Strike_R","Strike_R","Defend_R","Defend_R","Defend_R","Defend_R","Bash","Whirlwind+1","Flex"],"relics":["Burning Blood","Nunchaku","Frozen Egg 2","Letter Opener","Question Card","Vajra"],"acts_visited":["Exordium"],"potions_floor_usage":[],"damage_taken":[{"damage":10.0,"enemies":"2 Louse","floor":1.0,"turns":3.0},{"damage":6.0,"enemies":"Cultist","floor":4.0,"turns":3.0},{"damage":16.0,"enemies":"Small Slimes","floor":5.0,"turns":3.0},{"damage":40.0,"enemies":"Lagavulin","floor":6.0,"turns":6.0},{"damage":8.0,"enemies":"Gremlin Nob","floor":8.0,"turns":3.0},{"damage":13.0,"enemies":"Exordium Thugs","floor":10.0,"turns":4.0},{"damage":23.0,"enemies":"Red Slaver","floor":11.0,"turns":3.0},{"damage":10.0,"enemies":"3 Sentries","floor":13.0,"turns":4.0},{"damage":12.0,"enemies":"2 Fungi Beasts","floor":14.0,"turns":2.0},{"damage":47,"enemies":"The Guardian","floor":16,"turns":9}],"seed_played":"2972236669060698996","potions_obtained":[{"floor":4.0,"key":"SteroidPotion"},{"floor":6.0,"key":"PowerPotion"},{"floor":11.0,"key":"ElixirPotion"}],"is_trial":false,"path_per_floor":["M","?","$","M","M","E","R","E","T","M","M","R","E","M","R","B"],"character_chosen":"IRONCLAD","items_purchased":["Nunchaku","BloodPotion"],"campfire_rested":2,"item_purchase_floors":[3,3],"current_hp_per_floor":[68,68,68,68,58,38,38,36,36,29,12,33,29,23,44,0,0],"gold":253,"neow_bonus":"TWO_FIFTY_GOLD","is_daily":false,"chose_seed":false,"campfire_upgraded":1,"win_rate":0.0,"timestamp":1610461595,"path_taken":["M","?","$","M","M","E","R","E","T","M","?","R","E","M","R","BOSS"],"items_purchased_type":["Relic","Potion"],"build_version":"2020-12-22","purchased_purges":1,"victory":false,"max_hp_per_floor":[72,72,72,72,72,72,72,72,72,72,72,72,72,72,72,72,72],"card_choices":[{"not_picked":["Thunderclap","Pummel"],"picked":"Whirlwind","floor":1.0},{"not_picked":["Twin Strike","Clash","Cleave"],"picked":"SKIP","floor":4.0},{"not_picked":["Body Slam","True Grit","Brutality"],"picked":"SKIP","floor":5.0},{"not_picked":["Iron Wave","Rupture+1","Cleave"],"picked":"SKIP","floor":6.0},{"not_picked":["Shockwave","Juggernaut+1"],"picked":"Flex","floor":8.0},{"not_picked":["Armaments","Power Through","Havoc","Twin Strike"],"picked":"SKIP","floor":10.0},{"not_picked":["Cleave","Warcry","Sentinel","Body Slam"],"picked":"SKIP","floor":11.0},{"not_picked":["Cleave","Thunderclap","Sword Boomerang","Fire Breathing+1"],"picked":"SKIP","floor":13.0},{"not_picked":["Power Through","Iron Wave","Feel No Pain+1","Dark Embrace+1"],"picked":"SKIP","floor":14.0}],"player_experience":312087,"relics_obtained":[{"floor":6.0,"key":"Frozen Egg 2"},{"floor":8.0,"key":"Letter Opener"},{"floor":9.0,"key":"Question Card"},{"floor":13.0,"key":"Vajra"}],"event_choices":[{"damage_healed":0.0,"max_hp_gain":0.0,"max_hp_loss":0.0,"gold_gain":0.0,"event_name":"Match and Keep!","player_choice":"0 cards matched","floor":2.0,"gold_loss":0.0,"damage_taken":0.0,"cards_obtained":[]}],"is_beta":false,"boss_relics":[],"items_purged_floors":[3],"is_endless":false,"potions_floor_spawned":[4,6,11],"killed_by":"The Guardian","ascension_level":8}}