{"host":"dr5t8qsew5rvjx1s","time":1610453786,"event":{"mods":["BaseMod","Better Third Choice","Colored Powertips","Marked Mod","Mimic Mod","Minty Spire (QoL Compilation)","Replay The Spire","StSLib","The Marked"],"gold_per_floor":[112,112,112,190,205,205,19,19,19,32,66,86,101,112,112,209,209,219,219,202,212,212,212,212,212],"floor_reached":24,"playtime":1382,"items_purged":[],"score":208,"play_id":"1da27b27-2f64-47b0-b6d3-d53a679aad1c","local_time":"20210112131626","is_ascension_mode":true,"campfire_choices":[{"floor":6,"key":"REST"},{"data":"MarkedMod:GracefulMovements","floor":8,"key":"SMITH"},{"floor":15,"key":"REST"}],"circlet_count":0,"master_deck":["Strike_P+1","Strike_P","Strike_P","Strike_P+1","Defend_P","Defend_P","Defend_P","Defend_P","Eruption","Vigilance","PathToVictory","Replay:AtTheReady","MarkedMod:PinPointDefense","MarkedMod:GracefulMovements+1","Evaluate","MarkedMod:GracefulMovements","PathToVictory","MarkedMod:FirstStrike","Replay:LoomingThreat","MarkedMod:GentlePulse","Protect","Replay:Battleflow"],"relics":["PureWater","Ancient Tea Set","Oddly Smooth Stone","Whetstone","TeardropLocket","Black Star","Omamori"],"acts_visited":["Exordium","TheCity"],"potions_floor_usage":[20,24],"damage_taken":[{"damage":0,"enemies":"Jaw Worm","floor":1,"turns":3},{"damage":0,"enemies":"2 Louse","floor":5,"turns":3},{"damage":0,"enemies":"Cultist","floor":10,"turns":4},{"damage":35,"enemies":"3 Sentries","floor":11,"turns":8},{"damage":10,"enemies":"Large Slime","floor":12,"turns":4},{"damage":3,"enemies":"Blue Slaver","floor":13,"turns":4},{"damage":6,"enemies":"2 Fungi Beasts","floor":14,"turns":3},{"damage":5,"enemies":"The Guardian","floor":16,"turns":8},{"damage":12,"enemies":"Shell Parasite","floor":18,"turns":5},{"damage":23,"enemies":"2 Thieves","floor":20,"turns":5},{"damage":28,"enemies":"Centurion and Healer","floor":21,"turns":9},{"damage":9,"enemies":"Cultist and Chosen","floor":24,"turns":6}],"seed_played":"8484622009278196160","potions_obtained":[{"floor":4,"key":"Reflective Coating"},{"floor":4,"key":"MarkedMod:BlackLotusJuice"},{"floor":4,"key":"SkillPotion"},{"floor":10,"key":"ColorlessPotion"},{"floor":12,"key":"DistilledChaos"},{"floor":21,"key":"Dexterity Potion"}],"is_trial":false,"path_per_floor":["M","$","?","?","M","R","$","R","T","M","E","M","M","M","R","B",null,"M","?","M","M","PTL","PTL","M"],"character_chosen":"WATCHER","items_purchased":["Oddly Smooth Stone","MarkedMod:GracefulMovements"],"campfire_rested":2,"item_purchase_floors":[7,7],"current_hp_per_floor":[72,72,72,44,44,65,65,65,65,65,30,20,17,11,32,27,72,60,60,37,9,9,9,0,0],"gold":212,"neow_bonus":"RANDOM_COMMON_RELIC","is_daily":false,"chose_seed":false,"campfire_upgraded":1,"win_rate":0.0,"timestamp":1610453786,"path_taken":["M","$","?","?","M","R","$","R","T","M","E","M","M","M","R","BOSS","M","?","M","M","PTL","PTL","?"],"items_purchased_type":["Relic","Card"],"build_version":"2020-12-22","purchased_purges":0,"victory":false,"max_hp_per_floor":[72,72,72,72,72,72,72,72,72,72,72,72,72,72,72,72,72,72,72,72,72,72,72,72,72],"card_choices":[{"not_picked":["Replay:ManipulateFuture","Tantrum"],"picked":"PathToVictory","floor":1},{"not_picked":["SashWhip","FlyingSleeves"],"picked":"Replay:AtTheReady","floor":4},{"not_picked":["MarkedMod:Acupuncture","FlurryOfBlows"],"picked":"MarkedMod:PinPointDefense","floor":5},{"not_picked":["Replay:Anticipation","JustLucky"],"picked":"Evaluate","floor":10},{"not_picked":["ConjureBlade","Crescendo"],"picked":"MarkedMod:GracefulMovements","floor":11},{"not_picked":["Protect","Replay:Anticipation"],"picked":"PathToVictory","floor":12},{"not_picked":["Replay:Anticipation","Halt","Replay:BluntJabs"],"picked":"SKIP","floor":13},{"not_picked":["SashWhip","Crescendo"],"picked":"MarkedMod:FirstStrike","floor":14},{"not_picked":["Omniscience","Judgement"],"picked":"Replay:LoomingThreat","floor":16},{"not_picked":["SandsOfTime","Replay:AtTheReady"],"picked":"MarkedMod:GentlePulse","floor":18},{"not_picked":["Replay:ManipulateFuture","MarkedMod:OneThousandNeedles"],"picked":"Protect","floor":20},{"not_picked":["Replay:BluntJabs","EmptyBody"],"picked":"Replay:Battleflow","floor":21}],"player_experience":563227,"relics_obtained":[{"floor":9,"key":"Whetstone"},{"floor":11,"key":"TeardropLocket"}],"event_choices":[{"damage_healed":0,"gold_gain":0,"player_choice":"Ignored","damage_taken":0,"max_hp_gain":0,"max_hp_loss":0,"event_name":"Golden Wing","floor":3,"gold_loss":0},{"damage_healed":0,"gold_gain":0,"player_choice":"Opened","damage_taken":0,"relics_obtained":["Omamori"],"max_hp_gain":0,"max_hp_loss":0,"event_name":"The Mausoleum","floor":19,"gold_loss":0}],"is_beta":false,"boss_relics":[{"not_picked":["Sozu","Runic Pyramid"],"picked":"Black Star"}],"items_purged_floors":[],"is_endless":false,"potions_floor_spawned":[10,12,13,14,21],"killed_by":"Cultist and Chosen","ascension_level":1}}