{"host":"p9t7qd83igtcp2bh","time":1610428075,"event":{"mods":["2.2 Compatiblity","AchievementEnabler","BaseMod","Colored Map","Colored Powertips","Custom Start","DeckTracker","Keyboard Shortcuts","Minty Spire (QoL Compilation)","Permanent Neow","StSLib","SuperFastMode","everything is the same but u backflip on backflip"],"gold_per_floor":[116,128,143,218,143,176,176,191,191,226,226,259,259,259,259,333,333,353,353,353,68,88,119,19,19,42,42,69,69,81,91,91,168,218,237,237,112,112,127,127,152,152,203,203,203,221,241,257,257,257],"floor_reached":51,"playtime":1735,"items_purged":["Strike_B","Zap","Steam"],"score":1449,"play_id":"0e3ea10c-4d01-4777-a71e-ffa0f0fa5947","local_time":"20210112140755","is_ascension_mode":true,"campfire_choices":[{"data":"Hyperbeam","floor":7.0,"key":"SMITH"},{"floor":11.0,"key":"REST"},{"data":"Fusion","floor":13.0,"key":"SMITH"},{"floor":15.0,"key":"REST"},{"data":"Hologram","floor":25.0,"key":"SMITH"},{"floor":29.0,"key":"REST"},{"data":"Coolheaded","floor":32.0,"key":"SMITH"},{"floor":40.0,"key":"REST"},{"data":"Recycle","floor":45.0,"key":"SMITH"},{"floor":49,"key":"REST"}],"circlet_count":0,"master_deck":["AscendersBane","Dualcast","Hyperbeam+1","Fusion+1","Reinforced Body","Beam Cell+1","Hologram+1","Compile Driver","Gash","Hologram","Hologram","BootSequence","Coolheaded+1","Recycle+1","Impatience","Flash of Steel+1","Blizzard+1"],"relics":["Cracked Core","Letter Opener","Emotion Chip","Gambling Chip","Regal Pillow","Pandora\u0027s Box","White Beast Statue","Mummified Hand","Du-Vu Doll","Potion Belt","Bottled Lightning","Tiny House","Molten Egg 2","Bronze Scales"],"acts_visited":["Exordium","TheCity","TheBeyond"],"potions_floor_usage":[],"damage_taken":[{"damage":2.0,"enemies":"Jaw Worm","floor":1.0,"turns":3.0},{"damage":2.0,"enemies":"2 Louse","floor":2.0,"turns":2.0},{"damage":1.0,"enemies":"Cultist","floor":3.0,"turns":3.0},{"damage":5.0,"enemies":"3 Sentries","floor":6.0,"turns":3.0},{"damage":1.0,"enemies":"3 Louse","floor":8.0,"turns":3.0},{"damage":10.0,"enemies":"Lagavulin","floor":10.0,"turns":7.0},{"damage":15.0,"enemies":"3 Sentries","floor":12.0,"turns":3.0},{"damage":0.0,"enemies":"Slime Boss","floor":16.0,"turns":6.0},{"damage":9.0,"enemies":"2 Thieves","floor":18.0,"turns":2.0},{"damage":8.0,"enemies":"Shell Parasite","floor":22.0,"turns":3.0},{"damage":22.0,"enemies":"Slavers","floor":23.0,"turns":2.0},{"damage":10.0,"enemies":"Gremlin Leader","floor":28.0,"turns":5.0},{"damage":14.0,"enemies":"Chosen and Byrds","floor":30.0,"turns":6.0},{"damage":5.0,"enemies":"Shelled Parasite and Fungi","floor":31.0,"turns":2.0},{"damage":29.0,"enemies":"Champ","floor":33.0,"turns":11.0},{"damage":15.0,"enemies":"3 Darklings","floor":35.0,"turns":4.0},{"damage":18.0,"enemies":"Orb Walker","floor":39.0,"turns":3.0},{"damage":35.0,"enemies":"Reptomancer","floor":41.0,"turns":5.0},{"damage":0.0,"enemies":"Spire Growth","floor":46.0,"turns":4.0},{"damage":1.0,"enemies":"Writhing Mass","floor":47.0,"turns":6.0},{"damage":0,"enemies":"Maw","floor":48,"turns":6},{"damage":34,"enemies":"Donu and Deca","floor":50,"turns":6}],"seed_played":"3765089807669315390","potions_obtained":[{"floor":2.0,"key":"SteroidPotion"},{"floor":8.0,"key":"Regen Potion"},{"floor":22.0,"key":"DuplicationPotion"},{"floor":23.0,"key":"BlessingOfTheForge"},{"floor":28.0,"key":"FearPotion"},{"floor":30.0,"key":"FocusPotion"},{"floor":31.0,"key":"ColorlessPotion"},{"floor":33.0,"key":"Explosive Potion"},{"floor":34.0,"key":"Swift Potion"},{"floor":35.0,"key":"Block Potion"},{"floor":39.0,"key":"PotionOfCapacity"},{"floor":41.0,"key":"LiquidBronze"},{"floor":46.0,"key":"ColorlessPotion"},{"floor":47.0,"key":"DistilledChaos"}],"is_trial":false,"path_per_floor":["M","M","M","?","$","E","R","M","T","E","R","E","R","?","R","B",null,"M","?","?","$","M","E","$","R","T","?","E","R","M","M","R","B",null,"M","?","$","$","M","R","E","?","T","?","R","M","M","M","R","B",null],"character_chosen":"DEFECT","items_purchased":["Mummified Hand"],"campfire_rested":5,"item_purchase_floors":[21],"current_hp_per_floor":[44,42,41,30,30,25,25,24,24,14,35,20,20,20,56,56,67,58,58,58,58,50,33,33,33,33,38,28,64,50,45,45,16,62,47,47,47,47,29,66,31,21,21,21,21,21,20,20,57,23],"gold":257,"neow_bonus":"THREE_RARE_CARDS","is_daily":false,"chose_seed":false,"campfire_upgraded":5,"win_rate":0.0,"timestamp":1610428075,"path_taken":["M","M","M","?","$","E","R","M","T","E","R","E","R","?","R","BOSS","M","?","?","$","M","E","$","R","T","?","E","R","?","M","R","BOSS","M","?","?","$","?","R","E","?","T","?","R","M","M","?","R","BOSS"],"items_purchased_type":["Relic"],"build_version":"2020-12-22","purchased_purges":3,"victory":true,"max_hp_per_floor":[71,71,71,71,71,71,71,71,71,71,71,71,71,71,71,71,71,71,71,71,71,71,71,71,71,71,71,71,71,71,71,71,71,76,76,76,76,76,76,76,76,76,76,76,76,76,76,76,76,76],"card_choices":[{"not_picked":["Electrodynamics","Multi-Cast"],"picked":"Hyperbeam","floor":0.0},{"not_picked":["Ball Lightning","Coolheaded"],"picked":"Fusion","floor":1.0},{"not_picked":["Rebound","Stack"],"picked":"Reinforced Body","floor":2.0},{"not_picked":["Go for the Eyes","Loop"],"picked":"Beam Cell","floor":3.0},{"not_picked":["Conserve Battery","Gash"],"picked":"Hologram","floor":6.0},{"not_picked":["Turbo","Hologram"],"picked":"Compile Driver","floor":8.0},{"not_picked":["Hello World","Go for the Eyes","Rainbow"],"picked":"SKIP","floor":10.0},{"not_picked":["FTL","Auto Shields","Hyperbeam"],"picked":"SKIP","floor":12.0},{"not_picked":["Streamline","Go for the Eyes","Loop"],"picked":"SKIP","floor":18.0},{"not_picked":["Lockon","Sunder","Force Field"],"picked":"SKIP","floor":22.0},{"not_picked":["Defragment","Lockon","Gash"],"picked":"SKIP","floor":23.0},{"not_picked":["Compile Driver","Force Field+1","Leap"],"picked":"SKIP","floor":28.0},{"not_picked":["Chaos","Ball Lightning","Aggregate"],"picked":"SKIP","floor":30.0},{"not_picked":["Sunder","Rebound"],"picked":"Coolheaded","floor":31.0},{"not_picked":["FTL","Reprogram"],"picked":"Recycle","floor":34.0},{"not_picked":["Conserve Battery+1","FTL","Gash"],"picked":"SKIP","floor":35.0},{"not_picked":["Stack","Compile Driver","Barrage"],"picked":"SKIP","floor":39.0},{"not_picked":["Beam Cell+1","Biased Cognition","Turbo+1"],"picked":"SKIP","floor":41.0},{"not_picked":["Jack Of All Trades","Forethought"],"picked":"Impatience","floor":42.0},{"not_picked":["Purity","Thinking Ahead"],"picked":"Flash of Steel+1","floor":42.0},{"not_picked":["Ball Lightning+1","Go for the Eyes+1"],"picked":"Blizzard+1","floor":46.0},{"not_picked":["Streamline+1","Coolheaded","Rebound+1"],"picked":"SKIP","floor":47.0},{"not_picked":["Streamline+1","Coolheaded","Rebound+1"],"picked":"SKIP","floor":47.0},{"not_picked":["Streamline+1","Darkness","Steam Power"],"picked":"SKIP","floor":48}],"player_experience":626295,"relics_obtained":[{"floor":6.0,"key":"Letter Opener"},{"floor":9.0,"key":"Emotion Chip"},{"floor":10.0,"key":"Gambling Chip"},{"floor":12.0,"key":"Regal Pillow"},{"floor":23.0,"key":"Du-Vu Doll"},{"floor":26.0,"key":"Potion Belt"},{"floor":28.0,"key":"Bottled Lightning"},{"floor":41.0,"key":"Molten Egg 2"}],"event_choices":[{"damage_healed":0.0,"max_hp_gain":0.0,"max_hp_loss":0.0,"gold_gain":75.0,"event_name":"World of Goop","player_choice":"Gather Gold","floor":4.0,"gold_loss":0.0,"damage_taken":11.0},{"damage_healed":0.0,"max_hp_gain":0.0,"max_hp_loss":0.0,"gold_gain":0.0,"event_name":"Shining Light","player_choice":"Ignored","floor":14.0,"gold_loss":0.0,"damage_taken":0.0},{"damage_healed":0.0,"max_hp_gain":0.0,"max_hp_loss":0.0,"gold_gain":0.0,"event_name":"The Mausoleum","player_choice":"Opened","floor":19.0,"gold_loss":0.0,"damage_taken":0.0,"relics_obtained":["White Beast Statue"],"cards_obtained":["Writhe"]},{"cards_removed":["Writhe"],"damage_healed":0.0,"max_hp_gain":0.0,"max_hp_loss":0.0,"gold_gain":0.0,"event_name":"Back to Basics","player_choice":"Elegance","floor":20.0,"gold_loss":0.0,"damage_taken":0.0},{"cards_removed":["Beam Cell"],"damage_healed":5.0,"max_hp_gain":0.0,"max_hp_loss":0.0,"gold_gain":0.0,"event_name":"Bonfire Elementals","player_choice":"Offered Common","floor":27.0,"gold_loss":0.0,"damage_taken":0.0},{"cards_removed":["Beam Cell"],"damage_healed":5.0,"max_hp_gain":0.0,"max_hp_loss":0.0,"gold_gain":0.0,"event_name":"Bonfire Elementals","player_choice":"Offered Special","floor":27.0,"gold_loss":0.0,"damage_taken":0.0},{"cards_removed":["Scrape"],"damage_healed":0.0,"max_hp_gain":0.0,"max_hp_loss":0.0,"gold_gain":0.0,"event_name":"Purifier","player_choice":"Purged","floor":36.0,"gold_loss":0.0,"damage_taken":0.0},{"damage_healed":0.0,"max_hp_gain":0.0,"max_hp_loss":0.0,"gold_gain":0.0,"event_name":"SensoryStone","player_choice":"Memory 3","floor":42.0,"gold_loss":0.0,"damage_taken":10.0},{"damage_healed":0.0,"max_hp_gain":0.0,"max_hp_loss":0.0,"gold_gain":0.0,"event_name":"WeMeetAgain","player_choice":"Gave Potion","floor":44.0,"gold_loss":0.0,"damage_taken":0.0,"relics_obtained":["Bronze Scales"]}],"is_beta":false,"boss_relics":[{"not_picked":["Coffee Dripper","Cursed Key"],"picked":"Pandora\u0027s Box"},{"not_picked":["Astrolabe","FrozenCore"],"picked":"Tiny House"}],"items_purged_floors":[5,24,37],"is_endless":false,"potions_floor_spawned":[2,8,10,22,23,28,30,31,33,35,39,41,46,47,48],"ascension_level":17}}