{"host":"msa0wxqjs3jv1k3j","time":1610455994,"event":{"mods":["AchievementEnabler","BaseMod","BetterRewards","Colored Map","Highlight Path","KOR Keyword Fix","Keyboard Shortcuts","Minty Spire (QoL Compilation)","Quick Restart","SuperFastMode","everything is the same but u backflip on backflip"],"gold_per_floor":[210,160,177,252,269,296,296,40,40,40,40,40],"floor_reached":11,"playtime":379,"items_purged":[],"score":71,"play_id":"444585ea-9e65-4e2b-a072-f820f3561d17","local_time":"20210112215314","is_ascension_mode":false,"campfire_choices":[{"floor":10.0,"key":"REST"}],"circlet_count":0,"master_deck":["Strike_G","Strike_G","Strike_G","Strike_G","Strike_G","Defend_G","Defend_G","Defend_G","Defend_G","Survivor","Neutralize","Deflect","Flying Knee","Caltrops","PiercingWail","Terror","Accuracy"],"relics":["Ring of the Snake","Blue Candle","TwistedFunnel","The Courier"],"acts_visited":["Exordium"],"potions_floor_usage":[],"damage_taken":[{"damage":6.0,"enemies":"Jaw Worm","floor":1.0,"turns":6.0},{"damage":0.0,"enemies":"Cultist","floor":3.0,"turns":4.0},{"damage":2.0,"enemies":"2 Louse","floor":5.0,"turns":2.0},{"damage":21.0,"enemies":"Lagavulin","floor":6.0,"turns":9.0},{"damage":49,"enemies":"Gremlin Nob","floor":11,"turns":6}],"seed_played":"-5208651902768759220","potions_obtained":[{"floor":5.0,"key":"GamblersBrew"}],"is_trial":false,"path_per_floor":["M","?","M","?","M","E","?","$","T","R","E"],"character_chosen":"THE_SILENT","items_purchased":["TwistedFunnel","Terror","Accuracy"],"campfire_rested":1,"item_purchase_floors":[8,8,8],"current_hp_per_floor":[64,64,64,57,55,34,34,34,34,55,6,6],"gold":40,"neow_bonus":"HUNDRED_GOLD","is_daily":false,"chose_seed":false,"campfire_upgraded":0,"win_rate":0.0,"timestamp":1610455994,"path_taken":["M","?","M","?","?","E","?","$","T","R","E"],"items_purchased_type":["Relic","Card","Card"],"build_version":"2020-12-22","purchased_purges":0,"victory":false,"max_hp_per_floor":[70,70,70,70,70,70,70,70,70,70,70,70],"card_choices":[{"not_picked":["Bouncing Flask","Quick Slash"],"picked":"Deflect","floor":1.0},{"not_picked":["Riddle With Holes","Sucker Punch"],"picked":"Flying Knee","floor":3.0},{"not_picked":["Sucker Punch","Blur"],"picked":"Caltrops","floor":5.0},{"not_picked":["Catalyst","Skewer"],"picked":"PiercingWail","floor":6.0}],"player_experience":92131,"relics_obtained":[{"floor":6.0,"key":"Blue Candle"},{"floor":9.0,"key":"The Courier"}],"event_choices":[{"cards_removed":["Defend_G"],"damage_healed":0.0,"max_hp_gain":0.0,"max_hp_loss":0.0,"gold_gain":0.0,"event_name":"The Cleric","player_choice":"Card Removal","floor":2.0,"gold_loss":50.0,"damage_taken":0.0},{"damage_healed":0.0,"max_hp_gain":0.0,"max_hp_loss":0.0,"gold_gain":75.0,"event_name":"FaceTrader","player_choice":"Touch","floor":4.0,"gold_loss":0.0,"damage_taken":7.0},{"damage_healed":0.0,"max_hp_gain":0.0,"max_hp_loss":0.0,"gold_gain":0.0,"event_name":"The Woman in Blue","player_choice":"Bought 0 Potions","floor":7.0,"gold_loss":0.0,"damage_taken":0.0}],"is_beta":false,"boss_relics":[],"items_purged_floors":[],"is_endless":false,"potions_floor_spawned":[5],"killed_by":"Gremlin Nob","ascension_level":0}}