{"host":"dhr6iszse2qz12e2","time":1610446411,"event":{"mods":["2.2 Compatiblity","A Magickal Journey","Act Like it!","BaseMod","BetterRewards","Colored Map","Downfall","Gensokyo","Hubris","Infinite Spire","Marisa????????","Minty Spire (QoL Compilation)","Permanent Neow","Quick Restart","Replay The Spire","Shop Mod","StSLib","The Animator","The Cursed","The Hierophant","The IronCluck","The Jungle","everything is the same but u backflip on backflip","slay the spire mod where everything is the same but ironclad has a cowboy hat"],"gold_per_floor":[114,131,131,131,52,82,82,82,82,82,82,82,9,32,32,32,32],"floor_reached":16,"playtime":571,"items_purged":[],"score":101,"play_id":"ecf1da37-2fd7-460c-b79b-dc41db17ad16","local_time":"20210112121331","is_ascension_mode":true,"campfire_choices":[{"data":"TheCursedMod:ShockAndAwe","floor":7,"key":"SMITH"},{"data":"TheCursedMod:CircleOfFocus","floor":11,"key":"SMITH"},{"data":"TheCursedMod:ManaBullet","floor":15,"key":"SMITH"}],"circlet_count":0,"master_deck":["TheCursedMod:Strike_TheCursed","TheCursedMod:Strike_TheCursed","TheCursedMod:Strike_TheCursed","TheCursedMod:Strike_TheCursed","TheCursedMod:Defend_TheCursed","TheCursedMod:Defend_TheCursed","TheCursedMod:Defend_TheCursed","TheCursedMod:CursedWand","TheCursedMod:CleanUpWorkshop+1","TheCursedMod:Dregs","TheCursedMod:ShockAndAwe+1","TheCursedMod:Grudge","TheCursedMod:CircleOfFocus+1","TheCursedMod:ManaBullet+1","Injury","ReplayTheSpireMod:Restless Dread","WitchLeyline"],"relics":["TheCursedMod:BlackMagic101","Replay:Mystery Machine","Golden Idol","Replay:Bottled Flurry","Quantum Egg","hubris:DisguiseKit"],"acts_visited":["Exordium"],"potions_floor_usage":[16,16],"damage_taken":[{"damage":0,"enemies":"Cultist","floor":1,"turns":3},{"damage":10,"enemies":"Jaw Worm","floor":2,"turns":5},{"damage":33,"enemies":"Lagavulin","floor":6,"turns":6},{"damage":2,"enemies":"2 Louse","floor":14,"turns":3},{"damage":27,"enemies":"The Guardian","floor":16,"turns":8}],"seed_played":"-1061003832623040720","potions_obtained":[{"floor":2,"key":"EssenceOfSteel"},{"floor":6,"key":"Swift Potion"}],"is_trial":false,"path_per_floor":["M","M","?","?","$","E","R","?","T","T","R","?","$","M","R","B"],"character_chosen":"THE_CURSED","items_purchased":["TheCursedMod:CircleOfFocus","TheCursedMod:DregsPotion"],"campfire_rested":0,"item_purchase_floors":[5,13],"current_hp_per_floor":[75,65,65,58,58,25,25,25,25,25,25,25,25,23,23,0,0],"gold":32,"neow_bonus":"ONE_RANDOM_RARE_CARD","is_daily":false,"chose_seed":false,"campfire_upgraded":3,"win_rate":0.0,"timestamp":1610446411,"path_taken":["M","M","?","?","$","E","R","?","T","?","R","?","$","M","R","BOSS"],"items_purchased_type":["Card","Potion"],"build_version":"2020-12-22","purchased_purges":0,"victory":false,"max_hp_per_floor":[75,75,75,75,75,75,75,75,75,75,75,75,75,75,75,75,75],"card_choices":[{"not_picked":["TheCursedMod:FleshFromBone","TheCursedMod:SpitefulPray"],"picked":"TheCursedMod:Grudge","floor":1},{"not_picked":["TheCursedMod:HellsGateOpen","TheCursedMod:CircleOfFlame","TheCursedMod:Evocation"],"picked":"SKIP","floor":2},{"not_picked":["TheCursedMod:WearCloak","TheCursedMod:StingEye"],"picked":"TheCursedMod:ManaBullet","floor":6},{"not_picked":["TheCursedMod:Stigma","TheCursedMod:SpitefulPray","TheCursedMod:RavingStaff"],"picked":"WitchLeyline","floor":14}],"player_experience":447767,"relics_obtained":[{"floor":6,"key":"Replay:Mystery Machine"},{"floor":9,"key":"Replay:Bottled Flurry"},{"floor":10,"key":"Quantum Egg"}],"event_choices":[{"cards_removed":["TheCursedMod:Defend_TheCursed"],"damage_healed":0,"gold_gain":0,"player_choice":"Card Removal","damage_taken":7,"max_hp_gain":0,"max_hp_loss":0,"event_name":"Golden Wing","floor":4,"gold_loss":0},{"damage_healed":0,"gold_gain":0,"player_choice":"Take Wound","damage_taken":0,"relics_obtained":["Golden Idol"],"max_hp_gain":0,"max_hp_loss":0,"event_name":"Golden Idol","floor":8,"gold_loss":0,"cards_obtained":["Injury"]}],"is_beta":false,"boss_relics":[],"items_purged_floors":[],"is_endless":false,"potions_floor_spawned":[2,6],"killed_by":"The Guardian","ascension_level":1}}