{"host":"k3q0k2m1mxhfmd6y","time":1610481577,"event":{"mods":["AchievementEnabler","BaseMod","BetterRewards","Colored Map","Colored Powertips","Downfall","Googly Eyes","Hubris","Minty Spire (QoL Compilation)","Permanent Neow","Quick Restart","Replay The Spire","StSLib","SuperFastMode","The IronCluck","slay the spire mod where everything is the same but ironclad has a cowboy hat"],"gold_per_floor":[366,441,138,138,154,189,189,218,218,218,236,262,262,279,279,374,374,391,391,180,280,297,297,325,325,325,350,350,363,363,363],"floor_reached":30,"language":"ENG","playtime":590,"items_purged":[],"score":298,"play_id":"52ec3130-8661-426b-bda8-737d95162615","local_time":"20210112195937","is_ascension_mode":true,"campfire_choices":[{"floor":7,"key":"REST"},{"data":"Shockwave","floor":10,"key":"SMITH"},{"data":"Iron Wave","floor":15,"key":"SMITH"},{"data":"Demon Form","floor":23,"key":"SMITH"},{"data":"Perfected Strike","floor":23,"key":"SMITH"},{"data":"Perfected Strike","floor":25,"key":"SMITH"},{"data":"Bash","floor":25,"key":"SMITH"}],"circlet_count":0,"master_deck":["Strike_R","Strike_R+1","Strike_R","Strike_R","Strike_R","Defend_R","Defend_R","Defend_R","Defend_R","Bash+1","Pommel Strike","Perfected Strike+1","Iron Wave+1","Shockwave+1","Infernal Blade+1","Demon Form+1","Perfected Strike+1","Limit Break+1","Armaments+1"],"relics":["Burning Blood","Shuriken","ReplayTheSpireMod:Spearhead","Toxic Egg 2","Mango","Champion Belt","Runic Pyramid","Replay:Arrowhead","Golden Egg","hubris:IronBody","Gremlin Horn","hubris:MedicalManual"],"acts_visited":["Exordium","TheCity"],"potions_floor_usage":[8,11,12,16,24,24,24],"damage_taken":[{"damage":1,"enemies":"Cultist","floor":1,"turns":4},{"damage":6,"enemies":"Jaw Worm","floor":5,"turns":3},{"damage":26,"enemies":"Lagavulin","floor":6,"turns":7},{"damage":1,"enemies":"Gremlin Nob","floor":8,"turns":3},{"damage":10,"enemies":"Small Slimes","floor":11,"turns":3},{"damage":17,"enemies":"3 Sentries","floor":12,"turns":6},{"damage":10,"enemies":"Red Slaver","floor":14,"turns":3},{"damage":36,"enemies":"Hexaghost","floor":16,"turns":8},{"damage":27,"enemies":"Shell Parasite","floor":18,"turns":5},{"damage":0,"enemies":"Spheric Guardian","floor":22,"turns":3},{"damage":47,"enemies":"Slavers","floor":24,"turns":6},{"damage":37,"enemies":"Book of Stabbing","floor":27,"turns":6},{"damage":17,"enemies":"Centurion and Healer","floor":29,"turns":4},{"damage":0,"enemies":"Snake Plant","floor":30,"turns":2}],"seed_played":"-7040571537782013330","potions_obtained":[{"floor":6,"key":"Energy Potion"},{"floor":8,"key":"Fruit Juice"},{"floor":11,"key":"Fire Potion"},{"floor":12,"key":"Adrenaline Potion"},{"floor":16,"key":"Block Potion"},{"floor":18,"key":"Weak Potion"},{"floor":22,"key":"BloodPotion"}],"is_trial":false,"path_per_floor":["M","?","$","?","M","E","R","E","T","R","M","E","?","M","R_BF","B",null,"M","T","$","?","M","R","E","R","T","E","?","M","M"],"character_chosen":"IRONCLAD","items_purchased":["Shuriken","Perfected Strike","Limit Break+1","Armaments+1"],"campfire_rested":1,"item_purchase_floors":[3,3,20,20],"current_hp_per_floor":[72,61,61,61,61,41,62,67,81,81,82,71,91,87,87,57,91,70,70,70,70,76,76,53,53,53,22,22,11,11,11],"gold":363,"neow_bonus":"TWO_FIFTY_GOLD","is_daily":false,"chose_seed":false,"campfire_upgraded":6,"win_rate":0.0,"timestamp":1610481577,"path_taken":["M","?","$","?","?","E","R","E","T","R","M","E","?","M","R_BF","BOSS","M","?","$","?","?","R","E","R","T","E","?","M","?"],"items_purchased_type":["Relic","Card","Card","Card"],"build_version":"2020-12-22","purchased_purges":0,"victory":false,"max_hp_per_floor":[72,72,72,72,72,72,72,72,86,86,91,91,91,91,91,91,91,91,91,91,91,91,91,91,91,91,91,91,91,91,91],"card_choices":[{"not_picked":["Dual Wield","Replay:Undeath\u0027s Touch"],"picked":"Pommel Strike","floor":1},{"not_picked":["Dropkick","Replay:Undeath\u0027s Touch"],"picked":"Iron Wave","floor":5},{"not_picked":["Rage","ReplayTheSpireMod:Limb From Limb"],"picked":"Shockwave","floor":6},{"not_picked":["Reckless Charge","Corruption","hubris:ReadiedAction+1"],"picked":"SKIP","floor":8},{"not_picked":["Dark Embrace","ReplayTheSpireMod:Corrosion Curse+1"],"picked":"Inflame","floor":11},{"not_picked":["Body Slam","Bludgeon","Wild Strike"],"picked":"SKIP","floor":12},{"not_picked":["hubris:SharpeningStone+1","Body Slam"],"picked":"Infernal Blade+1","floor":14},{"not_picked":["Brutality","Exhume+1"],"picked":"Demon Form","floor":16},{"not_picked":["Body Slam","Carnage"],"picked":"Perfected Strike","floor":18},{"not_picked":["True Grit+1","Bloodletting+1","hubris:ReadiedAction+1"],"picked":"SKIP","floor":22},{"not_picked":["Twin Strike+1","ReplayTheSpireMod:Strike From Hell","hubris:StunningStrike"],"picked":"SKIP","floor":24},{"not_picked":["Pummel+1","ReplayReversal+1","Body Slam"],"picked":"SKIP","floor":27},{"not_picked":["Dark Embrace","ReplayTheSpireMod:Stacked+1","Seeing Red+1"],"picked":"SKIP","floor":29}],"player_experience":111435,"relics_obtained":[{"floor":6,"key":"ReplayTheSpireMod:Spearhead"},{"floor":8,"key":"Toxic Egg 2"},{"floor":9,"key":"Mango"},{"floor":12,"key":"Champion Belt"},{"floor":19,"key":"Replay:Arrowhead"},{"floor":24,"key":"Golden Egg"},{"floor":26,"key":"hubris:IronBody"},{"floor":27,"key":"Gremlin Horn"},{"floor":28,"key":"hubris:MedicalManual"}],"event_choices":[{"damage_healed":0,"gold_gain":75,"player_choice":"Gather Gold","damage_taken":11,"max_hp_gain":0,"max_hp_loss":0,"event_name":"World of Goop","floor":2,"gold_loss":0},{"cards_removed":["Inflame"],"damage_healed":20,"gold_gain":0,"player_choice":"Offered Uncommon","damage_taken":0,"max_hp_gain":0,"max_hp_loss":0,"event_name":"Bonfire Elementals","floor":13,"gold_loss":0},{"damage_healed":0,"gold_gain":100,"player_choice":"Pray","damage_taken":0,"max_hp_gain":0,"max_hp_loss":0,"event_name":"Golden Shrine","floor":21,"gold_loss":0},{"damage_healed":0,"gold_gain":0,"player_choice":"Relic","damage_taken":0,"max_hp_gain":0,"max_hp_loss":0,"event_name":"Wheel of Change","floor":28,"gold_loss":0}],"is_beta":false,"boss_relics":[{"not_picked":["ChewingGum","Astrolabe"],"picked":"Runic Pyramid"}],"items_purged_floors":[],"is_endless":false,"potions_floor_spawned":[6,8,11,12,16,18,22],"killed_by":"Snake Plant","ascension_level":1}}