{"host":"on8rz1ayhhz269sg","time":1610431685,"event":{"mods":["BaseMod","Downfall","Minty Spire (QoL Compilation)","Remilia（蕾米莉亚）","StSLib","The Cursed","残留之物"],"gold_per_floor":[117,130,140,160,36,36,46,80,80,95,111,111,111,88,88,191,191,201,216,181,231,281,281,312,332,355,355,420,67,67,117,117,221,221,233,246,256,356,406,406,438,23,23,23,89,105,155,167,167,167],"floor_reached":51,"playtime":4516,"items_purged":["PlaceholderMod:HardStrike"],"score":749,"play_id":"0d340979-087c-4256-8155-a546eb31977b","local_time":"20210112140805","is_ascension_mode":false,"campfire_choices":[{"data":"PlaceholderMod:RadicalHit","floor":6.0,"key":"SMITH"},{"floor":12.0,"key":"REST"},{"data":"PlaceholderMod:TriggerStrike","floor":15.0,"key":"SMITH"},{"data":"PlaceholderMod:Assimilation","floor":23.0,"key":"SMITH"},{"floor":27.0,"key":"REST"},{"data":"PlaceholderMod:Crystallization","floor":30.0,"key":"SMITH"},{"floor":32.0,"key":"REST"},{"floor":40.0,"key":"REST"},{"floor":44.0,"key":"REST"},{"data":"1","floor":49,"key":"LIFT"}],"circlet_count":0,"master_deck":["PlaceholderMod:BaseStrike","PlaceholderMod:BaseStrike","PlaceholderMod:BaseStrike","PlaceholderMod:BaseStrike","PlaceholderMod:BaseStrike","PlaceholderMod:BaseDefend","PlaceholderMod:BaseDefend","PlaceholderMod:BaseDefend","PlaceholderMod:BaseDefend","PlaceholderMod:Crystal+1","PlaceholderMod:PoisonWhip","PlaceholderMod:RadicalHit+1","PlaceholderMod:HighConcentration","PlaceholderMod:ComplexForm","PlaceholderMod:OHStrongAttack","PlaceholderMod:PericyclicReaction","PlaceholderMod:TriggerStrike+1","PlaceholderMod:HardStrike","PlaceholderMod:ThreeBenzyolStart","PlaceholderMod:MultiReaction","PlaceholderMod:Internalization+1","PlaceholderMod:SubstitutionNucleophilic1","PlaceholderMod:PoisonAbsorb","PlaceholderMod:Assimilation+1","PlaceholderMod:DirectingGroup+1","PlaceholderMod:Sweep+1","PlaceholderMod:CorePoison","PlaceholderMod:CycleAttack","PlaceholderMod:Crystallization+1","PlaceholderMod:ParasiteChange","Sadistic Nature","PlaceholderMod:PoisonBlast","PlaceholderMod:SeverePoisonStrike","PlaceholderMod:GrowthForm","CurseOfTheBell","PlaceholderMod:HornyBlast+1","PlaceholderMod:NearChange+1","PlaceholderMod:HealingAttack+1","PlaceholderMod:Package+1","PlaceholderMod:ChainPoly+1","PlaceholderMod:DiffusionPoison","PlaceholderMod:OHStrongAttack+1","PlaceholderMod:Break+1","expansioncontent:Chronoboost","PlaceholderMod:ConsolidateHit+1","PlaceholderMod:CrystallizationStrike+1","PlaceholderMod:UnpureUse+1","PlaceholderMod:DiffusionPoison"],"relics":["PlaceholderMod:Tancle","Dream Catcher","Mummified Hand","SsserpentHead","SlaversCollar","InkBottle","MutagenicStrength","White Beast Statue","Letter Opener","Nunchaku","HandDrill","Calling Bell","Orichalcum","Molten Egg 2","Torii","Girya","War Paint","Ancient Tea Set","PlaceholderMod:DeVermisMysteriis","Boot"],"acts_visited":["Exordium","TheCity","TheBeyond"],"potions_floor_usage":[48,50,50],"damage_taken":[{"damage":1.0,"enemies":"2 Louse","floor":1.0,"turns":3.0},{"damage":0.0,"enemies":"Cultist","floor":2.0,"turns":3.0},{"damage":4.0,"enemies":"Jaw Worm","floor":3.0,"turns":5.0},{"damage":2.0,"enemies":"3 Louse","floor":4.0,"turns":5.0},{"damage":9.0,"enemies":"Exordium Thugs","floor":7.0,"turns":4.0},{"damage":14.0,"enemies":"Lagavulin","floor":8.0,"turns":5.0},{"damage":3.0,"enemies":"Exordium Wildlife","floor":10.0,"turns":4.0},{"damage":7.0,"enemies":"Red Slaver","floor":11.0,"turns":4.0},{"damage":31.0,"enemies":"Hexaghost","floor":16.0,"turns":8.0},{"damage":4.0,"enemies":"Spheric Guardian","floor":18.0,"turns":3.0},{"damage":4.0,"enemies":"Chosen","floor":19.0,"turns":4.0},{"damage":22.0,"enemies":"Slavers","floor":24.0,"turns":4.0},{"damage":23.0,"enemies":"Snake Plant","floor":25.0,"turns":5.0},{"damage":1.0,"enemies":"Snecko","floor":28.0,"turns":3.0},{"damage":5.0,"enemies":"Automaton","floor":33.0,"turns":6.0},{"damage":10.0,"enemies":"Orb Walker","floor":35.0,"turns":4.0},{"damage":1.0,"enemies":"3 Darklings","floor":36.0,"turns":2.0},{"damage":19.0,"enemies":"Sphere and 2 Shapes","floor":37.0,"turns":5.0},{"damage":0.0,"enemies":"Mind Bloom Boss Battle","floor":38.0,"turns":3.0},{"damage":38.0,"enemies":"Reptomancer","floor":41.0,"turns":7.0},{"damage":12.0,"enemies":"Jaw Worm Horde","floor":45.0,"turns":4.0},{"damage":0.0,"enemies":"Transient","floor":46.0,"turns":5.0},{"damage":0,"enemies":"Maw","floor":48,"turns":6},{"damage":66,"enemies":"Awakened One","floor":50,"turns":10}],"seed_played":"673594680063653500","potions_obtained":[{"floor":1.0,"key":"Regen Potion"},{"floor":2.0,"key":"hexamod:EctoCoolerPotion"},{"floor":3.0,"key":"Block Potion"},{"floor":7.0,"key":"SkillPotion"},{"floor":19.0,"key":"PlaceholderMod:PlaceholderPotion"},{"floor":24.0,"key":"Fruit Juice"},{"floor":25.0,"key":"Fire Potion"},{"floor":28.0,"key":"SteroidPotion"},{"floor":33.0,"key":"SkillPotion"},{"floor":36.0,"key":"Strength Potion"},{"floor":37.0,"key":"AttackPotion"},{"floor":38.0,"key":"Guardian:BlockOnCardUsePotion"},{"floor":41.0,"key":"hexamod:EctoCoolerPotion"},{"floor":45.0,"key":"Fruit Juice"},{"floor":46.0,"key":"SpeedPotion"},{"floor":48,"key":"Slimebound:ThreeZeroPotion"}],"is_trial":false,"path_per_floor":["M","M","M","M","$","R","M","E","T","M","M","R","?","$","R","B",null,"M","M","?","?","?","R","E","M","T","R","M","$","R","?","R","B",null,"M","M","M","?","?","R","E","$","T","R","M","M","?","M","R","B",null],"character_chosen":"THE_PLACEHOLDER","items_purchased":["PlaceholderMod:PericyclicReaction","PlaceholderMod:TriggerStrike","PlaceholderMod:PoisonAbsorb","PlaceholderMod:HardStrike","HandDrill","Sadistic Nature","PlaceholderMod:PoisonBlast","PlaceholderMod:DeVermisMysteriis","PlaceholderMod:OHStrongAttack+1","PlaceholderMod:Break+1","expansioncontent:Chronoboost"],"campfire_rested":5,"item_purchase_floors":[5,5,14,14,29,29,29,42,42,42,42],"current_hp_per_floor":[84,84,80,78,78,78,69,64,64,61,54,79,79,79,79,48,85,81,77,77,77,77,77,60,47,47,77,81,81,81,81,105,100,105,95,94,75,75,75,105,73,73,73,104,92,109,109,110,110,54],"gold":167,"neow_bonus":"TEN_PERCENT_HP_BONUS","is_daily":false,"chose_seed":false,"campfire_upgraded":4,"win_rate":0.0,"timestamp":1610431685,"path_taken":["M","M","M","M","$","R","M","E","T","M","M","R","?","?","R","BOSS","M","M","?","?","?","R","E","M","T","R","?","$","R","?","R","BOSS","M","M","M","?","?","R","E","$","T","R","?","M","?","M","R","BOSS"],"items_purchased_type":["Card","Card","Card","Card","Relic","Card","Card","Relic","Card","Card","Card"],"build_version":"2020-12-22","purchased_purges":1,"victory":true,"max_hp_per_floor":[85,85,85,85,85,85,85,85,85,85,85,85,85,85,85,85,85,85,85,85,85,85,85,90,100,100,100,105,105,105,105,105,105,105,105,105,105,105,105,105,105,105,105,105,105,110,110,110,110,115],"card_choices":[{"not_picked":["PlaceholderMod:Internalization","PlaceholderMod:Sweep"],"picked":"PlaceholderMod:RadicalHit","floor":1.0},{"not_picked":["PlaceholderMod:SelectReaction","PlaceholderMod:SevereHeat"],"picked":"PlaceholderMod:HighConcentration","floor":2.0},{"not_picked":["PlaceholderMod:EvolutionSpray","PlaceholderMod:Polyp"],"picked":"PlaceholderMod:ComplexForm","floor":3.0},{"not_picked":["PlaceholderMod:Break","PlaceholderMod:HornyBlast"],"picked":"PlaceholderMod:OHStrongAttack","floor":4.0},{"not_picked":["PlaceholderMod:DirectingGroup","PlaceholderMod:PoisonExcitation"],"picked":"PlaceholderMod:HardStrike","floor":7.0},{"not_picked":["PlaceholderMod:Sweep","PlaceholderMod:PoisonExcitation"],"picked":"PlaceholderMod:ThreeBenzyolStart","floor":8.0},{"not_picked":["PlaceholderMod:Polyp","PlaceholderMod:HardStinger"],"picked":"PlaceholderMod:MultiReaction","floor":10.0},{"not_picked":["PlaceholderMod:SpinBlade","PlaceholderMod:DissolvingSpikes"],"picked":"PlaceholderMod:Internalization","floor":11.0},{"not_picked":["PlaceholderMod:HardStinger","PlaceholderMod:TriggerStrike"],"picked":"PlaceholderMod:SubstitutionNucleophilic1","floor":12.0},{"not_picked":["PlaceholderMod:DoublePoint","PlaceholderMod:PericyclicReaction"],"picked":"PlaceholderMod:Assimilation","floor":16.0},{"not_picked":["PlaceholderMod:AttackAsDefend","PlaceholderMod:FastReaction"],"picked":"PlaceholderMod:DirectingGroup+1","floor":18.0},{"not_picked":["PlaceholderMod:PoisonExcitation","PlaceholderMod:Hyperplasia"],"picked":"PlaceholderMod:Sweep+1","floor":19.0},{"not_picked":["PlaceholderMod:ContinueSpray","PlaceholderMod:FastReaction"],"picked":"PlaceholderMod:CorePoison","floor":24.0},{"not_picked":["PlaceholderMod:ProliferateStrike","PlaceholderMod:PoisonExcitation"],"picked":"PlaceholderMod:CycleAttack","floor":25.0},{"not_picked":["PlaceholderMod:SeverePoisonStrike","PlaceholderMod:TriggerStrike+1"],"picked":"PlaceholderMod:Crystallization","floor":27.0},{"not_picked":["PlaceholderMod:TriggerStrike","PlaceholderMod:Polyp"],"picked":"PlaceholderMod:ParasiteChange","floor":28.0},{"not_picked":["PlaceholderMod:Sweep","PlaceholderMod:Internalization"],"picked":"PlaceholderMod:SeverePoisonStrike","floor":32.0},{"not_picked":["PlaceholderMod:InnerSoften","PlaceholderMod:Assimilation"],"picked":"PlaceholderMod:GrowthForm","floor":33.0},{"not_picked":["PlaceholderMod:PoisonAbsorb","PlaceholderMod:Polyp+1"],"picked":"PlaceholderMod:HornyBlast+1","floor":35.0},{"not_picked":["PlaceholderMod:Internalization+1","PlaceholderMod:EvolutionSpray+1"],"picked":"PlaceholderMod:NearChange+1","floor":36.0},{"not_picked":["PlaceholderMod:MultipleOxi+1","PlaceholderMod:FastReaction"],"picked":"PlaceholderMod:HealingAttack+1","floor":37.0},{"not_picked":["PlaceholderMod:HornyBlast+1","PlaceholderMod:Hyperplasia+1"],"picked":"PlaceholderMod:Package+1","floor":38.0},{"not_picked":["PlaceholderMod:ProliferateStrike+1","PlaceholderMod:Colorful+1"],"picked":"PlaceholderMod:ChainPoly+1","floor":40.0},{"not_picked":["PlaceholderMod:CrystallizationStrike+1","PlaceholderMod:SprayAttack+1"],"picked":"PlaceholderMod:DiffusionPoison","floor":41.0},{"not_picked":["PlaceholderMod:TriggerStrike+1","PlaceholderMod:Sweep+1"],"picked":"PlaceholderMod:ConsolidateHit+1","floor":44.0},{"not_picked":["PlaceholderMod:SprayAttack+1","PlaceholderMod:HardStrike+1"],"picked":"PlaceholderMod:CrystallizationStrike+1","floor":45.0},{"not_picked":["PlaceholderMod:HardStinger","PlaceholderMod:DiffusionChemical"],"picked":"PlaceholderMod:UnpureUse+1","floor":46.0},{"not_picked":["PlaceholderMod:Colorful+1","PlaceholderMod:StrongAcid"],"picked":"PlaceholderMod:DiffusionPoison","floor":48}],"player_experience":187159,"relics_obtained":[{"floor":8.0,"key":"Dream Catcher"},{"floor":9.0,"key":"Mummified Hand"},{"floor":22.0,"key":"White Beast Statue"},{"floor":24.0,"key":"Letter Opener"},{"floor":26.0,"key":"Nunchaku"},{"floor":34.0,"key":"Orichalcum"},{"floor":34.0,"key":"Molten Egg 2"},{"floor":34.0,"key":"Torii"},{"floor":38.0,"key":"Girya"},{"floor":41.0,"key":"Ancient Tea Set"},{"floor":43.0,"key":"Boot"}],"event_choices":[{"damage_healed":0.0,"max_hp_gain":0.0,"max_hp_loss":0.0,"gold_gain":0.0,"event_name":"FaceTrader","player_choice":"Trade","floor":13.0,"gold_loss":0.0,"damage_taken":0.0,"relics_obtained":["SsserpentHead"]},{"damage_healed":0.0,"max_hp_gain":0.0,"max_hp_loss":0.0,"gold_gain":0.0,"event_name":"Addict","player_choice":"Obtained Relic","floor":20.0,"gold_loss":85.0,"damage_taken":0.0,"relics_obtained":["InkBottle"]},{"damage_healed":0.0,"max_hp_gain":0.0,"max_hp_loss":0.0,"gold_gain":0.0,"event_name":"Drug Dealer","player_choice":"Inject Mutagens","floor":21.0,"gold_loss":0.0,"damage_taken":0.0,"relics_obtained":["MutagenicStrength"]},{"damage_healed":0.0,"max_hp_gain":0.0,"max_hp_loss":0.0,"gold_gain":0.0,"event_name":"Wheel of Change","player_choice":"Relic","floor":22.0,"gold_loss":0.0,"damage_taken":0.0},{"damage_healed":0.0,"max_hp_gain":0.0,"max_hp_loss":0.0,"gold_gain":0.0,"event_name":"Beggar","player_choice":"Ignored","floor":31.0,"gold_loss":0.0,"damage_taken":0.0},{"damage_healed":0.0,"max_hp_gain":0.0,"max_hp_loss":0.0,"gold_gain":0.0,"event_name":"MindBloom","player_choice":"Fight","floor":38.0,"gold_loss":0.0,"damage_taken":0.0},{"damage_healed":0.0,"max_hp_gain":0.0,"max_hp_loss":0.0,"gold_gain":0.0,"event_name":"WeMeetAgain","player_choice":"Gave Potion","floor":39.0,"gold_loss":0.0,"damage_taken":0.0,"relics_obtained":["War Paint"]},{"cards_removed":["PlaceholderMod:BaseDefend"],"damage_healed":0.0,"max_hp_gain":0.0,"max_hp_loss":0.0,"gold_gain":0.0,"event_name":"Falling","player_choice":"Removed Skill","floor":47.0,"gold_loss":0.0,"damage_taken":0.0}],"is_beta":false,"boss_relics":[{"not_picked":["Tiny House","Busted Crown"],"picked":"SlaversCollar"},{"not_picked":["Snecko Eye","Philosopher\u0027s Stone"],"picked":"Calling Bell"}],"items_purged_floors":[42],"is_endless":false,"potions_floor_spawned":[1,2,3,7,19,24,25,28,33,35,36,37,38,41,45,46,48],"ascension_level":0}}