{"host":"q98mp5s7e93e1jw5","time":1610485787,"event":{"mods":["BaseMod","Minty Spire (QoL Compilation)","StSLib","The Cursed","??????REMEMod"],"gold_per_floor":[109,109,184,184,204,234,234,253,253,282,282,312,312,312,312,312,312],"floor_reached":16,"language":"ENG","playtime":373,"items_purged":[],"score":162,"play_id":"f3d1146f-833d-44df-88ba-03374c44d9fb","local_time":"20210112130947","is_ascension_mode":true,"campfire_choices":[{"data":"Poisoned Stab","floor":7,"key":"SMITH"},{"floor":11,"key":"REST"},{"floor":13,"key":"REST"},{"floor":15,"key":"REST"}],"circlet_count":0,"master_deck":["Strike_G","Strike_G","Strike_G","Strike_G","Strike_G","Defend_G","Defend_G","Defend_G","Defend_G","Defend_G","Survivor","Neutralize","Poisoned Stab+1"],"relics":["Ring of the Snake","REME_ComplimentaryCards","NeowsBlessing","REME_IWantAll","Incense Burner","PreservedInsect","Boot","Golden Idol"],"acts_visited":["Exordium"],"potions_floor_usage":[10,16,16],"damage_taken":[{"damage":0,"enemies":"Jaw Worm","floor":1,"turns":1},{"damage":0,"enemies":"Small Slimes","floor":5,"turns":1},{"damage":0,"enemies":"3 Sentries","floor":6,"turns":1},{"damage":1,"enemies":"2 Louse","floor":8,"turns":2},{"damage":33,"enemies":"Gremlin Nob","floor":10,"turns":5},{"damage":16,"enemies":"3 Sentries","floor":12,"turns":7},{"damage":63,"enemies":"Slime Boss","floor":16,"turns":9}],"seed_played":"-721743326626599009","potions_obtained":[{"floor":6,"key":"Weak Potion"},{"floor":10,"key":"Dexterity Potion"},{"floor":12,"key":"Poison Potion"}],"is_trial":false,"path_per_floor":["M","?","?","?","M","E","R","M","T","E","R","E","R","?","R","B"],"character_chosen":"THE_SILENT","items_purchased":[],"campfire_rested":3,"item_purchase_floors":[],"current_hp_per_floor":[70,70,59,64,64,64,64,63,63,30,52,36,58,40,62,0,0],"gold":312,"neow_bonus":"THREE_ENEMY_KILL","is_daily":false,"chose_seed":false,"campfire_upgraded":1,"win_rate":0.0,"timestamp":1610485787,"path_taken":["M","?","?","?","M","E","R","M","T","E","R","E","R","?","R","BOSS"],"items_purchased_type":[],"build_version":"2020-12-22","purchased_purges":0,"victory":false,"max_hp_per_floor":[70,70,70,75,75,75,75,75,75,75,75,75,75,75,75,75,75],"card_choices":[{"not_picked":["Bane","Deflect"],"picked":"Poisoned Stab","floor":1},{"not_picked":["Skewer","Expertise","Accuracy"],"picked":"SKIP","floor":5},{"not_picked":["Flying Knee","Sucker Punch","Setup"],"picked":"SKIP","floor":6},{"not_picked":["Prepared","Underhanded Strike","Quick Slash"],"picked":"SKIP","floor":8},{"not_picked":["Slice","Dodge and Roll","Blade Dance"],"picked":"SKIP","floor":10},{"not_picked":["REME_ShadowStrike","Blade Dance","Choke"],"picked":"SKIP","floor":12}],"player_experience":375185,"relics_obtained":[{"floor":6,"key":"REME_IWantAll"},{"floor":9,"key":"Incense Burner"},{"floor":10,"key":"PreservedInsect"},{"floor":12,"key":"Boot"}],"event_choices":[{"cards_removed":["Jack Of All Trades"],"damage_healed":0,"gold_gain":0,"player_choice":"Card Removal","damage_taken":0,"max_hp_gain":0,"max_hp_loss":0,"event_name":"The Cleric","floor":2,"gold_loss":50},{"damage_healed":0,"gold_gain":0,"player_choice":"Leave","damage_taken":0,"max_hp_gain":0,"max_hp_loss":0,"event_name":"The Cleric","floor":2,"gold_loss":0},{"damage_healed":0,"gold_gain":75,"player_choice":"Gather Gold","damage_taken":11,"max_hp_gain":0,"max_hp_loss":0,"event_name":"World of Goop","floor":3,"gold_loss":0},{"damage_healed":0,"gold_gain":0,"player_choice":"Donut","damage_taken":0,"max_hp_gain":5,"max_hp_loss":0,"event_name":"Big Fish","floor":4,"gold_loss":0},{"damage_healed":0,"gold_gain":0,"player_choice":"Take Damage","damage_taken":18,"relics_obtained":["Golden Idol"],"max_hp_gain":0,"max_hp_loss":0,"event_name":"Golden Idol","floor":14,"gold_loss":0}],"is_beta":false,"boss_relics":[],"items_purged_floors":[],"is_endless":false,"potions_floor_spawned":[6,10,12],"killed_by":"Slime Boss","ascension_level":3}}