{"host":"h4lp0eeso8a0ssq0","time":1610434891,"event":{"mods":["2.2 Compatiblity","AchievementEnabler","BaseMod","CapriCore","Colored Map","Minty Spire (QoL Compilation)","StSLib","SuperFastMode"],"gold_per_floor":[118,131,131,150,150,182,182,217,517,517,517,517,537,389,389,493,493,510,510,609,609,577,604,69,69,69,98,114,114,114],"floor_reached":29,"playtime":723,"items_purged":["Strike_G","Strike_G"],"score":404,"play_id":"6ea05829-e72a-49c1-81d5-05e5dd22b20b","local_time":"20210112160131","is_ascension_mode":true,"campfire_choices":[{"data":"Deadly Poison","floor":7.0,"key":"SMITH"},{"data":"Blur","floor":10.0,"key":"SMITH"},{"data":"Bouncing Flask","floor":12.0,"key":"SMITH"},{"data":"Footwork","floor":15.0,"key":"SMITH"},{"floor":25.0,"key":"REST"}],"circlet_count":0,"master_deck":["AscendersBane","Strike_G","Defend_G","Defend_G","Defend_G","Defend_G","Defend_G","Survivor","Neutralize","Blur+1","Bouncing Flask+1","Deadly Poison+1","Backflip","Poisoned Stab","Footwork+1","Burst","Footwork+1","Leg Sweep","Sadistic Nature","Backflip"],"relics":["Ring of the Snake","NeowsBlessing","Du-Vu Doll","Lizard Tail","Old Coin","Meat on the Bone","Empty Cage","Dead Branch","Oddly Smooth Stone","PreservedInsect"],"acts_visited":["Exordium","TheCity"],"potions_floor_usage":[27,27,27,27],"damage_taken":[{"damage":0.0,"enemies":"Small Slimes","floor":1.0,"turns":1.0},{"damage":0.0,"enemies":"Cultist","floor":2.0,"turns":1.0},{"damage":0.0,"enemies":"Jaw Worm","floor":4.0,"turns":1.0},{"damage":18.0,"enemies":"Gremlin Nob","floor":6.0,"turns":4.0},{"damage":25.0,"enemies":"Lagavulin","floor":8.0,"turns":5.0},{"damage":5.0,"enemies":"3 Louse","floor":13.0,"turns":4.0},{"damage":5.0,"enemies":"Hexaghost","floor":16.0,"turns":9.0},{"damage":0.0,"enemies":"Spheric Guardian","floor":18.0,"turns":4.0},{"damage":0.0,"enemies":"Masked Bandits","floor":19.0,"turns":1.0},{"damage":34.0,"enemies":"2 Thieves","floor":22.0,"turns":5.0},{"damage":27.0,"enemies":"Gremlin Leader","floor":23.0,"turns":4.0},{"damage":35,"enemies":"Slavers","floor":27,"turns":13},{"damage":16,"enemies":"Centurion and Healer","floor":28,"turns":7},{"damage":65,"enemies":"Cultist and Chosen","floor":29,"turns":7}],"seed_played":"-3357250715223331813","potions_obtained":[{"floor":1.0,"key":"Swift Potion"},{"floor":3.0,"key":"EntropicBrew"},{"floor":3.0,"key":"SmokeBomb"},{"floor":8.0,"key":"GamblersBrew"},{"floor":16.0,"key":"AttackPotion"},{"floor":22.0,"key":"SpeedPotion"},{"floor":23.0,"key":"EntropicBrew"}],"is_trial":false,"path_per_floor":["M","M","?","M","?","E","R","E","T","R","?","R","M","$","R","B",null,"M","?","?","?","M","E","$","R","T","E","M","M"],"character_chosen":"THE_SILENT","items_purchased":["Footwork","Oddly Smooth Stone","Fruit Juice","Sadistic Nature"],"campfire_rested":1,"item_purchase_floors":[14,24,24,24],"current_hp_per_floor":[63,63,63,63,63,45,45,20,20,20,8,8,15,15,15,22,58,58,58,58,58,36,21,26,48,48,25,21,4,4],"gold":114,"neow_bonus":"THREE_ENEMY_KILL","is_daily":false,"chose_seed":false,"campfire_upgraded":4,"win_rate":0.0,"timestamp":1610434891,"path_taken":["M","M","?","?","?","E","R","E","T","R","?","R","M","?","R","BOSS","M","?","?","?","M","E","$","R","T","E","M","M"],"items_purchased_type":["Card","Relic","Potion","Card"],"build_version":"2020-12-22","purchased_purges":2,"victory":false,"max_hp_per_floor":[70,70,70,70,70,70,70,70,70,70,70,70,70,70,70,70,70,70,70,70,70,70,70,75,75,75,75,75,75,75],"card_choices":[{"not_picked":["Concentrate","Quick Slash"],"picked":"Blur","floor":1.0},{"not_picked":["Catalyst","Prepared"],"picked":"Bouncing Flask","floor":2.0},{"not_picked":["Sucker Punch","Accuracy"],"picked":"Deadly Poison","floor":4.0},{"not_picked":["Dash","Well Laid Plans"],"picked":"Backflip","floor":6.0},{"not_picked":["Caltrops","Glass Knife"],"picked":"Poisoned Stab","floor":8.0},{"not_picked":["Outmaneuver","Blade Dance","Underhanded Strike"],"picked":"SKIP","floor":13.0},{"not_picked":["Grand Finale","Phantasmal Killer"],"picked":"Burst","floor":16.0},{"not_picked":["Tactician","Dodge and Roll+1","Flechettes+1"],"picked":"SKIP","floor":18.0},{"not_picked":["Distraction","Accuracy","Quick Slash"],"picked":"SKIP","floor":22.0},{"not_picked":["Masterful Stab","Caltrops"],"picked":"Leg Sweep","floor":23.0},{"not_picked":["Prepared","Die Die Die"],"picked":"Backflip","floor":27},{"not_picked":["Finisher","Dagger Spray","Outmaneuver"],"picked":"SKIP","floor":28}],"player_experience":143640,"relics_obtained":[{"floor":6.0,"key":"Du-Vu Doll"},{"floor":8.0,"key":"Lizard Tail"},{"floor":9.0,"key":"Old Coin"},{"floor":23.0,"key":"Dead Branch"},{"floor":27,"key":"PreservedInsect"}],"event_choices":[{"damage_healed":0.0,"max_hp_gain":0.0,"max_hp_loss":0.0,"gold_gain":0.0,"event_name":"Lab","player_choice":"Got Potions","floor":3.0,"gold_loss":0.0,"damage_taken":0.0},{"damage_healed":0.0,"max_hp_gain":0.0,"max_hp_loss":0.0,"gold_gain":0.0,"event_name":"Liars Game","player_choice":"Ignored","floor":5.0,"gold_loss":0.0,"damage_taken":0.0},{"damage_healed":0.0,"max_hp_gain":0.0,"max_hp_loss":0.0,"gold_gain":0.0,"event_name":"Scrap Ooze","player_choice":"Success","floor":11.0,"gold_loss":0.0,"damage_taken":12.0,"relics_obtained":["Meat on the Bone"]},{"damage_healed":0.0,"max_hp_gain":0.0,"max_hp_loss":0.0,"gold_gain":0.0,"event_name":"Masked Bandits","player_choice":"Fought Bandits","floor":19.0,"gold_loss":0.0,"damage_taken":0.0},{"damage_healed":0.0,"max_hp_gain":0.0,"max_hp_loss":0.0,"gold_gain":99.0,"event_name":"Nest","player_choice":"Stole From Cult","floor":20.0,"gold_loss":0.0,"damage_taken":0.0},{"damage_healed":0.0,"max_hp_gain":0.0,"max_hp_loss":0.0,"gold_gain":0.0,"event_name":"Duplicator","player_choice":"Copied","floor":21.0,"gold_loss":0.0,"damage_taken":0.0,"cards_obtained":["Footwork"]}],"is_beta":false,"boss_relics":[{"not_picked":["Runic Pyramid","Fusion Hammer"],"picked":"Empty Cage"}],"items_purged_floors":[14,24],"is_endless":false,"potions_floor_spawned":[1,8,16,22,23],"killed_by":"Cultist and Chosen","ascension_level":10}}