{"host":"sum4dy402bbv9y4o","time":1610476644,"event":{"mods":["Aspiration","BaseMod","Conspire","Highlight Path","Minty Spire (QoL Compilation)","StSLib"],"gold_per_floor":[110,110,125,145,164,192,210,239,239,389,389,88,88,99,99,176,176,188,205,3,14,14,14,41,41,41,41,60,60,80,130,130,201,201,218,10,29,49,65,96,96,106,106,106,106],"floor_reached":44,"playtime":1980,"items_purged":["Doubt","Defend_B"],"score":1044,"play_id":"4cc901a3-49cb-4305-af1f-9407b41d8a1f","local_time":"20210112213724","is_ascension_mode":true,"campfire_choices":[{"data":"Buffer","floor":11,"key":"SMITH"},{"data":"Fission","floor":13,"key":"SMITH"},{"data":"Redo","floor":15,"key":"SMITH"},{"floor":23,"key":"REST"},{"floor":25,"key":"REST"},{"data":"Dualcast","floor":29,"key":"SMITH"},{"floor":32,"key":"REST"},{"floor":41,"key":"REST"}],"circlet_count":0,"master_deck":["AscendersBane","Strike_B","Strike_B","Strike_B","Defend_B","Zap","Dualcast+1","Coolheaded","Buffer+1","Leap","Cold Snap","Doom and Gloom","Ball Lightning","Fission+1","aspiration:Polymerization","Redo+1","Conserve Battery","Echo Form","Evaluate+1","FlyingSleeves","Blind+1","Barrage","Self Repair+1","Shame","Redo+1","Redo+1","Machine Learning","Wallop","FlurryOfBlows","Ball Lightning+1","Loop","Defragment"],"relics":["Cracked Core","conspire:GiftBox","Du-Vu Doll","Toxic Egg 2","DataDisk","aspiration:WatcherSkillbook","Anchor","aspiration:FaultyCoupler","Lantern","Thread and Needle","Frozen Egg 2"],"acts_visited":["Exordium","TheCity","TheBeyond"],"potions_floor_usage":[3,6,16,24,28,33,33,35,40,44],"damage_taken":[{"damage":0,"enemies":"Cultist","floor":1,"turns":4},{"damage":6,"enemies":"2 Louse","floor":3,"turns":3},{"damage":5,"enemies":"Jaw Worm","floor":4,"turns":5},{"damage":2,"enemies":"Large Slime","floor":5,"turns":6},{"damage":9,"enemies":"3 Sentries","floor":6,"turns":5},{"damage":2,"enemies":"Looter","floor":7,"turns":3},{"damage":14,"enemies":"Lagavulin","floor":8,"turns":10},{"damage":8,"enemies":"Lots of Slimes","floor":14,"turns":3},{"damage":0,"enemies":"Hexaghost","floor":16,"turns":7},{"damage":0,"enemies":"Chosen","floor":18,"turns":6},{"damage":6,"enemies":"2 Thieves","floor":19,"turns":5},{"damage":8,"enemies":"Centurion and Healer","floor":21,"turns":6},{"damage":61,"enemies":"Slavers","floor":24,"turns":7},{"damage":0,"enemies":"Snecko","floor":28,"turns":5},{"damage":18,"enemies":"3 Cultists","floor":30,"turns":7},{"damage":13,"enemies":"Champ","floor":33,"turns":8},{"damage":17,"enemies":"3 Darklings","floor":35,"turns":5},{"damage":1,"enemies":"Orb Walker","floor":37,"turns":3},{"damage":0,"enemies":"Maw","floor":38,"turns":7},{"damage":31,"enemies":"Jaw Worm Horde","floor":39,"turns":7},{"damage":22,"enemies":"Nemesis","floor":40,"turns":9},{"damage":6,"enemies":"Spire Growth","floor":42,"turns":7},{"damage":67,"enemies":"3 Darklings","floor":44,"turns":5}],"seed_played":"6493449416179043069","potions_obtained":[{"floor":1,"key":"SkillPotion"},{"floor":5,"key":"LiquidBronze"},{"floor":6,"key":"FairyPotion"},{"floor":21,"key":"FocusPotion"},{"floor":24,"key":"Block Potion"},{"floor":30,"key":"EntropicBrew"},{"floor":39,"key":"SpeedPotion"},{"floor":42,"key":"Fire Potion"}],"is_trial":false,"path_per_floor":["M","?","M","M","M","E","M","E","T","?","R","$","R","M","R","B",null,"M","M","$","M","$","R","E","R","T","?","M","R","M","?","R","B",null,"M","$","M","M","M","E","R","M","T","M"],"character_chosen":"DEFECT","items_purchased":["DataDisk","PowerPotion","Blind+1","Wallop","Lantern"],"campfire_rested":4,"item_purchase_floors":[12,12,20,36,36],"current_hp_per_floor":[46,39,33,28,26,17,15,1,1,1,1,1,1,17,17,17,58,58,52,52,44,44,65,4,25,25,25,35,35,27,27,48,45,65,48,48,57,67,46,34,55,59,59,0,0],"gold":106,"neow_bonus":"TRANSFORM_TWO_CARDS","is_daily":false,"chose_seed":false,"campfire_upgraded":4,"win_rate":0.0,"timestamp":1610476644,"path_taken":["M","?","M","M","M","E","M","E","T","?","R","$","R","M","R","BOSS","M","M","$","M","$","R","E","R","T","?","M","R","M","?","R","BOSS","M","$","M","M","M","E","R","M","T","M"],"items_purchased_type":["Relic","Potion","Card","Card","Relic"],"build_version":"2020-12-22","purchased_purges":2,"victory":false,"max_hp_per_floor":[71,71,71,71,71,71,71,71,71,71,71,71,71,71,71,71,71,71,71,71,71,71,71,71,71,71,71,71,71,71,71,71,71,71,71,71,71,71,71,71,71,71,71,71,71],"card_choices":[{"not_picked":["conspire:SharedLibrary","Hologram"],"picked":"Leap","floor":1},{"not_picked":["Leap","Scrape"],"picked":"Cold Snap","floor":3},{"not_picked":["Sunder","Reinforced Body"],"picked":"Doom and Gloom","floor":4},{"not_picked":["Redo","Rebound"],"picked":"Ball Lightning","floor":5},{"not_picked":["Creative AI","Seek"],"picked":"Fission","floor":6},{"not_picked":["Streamline","Hello World"],"picked":"aspiration:Polymerization","floor":6},{"not_picked":["Streamline","Hologram"],"picked":"Redo","floor":7},{"not_picked":["Reinforced Body","Steam"],"picked":"Conserve Battery","floor":8},{"not_picked":["Hello World","Double Energy+1","Steam+1"],"picked":"SKIP","floor":14},{"not_picked":["Hyperbeam","Creative AI"],"picked":"Echo Form","floor":16},{"not_picked":["Halt+1","ClearTheMind+1","FTL"],"picked":"Evaluate+1","floor":18},{"not_picked":["Turbo+1","EmptyFist","ClearTheMind+1"],"picked":"FlyingSleeves","floor":19},{"not_picked":["ClearTheMind+1","Leap+1","CarveReality+1"],"picked":"Barrage","floor":21},{"not_picked":["Consecrate+1","Evaluate+1","Prostrate+1"],"picked":"Self Repair+1","floor":24},{"not_picked":["WaveOfTheHand+1","Cold Snap","Storm"],"picked":"Redo+1","floor":28},{"not_picked":["Wish+1","SashWhip","FollowUp"],"picked":"Redo+1","floor":30},{"not_picked":["Thunder Strike","SpiritShield+1","DevaForm"],"picked":"Machine Learning","floor":33},{"not_picked":["Leap+1","EmptyFist","Gash","Conserve Battery+1"],"picked":"SKIP","floor":35},{"not_picked":["Halt+1","DevaForm","CrushJoints"],"picked":"FlurryOfBlows","floor":37},{"not_picked":["Halt+1","Go for the Eyes","Stack+1","Swivel+1"],"picked":"SKIP","floor":38},{"not_picked":["Halt+1","Consume+1","SashWhip"],"picked":"Ball Lightning+1","floor":39},{"not_picked":["Sweeping Beam","EmptyMind+1","LikeWater"],"picked":"Loop","floor":40},{"not_picked":["Doom and Gloom+1","Coolheaded+1","Protect+1"],"picked":"Defragment","floor":42}],"player_experience":2927691,"relics_obtained":[{"floor":6,"key":"conspire:GiftBox"},{"floor":8,"key":"Du-Vu Doll"},{"floor":9,"key":"Toxic Egg 2"},{"floor":24,"key":"Anchor"},{"floor":26,"key":"aspiration:FaultyCoupler"},{"floor":40,"key":"Thread and Needle"},{"floor":43,"key":"Frozen Egg 2"}],"event_choices":[{"cards_removed":["Defend_B"],"damage_healed":0,"gold_gain":0,"player_choice":"Card Removal","damage_taken":7,"max_hp_gain":0,"max_hp_loss":0,"event_name":"Golden Wing","floor":2,"gold_loss":0},{"damage_healed":0,"gold_gain":150,"player_choice":"AGREE","damage_taken":0,"max_hp_gain":0,"max_hp_loss":0,"event_name":"Liars Game","floor":10,"gold_loss":0,"cards_obtained":["Doubt"]},{"damage_healed":0,"gold_gain":50,"player_choice":"Stole From Cult","damage_taken":0,"max_hp_gain":0,"max_hp_loss":0,"event_name":"Nest","floor":31,"gold_loss":0}],"is_beta":false,"boss_relics":[{"not_picked":["conspire:SeveredTorchhead","aspiration:RitualDagger"],"picked":"aspiration:WatcherSkillbook"},{"not_picked":["aspiration:PoetsPen","conspire:RunicOctahedron","conspire:SlowCooker"]}],"items_purged_floors":[12,20],"is_endless":false,"potions_floor_spawned":[1,5,6,21,24,30,39,42],"killed_by":"3 Darklings","ascension_level":20}}