{"host":"khm4we1ijduz33xh","time":1610457841,"event":{"mods":["AchievementEnabler","BaseMod","Colored Map","Minty Spire (QoL Compilation)","Rare Cards Sparkle","StSLib","SuperFastMode"],"gold_per_floor":[212,212,222,236,8,8,36,36,63,78,111,111,111,144,144,265,265,281,297,36,36,61,61,77,77,100,112,15,15,29,29,29,157,157,180,198,3,16,36,36,136,136,161,177,193,193,153,176,176,176],"floor_reached":51,"playtime":2845,"items_purged":["Defend_B"],"score":771,"play_id":"c3720195-65ba-46bf-97fa-04aa4c9e64d1","local_time":"20210112222401","is_ascension_mode":true,"campfire_choices":[{"data":"Loop","floor":6.0,"key":"SMITH"},{"data":"Seek","floor":8.0,"key":"SMITH"},{"data":"Reinforced Body","floor":12.0,"key":"SMITH"},{"data":"Buffer","floor":15.0,"key":"SMITH"},{"data":"Genetic Algorithm","floor":23.0,"key":"SMITH"},{"data":"Tempest","floor":25.0,"key":"SMITH"},{"floor":27.0,"key":"REST"},{"floor":32.0,"key":"REST"},{"data":"Barrage","floor":40.0,"key":"SMITH"},{"data":"Defragment","floor":46,"key":"SMITH"},{"floor":49,"key":"REST"}],"circlet_count":0,"master_deck":["Strike_B","Strike_B","Strike_B","Strike_B","Defend_B+1","Defend_B","Defend_B","Zap+1","Dualcast+1","FTL","Seek+1","Reinforced Body+1","Loop+1","Auto Shields","Coolheaded","Conserve Battery","Buffer+1","Amplify","Steam Power+1","Tempest+1","Genetic Algorithm+1","Fusion+1","Self Repair","BootSequence+1","Compile Driver","Echo Form","Hologram+1","Barrage+1","Beam Cell","Static Discharge+1","Defragment+1","Leap+1"],"relics":["Cracked Core","Runic Capacitor","Centennial Puzzle","Juzu Bracelet","War Paint","Golden Idol","Bag of Marbles","SlaversCollar","Happy Flower","Toxic Egg 2","MawBank","Enchiridion","Busted Crown","HandDrill","Anchor"],"acts_visited":["Exordium","TheCity","TheBeyond"],"potions_floor_usage":[50,50],"damage_taken":[{"damage":1.0,"enemies":"Jaw Worm","floor":1.0,"turns":4.0},{"damage":1.0,"enemies":"Cultist","floor":3.0,"turns":3.0},{"damage":0.0,"enemies":"2 Louse","floor":4.0,"turns":3.0},{"damage":4.0,"enemies":"Lagavulin","floor":7.0,"turns":7.0},{"damage":12.0,"enemies":"Exordium Thugs","floor":10.0,"turns":3.0},{"damage":21.0,"enemies":"Gremlin Nob","floor":11.0,"turns":4.0},{"damage":3.0,"enemies":"Lagavulin","floor":14.0,"turns":6.0},{"damage":24.0,"enemies":"Hexaghost","floor":16.0,"turns":14.0},{"damage":23.0,"enemies":"3 Byrds","floor":18.0,"turns":6.0},{"damage":0.0,"enemies":"Shell Parasite","floor":19.0,"turns":9.0},{"damage":17.0,"enemies":"Shelled Parasite and Fungi","floor":24.0,"turns":6.0},{"damage":20.0,"enemies":"Snecko","floor":30.0,"turns":6.0},{"damage":2.0,"enemies":"Automaton","floor":33.0,"turns":10.0},{"damage":0.0,"enemies":"Orb Walker","floor":35.0,"turns":5.0},{"damage":0.0,"enemies":"3 Shapes","floor":36.0,"turns":6.0},{"damage":21.0,"enemies":"Spire Growth","floor":38.0,"turns":6.0},{"damage":0.0,"enemies":"Maw","floor":39.0,"turns":9.0},{"damage":6.0,"enemies":"Jaw Worm Horde","floor":44.0,"turns":6.0},{"damage":28,"enemies":"Sphere and 2 Shapes","floor":45,"turns":5},{"damage":13,"enemies":"Writhing Mass","floor":48,"turns":4},{"damage":48,"enemies":"Time Eater","floor":50,"turns":8}],"seed_played":"-2990095112325159281","potions_obtained":[{"floor":3.0,"key":"Block Potion"},{"floor":4.0,"key":"PowerPotion"},{"floor":7.0,"key":"SteroidPotion"},{"floor":14.0,"key":"Weak Potion"},{"floor":18.0,"key":"Explosive Potion"},{"floor":24.0,"key":"Explosive Potion"},{"floor":30.0,"key":"CultistPotion"},{"floor":36.0,"key":"Ancient Potion"},{"floor":38.0,"key":"AttackPotion"},{"floor":45,"key":"FocusPotion"},{"floor":47,"key":"EssenceOfDarkness"}],"is_trial":false,"path_per_floor":["M","?","M","M","$","R","E","R","T","M","E","R","?","E","R","B",null,"M","M","$","?","T","R","M","R","T","R","$","?","M","?","R","B",null,"M","M","$","M","M","R","?","?","T","M","M","R","?","M","R","B",null],"character_chosen":"DEFECT","items_purchased":["Runic Capacitor","Loop","Happy Flower","Genetic Algorithm","Self Repair","BootSequence+1","HandDrill","Barrage"],"campfire_rested":3,"item_purchase_floors":[5,5,20,20,28,28,37,37],"current_hp_per_floor":[74,74,73,73,73,73,69,69,69,57,36,36,36,33,33,9,69,46,46,46,46,46,46,29,29,29,49,49,33,20,20,40,45,69,69,69,69,55,62,62,62,69,69,69,48,48,48,42,62,21],"gold":176,"neow_bonus":"HUNDRED_GOLD","is_daily":false,"chose_seed":false,"campfire_upgraded":8,"win_rate":0.0,"timestamp":1610457841,"path_taken":["M","?","M","M","$","R","E","R","T","M","E","R","?","E","R","BOSS","M","M","$","?","?","R","M","R","T","R","$","?","M","?","R","BOSS","M","M","$","M","M","R","?","?","T","M","M","R","?","M","R","BOSS"],"items_purchased_type":["Relic","Card","Relic","Card","Card","Card","Relic","Card"],"build_version":"2020-12-22","purchased_purges":1,"victory":true,"max_hp_per_floor":[75,75,75,75,75,75,75,75,75,75,75,75,69,69,69,69,69,69,69,69,69,69,69,69,69,69,69,69,69,69,69,69,69,69,69,69,69,69,69,69,69,69,69,69,69,69,69,69,69,69],"card_choices":[{"not_picked":["Stack","Go for the Eyes"],"picked":"FTL","floor":1.0},{"not_picked":["Capacitor","Ball Lightning"],"picked":"Seek","floor":3.0},{"not_picked":["Skim","Rebound"],"picked":"Reinforced Body","floor":4.0},{"not_picked":["FTL","Consume"],"picked":"Auto Shields","floor":7.0},{"not_picked":["Barrage","Ball Lightning"],"picked":"Coolheaded","floor":10.0},{"not_picked":["Redo","Coolheaded"],"picked":"Conserve Battery","floor":11.0},{"not_picked":["Reboot","Scrape"],"picked":"Buffer","floor":14.0},{"not_picked":["Seek","Meteor Strike"],"picked":"Amplify","floor":16.0},{"not_picked":["Steam","Hologram"],"picked":"Steam Power+1","floor":18.0},{"not_picked":["Chaos","Conserve Battery"],"picked":"Tempest","floor":19.0},{"not_picked":["Darkness+1","Consume+1"],"picked":"Fusion+1","floor":24.0},{"not_picked":["Force Field+1","Doom and Gloom"],"picked":"Compile Driver","floor":30.0},{"not_picked":["Core Surge","Hyperbeam"],"picked":"Echo Form","floor":33.0},{"not_picked":["Go for the Eyes"],"picked":"SKIP","floor":35.0},{"not_picked":[],"picked":"Hologram+1","floor":36.0},{"not_picked":[],"picked":"Beam Cell","floor":38.0},{"not_picked":[],"picked":"Static Discharge+1","floor":39.0},{"not_picked":[],"picked":"Defragment","floor":44.0},{"not_picked":["Recycle+1"],"picked":"SKIP","floor":45},{"not_picked":[],"picked":"Leap+1","floor":48}],"player_experience":216587,"relics_obtained":[{"floor":7.0,"key":"Centennial Puzzle"},{"floor":9.0,"key":"Juzu Bracelet"},{"floor":11.0,"key":"War Paint"},{"floor":14.0,"key":"Bag of Marbles"},{"floor":26.0,"key":"MawBank"},{"floor":29.0,"key":"Enchiridion"},{"floor":43.0,"key":"Anchor"}],"event_choices":[{"damage_healed":0.0,"max_hp_gain":0.0,"max_hp_loss":0.0,"gold_gain":0.0,"event_name":"Upgrade Shrine","player_choice":"Upgraded","floor":2.0,"gold_loss":0.0,"damage_taken":0.0,"cards_upgraded":["Zap"]},{"damage_healed":0.0,"max_hp_gain":0.0,"max_hp_loss":6.0,"gold_gain":0.0,"event_name":"Golden Idol","player_choice":"Lose Max HP","floor":13.0,"gold_loss":0.0,"damage_taken":0.0,"relics_obtained":["Golden Idol"]},{"damage_healed":0.0,"max_hp_gain":0.0,"max_hp_loss":0.0,"gold_gain":0.0,"event_name":"The Mausoleum","player_choice":"Opened","floor":21.0,"gold_loss":0.0,"damage_taken":0.0,"relics_obtained":["Toxic Egg 2"]},{"damage_healed":0.0,"max_hp_gain":0.0,"max_hp_loss":0.0,"gold_gain":0.0,"event_name":"Cursed Tome","player_choice":"Obtained Book","floor":29.0,"gold_loss":0.0,"damage_taken":16.0},{"damage_healed":0.0,"max_hp_gain":0.0,"max_hp_loss":0.0,"gold_gain":0.0,"event_name":"Ghosts","player_choice":"Ignored","floor":31.0,"gold_loss":0.0,"damage_taken":0.0},{"damage_healed":0.0,"max_hp_gain":0.0,"max_hp_loss":0.0,"gold_gain":100.0,"event_name":"Golden Shrine","player_choice":"Pray","floor":41.0,"gold_loss":0.0,"damage_taken":0.0},{"damage_healed":7.0,"max_hp_gain":0.0,"max_hp_loss":0.0,"gold_gain":0.0,"event_name":"Wheel of Change","player_choice":"Full Heal","floor":42.0,"gold_loss":0.0,"damage_taken":0.0},{"damage_healed":0,"gold_gain":0,"player_choice":"Bought 3 Potions","damage_taken":0,"max_hp_gain":0,"max_hp_loss":0,"event_name":"The Woman in Blue","floor":47,"gold_loss":0}],"is_beta":false,"boss_relics":[{"not_picked":["SacredBark","Velvet Choker"],"picked":"SlaversCollar"},{"not_picked":["Empty Cage","Calling Bell"],"picked":"Busted Crown"}],"items_purged_floors":[20],"is_endless":false,"potions_floor_spawned":[3,4,7,14,18,24,30,36,38,39,45],"ascension_level":1}}