{"host":"dt66m9hiqmdltoz4","time":1610458715,"event":{"mods":["BaseMod","Gremlin Skip","Minty Spire (QoL Compilation)","Shop Mod","StSLib"],"gold_per_floor":[113,128,138,88,188,188,200,232,232,247,581,581,600,628,628,728,728,743,755,767,777,788,788,814,859,859,875,105,132,142,161,161,260,260,277,187,92,105,118,152,164,164,164,182,35,35,49,66,66,66,66],"floor_reached":50,"playtime":1760,"items_purged":["Strike_R"],"score":617,"play_id":"c36a1e98-cd12-4c4d-9954-5ab02d2b4087","local_time":"20210113023835","is_ascension_mode":false,"campfire_choices":[{"data":"Wild Strike","floor":6,"key":"SMITH"},{"data":"Iron Wave","floor":12,"key":"SMITH"},{"data":"Iron Wave","floor":15,"key":"SMITH"},{"data":"Flame Barrier","floor":23,"key":"SMITH"},{"floor":32,"key":"REST"},{"data":"Iron Wave","floor":42,"key":"SMITH"},{"floor":46,"key":"RECALL"},{"data":"Clothesline","floor":49,"key":"SMITH"}],"circlet_count":0,"master_deck":["Strike_R","Strike_R","Strike_R","Strike_R","Defend_R","Defend_R","Bash","Clash+1","Wild Strike+1","Iron Wave+1","Pummel","Iron Wave+1","Anger","Thunderclap","Iron Wave+1","Flame Barrier+1","Offering","Sword Boomerang+1","Searing Blow+1","Twin Strike","Clash","Rampage","Fire Breathing+1","Violence","Spot Weakness","Sentinel","Carnage","Demon Form+1","Pommel Strike+1","Dramatic Entrance","Clothesline+1","Flex+1","Thunderclap+1","Intimidate+1","Feel No Pain+1","Havoc+1"],"relics":["Black Blood","Mercury Hourglass","Eternal Feather","Old Coin","Shuriken","Black Star","Ancient Tea Set","Singing Bowl","Anchor","Gremlin Horn","White Beast Statue","Strawberry","Frozen Egg 2","InkBottle","Red Skull","TungstenRod","Happy Flower"],"acts_visited":["Exordium","TheCity","TheBeyond"],"potions_floor_usage":[8,21,22,22,24,29,30,31,33,40,40,41,44,50,50],"damage_taken":[{"damage":6,"enemies":"Cultist","floor":1,"turns":3},{"damage":5,"enemies":"Small Slimes","floor":2,"turns":2},{"damage":17,"enemies":"Jaw Worm","floor":3,"turns":4},{"damage":8,"enemies":"Red Slaver","floor":7,"turns":2},{"damage":26,"enemies":"Lagavulin","floor":8,"turns":4},{"damage":10,"enemies":"Looter","floor":10,"turns":2},{"damage":9,"enemies":"Gremlin Nob","floor":11,"turns":3},{"damage":12,"enemies":"Blue Slaver","floor":13,"turns":2},{"damage":19,"enemies":"Lagavulin","floor":14,"turns":4},{"damage":3,"enemies":"Slime Boss","floor":16,"turns":8},{"damage":6,"enemies":"Spheric Guardian","floor":18,"turns":3},{"damage":15,"enemies":"Shell Parasite","floor":19,"turns":4},{"damage":32,"enemies":"Centurion and Healer","floor":20,"turns":4},{"damage":6,"enemies":"Snake Plant","floor":21,"turns":3},{"damage":6,"enemies":"Shelled Parasite and Fungi","floor":22,"turns":4},{"damage":24,"enemies":"Book of Stabbing","floor":24,"turns":4},{"damage":12,"enemies":"Cultist and Chosen","floor":27,"turns":4},{"damage":20,"enemies":"Gremlin Leader","floor":29,"turns":5},{"damage":33,"enemies":"Snecko","floor":30,"turns":5},{"damage":11,"enemies":"Snake Plant","floor":31,"turns":3},{"damage":20,"enemies":"Collector","floor":33,"turns":6},{"damage":23,"enemies":"Orb Walker","floor":35,"turns":3},{"damage":10,"enemies":"3 Darklings","floor":38,"turns":3},{"damage":6,"enemies":"Jaw Worm Horde","floor":39,"turns":2},{"damage":79,"enemies":"Nemesis","floor":40,"turns":7},{"damage":6,"enemies":"Maw","floor":41,"turns":6},{"damage":46,"enemies":"Writhing Mass","floor":44,"turns":4},{"damage":30,"enemies":"Jaw Worm Horde","floor":47,"turns":3},{"damage":5,"enemies":"Sphere and 2 Shapes","floor":48,"turns":3},{"damage":87,"enemies":"Awakened One","floor":50,"turns":9}],"seed_played":"1747653954513982044","potions_obtained":[{"floor":3,"key":"BlessingOfTheForge"},{"floor":11,"key":"Energy Potion"},{"floor":13,"key":"HeartOfIron"},{"floor":14,"key":"Fire Potion"},{"floor":16,"key":"HeartOfIron"},{"floor":20,"key":"DuplicationPotion"},{"floor":21,"key":"SpeedPotion"},{"floor":27,"key":"Fire Potion"},{"floor":29,"key":"Strength Potion"},{"floor":30,"key":"ColorlessPotion"},{"floor":31,"key":"Fire Potion"},{"floor":33,"key":"Regen Potion"},{"floor":40,"key":"GamblersBrew"},{"floor":41,"key":"BloodPotion"},{"floor":44,"key":"EssenceOfSteel"},{"floor":47,"key":"ElixirPotion"},{"floor":48,"key":"Ancient Potion"}],"is_trial":false,"path_per_floor":["M","M","M","?","?","R","M","E","T","M","E","R","M","E","R","B",null,"M","M","M","M","M","R","E","T","T","M","$","E","M","M","R","B",null,"M","?","$","M","M","E","M","R","T","M","$","R","M","M","R","B"],"character_chosen":"IRONCLAD","items_purchased":["White Beast Statue","BloodPotion","Strawberry","Violence","Ancient Potion","Dramatic Entrance","Happy Flower"],"campfire_rested":1,"item_purchase_floors":[28,28,28,28,28,37,45],"current_hp_per_floor":[88,88,77,77,77,77,75,55,55,51,48,57,51,38,47,50,88,88,79,53,53,53,65,47,47,47,43,50,36,28,23,67,53,97,86,86,86,88,94,29,50,68,68,53,53,71,53,60,81,0,0],"gold":66,"neow_bonus":"TEN_PERCENT_HP_BONUS","is_daily":false,"chose_seed":false,"campfire_upgraded":6,"win_rate":0.0,"timestamp":1610458715,"path_taken":["M","?","M","?","?","R","M","E","T","M","E","R","M","E","R","BOSS","M","M","M","M","M","R","E","?","T","M","$","E","M","M","R","BOSS","M","?","$","M","?","E","M","R","T","M","$","R","M","M","R","BOSS"],"items_purchased_type":["Relic","Potion","Relic","Card","Potion","Card","Relic"],"build_version":"2020-12-22","purchased_purges":1,"victory":false,"max_hp_per_floor":[88,88,88,88,88,88,88,88,88,88,88,88,88,88,88,88,88,88,88,88,88,88,88,88,88,88,90,97,97,97,97,97,97,97,97,97,97,97,97,99,99,99,99,99,99,99,99,99,99,99,99],"card_choices":[{"not_picked":["Shrug It Off","Warcry"],"picked":"Clash","floor":1},{"not_picked":["True Grit","Flex"],"picked":"Wild Strike","floor":2},{"not_picked":["Rupture","Anger"],"picked":"Iron Wave","floor":3},{"not_picked":["Bloodletting","Armaments"],"picked":"Pummel","floor":7},{"not_picked":["Impervious","Blood for Blood"],"picked":"Iron Wave","floor":8},{"not_picked":["Havoc","Disarm"],"picked":"Anger","floor":10},{"not_picked":["Burning Pact","Flex"],"picked":"Thunderclap","floor":11},{"not_picked":["Seeing Red","Pommel Strike"],"picked":"Iron Wave","floor":13},{"not_picked":["Heavy Blade","Dark Embrace"],"picked":"Flame Barrier","floor":14},{"not_picked":["Limit Break","Juggernaut"],"picked":"Offering","floor":16},{"not_picked":["Clash","Perfected Strike"],"picked":"Sword Boomerang+1","floor":18},{"not_picked":["Armaments","Whirlwind"],"picked":"Searing Blow+1","floor":19},{"not_picked":["Headbutt","Entrench"],"picked":"Twin Strike","floor":20},{"not_picked":["Burning Pact","Heavy Blade"],"picked":"Clash","floor":21},{"not_picked":["Cleave","Body Slam"],"picked":"Rampage","floor":22},{"not_picked":["Dark Embrace","Battle Trance"],"picked":"Fire Breathing+1","floor":24},{"not_picked":["Sword Boomerang","Combust","Fire Breathing"],"picked":"Singing Bowl","floor":27},{"not_picked":["Battle Trance","Rampage"],"picked":"Spot Weakness","floor":29},{"not_picked":["Rage","Warcry+1"],"picked":"Sentinel","floor":30},{"not_picked":["Intimidate","Blood for Blood"],"picked":"Carnage","floor":31},{"not_picked":["Corruption+1","Barricade+1"],"picked":"Demon Form+1","floor":33},{"not_picked":["Flex","Rupture+1"],"picked":"Pommel Strike+1","floor":35},{"not_picked":["Warcry+1","Havoc"],"picked":"Clothesline","floor":38},{"not_picked":["Blood for Blood+1","Pummel"],"picked":"Flex+1","floor":39},{"not_picked":["Sword Boomerang","Perfected Strike","Havoc"],"picked":"Singing Bowl","floor":40},{"not_picked":["Clash","Havoc+1"],"picked":"Thunderclap+1","floor":41},{"not_picked":["Thunderclap+1","Cleave+1"],"picked":"Intimidate+1","floor":44},{"not_picked":["Burning Pact","Anger+1"],"picked":"Feel No Pain+1","floor":47},{"not_picked":["Warcry+1","Ghostly Armor"],"picked":"Havoc+1","floor":48}],"player_experience":310923,"relics_obtained":[{"floor":8,"key":"Mercury Hourglass"},{"floor":9,"key":"Eternal Feather"},{"floor":11,"key":"Old Coin"},{"floor":14,"key":"Shuriken"},{"floor":24,"key":"Ancient Tea Set"},{"floor":24,"key":"Singing Bowl"},{"floor":25,"key":"Anchor"},{"floor":26,"key":"Gremlin Horn"},{"floor":29,"key":"Frozen Egg 2"},{"floor":29,"key":"InkBottle"},{"floor":40,"key":"Red Skull"},{"floor":40,"key":"TungstenRod"}],"event_choices":[{"cards_removed":["Defend_R"],"damage_healed":0,"gold_gain":0,"player_choice":"Card Removal","damage_taken":0,"max_hp_gain":0,"max_hp_loss":0,"event_name":"The Cleric","floor":4,"gold_loss":50},{"damage_healed":0,"gold_gain":100,"player_choice":"Pray","damage_taken":0,"max_hp_gain":0,"max_hp_loss":0,"event_name":"Golden Shrine","floor":5,"gold_loss":0},{"cards_removed":["Defend_R"],"damage_healed":0,"gold_gain":0,"player_choice":"Upgrade and Remove","damage_taken":0,"max_hp_gain":0,"max_hp_loss":0,"event_name":"Designer","floor":36,"gold_loss":90,"cards_upgraded":["Clash"]}],"is_beta":false,"boss_relics":[{"not_picked":["Runic Cube","Calling Bell"],"picked":"Black Star"},{"not_picked":["Cursed Key","Mark of Pain"],"picked":"Black Blood"}],"items_purged_floors":[28],"is_endless":false,"potions_floor_spawned":[3,11,13,14,16,20,21,27,29,30,31,33,35,38,39,40,41,44,47,48],"killed_by":"Awakened One","ascension_level":0}}