{"host":"0tiuc76yumknr6qf","time":1610466378,"event":{"mods":["BaseMod","Colored Map","Highlight Path","Minty Spire (QoL Compilation)","StSLib","The Necromancer"],"gold_per_floor":[99,99,49,49,49,49,49,49,49,49,9,9,0,0,0,0,0,0,0,0,0,0,0,0,0,0,0,0,0,0,0,0,0,0,0,0,0,0,0,0,0,0,0,0,0,0,0,0,0,0,0,0,0,0,0,0],"floor_reached":55,"playtime":3144,"items_purged":[],"score":1223,"play_id":"94645b28-5511-4947-9ca3-3927e3755c1e","local_time":"20210112094618","is_ascension_mode":true,"campfire_choices":[{"data":"Vampiric_Strike","floor":6.0,"key":"SMITH"},{"data":"Bone_Armor","floor":8.0,"key":"SMITH"},{"data":"Summon_Undead_Army","floor":15.0,"key":"SMITH"},{"data":"Bone_Armor","floor":24.0,"key":"SMITH"},{"data":"Spectral_Armor","floor":28.0,"key":"SMITH"},{"floor":32.0,"key":"REST"},{"data":"Blood_Is_Power","floor":40.0,"key":"SMITH"},{"floor":42.0,"key":"RECALL"},{"floor":49.0,"key":"REST"},{"data":"Summon_Vampire_Lady","floor":52.0,"key":"SMITH"}],"circlet_count":0,"master_deck":["AscendersBane","Defend_W","Defend_W","Defend_W","Negative_Energy_Arrows+1","Bone_Wall","Vampiric_Strike+1","Summon_Undead_Army+1","Bone_Armor+1","Summon_Undead","Blood_Is_Power+1","Summon_Undead_Army+1","Bone_Bullets+1","Negative_Energy_Shield","Detonate_Bones+1","Bone_Bullets+1","Bone_Armor+1","Spectral_Armor+1","Spectral_Walk","Madness","Madness","Summon_Vampire_Lady+1","Bones_to_Steel","Bone_Armor","Stop_Heart","Necrotic_Claws+1"],"relics":["Ectoplasm","Lantern","Toy Ornithopter","Empty Cage","Regal Pillow","Akabeko","Whetstone","CeramicFish","Runic Pyramid","Ginger","Kunai","Omamori","Shuriken"],"acts_visited":["Exordium","TheCity","TheBeyond","TheEnding"],"potions_floor_usage":[55],"damage_taken":[{"damage":0.0,"enemies":"Cultist","floor":1.0,"turns":4.0},{"damage":0.0,"enemies":"Small Slimes","floor":4.0,"turns":4.0},{"damage":1.0,"enemies":"Jaw Worm","floor":7.0,"turns":3.0},{"damage":0.0,"enemies":"Large Slime","floor":12.0,"turns":5.0},{"damage":9.0,"enemies":"Exordium Thugs","floor":13.0,"turns":3.0},{"damage":3.0,"enemies":"The Guardian","floor":16.0,"turns":8.0},{"damage":31.0,"enemies":"2 Thieves","floor":18.0,"turns":4.0},{"damage":9.0,"enemies":"3 Byrds","floor":19.0,"turns":4.0},{"damage":8.0,"enemies":"Snake Plant","floor":22.0,"turns":3.0},{"damage":29.0,"enemies":"Gremlin Leader","floor":23.0,"turns":7.0},{"damage":23.0,"enemies":"Slavers","floor":30.0,"turns":5.0},{"damage":16.0,"enemies":"Centurion and Healer","floor":31.0,"turns":6.0},{"damage":23.0,"enemies":"Automaton","floor":33.0,"turns":9.0},{"damage":2.0,"enemies":"3 Darklings","floor":35.0,"turns":5.0},{"damage":7.0,"enemies":"Nemesis","floor":41.0,"turns":7.0},{"damage":0.0,"enemies":"3 Shapes","floor":44.0,"turns":5.0},{"damage":21.0,"enemies":"Spire Growth","floor":46.0,"turns":5.0},{"damage":24.0,"enemies":"Giant Head","floor":47.0,"turns":10.0},{"damage":33.0,"enemies":"3 Darklings","floor":48.0,"turns":14.0},{"damage":93.0,"enemies":"Donu and Deca","floor":50.0,"turns":13.0},{"damage":85.0,"enemies":"Shield and Spear","floor":54.0,"turns":9.0},{"damage":62,"enemies":"The Heart","floor":55,"turns":3}],"seed_played":"-7011267209875116256","potions_obtained":[{"floor":7.0,"key":"Explosive Potion"},{"floor":13.0,"key":"LiquidMemories"},{"floor":16.0,"key":"PowerPotion"},{"floor":30.0,"key":"Ancient Potion"},{"floor":33.0,"key":"Dexterity Potion"}],"is_trial":false,"path_per_floor":["M","?","?","M","?","R","M","R","T","?","$","M","M","$","R","B",null,"M","M","?","?","M","E","R","?","T","T","R","$","E","M","R","B",null,"M","?","?","T","$","R","E","R","T","M","$","M","E","M","R","B",null,"R","$","E","B"],"character_chosen":"NECROMANCER","items_purchased":["Summon_Undead"],"campfire_rested":2,"item_purchase_floors":[11],"current_hp_per_floor":[68,61,61,63,63,63,65,65,65,65,65,68,62,62,62,65,73,55,47,47,47,39,36,36,36,36,36,36,36,16,20,57,40,66,67,67,58,58,58,58,56,56,56,65,65,59,56,59,75,34,65,65,65,14,0,0],"gold":0,"neow_bonus":"BOSS_RELIC","is_daily":false,"chose_seed":false,"campfire_upgraded":7,"win_rate":0.0,"timestamp":1610466378,"path_taken":["M","?","?","M","?","R","M","R","T","?","$","M","?","?","R","BOSS","M","M","?","?","?","E","R","?","T","?","R","$","E","?","R","BOSS","M","?","?","?","$","R","E","R","T","M","?","M","E","M","R","BOSS","R","$","E","BOSS"],"items_purchased_type":["Card"],"build_version":"2020-12-22","purchased_purges":0,"victory":false,"max_hp_per_floor":[75,75,75,75,75,75,75,75,75,75,75,75,75,75,75,75,75,75,75,75,75,75,75,75,75,75,75,75,75,75,75,75,75,75,75,75,75,75,75,75,75,75,75,75,75,75,75,75,75,75,75,75,75,75,75,75],"card_choices":[{"not_picked":["Flesh_Made_Foul","Corrupt"],"picked":"Vampiric_Strike","floor":1.0},{"not_picked":["Bone_Armor","Negative_Energy_Mist"],"picked":"Summon_Undead_Army","floor":4.0},{"not_picked":["Death_March_Dance","Negative_Energy_Sphere"],"picked":"Bone_Armor","floor":7.0},{"not_picked":["Scare","Finger_Of_Death"],"picked":"Blood_Is_Power","floor":12.0},{"not_picked":["Thousand_Bone_Knives","Blood_Curse"],"picked":"Summon_Undead_Army","floor":13.0},{"not_picked":["Blood_Wake","Blood_Magic"],"picked":"Detonate_Bones","floor":16.0},{"not_picked":["Death_March_Dance","Chill_Blood","Negative_Energy_Javelin"],"picked":"SKIP","floor":18.0},{"not_picked":["Plague_Bolt","Blood_Whip"],"picked":"Bone_Bullets","floor":19.0},{"not_picked":["Bones_to_Steel","Toxic_Smoke_Screen"],"picked":"Bone_Bullets+1","floor":22.0},{"not_picked":["Scare","Strike_from_Beyond"],"picked":"Bone_Armor","floor":23.0},{"not_picked":["Strike_from_Beyond","Bone_Bullets"],"picked":"Summon_Undead_Army","floor":30.0},{"not_picked":["Bone_Bullets","Blood_Whip"],"picked":"Spectral_Walk","floor":31.0},{"not_picked":["Negative_Energy_Burst","Plague_Bolt","Bone_Shift+1"],"picked":"SKIP","floor":35.0},{"not_picked":["Corrupt","Finger_Of_Death"],"picked":"Summon_Vampire_Lady","floor":41.0},{"not_picked":["Death_March_Dance","Vampiric_Strike"],"picked":"Bones_to_Steel","floor":44.0},{"not_picked":["Bones_to_Steel","Negative_Energy_Mist+1"],"picked":"Bone_Armor","floor":46.0},{"not_picked":["Blood_Whip+1","Death_Coil+1"],"picked":"Stop_Heart","floor":47.0},{"not_picked":["Negative_Energy_Mist","Negative_Energy_Javelin"],"picked":"Necrotic_Claws+1","floor":48.0},{"not_picked":["Blood_Whip","Blood_Magic","Death_Coil+1"],"picked":"SKIP","floor":54.0}],"player_experience":1969673,"relics_obtained":[{"floor":9.0,"key":"Toy Ornithopter"},{"floor":23.0,"key":"Regal Pillow"},{"floor":26.0,"key":"Akabeko"},{"floor":27.0,"key":"Whetstone"},{"floor":30.0,"key":"CeramicFish"},{"floor":38.0,"key":"Ginger"},{"floor":41.0,"key":"Kunai"},{"floor":47.0,"key":"Omamori"},{"floor":54.0,"key":"Shuriken"}],"event_choices":[{"damage_healed":0.0,"max_hp_gain":0.0,"max_hp_loss":0.0,"gold_gain":0.0,"event_name":"Scrap Ooze","player_choice":"Success","floor":2.0,"gold_loss":0.0,"damage_taken":7.0,"relics_obtained":["Lantern"]},{"cards_removed":["Strike_W"],"damage_healed":0.0,"max_hp_gain":0.0,"max_hp_loss":0.0,"gold_gain":0.0,"event_name":"The Cleric","player_choice":"Card Removal","floor":3.0,"gold_loss":50.0,"damage_taken":0.0},{"damage_healed":0.0,"max_hp_gain":0.0,"max_hp_loss":0.0,"gold_gain":0.0,"event_name":"Living Wall","player_choice":"Grow","floor":5.0,"gold_loss":0.0,"damage_taken":0.0,"cards_upgraded":["Summon_Undead_Army"]},{"damage_healed":0.0,"max_hp_gain":0.0,"max_hp_loss":0.0,"gold_gain":0.0,"event_name":"Upgrade Shrine","player_choice":"Upgraded","floor":10.0,"gold_loss":0.0,"damage_taken":0.0,"cards_upgraded":["Negative_Energy_Arrows"]},{"damage_healed":0.0,"max_hp_gain":0.0,"max_hp_loss":0.0,"gold_gain":0.0,"cards_transformed":["Strike_W","Defend_W"],"event_name":"Drug Dealer","player_choice":"Became Test Subject","floor":20.0,"gold_loss":0.0,"damage_taken":0.0,"cards_obtained":["Negative_Energy_Shield","Detonate_Bones"]},{"cards_removed":["Detonate_Bones"],"damage_healed":0.0,"max_hp_gain":0.0,"max_hp_loss":0.0,"gold_gain":0.0,"event_name":"Wheel of Change","player_choice":"Card Removal","floor":21.0,"gold_loss":0.0,"damage_taken":0.0},{"damage_healed":0.0,"max_hp_gain":0.0,"max_hp_loss":0.0,"gold_gain":0.0,"event_name":"The Library","player_choice":"Read","floor":25.0,"gold_loss":0.0,"damage_taken":0.0,"cards_obtained":["Spectral_Armor"]},{"cards_removed":["Summon_Undead_Army"],"damage_healed":0.0,"max_hp_gain":0.0,"max_hp_loss":0.0,"gold_gain":0.0,"event_name":"Falling","player_choice":"Removed Power","floor":36.0,"gold_loss":0.0,"damage_taken":0.0},{"damage_healed":0.0,"max_hp_gain":0.0,"max_hp_loss":0.0,"gold_gain":0.0,"event_name":"Winding Halls","player_choice":"Embrace Madness","floor":37.0,"gold_loss":0.0,"damage_taken":9.0,"cards_obtained":["Madness","Madness"]}],"is_beta":false,"boss_relics":[{"not_picked":["Snecko Eye","Coffee Dripper"],"picked":"Empty Cage"},{"not_picked":["SacredBark","Busted Crown"],"picked":"Runic Pyramid"}],"items_purged_floors":[],"is_endless":false,"potions_floor_spawned":[7,13,16,19,30,33,35,44],"killed_by":"The Heart","ascension_level":13}}