{"host":"toh0bbw446wnuexf","time":1610436117,"event":{"mods":["BaseMod","Downfall","Hermit","Minty Spire (QoL Compilation)","Random Character Button","StSLib"],"gold_per_floor":[99,99,99,99,99,127,127,144,54,54,69,69,81,81,91,192,192,117,129,148,148,167,167,167],"floor_reached":23,"playtime":1202,"items_purged":["sneckomod:Unknown"],"score":275,"play_id":"8e9ba956-7bd7-480d-acdc-9f6e199862dc","local_time":"20210112202157","is_ascension_mode":true,"campfire_choices":[{"data":"sneckomod:TailWhip","floor":1,"key":"SMITH"},{"data":"sneckomod:UnknownStrike","floor":10,"key":"SMITH"},{"data":"sneckomod:UnknownStrike","floor":12,"key":"SMITH"},{"data":"sneckomod:UnknownStrike","floor":18,"key":"SMITH"}],"circlet_count":0,"master_deck":["sneckomod:Strike","sneckomod:Strike","sneckomod:Strike","sneckomod:Defend","sneckomod:Defend","sneckomod:Defend","sneckomod:TailWhip+1","sneckomod:SnekBite","sneckomod:UnknownStrike+1","sneckomod:UnknownStrike+1","sneckomod:UnknownStrike+1","sneckomod:UnknownStrike"],"relics":["sneckomod:SuperSneckoSoul","downfall:HeartsMalice","Pear","Bag of Marbles","sneckomod:ConfusingCodex","downfall:HeartBlessingGreen"],"acts_visited":["Exordium","TheCity"],"potions_floor_usage":[6,16,16],"damage_taken":[{"damage":0,"enemies":"Jaw Worm","floor":2,"turns":1},{"damage":0,"enemies":"Cultist","floor":3,"turns":1},{"damage":0,"enemies":"3 Sentries","floor":6,"turns":1},{"damage":0,"enemies":"Small Slimes","floor":8,"turns":4},{"damage":5,"enemies":"downfall:FleeingMerchant","floor":9,"turns":4},{"damage":12,"enemies":"Blue Slaver","floor":11,"turns":2},{"damage":13,"enemies":"Red Slaver","floor":13,"turns":2},{"damage":13,"enemies":"Exordium Thugs","floor":15,"turns":5},{"damage":57,"enemies":"downfall:Ironclad","floor":16,"turns":9},{"damage":16,"enemies":"3 Byrds","floor":19,"turns":6},{"damage":51,"enemies":"Sentry and Sphere","floor":20,"turns":6},{"damage":16,"enemies":"Chosen and Byrds","floor":22,"turns":6},{"damage":48,"enemies":"Gremlin Leader","floor":23,"turns":3}],"seed_played":"3736729532407259708","potions_obtained":[{"floor":6,"key":"EntropicBrew"},{"floor":15,"key":"Fire Potion"},{"floor":19,"key":"PowerPotion"},{"floor":22,"key":"Energy Potion"}],"is_trial":false,"path_per_floor":["R","M","M","?","T","E","T","M","$","R","M","R","M","?","M","B",null,"R","M","M","?","M","E"],"character_chosen":"THE_SNECKO","items_purchased":[],"campfire_rested":0,"item_purchase_floors":[],"current_hp_per_floor":[90,91,91,96,106,107,107,108,103,103,91,91,79,79,66,9,119,119,103,62,62,46,0,0],"gold":167,"neow_bonus":"THREE_ENEMY_KILL","is_daily":false,"chose_seed":false,"campfire_upgraded":4,"win_rate":0.0,"timestamp":1610436117,"path_taken":["R","M","M","?","?","E","T","M","$","R","?","R","M","?","M","BOSS","R","M","M","?","?","E"],"items_purchased_type":[],"build_version":"2020-12-22","purchased_purges":1,"victory":false,"max_hp_per_floor":[90,91,91,96,106,107,107,108,108,108,108,108,109,109,109,109,119,119,119,119,119,119,119,119],"card_choices":[{"not_picked":["sneckomod:UnknownWeak","sneckomod:SoulDraw"],"picked":"sneckomod:UnknownStrike","floor":2},{"not_picked":["sneckomod:Rotation","sneckomod:QuickMove","sneckomod:Unknown1Cost"],"picked":"SKIP","floor":3},{"not_picked":["sneckomod:UnknownClassTHE_CHAMP_GRAY","sneckomod:SerpentIdol"],"picked":"sneckomod:UnknownStrike","floor":6},{"not_picked":["sneckomod:Unknown1Cost","sneckomod:SoulRoll"],"picked":"sneckomod:UnknownStrike","floor":8},{"not_picked":["sneckomod:SoulRoll","sneckomod:UnknownExhaust","sneckomod:CheapStock"],"picked":"SKIP","floor":9},{"not_picked":["sneckomod:UnlimitedRolls","sneckomod:SoulRoll","sneckomod:UnknownBlock"],"picked":"SKIP","floor":11},{"not_picked":["sneckomod:QuickMove","sneckomod:SoulDraw"],"picked":"sneckomod:UnknownStrike","floor":13},{"not_picked":["sneckomod:UnknownClassRED","sneckomod:DefensiveFlair","sneckomod:UnknownBlock"],"picked":"SKIP","floor":15},{"not_picked":["sneckomod:RainOfDice","sneckomod:SnakeSap","sneckomod:Unknown1Cost"],"picked":"SKIP","floor":19},{"not_picked":["sneckomod:UnknownWeak","sneckomod:SoulRoll","sneckomod:RainOfDice"],"picked":"SKIP","floor":20},{"not_picked":["sneckomod:UnknownVulnerable","sneckomod:IronFang","sneckomod:UnknownUncommonSkill"],"picked":"SKIP","floor":22}],"player_experience":613004,"relics_obtained":[{"floor":5,"key":"Pear"},{"floor":6,"key":"Bag of Marbles"},{"floor":7,"key":"sneckomod:ConfusingCodex"}],"event_choices":[{"damage_healed":0,"gold_gain":0,"player_choice":"Donut","damage_taken":0,"max_hp_gain":5,"max_hp_loss":0,"event_name":"Big Fish","floor":4,"gold_loss":0},{"cards_removed":["sneckomod:Unknown"],"damage_healed":0,"gold_gain":0,"player_choice":"Purged","damage_taken":0,"max_hp_gain":0,"max_hp_loss":0,"event_name":"Purifier","floor":21,"gold_loss":0}],"is_beta":false,"boss_relics":[{"not_picked":["Velvet Choker","Snecko Eye"],"picked":"sneckomod:SuperSneckoSoul"}],"items_purged_floors":[9],"is_endless":false,"potions_floor_spawned":[6,8,15,19,22],"killed_by":"Gremlin Leader","ascension_level":1}}