{"host":"6rmw1q50jy0xmvyl","time":1610454058,"event":{"mods":["BaseMod","BetterRewards","Clockwork Mod","Colored Map","Duelist Mod","Infinite Spire","Minty Spire (QoL Compilation)","Remove Card Discount Mod","StSLib","thorton","??????REMEMod"],"gold_per_floor":[141,157,157,40,57,89,89,102,102,102,102,121,121,135,135,212,212,229,229,229,32,32,32,77,77,77,132,149,245,353,60,60,202,202,252,272,317,323,323],"floor_reached":38,"playtime":2196,"items_purged":["theDuelist:Sparks","theDuelist:Sparks","theDuelist:CastleWalls","theDuelist:CastleWalls","theDuelist:JerryBeansMan","theDuelist:JerryBeansMan"],"score":780,"play_id":"5eafa54e-c9ae-4201-bd05-ee4b2b389028","local_time":"20210112132058","is_ascension_mode":true,"campfire_choices":[{"floor":7,"key":"REST"},{"floor":15,"key":"REST"},{"floor":23,"key":"REST"},{"floor":25,"key":"REST"},{"data":"theDuelist:WitchBlackRose","floor":32,"key":"SMITH"}],"circlet_count":0,"master_deck":["theDuelist:AngelTrumpeter","AscendersBane","theDuelist:CactusBouncer","theDuelist:DarkworldThorns+1","theDuelist:Inmato","theDuelist:ElectromagneticShield","theDuelist:BotanicalLion","theDuelist:VioletCrystal","theDuelist:WhiteRoseDragon","theDuelist:WitchBlackRose+1","theDuelist:PredaplantSarraceniant","theDuelist:LonefireBlossom","theDuelist:HourglassLife","theDuelist:Nameless:Power:Beatraptor","theDuelist:Nameless:Greed:MagnumShield","Sadistic Nature+1","theDuelist:RoseWitch","theDuelist:BotanicalLion","theDuelist:PredaplantChimerafflesia","theDuelist:BlackRoseDragon"],"relics":["theDuelist:MillenniumPuzzle","theDuelist:CardPoolRelic","theDuelist:CardPoolBasicRelic","theDuelist:BoosterPackPoolRelic","theDuelist:CardPoolAddRelic","theDuelist:CardPoolMinusRelic","theDuelist:CardPoolSaveRelic","theDuelist:CardPoolOptionsRelic","REME_ComplimentaryCards","theDuelist:MillenniumRod","infinitespire:ShieldingShard","Runic Cube","theDuelist:SummonAnchorRare","theDuelist:BoosterPackHealer","theDuelist:YugiMirror","Tough Bandages","REME_ArchaeologicalTools","Bird Faced Urn","Philosopher\u0027s Stone"],"acts_visited":["Exordium","TheCity","TheBeyond"],"potions_floor_usage":[6,16,24,33,33,38],"damage_taken":[{"damage":8,"enemies":"Small Slimes","floor":1,"turns":3},{"damage":2,"enemies":"Cultist","floor":2,"turns":3},{"damage":0,"enemies":"Jaw Worm","floor":5,"turns":3},{"damage":11,"enemies":"Gremlin Nob","floor":6,"turns":4},{"damage":11,"enemies":"Looter","floor":8,"turns":3},{"damage":0,"enemies":"2 Fungi Beasts","floor":12,"turns":5},{"damage":26,"enemies":"Gremlin Gang","floor":14,"turns":4},{"damage":5,"enemies":"Hexaghost","floor":16,"turns":7},{"damage":39,"enemies":"Spheric Guardian","floor":18,"turns":5},{"damage":28,"enemies":"theDuelist:KaibaA2","floor":24,"turns":5},{"damage":12,"enemies":"Gremlin Leader","floor":27,"turns":5},{"damage":5,"enemies":"2 Thieves","floor":28,"turns":3},{"damage":0,"enemies":"theDuelist:KaibaA2","floor":29,"turns":4},{"damage":0,"enemies":"Snecko","floor":30,"turns":3},{"damage":17,"enemies":"Collector","floor":33,"turns":5},{"damage":1,"enemies":"3 Darklings","floor":35,"turns":4},{"damage":22,"enemies":"3 Shapes","floor":36,"turns":3},{"damage":32,"enemies":"Writhing Mass","floor":37,"turns":3},{"damage":36,"enemies":"Jaw Worm Horde","floor":38,"turns":1}],"seed_played":"-7532884029526336664","potions_obtained":[{"floor":5,"key":"theDuelist:BigOrbBottle"},{"floor":14,"key":"theDuelist:WaterBottle"},{"floor":18,"key":"Dexterity Potion"},{"floor":29,"key":"theDuelist:VampireVial"},{"floor":30,"key":"theDuelist:IcePotion"},{"floor":37,"key":"theDuelist:FlamingBottle"}],"is_trial":false,"path_per_floor":["M","M","?","$","M","E","R","M","T","?","$","M","$","M","R","B",null,"M","?","?","$","?","R","E","R","T","E","M","E","M","$","R","B",null,"M","M","M","M"],"character_chosen":"THE_DUELIST","items_purchased":["theDuelist:VioletCrystal","theDuelist:WhiteRoseDragon","Sadistic Nature","Bird Faced Urn"],"campfire_rested":4,"item_purchase_floors":[4,4,21,31],"current_hp_per_floor":[55,53,53,53,53,42,63,59,59,59,59,59,59,33,54,49,65,26,27,21,21,21,42,24,45,45,43,42,57,68,68,68,66,70,71,57,29,0,0],"gold":323,"neow_bonus":"","is_daily":false,"chose_seed":false,"campfire_upgraded":1,"win_rate":0.0,"timestamp":1610454058,"path_taken":["M","M","?","$","M","E","R","?","T","?","?","M","$","M","R","BOSS","M","?","?","$","?","R","E","R","T","E","M","E","M","$","R","BOSS","M","M","?","M"],"items_purchased_type":["Card","Card","Card","Relic"],"build_version":"2020-12-22","purchased_purges":6,"victory":false,"max_hp_per_floor":[70,70,70,70,70,70,70,70,70,70,70,70,70,70,70,70,70,70,71,71,71,71,71,71,71,71,71,71,71,71,71,71,71,71,71,71,71,71,71],"card_choices":[{"not_picked":["theDuelist:CactusBouncer","theDuelist:SilverApples","theDuelist:Firegrass","theDuelist:PredaplantDrosophyllum"],"picked":"theDuelist:BotanicalLion","floor":1},{"not_picked":["theDuelist:CactusBouncer","theDuelist:JerryBeansMan","theDuelist:AcidTrapHole","theDuelist:RosePaladin","theDuelist:FallenAngelRoses"],"picked":"SKIP","floor":2},{"not_picked":["theDuelist:CactusBouncer","theDuelist:JerryBeansMan","theDuelist:WhiteRoseDragon","theDuelist:Spore","theDuelist:FallenAngelRoses"],"picked":"SKIP","floor":5},{"not_picked":["theDuelist:WorldTree+1","theDuelist:Cloning","theDuelist:Hinotama+1","theDuelist:Wiretap"],"picked":"theDuelist:DianKeto+1","floor":6},{"not_picked":["theDuelist:JerryBeansMan","theDuelist:Spore","theDuelist:PredaplantChlamydosundew","theDuelist:CactusBouncer","theDuelist:FallenAngelRoses"],"picked":"SKIP","floor":8},{"not_picked":["theDuelist:RosePaladin","theDuelist:PredaplantSpinodionaea","theDuelist:WormApocalypse","theDuelist:WhiteRoseDragon"],"picked":"theDuelist:WitchBlackRose","floor":12},{"not_picked":["theDuelist:CactusBouncer","theDuelist:Invigoration","theDuelist:PredaplantChlamydosundew","theDuelist:CheerfulCoffin","theDuelist:SuperSolarNutrient"],"picked":"SKIP","floor":14},{"not_picked":["theDuelist:SeedCannon","theDuelist:KamionTimelord","theDuelist:BeastFangs","theDuelist:RevivalRose"],"picked":"theDuelist:PredaplantSarraceniant","floor":16},{"not_picked":["theDuelist:JerryBeansMan","theDuelist:DarkworldThorns","theDuelist:SuperSolarNutrient+1","theDuelist:PotDuality"],"picked":"theDuelist:LonefireBlossom","floor":18},{"not_picked":["theDuelist:TwilightRoseKnight","theDuelist:BotanicalGirl","theDuelist:CopyPlant","theDuelist:AcidTrapHole"],"picked":"theDuelist:RoseWitch","floor":24},{"not_picked":["theDuelist:CactusBouncer","theDuelist:JerryBeansMan","theDuelist:WormApocalypse","theDuelist:Firegrass","theDuelist:LordPoison"],"picked":"SKIP","floor":27},{"not_picked":["theDuelist:VioletCrystal","theDuelist:ElectromagneticShield","theDuelist:Nameless:Greed:MagnumShield","theDuelist:Predaponics"],"picked":"theDuelist:DianKeto","floor":28},{"not_picked":["theDuelist:BotanicalLion","theDuelist:Spore","theDuelist:DarkworldThorns","theDuelist:Inmato+1","theDuelist:WorldCarrot"],"picked":"SKIP","floor":29},{"not_picked":["theDuelist:BlackPendant","theDuelist:GilfordLegend","theDuelist:PotDichotomy","theDuelist:PreventRat","theDuelist:BattleOx"],"picked":"SKIP","floor":30},{"not_picked":["theDuelist:PlantFoodChain","theDuelist:RoseArcher+1","theDuelist:RevivalRose+1","theDuelist:BlackRoseMoonlight"],"picked":"theDuelist:PredaplantChimerafflesia","floor":33},{"not_picked":["theDuelist:WhiteRoseDragon+1","theDuelist:GreenGraveOni","theDuelist:PurplePainOni","theDuelist:RedHeadedOni"],"picked":"theDuelist:BlackRoseDragon","floor":35},{"not_picked":["theDuelist:BattleOx","theDuelist:BlackPendant","theDuelist:GilfordLegend+1","theDuelist:PotDichotomy","theDuelist:PreventRat"],"picked":"SKIP","floor":36},{"not_picked":["theDuelist:BotanicalLion+1","theDuelist:WhiteRoseDragon+1","theDuelist:WormApocalypse","theDuelist:SuperSolarNutrient","theDuelist:Spore+1"],"picked":"SKIP","floor":37}],"player_experience":706202,"relics_obtained":[{"floor":6,"key":"theDuelist:MillenniumRod"},{"floor":9,"key":"infinitespire:ShieldingShard"},{"floor":24,"key":"theDuelist:BoosterPackHealer"},{"floor":26,"key":"theDuelist:YugiMirror"},{"floor":27,"key":"Tough Bandages"},{"floor":29,"key":"REME_ArchaeologicalTools"}],"event_choices":[{"damage_healed":0,"gold_gain":0,"player_choice":"Leave","duelist":true,"damage_taken":0,"max_hp_gain":0,"max_hp_loss":0,"event_name":"Card Trader","floor":3,"gold_loss":0},{"damage_healed":0,"gold_gain":0,"player_choice":"Forge","damage_taken":0,"max_hp_gain":0,"max_hp_loss":0,"event_name":"Accursed Blacksmith","floor":10,"gold_loss":0,"cards_upgraded":["theDuelist:DarkworldThorns"]},{"power_reward":4,"total_magic_score":48,"gold_gain":0,"greed_reward":4,"duelist":true,"damage_taken":0,"relics_obtained":[],"points":16,"max_hp_gain":1,"max_hp_loss":0,"spent_points":{"magic":4,"greed":4,"war":0,"power":4,"hunger":4},"event_name":"Nameless Tomb","hunger_reward":4,"floor":19,"gold_loss":0,"magic_reward":4,"cards_obtained":["theDuelist:HourglassLife","theDuelist:Nameless:Power:Beatraptor","theDuelist:Nameless:Greed:MagnumShield"]},{"damage_healed":0,"gold_gain":0,"player_choice":"Dig - random Duelist relic","duelist":true,"damage_taken":0,"max_hp_gain":0,"max_hp_loss":0,"event_name":"Aknamkanon\u0027s Tomb","floor":20,"gold_loss":0},{"damage_healed":0,"gold_gain":0,"player_choice":"Upgraded","damage_taken":0,"max_hp_gain":0,"max_hp_loss":0,"event_name":"Upgrade Shrine","floor":22,"gold_loss":0,"cards_upgraded":["Sadistic Nature"]}],"is_beta":false,"boss_relics":[{"not_picked":["Empty Cage","theDuelist:ElectricKey"],"picked":"Runic Cube"},{"not_picked":["Astrolabe","Busted Crown"],"picked":"Philosopher\u0027s Stone"}],"items_purged_floors":[0,0,0,0,0,0],"is_endless":false,"potions_floor_spawned":[5,14,18,29,30,37],"killed_by":"Jaw Worm Horde","ascension_level":14}}