{"host":"t4bl6qmmsws2mq4o","time":1610447045,"event":{"mods":["AchievementEnabler","Act Like it!","BaseMod","Better Note","Downfall","GifTheSpireLib","Hermit","Minty Spire (QoL Compilation)","Replay The Spire","StSLib","The Alterego","The Jungle","The Marked"],"gold_per_floor":[99,118,171,5,20,39,39,70,70,245,272,338,338,338,363,466,466,466,484,63,63,163,238,238,257,182,67,67,67,101,124,145,248,248,248,267,282,282,310,345,368,254,254,109,109,128,162,87,115,115],"floor_reached":51,"playtime":3976,"items_purged":["ReplayTheSpireMod:Doomed","Replay:Hysterical Blindness"],"score":898,"play_id":"375366e5-2042-4081-842b-3327b75446e6","local_time":"20210112022405","is_ascension_mode":false,"campfire_choices":[{"data":"hexamod:Float","floor":1,"key":"SMITH"},{"floor":9,"key":"REST"},{"floor":13,"key":"REST"},{"floor":18,"key":"RECALL"},{"floor":26,"key":"REST"},{"data":"hexamod:TimeOfNeed","floor":29,"key":"SMITH"},{"data":"hexamod:HexaLevel","floor":35,"key":"SMITH"},{"data":"ReplayTheSpireMod:Brewmster","floor":43,"key":"SMITH"},{"floor":48,"key":"REST"}],"circlet_count":0,"master_deck":["hexamod:Strike","hexamod:Strike","hexamod:Strike","hexamod:Strike","hexamod:Defend+1","hexamod:Defend","hexamod:Defend","hexamod:Defend","hexamod:Sear","hexamod:Float+1","hexamod:RadiantFlame","hexamod:PhantomFireball","hexamod:ThermalTransfer","hexamod:PowerFromBeyond","hexamod:NightmareGuise","hexamod:SpectralAdrenaline","hexamod:Firestarter","hexamod:SwordOfDarkness","hexamod:TimeOfNeed+1","hexamod:SecondSeal","hexamod:RainOfEmbers","hexamod:HeatCrush","hexamod:SearingWound","hexamod:Hexaguard+1","hexamod:ExtraCrispy","hexamod:GhostflameInferno","hexamod:Firestarter+1","hexamod:HexaLevel+1","hexamod:TimeWarp","hexamod:Firestarter+1","hexamod:HeatMetal+1","ReplayTheSpireMod:Brewmster+1","hexamod:GiftsFromTheDead+1","Parasite","hexamod:SoulSteal"],"relics":["hexamod:SpiritBrand","ReplayTheSpireMod:CursedCoin","Bottled Flame","White Beast Statue","Ice Cream","Ancient Tea Set","hexamod:TheBrokenSeal","hexamod:SoulConsumer","Replay:Ancient Bell","Replay:Baseball","Mirror","Thread and Needle","Singing Bowl","MutagenicStrength","Bottled Tornado","downfall:HeartBlessingRed","Blue Candle","hexamod:IceCube","Shuriken","Nunchaku","Membership Card","Pet Ghost","Pantograph","Strange Spoon","MealTicket","downfall:HeartBlessingGreen"],"acts_visited":["Exordium","TheCity","TheBeyond"],"potions_floor_usage":[20,27,31,33,33,33,33,36,39,42,47,47,50,50,50,50],"damage_taken":[{"damage":6,"enemies":"Cultist","floor":2,"turns":4},{"damage":0,"enemies":"downfall:FleeingMerchant","floor":4,"turns":4},{"damage":0,"enemies":"2 Louse","floor":5,"turns":2},{"damage":0,"enemies":"Small Slimes","floor":6,"turns":3},{"damage":47,"enemies":"Gremlin Nob","floor":8,"turns":6},{"damage":28,"enemies":"3 Louse","floor":11,"turns":4},{"damage":73,"enemies":"Gremlin Nob","floor":12,"turns":7},{"damage":5,"enemies":"Lots of Slimes","floor":15,"turns":4},{"damage":22,"enemies":"downfall:Silent","floor":16,"turns":7},{"damage":0,"enemies":"Shell Parasite","floor":19,"turns":3},{"damage":0,"enemies":"downfall:FleeingMerchant","floor":20,"turns":4},{"damage":11,"enemies":"downfall:Augmenter","floor":22,"turns":6},{"damage":30,"enemies":"Sentry and Sphere","floor":25,"turns":8},{"damage":0,"enemies":"downfall:FleeingMerchant","floor":27,"turns":4},{"damage":7,"enemies":"Book of Stabbing","floor":30,"turns":3},{"damage":15,"enemies":"Centurion and Healer","floor":31,"turns":6},{"damage":0,"enemies":"Shelled Parasite and Fungi","floor":32,"turns":5},{"damage":5,"enemies":"downfall:Defect","floor":33,"turns":9},{"damage":0,"enemies":"3 Shapes","floor":36,"turns":5},{"damage":0,"enemies":"Orb Walker","floor":37,"turns":2},{"damage":0,"enemies":"4 Shapes","floor":39,"turns":6},{"damage":20,"enemies":"R_Hoarder","floor":40,"turns":6},{"damage":0,"enemies":"downfall:FleeingMerchant","floor":42,"turns":4},{"damage":0,"enemies":"Writhing Mass","floor":46,"turns":4},{"damage":35,"enemies":"Nemesis","floor":47,"turns":7},{"damage":0,"enemies":"Sphere and 2 Shapes","floor":49,"turns":4},{"damage":0,"enemies":"downfall:Ironclad","floor":50,"turns":6}],"seed_played":"2043574465087321422","potions_obtained":[{"floor":5,"key":"champ:CounterPotion"},{"floor":8,"key":"FearPotion"},{"floor":11,"key":"FearPotion"},{"floor":12,"key":"hexamod:EctoCoolerPotion"},{"floor":20,"key":"BlessingOfTheForge"},{"floor":23,"key":"downfall:CursedFountainPotion"},{"floor":25,"key":"SkillPotion"},{"floor":27,"key":"Toxic Potion"},{"floor":30,"key":"EntropicBrew"},{"floor":31,"key":"Doom Potion"},{"floor":33,"key":"Fire Potion"},{"floor":36,"key":"SpeedPotion"},{"floor":39,"key":"SpeedPotion"},{"floor":40,"key":"AttackPotion"},{"floor":42,"key":"Block Potion"},{"floor":47,"key":"Adrenaline Potion"}],"is_trial":false,"path_per_floor":["R","M","T","$","M","M","T","E","R","?","M","?","R","?","M","B",null,"R","M","$","?","?","?","T","M","R","$","?","R","E","M","M","B",null,"R","M","M","?","M","E","T","$","R","$","?","M","E","R","M","B",null],"character_chosen":"THE_SPIRIT","items_purchased":["ReplayTheSpireMod:CursedCoin","hexamod:ThermalTransfer","Bottled Flame","Singing Bowl","hexamod:ExtraCrispy","Membership Card","Pet Ghost","Pantograph","ReplayTheSpireMod:Brewmster","Strange Spoon","hexamod:GiftsFromTheDead"],"campfire_rested":4,"item_purchase_floors":[4,4,4,20,20,42,42,42,42,44,44],"current_hp_per_floor":[70,64,64,64,64,64,64,17,38,38,17,23,47,35,30,8,80,80,80,80,80,73,73,73,45,70,70,70,70,65,52,54,49,92,92,94,96,96,98,78,78,78,78,78,78,78,45,75,77,102],"gold":115,"neow_bonus":"ONE_RANDOM_RARE_CARD","is_daily":false,"chose_seed":false,"campfire_upgraded":4,"win_rate":0.0,"timestamp":1610447045,"path_taken":["R","M","?","$","M","M","T","E","R","?","M","?","R","?","M","BOSS","R","M","$","?","?","?","T","?","R","?","?","R","E","M","M","BOSS","R","M","M","?","?","E","T","$","R","$","?","?","E","R","M","BOSS"],"items_purchased_type":["Relic","Card","Relic","Relic","Card","Relic","Relic","Relic","Card","Relic","Card"],"build_version":"2020-12-22","purchased_purges":2,"victory":true,"max_hp_per_floor":[70,70,70,70,70,70,70,70,70,70,70,80,80,80,80,80,80,80,80,80,80,84,84,84,86,86,86,86,86,88,90,92,92,92,92,94,96,96,98,98,98,98,98,98,98,98,100,100,102,102],"card_choices":[{"not_picked":["hexamod:SecondSeal","hexamod:FourthSeal"],"picked":"hexamod:ThirdSeal","floor":2},{"not_picked":["hexamod:ShieldOfDarkness","hexamod:NightmareGuise"],"picked":"hexamod:RadiantFlame","floor":2},{"not_picked":["hexamod:ThirdSeal","hexamod:FourthSeal"],"picked":"hexamod:FirstSeal","floor":4},{"not_picked":["hexamod:Hexaguard","hexamod:BacktrackSmack"],"picked":"hexamod:PhantomFireball","floor":4},{"not_picked":["hexamod:SoulSteal","hexamod:ShieldOfDarkness"],"picked":"hexamod:PowerFromBeyond","floor":5},{"not_picked":["hexamod:BurningTouch","hexamod:GhostShield","hexamod:Haunt"],"picked":"SKIP","floor":5},{"not_picked":["hexamod:FirstSeal","hexamod:ThirdSeal"],"picked":"hexamod:SixthSeal","floor":6},{"not_picked":["hexamod:UnleashSpirits","hexamod:BacktrackSmack"],"picked":"hexamod:NightmareGuise","floor":6},{"not_picked":["hexamod:ShieldOfDarkness","hexamod:EtherealExpedition"],"picked":"hexamod:SpectralAdrenaline","floor":6},{"not_picked":["hexamod:EtherealExpedition","hexamod:GhostOfSpirePresent"],"picked":"hexamod:Firestarter","floor":8},{"not_picked":["hexamod:SixthSeal","hexamod:ThirdSeal"],"picked":"hexamod:SecondSeal","floor":8},{"not_picked":["hexamod:ThirdSeal","hexamod:Firestarter"],"picked":"hexamod:SwordOfDarkness","floor":8},{"not_picked":["hexamod:FirstSeal","hexamod:ThirdSeal"],"picked":"hexamod:FourthSeal","floor":11},{"not_picked":["hexamod:PhantomCloak","hexamod:Hexaguard"],"picked":"hexamod:TimeOfNeed","floor":11},{"not_picked":["hexamod:Firestarter","hexamod:PowerFromBeyond"],"picked":"hexamod:HeatShield","floor":11},{"not_picked":["hexamod:ThirdSeal","hexamod:SixthSeal"],"picked":"hexamod:SecondSeal","floor":12},{"not_picked":["hexamod:NightmareGuise","hexamod:ThermalTransfer"],"picked":"hexamod:RainOfEmbers","floor":12},{"not_picked":["hexamod:GhostShield","hexamod:GhostflameInferno"],"picked":"hexamod:HeatCrush","floor":15},{"not_picked":["hexamod:FifthSeal","hexamod:TimeOfNeed"],"picked":"hexamod:SearingWound","floor":16},{"not_picked":["hermit:ImpendingDoom","hexamod:Haunted"],"picked":"Hallucinations","floor":17},{"not_picked":["Looming Evil","Voices"],"picked":"Replay:Hysterical Blindness","floor":17},{"not_picked":["Slimebound:Icky","Replay:UnknownCurse"],"picked":"ReplayTheSpireMod:Doomed","floor":17},{"not_picked":["hexamod:GhostShield","hexamod:UnleashSpirits","hexamod:BacktrackSmack"],"picked":"SKIP","floor":19},{"not_picked":["hexamod:ShieldOfDarkness","hexamod:GhostShield+1"],"picked":"hexamod:Hexaguard+1","floor":20},{"not_picked":["J.A.X."],"picked":"Singing Bowl","floor":22},{"not_picked":["hexamod:GhostShield","hexamod:DynamicBlow","hexamod:Hexaguard+1"],"picked":"Singing Bowl","floor":22},{"not_picked":["hexamod:NightmareGuise+1","hexamod:GhostLash+1","hexamod:NecessarySacrifice"],"picked":"Singing Bowl","floor":25},{"not_picked":["hexamod:GhostShield+1","hexamod:SwordOfDarkness"],"picked":"hexamod:Firestarter+1","floor":27},{"not_picked":["hexamod:GhostShield","hexamod:DynamicBlow","hexamod:FlamesFromBeyond"],"picked":"Singing Bowl","floor":30},{"not_picked":["hexamod:GhostOfSpirePast","hexamod:FastForward","hexamod:SwordOfDarkness"],"picked":"Singing Bowl","floor":31},{"not_picked":["hexamod:BurningTouch+1","hexamod:HeatCrush","hexamod:Firestarter+1"],"picked":"Singing Bowl","floor":32},{"not_picked":["hexamod:TurnItUp","hexamod:GhostflameInferno"],"picked":"hexamod:TimeWarp","floor":33},{"not_picked":["hexamod:BacktrackSmack+1","hexamod:AdvancingGuard+1","hexamod:ThermalTransfer+1"],"picked":"Singing Bowl","floor":36},{"not_picked":["hexamod:ThirdSeal","hexamod:GhostOfSpirePresent+1","hexamod:PhantomCloak+1"],"picked":"Singing Bowl","floor":37},{"not_picked":["hexamod:InspiringFlames","hexamod:Hexaguard+1","hexamod:BurningTouch+1"],"picked":"Singing Bowl","floor":39},{"not_picked":["hexamod:GhostShield","hexamod:HauntingEcho"],"picked":"hexamod:Firestarter+1","floor":40},{"not_picked":["hexamod:AdvancingGuard","hexamod:Haunt+1"],"picked":"hexamod:HeatMetal+1","floor":42},{"not_picked":["hexamod:GhostLash+1","hexamod:HauntingEcho+1"],"picked":"hexamod:SoulSteal","floor":46},{"not_picked":["hexamod:SkipABeat","hexamod:RecurringNightmare+1","hexamod:CrushingStance"],"picked":"Singing Bowl","floor":47},{"not_picked":["hexamod:RecurringNightmare+1","hexamod:BacktrackSmack+1","hexamod:FastForward+1"],"picked":"Singing Bowl","floor":49}],"player_experience":470965,"relics_obtained":[{"floor":3,"key":"Omamori"},{"floor":7,"key":"White Beast Statue"},{"floor":8,"key":"Ice Cream"},{"floor":22,"key":"MutagenicStrength"},{"floor":24,"key":"Bottled Tornado"},{"floor":30,"key":"Blue Candle"},{"floor":40,"key":"Shuriken"},{"floor":41,"key":"Nunchaku"},{"floor":47,"key":"MealTicket"}],"event_choices":[{"damage_healed":0,"gold_gain":0,"player_choice":"Success","damage_taken":12,"relics_obtained":["hexamod:SoulConsumer"],"max_hp_gain":0,"max_hp_loss":0,"event_name":"Scrap Ooze","floor":14,"gold_loss":0},{"damage_healed":0,"gold_gain":0,"player_choice":"Ignored","damage_taken":0,"max_hp_gain":0,"max_hp_loss":0,"event_name":"betterNote:BetterNote","floor":21,"gold_loss":0,"cards_obtained":["Storm of Steel"]},{"cards_removed":["Hallucinations"],"damage_healed":0,"gold_gain":0,"player_choice":"Purged","damage_taken":0,"max_hp_gain":0,"max_hp_loss":0,"event_name":"Purifier","floor":38,"gold_loss":0},{"damage_healed":0,"gold_gain":0,"player_choice":"Upgraded","damage_taken":0,"max_hp_gain":0,"max_hp_loss":0,"event_name":"Upgrade Shrine","floor":45,"gold_loss":0,"cards_upgraded":["hexamod:GiftsFromTheDead"]}],"is_beta":false,"boss_relics":[{"not_picked":["Pandora\u0027s Box","Velvet Choker"],"picked":"Replay:Ancient Bell"},{"not_picked":["Boot","Replay:Rubber Ducky"],"picked":"Replay:Baseball"},{"not_picked":["Sundial","Snack Pack"],"picked":"Mirror"},{"not_picked":["Lizard Tail","Peace Pipe"],"picked":"Thread and Needle"},{"not_picked":["Replay:Bronze Core","Replay:Wanted Poster"],"picked":"hexamod:IceCube"}],"items_purged_floors":[20,27],"is_endless":false,"potions_floor_spawned":[5,8,11,12,15,16,19,20,22,25,27,30,31,32,33,36,37,39,40,42,46,47,49],"ascension_level":0}}