{"host":"4xbawe663uhw4m9s","time":1610476377,"event":{"mods":["Act Like it!","Bard","BaseMod","Beaked The Cultist","Better Third Choice","BetterRewards","CCEM","Conspire","Downfall","GifTheSpireLib","Halation","Hallownest","Hermit","Hubris","Hunter ??","Infinite Spire","Jedi Mod","Jorbs\u0027s Wanderer Trilogy","Mad Scientist","Marisa????????","Mimic Mod","Minty Spire (QoL Compilation)","Permanent Neow","Replay The Spire","Shade Mod","Shop Mod","Spicy Shops","StSLib","Stuff the Spire","The Administrix","The Animator","The Bug Knight","The Construct","The Cursed","The Disciple","The Gatherer","The Hierophant","The Jungle","The Mystic","The Problem Sleuth","The Runesmith","The Servant 0.9.4","The Spell Scribe","The Witch"],"gold_per_floor":[99,111,55,55,40,58,83,94,94,109,123,141,141,152,171,275,275,275,290,306,306,306,334,365,365,376,376,389,400,400,416,427,427,427,427],"floor_reached":33,"playtime":2278,"items_purged":[],"score":265,"play_id":"48f5d1ce-2006-4ad7-83e8-f00b5bbf8c2e","local_time":"20210112193257","is_ascension_mode":false,"campfire_choices":[{"floor":1,"key":"RECALL"},{"floor":9,"key":"REST"},{"data":"Slimebound:MinionMaster","floor":18,"key":"SMITH"},{"floor":25,"key":"REST"},{"floor":30,"key":"REST"}],"circlet_count":0,"master_deck":["Slimebound:Strike_Slimebound","Slimebound:Strike_Slimebound","Slimebound:Strike_Slimebound","Slimebound:Tackle","Slimebound:Defend_Slimebound","Slimebound:Defend_Slimebound","Slimebound:Defend_Slimebound","Slimebound:Defend_Slimebound","Slimebound:Split","Slimebound:CorrosiveSpit","Slimebound:SplitLeeching","Slimebound:MinionMaster+1","Slimebound:OneTwoCombo","Slimebound:PressTheAttack","Slimebound:SplitMire","Slimebound:GrowthPunch","Slimebound:RainOfGoop","Slimebound:SlimeSpikes","Slimebound:PrepareCrush","Slimebound:LeadByExample","Slimebound:SplitBruiser","Slimebound:ComboTackle+1","Slimebound:WasteNot"],"relics":["Slimebound:AbsorbEndCombat","HollowMod:StagPassRelic","halation:PromiseList","hubris:RunicObelisk","halation:PinkSoulGem","CCEMRelics:OldTooth","jedi:heavyjacket","conspire:SeveredTorchhead"],"acts_visited":["Exordium","TheCity"],"potions_floor_usage":[16],"damage_taken":[{"damage":13,"enemies":"conspire:RoseBush","floor":2,"turns":2},{"damage":10,"enemies":"downfall:FleeingMerchant","floor":3,"turns":4},{"damage":23,"enemies":"downfall:FleeingMerchant","floor":5,"turns":4},{"damage":8,"enemies":"Cultist","floor":6,"turns":3},{"damage":17,"enemies":"2 Louse","floor":8,"turns":3},{"damage":22,"enemies":"3 Louse","floor":10,"turns":4},{"damage":54,"enemies":"Gremlin Gang","floor":11,"turns":4},{"damage":22,"enemies":"Large Slime","floor":12,"turns":5},{"damage":13,"enemies":"conspire:2 RoseBushes","floor":14,"turns":5},{"damage":20,"enemies":"Exordium Thugs","floor":15,"turns":4},{"damage":67,"enemies":"downfall:Silent","floor":16,"turns":11},{"damage":37,"enemies":"3 Byrds","floor":19,"turns":4},{"damage":14,"enemies":"Spheric Guardian","floor":20,"turns":3},{"damage":52,"enemies":"Replay:Snechameleon","floor":23,"turns":5},{"damage":18,"enemies":"Centurion and Healer","floor":24,"turns":4},{"damage":30,"enemies":"Centurion and Healer","floor":26,"turns":4},{"damage":23,"enemies":"Snake Plant","floor":28,"turns":3},{"damage":41,"enemies":"Shelled Parasite and Fungi","floor":29,"turns":4},{"damage":28,"enemies":"conspire:HollyBat","floor":31,"turns":7},{"damage":20,"enemies":"Snake Plant","floor":32,"turns":3},{"damage":70,"enemies":"downfall:Watcher","floor":33,"turns":4}],"seed_played":"7310237080487706160","potions_obtained":[{"floor":6,"key":"Dexterity Potion"},{"floor":8,"key":"Strength Potion"},{"floor":11,"key":"ColorlessPotion"},{"floor":14,"key":"Doom Potion"},{"floor":16,"key":"AttackPotion"},{"floor":22,"key":"CultistPotion"}],"is_trial":false,"path_per_floor":["R","M","$","?","$","M","T","M","R","M","M","M","?","M","M","B",null,"R","M","M","?","?","E","MIM","R","M","AVR","M","M","R","M","M","B"],"character_chosen":"SLIMEBOUND","items_purchased":["Slimebound:OneTwoCombo","Slimebound:PressTheAttack"],"campfire_rested":3,"item_purchase_floors":[3,3],"current_hp_per_floor":[60,53,59,47,40,48,48,47,60,51,25,31,31,42,50,35,60,60,47,45,45,45,21,39,57,51,51,52,31,49,53,53,0,0,0],"gold":427,"neow_bonus":"","is_daily":false,"chose_seed":false,"campfire_upgraded":1,"win_rate":0.0,"timestamp":1610476377,"path_taken":["R","M","$","?","$","M","T","M","R","M","M","M","?","M","M","BOSS","R","M","?","?","?","E","MIM","R","M","AVR","?","M","R","M","M","BOSS"],"items_purchased_type":["Card","Card"],"build_version":"2020-12-22","purchased_purges":0,"victory":false,"max_hp_per_floor":[60,60,60,60,60,60,60,60,60,60,60,60,60,60,60,60,60,60,60,60,60,60,60,60,60,60,60,60,60,60,60,60,60,60,60],"card_choices":[{"not_picked":["Slimebound:LeechingTouch","Slimebound:SplitAcid"],"picked":"Slimebound:SplitLeeching","floor":2},{"not_picked":["Slimebound:FinishingTackle","Slimebound:LeechLife"],"picked":"Slimebound:MinionMaster","floor":3},{"not_picked":["Slimebound:TongueLash","Slimebound:SlimeBrawl","Slimebound:Dissolve"],"picked":"SKIP","floor":5},{"not_picked":["Slimebound:GrowthPunch","Slimebound:RollThrough"],"picked":"Slimebound:SplitMire","floor":6},{"not_picked":["Slimebound:SplitLeeching","Slimebound:BestDefense"],"picked":"Slimebound:GrowthPunch","floor":8},{"not_picked":["Slimebound:PressTheAttack","Slimebound:SlimeSpikes"],"picked":"Slimebound:RainOfGoop","floor":10},{"not_picked":["Slimebound:GoopSpray","Slimebound:LeechEnergy"],"picked":"Slimebound:SlimeSpikes","floor":11},{"not_picked":["Slimebound:SplitLeeching","Slimebound:HauntingLick"],"picked":"Slimebound:PrepareCrush","floor":12},{"not_picked":["Slimebound:Chomp","Slimebound:RollThrough","Slimebound:Schlurp"],"picked":"SKIP","floor":14},{"not_picked":["Slimebound:Repurpose","Slimebound:GrowthPunch"],"picked":"Slimebound:LeadByExample","floor":15},{"not_picked":["Slimebound:LeadByExample+1","Slimebound:GoopSpray","Slimebound:Replication"],"picked":"SKIP","floor":19},{"not_picked":["Slimebound:RejuvenatingLick","Slimebound:SplitLeeching"],"picked":"Slimebound:SplitBruiser","floor":20},{"not_picked":["Slimebound:OneTwoCombo","Slimebound:LeechingTouch","Slimebound:SplitAcid"],"picked":"SKIP","floor":23},{"not_picked":["Slimebound:Nibble","Slimebound:Schlurp+1"],"picked":"Slimebound:ComboTackle+1","floor":26},{"not_picked":["Slimebound:Dissolve","Slimebound:GoopTackle+1"],"picked":"Slimebound:WasteNot","floor":28},{"not_picked":["Slimebound:Schlurp","Slimebound:ComboTackle+1","Slimebound:SplitLeeching+1"],"picked":"SKIP","floor":29},{"not_picked":["Slimebound:SlimeSpikes","Slimebound:Chomp","Slimebound:HauntingLick"],"picked":"SKIP","floor":31},{"not_picked":["Slimebound:Schlurp","Slimebound:Grow","Slimebound:LeechEnergy"],"picked":"SKIP","floor":32}],"player_experience":0,"relics_obtained":[{"floor":7,"key":"halation:PromiseList"},{"floor":23,"key":"CCEMRelics:OldTooth"},{"floor":24,"key":"jedi:heavyjacket"}],"event_choices":[{"damage_healed":0,"gold_gain":0,"player_choice":"Success","damage_taken":12,"relics_obtained":["HollowMod:StagPassRelic"],"max_hp_gain":0,"max_hp_loss":0,"event_name":"Scrap Ooze","floor":4,"gold_loss":0}],"is_beta":false,"boss_relics":[{"not_picked":["conspire:SpecialSausage","hubris:BlackHole"],"picked":"hubris:RunicObelisk"}],"items_purged_floors":[],"is_endless":false,"potions_floor_spawned":[6,8,11,14,15,16,26,28,31],"killed_by":"downfall:Watcher","ascension_level":0}}