{"host":"urvvf8749ekcxo1a","time":1610432530,"event":{"mods":["BaseMod","Better Match","Better Sensory Stone","BetterRewards","Downfall","Evolution","Gold Saver","Marisa????????","Minty Spire (QoL Compilation)","Shop Mod","StSLib","Td1madao Mod","The Disciple","The Dragon Tamer","The Marked","The Necromancer","The Servant 0.9.4","UnlockEverythingMod"],"gold_per_floor":[779,789,789,964,650,650,670,688,737,737,637,663,675,726,747,759,759],"floor_reached":16,"playtime":642,"items_purged":["Doubt","Defend_S"],"score":133,"play_id":"e11b930e-a969-42d4-a4f0-b76ab3aaec93","local_time":"20210112012210","is_ascension_mode":false,"campfire_choices":[{"data":"KidneyShot","floor":6,"key":"SMITH"},{"data":"Advance","floor":13,"key":"SMITH"},{"floor":15,"key":"REST"}],"circlet_count":0,"master_deck":["Starlight","Starlight","Starlight","Starlight","Defy","Defend_S","Defend_S","KidneyShot+1","Exchange+1","Comet+1","BottledTime","Luminosity+1","Advance+1","ShiftingGears","Moondial"],"relics":["Uniform","EVO:Axolotl","Frozen Egg 2","Dream Catcher","NlothsMask","MawBank","CeramicFish"],"acts_visited":["Exordium"],"potions_floor_usage":[12,14],"damage_taken":[{"damage":12,"enemies":"2 Louse","floor":1,"turns":3},{"damage":3,"enemies":"Jaw Worm","floor":2,"turns":2},{"damage":0,"enemies":"Cultist","floor":7,"turns":2},{"damage":6,"enemies":"Blue Slaver","floor":8,"turns":3},{"damage":1,"enemies":"Lagavulin","floor":12,"turns":5},{"damage":28,"enemies":"Gremlin Nob","floor":14,"turns":5},{"damage":53,"enemies":"The Guardian","floor":16,"turns":15}],"seed_played":"7119139964889157731","potions_obtained":[{"floor":2,"key":"Fire Potion"},{"floor":7,"key":"DuplicationPotion"}],"is_trial":false,"path_per_floor":["M","M","?","?","$","R","M","M","T","?","$","E","R","E","R","B"],"character_chosen":"THE_SERVANT","items_purchased":["Frozen Egg 2"],"campfire_rested":1,"item_purchase_floors":[5],"current_hp_per_floor":[53,50,50,50,50,50,50,44,44,44,44,43,43,15,34,0,0],"gold":759,"neow_bonus":"UPGRADE_CARD","is_daily":false,"chose_seed":false,"campfire_upgraded":2,"win_rate":0.0,"timestamp":1610432530,"path_taken":["M","M","?","?","?","R","M","M","T","?","$","E","R","E","R","BOSS"],"items_purchased_type":["Relic"],"build_version":"2020-12-22","purchased_purges":2,"victory":false,"max_hp_per_floor":[65,65,65,65,65,65,65,65,65,65,65,65,65,65,65,65,65],"card_choices":[{"not_picked":["ShatteredReality","BottledTime"],"picked":"Comet","floor":1},{"not_picked":["Read","Alleviate","DualDimension"],"picked":"SKIP","floor":2},{"not_picked":["Defy","ShatteredReality"],"picked":"BottledTime","floor":7},{"not_picked":["Rearm","Rewind"],"picked":"Luminosity+1","floor":8},{"not_picked":["Sunlight","Desolation"],"picked":"Advance","floor":12},{"not_picked":["Collapse","Defy"],"picked":"ShiftingGears","floor":14},{"not_picked":["Advance","Collapse"],"picked":"Moondial","floor":15}],"player_experience":123944,"relics_obtained":[{"floor":9,"key":"Dream Catcher"},{"floor":12,"key":"MawBank"},{"floor":14,"key":"CeramicFish"}],"event_choices":[{"damage_healed":0,"gold_gain":0,"player_choice":"Grow","damage_taken":0,"max_hp_gain":0,"max_hp_loss":0,"event_name":"Living Wall","floor":3,"gold_loss":0,"cards_upgraded":["Comet"]},{"damage_healed":0,"gold_gain":175,"player_choice":"AGREE","damage_taken":0,"max_hp_gain":0,"max_hp_loss":0,"event_name":"Liars Game","floor":4,"gold_loss":0,"cards_obtained":["Doubt"]},{"damage_healed":0,"gold_gain":0,"player_choice":"Trade","damage_taken":0,"relics_obtained":["NlothsMask"],"max_hp_gain":0,"max_hp_loss":0,"event_name":"FaceTrader","floor":10,"gold_loss":0}],"is_beta":false,"boss_relics":[],"items_purged_floors":[5,11],"is_endless":false,"potions_floor_spawned":[2,7],"killed_by":"The Guardian","ascension_level":0}}