{"host":"6749gst1gzuv21qf","time":1610489522,"event":{"mods":["Aspiration","BaseMod","Better Altar","Better Match","Better Note","Better Sensory Stone","Better Skull","Better Third Choice","BetterRewards","Colored Map","Colored Powertips","Downfall","Highlight Path","Minty Spire (QoL Compilation)","Permanent Neow","Replay The Spire","Shop Mod","Spicy Shops","StSLib","The Cursed"],"gold_per_floor":[99,116,128,143,143,51,103,114,114,124,140,140,140,140,140],"floor_reached":14,"language":"ENG","playtime":777,"items_purged":[],"score":82,"play_id":"04f2ab9b-6220-41e5-ad37-41f515b04c46","local_time":"20210112171202","is_ascension_mode":false,"campfire_choices":[{"floor":1,"key":"DIG"},{"floor":9,"key":"RECALL"}],"circlet_count":0,"master_deck":["sneckomod:Strike","sneckomod:Strike","sneckomod:Strike","sneckomod:Defend","sneckomod:Defend","sneckomod:Defend","sneckomod:TailWhip+1","sneckomod:SnekBite","sneckomod:Unknown","sneckomod:Unknown","sneckomod:UnlimitedRolls","sneckomod:SerpentIdol","sneckomod:QuickMove","sneckomod:QuickMove","sneckomod:QuickBite","sneckomod:CheapStock","sneckomod:DiceCrush","sneckomod:UnknownEthereal"],"relics":["sneckomod:SneckoSoul","aspiration:HatOfInfinitePower","Juzu Bracelet","MealTicket","downfall:BrokenWingStatue"],"acts_visited":["Exordium"],"potions_floor_usage":[14,14],"damage_taken":[{"damage":0,"enemies":"Cultist","floor":2,"turns":4},{"damage":6,"enemies":"Jaw Worm","floor":3,"turns":3},{"damage":2,"enemies":"2 Louse","floor":4,"turns":4},{"damage":3,"enemies":"downfall:FleeingMerchant","floor":6,"turns":4},{"damage":32,"enemies":"Large Slime","floor":8,"turns":5},{"damage":4,"enemies":"Blue Slaver","floor":10,"turns":4},{"damage":13,"enemies":"Red Slaver","floor":11,"turns":5},{"damage":21,"enemies":"Gremlin Nob","floor":14,"turns":3}],"seed_played":"7010683275321706676","potions_obtained":[{"floor":4,"key":"Reflective Coating"},{"floor":8,"key":"ColorlessPotion"}],"is_trial":false,"path_per_floor":["R_BF","M","M","M","?","$","T","M","R","M","M","?","?","E"],"character_chosen":"THE_SNECKO","items_purchased":["sneckomod:CheapStock"],"campfire_rested":0,"item_purchase_floors":[6],"current_hp_per_floor":[81,81,75,75,75,72,72,40,40,45,32,20,20,0,0],"gold":140,"neow_bonus":"THREE_RARE_CARDS","is_daily":false,"chose_seed":false,"campfire_upgraded":0,"win_rate":0.0,"timestamp":1610489522,"path_taken":["R_BF","M","M","M","?","$","T","M","R","M","M","?","?","E"],"items_purchased_type":["Card"],"build_version":"2020-12-22","purchased_purges":0,"victory":false,"max_hp_per_floor":[81,81,81,81,81,81,81,81,81,82,82,82,82,82,82],"card_choices":[{"not_picked":["sneckomod:UnknownRarePower","sneckomod:Mudshield"],"picked":"sneckomod:UnlimitedRolls","floor":0},{"not_picked":["sneckomod:PureSnecko","sneckomod:UnknownStrike"],"picked":"sneckomod:SerpentIdol","floor":2},{"not_picked":["sneckomod:UnknownWeak","sneckomod:UnknownStrike"],"picked":"sneckomod:QuickMove","floor":3},{"not_picked":["sneckomod:UnknownBlock","sneckomod:RainOfDice"],"picked":"sneckomod:QuickMove","floor":4},{"not_picked":["sneckomod:UnknownClassGUARDIAN","sneckomod:QuickMove"],"picked":"sneckomod:QuickBite","floor":6},{"not_picked":["sneckomod:UnknownClassGREEN","sneckomod:Restock"],"picked":"sneckomod:DiceCrush","floor":8},{"not_picked":["sneckomod:Nope","sneckomod:DiceCrush"],"picked":"sneckomod:UnknownEthereal","floor":10},{"not_picked":["sneckomod:QuickMove","sneckomod:UnknownCommonAttack","sneckomod:RainOfDice"],"picked":"SKIP","floor":11}],"player_experience":702198,"relics_obtained":[{"floor":1,"key":"aspiration:HatOfInfinitePower"},{"floor":7,"key":"Juzu Bracelet"}],"event_choices":[{"damage_healed":0,"gold_gain":0,"player_choice":"Upgraded","damage_taken":0,"max_hp_gain":0,"max_hp_loss":0,"event_name":"Upgrade Shrine","floor":5,"gold_loss":0,"cards_upgraded":["sneckomod:TailWhip"]},{"damage_healed":0,"gold_gain":0,"player_choice":"Relic ","damage_taken":12,"max_hp_gain":0,"max_hp_loss":0,"event_name":"betterThird:BetterScrap","floor":12,"gold_loss":0,"cards_obtained":["Choke"]}],"is_beta":false,"boss_relics":[],"items_purged_floors":[],"is_endless":false,"potions_floor_spawned":[4,8],"killed_by":"Gremlin Nob","ascension_level":0}}