{"host":"yuhy0i501zzmn1iz","time":1610427987,"event":{"mods":["AchievementEnabler","AlwaysNeverKeys","BaseMod","Bestiary","Better Match","Better Third Choice","Curses Come First","Downfall","Minty Spire (QoL Compilation)","StSLib","The Blue Laboratory","slay the spire mod where everything is the same but ironclad has a cowboy hat"],"gold_per_floor":[115,127,142,159,179,204,204,204,204,204,55,55,82,82,82,180,180,191,191,111,111,72,72,86,120,120,120,120,146,165,182,182,277,277,292,292,292],"floor_reached":36,"playtime":1556,"items_purged":[],"score":563,"play_id":"ad8fa0a4-3219-47a6-a19c-e80c079f0029","local_time":"20210112000627","is_ascension_mode":true,"campfire_choices":[{"floor":8,"key":"REST"},{"data":"Endless Agony","floor":10,"key":"SMITH"},{"data":"Accuracy","floor":12,"key":"SMITH"},{"data":"Storm of Steel","floor":15,"key":"SMITH"},{"data":"Ghostly","floor":23,"key":"SMITH"},{"data":"Tools of the Trade","floor":28,"key":"SMITH"},{"data":"Ghostly","floor":32,"key":"SMITH"}],"circlet_count":0,"master_deck":["Strike_G","Strike_G","Strike_G","Strike_G","Strike_G","Defend_G","Defend_G","Defend_G","Defend_G","Survivor","Neutralize","Finisher+1","Backflip+1","Storm of Steel+1","Endless Agony+1","Accuracy+1","Blur+1","Tools of the Trade+1","Caltrops+1","Noxious Fumes","Well Laid Plans","Flechettes","Ghostly+1","Ghostly+1","Ghostly","Ghostly","Ghostly","Noxious Fumes","Slice+1","A Thousand Cuts","Blade Dance","Prepared","Blade Dance","Glass Knife","Slice+1"],"relics":["Black Star","Centennial Puzzle","Bronze Scales","Bottled Tornado","Lee\u0027s Waffle","Paper Crane","Anchor","Runic Pyramid","Ginger","Darkstone Periapt","Letter Opener","Snake Skull","Nunchaku","Pantograph","WristBlade"],"acts_visited":["Exordium","TheCity","TheBeyond"],"potions_floor_usage":[5,18,33,33],"damage_taken":[{"damage":2,"enemies":"Cultist","floor":1,"turns":4},{"damage":0,"enemies":"Small Slimes","floor":2,"turns":4},{"damage":11,"enemies":"2 Louse","floor":3,"turns":3},{"damage":9,"enemies":"Looter","floor":4,"turns":3},{"damage":0,"enemies":"3 Louse","floor":5,"turns":2},{"damage":33,"enemies":"Lagavulin","floor":6,"turns":7},{"damage":15,"enemies":"3 Sentries","floor":13,"turns":4},{"damage":35,"enemies":"The Guardian","floor":16,"turns":11},{"damage":3,"enemies":"2 Thieves","floor":18,"turns":4},{"damage":0,"enemies":"Chosen","floor":24,"turns":4},{"damage":4,"enemies":"Slavers","floor":25,"turns":5},{"damage":4,"enemies":"Book of Stabbing","floor":29,"turns":6},{"damage":3,"enemies":"Snake Plant","floor":30,"turns":3},{"damage":1,"enemies":"Snecko","floor":31,"turns":4},{"damage":24,"enemies":"Collector","floor":33,"turns":9},{"damage":12,"enemies":"3 Darklings","floor":35,"turns":4},{"damage":26,"enemies":"2 Orb Walkers","floor":36,"turns":2}],"seed_played":"2305337689128940682","potions_obtained":[{"floor":3,"key":"Guardian:BlockOnCardUsePotion"},{"floor":4,"key":"SteroidPotion"},{"floor":5,"key":"LiquidBronze"},{"floor":16,"key":"ColorlessPotion"},{"floor":18,"key":"Block Potion"},{"floor":31,"key":"PowerPotion"},{"floor":33,"key":"Strength Potion"},{"floor":35,"key":"Dexterity Potion"}],"is_trial":false,"path_per_floor":["M","M","M","M","M","E","?","R","T","R","$","R","E","?","R","B",null,"M","?","$","?","$","R","M","E","T","T","R","E","M","M","R","B",null,"M","?"],"character_chosen":"THE_SILENT","items_purchased":["Lee\u0027s Waffle","Flechettes","Noxious Fumes"],"campfire_rested":1,"item_purchase_floors":[11,20,22],"current_hp_per_floor":[68,68,57,48,48,15,15,36,36,36,77,77,62,47,47,12,61,58,58,58,38,38,38,38,34,34,34,34,30,27,26,26,14,32,20,0,0],"gold":292,"neow_bonus":"BOSS_RELIC","is_daily":false,"chose_seed":false,"campfire_upgraded":6,"win_rate":0.0,"timestamp":1610427987,"path_taken":["M","?","M","M","M","E","?","R","T","R","$","R","E","?","R","BOSS","M","?","$","?","$","R","M","E","T","?","R","E","M","M","R","BOSS","M","?"],"items_purchased_type":["Relic","Card","Card"],"build_version":"2020-12-22","purchased_purges":0,"victory":false,"max_hp_per_floor":[70,70,70,70,70,70,70,70,70,70,77,77,77,77,77,77,77,77,77,77,38,38,38,38,38,38,38,38,38,38,38,38,38,38,38,38,38],"card_choices":[{"not_picked":["Sucker Punch","Quick Slash"],"picked":"Finisher","floor":1},{"not_picked":["Poisoned Stab","Well Laid Plans"],"picked":"Backflip","floor":2},{"not_picked":["Flying Knee","Backflip"],"picked":"Storm of Steel","floor":3},{"not_picked":["Concentrate","PiercingWail"],"picked":"Endless Agony","floor":4},{"not_picked":["Bane","Quick Slash"],"picked":"Accuracy","floor":5},{"not_picked":["Outmaneuver","Sucker Punch"],"picked":"Blur","floor":6},{"not_picked":["Dagger Throw","Poisoned Stab"],"picked":"Tactician","floor":13},{"not_picked":["Malaise","After Image"],"picked":"Tools of the Trade","floor":16},{"not_picked":["Deflect","Dagger Spray+1"],"picked":"Caltrops+1","floor":18},{"not_picked":["Sucker Punch","Deflect+1"],"picked":"Slice+1","floor":24},{"not_picked":["Acrobatics","Heel Hook+1"],"picked":"A Thousand Cuts","floor":25},{"not_picked":["Dodge and Roll","Dagger Throw"],"picked":"Blade Dance","floor":29},{"not_picked":["Sucker Punch","Bane"],"picked":"Prepared","floor":30},{"not_picked":["Flying Knee+1","Prepared+1"],"picked":"Blade Dance","floor":31},{"not_picked":["Phantasmal Killer","Venomology"],"picked":"Glass Knife","floor":33},{"not_picked":["PiercingWail+1","Heel Hook+1"],"picked":"Slice+1","floor":35}],"player_experience":282019,"relics_obtained":[{"floor":6,"key":"Centennial Puzzle"},{"floor":6,"key":"Bronze Scales"},{"floor":9,"key":"Bottled Tornado"},{"floor":13,"key":"Paper Crane"},{"floor":13,"key":"Anchor"},{"floor":25,"key":"Ginger"},{"floor":25,"key":"Darkstone Periapt"},{"floor":26,"key":"Letter Opener"},{"floor":27,"key":"Snake Skull"},{"floor":29,"key":"Nunchaku"},{"floor":29,"key":"Pantograph"}],"event_choices":[{"damage_healed":0,"gold_gain":0,"player_choice":"Grow","damage_taken":0,"max_hp_gain":0,"max_hp_loss":0,"event_name":"Living Wall","floor":7,"gold_loss":0,"cards_upgraded":["Finisher"]},{"damage_healed":62,"gold_gain":0,"player_choice":"Upgrade","damage_taken":15,"max_hp_gain":0,"max_hp_loss":77,"event_name":"betterThird:BetterShining","floor":14,"gold_loss":0,"cards_upgraded":["Blur","Backflip"]},{"damage_healed":0,"gold_gain":0,"cards_transformed":["Tactician","Defend_G"],"player_choice":"Became Test Subject","damage_taken":0,"max_hp_gain":0,"max_hp_loss":0,"event_name":"Drug Dealer","floor":19,"gold_loss":0,"cards_obtained":["Noxious Fumes","Well Laid Plans"]},{"damage_healed":0,"gold_gain":0,"player_choice":"Became a Ghost","damage_taken":0,"max_hp_gain":0,"max_hp_loss":39,"event_name":"Ghosts","floor":21,"gold_loss":0,"cards_obtained":["Ghostly","Ghostly","Ghostly","Ghostly","Ghostly"]},{"damage_healed":0,"gold_gain":0,"player_choice":"Fight","damage_taken":0,"max_hp_gain":0,"max_hp_loss":0,"event_name":"Mysterious Sphere","floor":36,"gold_loss":0}],"is_beta":false,"boss_relics":[{"not_picked":["Snecko Eye","HoveringKite"],"picked":"Runic Pyramid"},{"not_picked":["Philosopher\u0027s Stone","Fusion Hammer"],"picked":"WristBlade"}],"items_purged_floors":[],"is_endless":false,"potions_floor_spawned":[3,4,5,16,18,31,33,35],"killed_by":"2 Orb Walkers","ascension_level":5}}