{"host":"4g8vayc9pwrwu92h","time":1610460853,"event":{"mods":["Act Like it!","BaseMod","Conspire","Downfall","Friendly Minions","Minty Spire (QoL Compilation)","Pale of the Ancients","StSLib","The Jungle"],"gold_per_floor":[99,113,388,399,415,415,415,431,431,431,431,462,462,145,165,264,264,189,99,117,117,117,117],"floor_reached":21,"playtime":1529,"items_purged":["Regret"],"score":206,"play_id":"ae4cb809-e27a-40a0-8dcd-30db12d53420","local_time":"20210112221413","is_ascension_mode":true,"campfire_choices":[{"data":"expansioncontent:CaCaw","floor":1,"key":"SMITH"},{"data":"Slimebound:LeechLife","floor":6,"key":"SMITH"},{"data":"Slimebound:Split","floor":11,"key":"SMITH"},{"floor":13,"key":"REST"},{"floor":18,"key":"RECALL"}],"circlet_count":0,"master_deck":["Slimebound:Strike_Slimebound","Slimebound:Strike_Slimebound","Slimebound:Strike_Slimebound","Slimebound:Tackle","Slimebound:Defend_Slimebound","Slimebound:Defend_Slimebound","Slimebound:Defend_Slimebound","Slimebound:Defend_Slimebound","Slimebound:Split+1","Slimebound:CorrosiveSpit","expansioncontent:CaCaw+1","Slimebound:GrowthPunch","Slimebound:LivingWall","Slimebound:LeechLife+1","Slimebound:SlimeTap","Slimebound:SplitMire","Slimebound:SpikyOuterGoop","Slimebound:Recycling","Slimebound:DivideAndConquer+1"],"relics":["Slimebound:AbsorbEndCombat","HornCleat","downfall:BrokenWingStatue","Juzu Bracelet","Turnip","conspire:SpecialSausage","downfall:HeartBlessingGreen"],"acts_visited":["Exordium","TheCity"],"potions_floor_usage":[10,12,16],"damage_taken":[{"damage":12,"enemies":"2 Louse","floor":2,"turns":2},{"damage":8,"enemies":"Cultist","floor":4,"turns":3},{"damage":16,"enemies":"Small Slimes","floor":5,"turns":4},{"damage":11,"enemies":"Blue Slaver","floor":8,"turns":4},{"damage":15,"enemies":"Red Slaver","floor":10,"turns":3},{"damage":22,"enemies":"3 Sentries","floor":12,"turns":7},{"damage":10,"enemies":"downfall:FleeingMerchant","floor":14,"turns":4},{"damage":9,"enemies":"Exordium Wildlife","floor":15,"turns":3},{"damage":59,"enemies":"downfall:Watcher","floor":16,"turns":8},{"damage":24,"enemies":"downfall:FleeingMerchant","floor":19,"turns":4},{"damage":26,"enemies":"Spheric Guardian","floor":20,"turns":5},{"damage":54,"enemies":"conspire:FuzzyDice","floor":21,"turns":3}],"seed_played":"-5724761454833298829","potions_obtained":[{"floor":2,"key":"SmokeBomb"},{"floor":5,"key":"BlessingOfTheForge"},{"floor":12,"key":"FearPotion"},{"floor":15,"key":"Ancient Potion"},{"floor":16,"key":"Energy Potion"},{"floor":20,"key":"Fire Potion"}],"is_trial":false,"path_per_floor":["R","M","?","M","M","R","T","M","?","M","R","E","R","$","M","B",null,"R","$","M","M"],"character_chosen":"SLIMEBOUND","items_purchased":["Turnip"],"campfire_rested":1,"item_purchase_floors":[14],"current_hp_per_floor":[60,54,54,52,42,42,42,43,43,34,34,26,44,50,60,28,60,60,56,54,0,0,0],"gold":117,"neow_bonus":"RANDOM_COLORLESS","is_daily":false,"chose_seed":false,"campfire_upgraded":3,"win_rate":0.0,"timestamp":1610460853,"path_taken":["R","M","?","M","M","R","T","?","?","M","R","E","R","$","M","BOSS","R","$","M","M"],"items_purchased_type":["Relic"],"build_version":"2020-12-22","purchased_purges":1,"victory":false,"max_hp_per_floor":[60,60,60,60,60,60,60,60,60,60,60,60,60,60,60,60,60,60,60,60,60,60,60],"card_choices":[{"not_picked":["Discovery","Bandage Up"],"picked":"expansioncontent:CaCaw","floor":0},{"not_picked":["Slimebound:ProtectTheBoss","Slimebound:ServeAndProtect"],"picked":"Slimebound:GrowthPunch","floor":2},{"not_picked":["Slimebound:Recollect","Slimebound:LeechingTouch"],"picked":"Slimebound:LivingWall","floor":4},{"not_picked":["Slimebound:LeechingTouch","Slimebound:FinishingTackle"],"picked":"Slimebound:LeechLife","floor":5},{"not_picked":["Slimebound:ServeAndProtect","Slimebound:Schlurp","Slimebound:ComboTackle"],"picked":"SKIP","floor":8},{"not_picked":["Slimebound:RainOfGoop","Slimebound:LeechEnergy"],"picked":"Slimebound:SlimeTap","floor":12},{"not_picked":["Slimebound:ComboTackle","Slimebound:FormOfPuddle"],"picked":"Slimebound:SplitMire","floor":14},{"not_picked":["Slimebound:SamplingLick","Slimebound:ServeAndProtect"],"picked":"Slimebound:SpikyOuterGoop","floor":15},{"not_picked":["Slimebound:MassFeed","Slimebound:OneTwoCombo"],"picked":"Slimebound:Recycling","floor":16},{"not_picked":["Slimebound:DivideAndConquer","Slimebound:SplitMire","Slimebound:SplitAcid"],"picked":"SKIP","floor":19},{"not_picked":["Slimebound:FinishingTackle","Slimebound:LeechEnergy"],"picked":"Slimebound:DivideAndConquer+1","floor":20}],"player_experience":393946,"relics_obtained":[{"floor":7,"key":"HornCleat"},{"floor":12,"key":"Juzu Bracelet"}],"event_choices":[],"is_beta":false,"boss_relics":[{"not_picked":["Sozu","Runic Pyramid"],"picked":"conspire:SpecialSausage"}],"items_purged_floors":[19],"is_endless":false,"potions_floor_spawned":[2,5,12,15,16,20],"killed_by":"conspire:FuzzyDice","ascension_level":3}}