{"host":"Berg","time":1610463770,"event":{"mods":["AchievementEnabler","BaseMod","Better Third Choice","Colored Map","Highlight Path","Hubris","Minty Spire (QoL Compilation)","Relic Stats","StSLib","The Jungle","The Servant 0.9.4"],"gold_per_floor":[114,114,89,53,27,27,61,61,84,84,94,94,114,182,182,313,313,333,113,113,113,128,167,167,190,190,223,223,236,236,261,261,337,337,362,86,16,16,34,65,65,105,105,129,168,13,52,70,70,70],"floor_reached":51,"playtime":6016,"items_purged":["Strike_S","Strike_S"],"score":999,"play_id":"eea40e2d-6157-4aac-97e8-9a81c1380a68","local_time":"20210112100250","is_ascension_mode":false,"campfire_choices":[{"data":"Starlight","floor":6,"key":"SMITH"},{"data":"Ricochet","floor":8,"key":"SMITH"},{"data":"Spin","floor":10,"key":"SMITH"},{"floor":15,"key":"REST"},{"floor":24,"key":"REST"},{"data":"DualDimension","floor":32,"key":"SMITH"},{"data":"Mind Blast","floor":41,"key":"SMITH"},{"floor":49,"key":"REST"}],"circlet_count":0,"master_deck":["Strike_S","Defend_S","Defend_S","Defend_S","Defend_S","KidneyShot","Exchange","Sabotage+1","Starlight+1","Ricochet+1","Spin+1","Alleviate","SilverBlades","Potential","Solidify","CurseOfTheBell","ShatteredReality","StarChef","Read","FlawlessForm","GearUp","Defy+1","FastForward","RealityMarble+1","DualDimension+1","LightFlow","BottledTime+1","Mind Blast+1","Moonlight","Comet","Rearm+1","BestPractice+1","Comet","BottledTime","MoonPhase","MurderousAura","FastForward+1","Sabotage"],"relics":["SplendidAttire","NeowsBlessing","betterThird:SlimedRelic","Kunai","Oddly Smooth Stone","Golden Idol","WingedGreaves","Calling Bell","Ancient Tea Set","Pantograph","Turnip","hubris:Towel","Eternal Feather","Ornamental Fan","Bag of Preparation","hubris:Icosahedron","hubris:DeckOfHolding","White Beast Statue","hubris:SphereOfDissonance","hubris:Reverence","Orrery","Toxic Egg 2"],"acts_visited":["Exordium","Exordium","TheBeyond"],"potions_floor_usage":[23,50,50],"damage_taken":[{"damage":0,"enemies":"Small Slimes","floor":1,"turns":1},{"damage":0,"enemies":"3 Sentries","floor":7,"turns":2},{"damage":0,"enemies":"2 Louse","floor":11,"turns":1},{"damage":1,"enemies":"Jaw Worm","floor":13,"turns":3},{"damage":20,"enemies":"Gremlin Nob","floor":14,"turns":4},{"damage":17,"enemies":"Slime Boss","floor":16,"turns":8},{"damage":31,"enemies":"theJungle:Flameango_and_Byrd","floor":18,"turns":5},{"damage":16,"enemies":"theJungle:5_Spyders","floor":22,"turns":8},{"damage":14,"enemies":"theJungle:Cassacara","floor":23,"turns":7},{"damage":0,"enemies":"theJungle:Lyon","floor":25,"turns":8},{"damage":11,"enemies":"theJungle:MamaSnecko","floor":27,"turns":10},{"damage":8,"enemies":"theJungle:SlimyTreeVines","floor":29,"turns":11},{"damage":6,"enemies":"theJungle:JungleHuntersEncounter","floor":31,"turns":5},{"damage":0,"enemies":"theJungle:FunGuy","floor":33,"turns":30},{"damage":0,"enemies":"3 Shapes","floor":35,"turns":5},{"damage":17,"enemies":"3 Darklings","floor":39,"turns":6},{"damage":0,"enemies":"Reptomancer","floor":40,"turns":15},{"damage":0,"enemies":"Nemesis","floor":42,"turns":7},{"damage":0,"enemies":"Maw","floor":44,"turns":7},{"damage":0,"enemies":"Giant Head","floor":45,"turns":10},{"damage":18,"enemies":"Reptomancer","floor":47,"turns":8},{"damage":16,"enemies":"Spire Growth","floor":48,"turns":5},{"damage":0,"enemies":"Awakened One","floor":50,"turns":15}],"seed_played":"1968165143973404193","potions_obtained":[{"floor":11,"key":"CultistPotion"},{"floor":14,"key":"SteroidPotion"},{"floor":22,"key":"GamblersBrew"},{"floor":29,"key":"Dexterity Potion"}],"is_trial":false,"path_per_floor":["M","?","$","?","$","R","E","R","T","R","M","?","M","?","R","B",null,"M","$","?","?","M","E","R","M","T","E","?","M","?","M","R","B",null,"M","$","$","?","M","E","R","E","T","M","E","$","E","M","R","B",null],"character_chosen":"THE_SERVANT","items_purchased":["Starlight","Ricochet","StarChef","Read","Mind Blast","Moonlight","Comet","Orrery"],"campfire_rested":3,"item_purchase_floors":[3,5,19,19,36,36,37,46],"current_hp_per_floor":[65,65,65,54,54,54,54,54,54,54,54,54,53,33,51,34,60,29,29,37,37,21,7,37,37,37,26,26,24,60,54,60,60,60,60,60,60,60,43,43,60,60,60,60,60,60,42,26,60,60],"gold":70,"neow_bonus":"THREE_ENEMY_KILL","is_daily":false,"chose_seed":false,"campfire_upgraded":5,"win_rate":0.0,"timestamp":1610463770,"path_taken":["M","?","$","?","?","R","E","R","T","R","?","?","M","?","R","BOSS","M","$","?","?","M","E","R","M","T","E","?","M","?","M","R","BOSS","M","?","$","?","M","E","R","E","T","M","E","$","E","M","R","BOSS"],"items_purchased_type":["Card","Card","Card","Card","Card","Card","Card","Relic"],"build_version":"2020-12-18","purchased_purges":2,"victory":true,"max_hp_per_floor":[65,65,65,65,65,65,65,65,65,65,65,60,60,60,60,60,60,60,60,60,60,60,60,60,60,60,60,60,60,60,60,60,60,60,60,60,60,60,60,60,60,60,60,60,60,60,60,60,60,60],"relic_stats":{"counters":[23,181],"Golden Idol":170,"Ornamental Fan":[192],"Pantograph":0,"Eternal Feather":56,"Turnip":[59],"Bag of Preparation":[24],"Kunai":[57],"obtain_stats":[{"SplendidAttire":34,"NeowsBlessing":0,"Golden Idol":12,"Oddly Smooth Stone":9,"hubris:SphereOfDissonance":43,"Eternal Feather":23,"Uniform":0,"Bag of Preparation":27,"hubris:Towel":21,"Ancient Tea Set":17,"White Beast Statue":42,"Calling Bell":17,"hubris:Icosahedron":28,"Ornamental Fan":26,"betterThird:SlimedRelic":4,"Pantograph":17,"Orrery":46,"hubris:DeckOfHolding":40,"WingedGreaves":14,"Turnip":17,"Kunai":7,"Toxic Egg 2":47,"hubris:Reverence":45},{"SplendidAttire":14,"NeowsBlessing":0,"Golden Idol":3,"Oddly Smooth Stone":2,"hubris:SphereOfDissonance":18,"Eternal Feather":9,"Uniform":0,"Bag of Preparation":11,"hubris:Towel":7,"Ancient Tea Set":6,"White Beast Statue":18,"Calling Bell":6,"hubris:Icosahedron":11,"Ornamental Fan":10,"betterThird:SlimedRelic":1,"Pantograph":6,"Orrery":20,"hubris:DeckOfHolding":17,"WingedGreaves":4,"Turnip":6,"Kunai":2,"Toxic Egg 2":21,"hubris:Reverence":20},{"SplendidAttire":103,"NeowsBlessing":0,"Golden Idol":4,"Oddly Smooth Stone":3,"hubris:SphereOfDissonance":136,"Eternal Feather":39,"Uniform":0,"Bag of Preparation":57,"hubris:Towel":24,"Ancient Tea Set":19,"White Beast Statue":136,"Calling Bell":19,"hubris:Icosahedron":57,"Ornamental Fan":47,"betterThird:SlimedRelic":1,"Pantograph":19,"Orrery":153,"hubris:DeckOfHolding":129,"WingedGreaves":7,"Turnip":19,"Kunai":3,"Toxic Egg 2":161,"hubris:Reverence":153}]},"card_choices":[{"not_picked":["Potential","Advance"],"picked":"Sabotage","floor":1},{"not_picked":["Starlight","ForgedInTime"],"picked":"Spin","floor":7},{"not_picked":["Rewind","Potential"],"picked":"Alleviate","floor":11},{"not_picked":["FastForward","Starlight"],"picked":"SilverBlades","floor":13},{"not_picked":["Replace","Alleviate"],"picked":"Potential","floor":14},{"not_picked":["Initiator","Deny"],"picked":"Solidify","floor":16},{"not_picked":["FastForward","Spin"],"picked":"ShatteredReality","floor":18},{"not_picked":["FastForward","Reset"],"picked":"FlawlessForm","floor":22},{"not_picked":["Potential","ShiftingGears"],"picked":"GearUp","floor":23},{"not_picked":["WasteNot+1","Duplication"],"picked":"Defy+1","floor":25},{"not_picked":["Shuttle","Revamp"],"picked":"FastForward","floor":27},{"not_picked":["ShatteredReality","Defy"],"picked":"RealityMarble+1","floor":29},{"not_picked":["FastForward","Starlight"],"picked":"DualDimension","floor":31},{"not_picked":["FlawlessForm","ForgedInTime"],"picked":"LightFlow","floor":33},{"not_picked":["Spin+1","Rewind"],"picked":"BottledTime+1","floor":35},{"not_picked":["Revamp+1","Defy"],"picked":"Rearm+1","floor":39},{"not_picked":["Foresight","Comet+1"],"picked":"BestPractice+1","floor":40},{"not_picked":["Rearm+1","Shuttle"],"picked":"Comet","floor":42},{"not_picked":["Duplication","Replace+1"],"picked":"BottledTime","floor":44},{"not_picked":["Shuttle+1","Starlight","Potential"],"picked":"SKIP","floor":45},{"not_picked":["TimeWarp+1","Spin+1"],"picked":"MoonPhase","floor":46},{"not_picked":["Starlight","Collapse+1"],"picked":"MurderousAura","floor":46},{"not_picked":["BestPractice+1","Unruled+1"],"picked":"FastForward+1","floor":47},{"not_picked":["Unruled+1","Starlight"],"picked":"Sabotage","floor":48}],"player_experience":1337582,"relics_obtained":[{"floor":7,"key":"Kunai"},{"floor":9,"key":"Oddly Smooth Stone"},{"floor":17,"key":"Ancient Tea Set"},{"floor":17,"key":"Pantograph"},{"floor":17,"key":"Turnip"},{"floor":23,"key":"Eternal Feather"},{"floor":26,"key":"Ornamental Fan"},{"floor":27,"key":"Bag of Preparation"},{"floor":40,"key":"hubris:DeckOfHolding"},{"floor":42,"key":"White Beast Statue"},{"floor":43,"key":"hubris:SphereOfDissonance"},{"floor":45,"key":"hubris:Reverence"},{"floor":47,"key":"Toxic Egg 2"}],"event_choices":[{"damage_healed":0,"gold_gain":0,"player_choice":"Slimed","damage_taken":11,"max_hp_gain":0,"max_hp_loss":0,"event_name":"betterThird:BetterGoop","floor":4,"gold_loss":36},{"damage_healed":0,"gold_gain":0,"player_choice":"Lose Max HP","damage_taken":0,"relics_obtained":["Golden Idol"],"max_hp_gain":0,"max_hp_loss":5,"event_name":"Golden Idol","floor":12,"gold_loss":0},{"damage_healed":0,"gold_gain":30,"player_choice":"Searched \u00273\u0027 times","damage_taken":0,"relics_obtained":["WingedGreaves"],"max_hp_gain":0,"max_hp_loss":0,"event_name":"Dead Adventurer","floor":14,"gold_loss":0},{"damage_healed":36,"gold_gain":0,"player_choice":"Full Heal","damage_taken":0,"max_hp_gain":0,"max_hp_loss":0,"event_name":"Wheel of Change","floor":30,"gold_loss":0},{"cards_removed":["Strike_S"],"damage_healed":0,"gold_gain":0,"player_choice":"Card Removal","damage_taken":0,"max_hp_gain":0,"max_hp_loss":0,"event_name":"Wheel of Change","floor":38,"gold_loss":0}],"is_beta":true,"boss_relics":[{"not_picked":["Astrolabe","hubris:VirtuousBlindfold"],"picked":"Calling Bell"},{"not_picked":["hubris:TerracottaHorce","hubris:GrandSneckoEye"],"picked":"SplendidAttire"}],"items_purged_floors":[19,36],"is_endless":false,"potions_floor_spawned":[11,14,22,29,31,33,40,42,44,45,47,48],"ascension_level":0}}