{"host":"foq4mrde4mssg7vt","time":1610469441,"event":{"mods":["AchievementEnabler","BaseMod","Colored Map","Colored Powertips","Highlight Path","Minty Spire (QoL Compilation)","Relic Stats","everything is the same but u backflip on backflip"],"gold_per_floor":[119,133,151,151,163,163,189,189,189,203,219,219,246,262,262,335,335,355,39,51,65,76,103,103,130,156,156,70,103,18,28,28,113,113,124,140,150,168,177,177,221,235,235,135,135,56,81,113,113,113,113,113,39,69,69],"floor_reached":56,"playtime":2768,"items_purged":["Strike_R","Pain"],"score":2087,"play_id":"e60324ac-3eda-4734-ad6d-609736481066","local_time":"20210113003721","is_ascension_mode":true,"campfire_choices":[{"data":"Uppercut","floor":6.0,"key":"SMITH"},{"floor":8.0,"key":"REST"},{"data":"Rampage","floor":12.0,"key":"SMITH"},{"data":"Iron Wave","floor":15.0,"key":"SMITH"},{"floor":24.0,"key":"REST"},{"floor":27.0,"key":"REST"},{"floor":32.0,"key":"REST"},{"floor":40.0,"key":"RECALL"}],"circlet_count":0,"master_deck":["AscendersBane","Strike_R+1","Strike_R","Strike_R","Strike_R+1","Defend_R","Defend_R","Defend_R","Defend_R","Bash","Impervious","Uppercut+1","Iron Wave+1","Dropkick","Rampage+1","Feed","Cleave","Reaper","Spot Weakness","Shockwave","Headbutt","True Grit","Limit Break","Corruption","Disarm","Spot Weakness","Impervious","Apotheosis","Purity","Dropkick+1","Dark Embrace","Rage","Feel No Pain"],"relics":["Burning Blood","PreservedInsect","Lantern","Ornamental Fan","Fusion Hammer","MealTicket","Molten Egg 2","StoneCalendar","Red Skull","Dream Catcher","CeramicFish","Coffee Dripper","WarpedTongs","Strawberry","Smiling Mask","Centennial Puzzle"],"acts_visited":["Exordium","TheCity","TheBeyond","TheEnding"],"potions_floor_usage":[55,55],"damage_taken":[{"damage":12.0,"enemies":"Small Slimes","floor":1.0,"turns":3.0},{"damage":7.0,"enemies":"Jaw Worm","floor":2.0,"turns":3.0},{"damage":5.0,"enemies":"Cultist","floor":3.0,"turns":5.0},{"damage":4.0,"enemies":"Large Slime","floor":5.0,"turns":6.0},{"damage":22.0,"enemies":"Gremlin Nob","floor":7.0,"turns":4.0},{"damage":13.0,"enemies":"Exordium Wildlife","floor":10.0,"turns":3.0},{"damage":1.0,"enemies":"2 Fungi Beasts","floor":11.0,"turns":3.0},{"damage":15.0,"enemies":"Lagavulin","floor":13.0,"turns":6.0},{"damage":14.0,"enemies":"Exordium Thugs","floor":14.0,"turns":7.0},{"damage":50.0,"enemies":"The Guardian","floor":16.0,"turns":19.0},{"damage":12.0,"enemies":"Chosen","floor":18.0,"turns":6.0},{"damage":6.0,"enemies":"Shell Parasite","floor":20.0,"turns":4.0},{"damage":23.0,"enemies":"Cultist and Chosen","floor":21.0,"turns":6.0},{"damage":21.0,"enemies":"Chosen and Byrds","floor":22.0,"turns":6.0},{"damage":11.0,"enemies":"Slavers","floor":23.0,"turns":6.0},{"damage":42.0,"enemies":"Gremlin Leader","floor":25.0,"turns":6.0},{"damage":44.0,"enemies":"Slavers","floor":29.0,"turns":5.0},{"damage":37.0,"enemies":"Sentry and Sphere","floor":31.0,"turns":7.0},{"damage":76.0,"enemies":"Automaton","floor":33.0,"turns":8.0},{"damage":18.0,"enemies":"3 Shapes","floor":35.0,"turns":8.0},{"damage":18.0,"enemies":"3 Darklings","floor":36.0,"turns":4.0},{"damage":20.0,"enemies":"Maw","floor":37.0,"turns":10.0},{"damage":20.0,"enemies":"Nemesis","floor":41.0,"turns":11.0},{"damage":35.0,"enemies":"Sphere and 2 Shapes","floor":42.0,"turns":6.0},{"damage":25.0,"enemies":"4 Shapes","floor":47.0,"turns":7.0},{"damage":32.0,"enemies":"Giant Head","floor":48.0,"turns":6.0},{"damage":106.0,"enemies":"Awakened One","floor":50.0,"turns":15.0},{"damage":54.0,"enemies":"Shield and Spear","floor":54.0,"turns":6.0},{"damage":133,"enemies":"The Heart","floor":55,"turns":9}],"seed_played":"-8963450552367296655","potions_obtained":[{"floor":1.0,"key":"FairyPotion"},{"floor":7.0,"key":"Weak Potion"},{"floor":16.0,"key":"AttackPotion"},{"floor":18.0,"key":"ColorlessPotion"},{"floor":31.0,"key":"SteroidPotion"},{"floor":33.0,"key":"Strength Potion"},{"floor":54.0,"key":"Fire Potion"}],"is_trial":false,"path_per_floor":["M","M","M","?","M","R","E","R","T","M","M","R","E","M","R","B",null,"M","$","M","M","M","E","R","E","T","R","$","E","?","M","R","B",null,"M","M","M","?","?","R","E","M","T","$","?","$","M","E","R","B",null,"R","$","E","B",null],"character_chosen":"IRONCLAD","items_purchased":["Shockwave","MealTicket","Disarm","Dark Embrace","Feel No Pain"],"campfire_rested":4,"item_purchase_floors":[19,19,28,46,53],"current_hp_per_floor":[62,61,62,39,41,41,25,47,47,40,45,45,36,31,31,16,63,61,61,64,57,59,64,90,54,54,81,90,77,77,60,87,44,83,74,99,98,88,88,88,85,92,92,107,107,111,111,115,115,118,118,118,118,114,18],"gold":69,"neow_bonus":"ONE_RANDOM_RARE_CARD","is_daily":false,"chose_seed":false,"campfire_upgraded":3,"win_rate":0.0,"timestamp":1610469441,"path_taken":["M","M","M","?","M","R","E","R","T","M","M","R","E","M","R","BOSS","M","$","M","M","M","E","R","E","T","R","$","E","?","M","R","BOSS","M","M","M","?","?","R","E","?","T","$","?","$","M","E","R","BOSS","R","$","E","BOSS"],"items_purchased_type":["Card","Relic","Card","Card","Card"],"build_version":"2020-12-22","purchased_purges":2,"victory":true,"max_hp_per_floor":[75,75,75,75,75,75,75,75,75,75,75,75,75,78,78,78,78,78,78,81,84,87,90,90,90,90,90,90,93,93,93,93,96,96,99,99,102,102,102,102,113,117,117,117,111,111,111,115,115,118,118,118,118,122,122],"relic_stats":{"Dream Catcher":1,"Centennial Puzzle":[3],"counters":[29,195],"Ornamental Fan":[152],"CeramicFish":72,"MealTicket":28,"StoneCalendar":[446],"PreservedInsect":414,"Smiling Mask":0,"obtain_stats":[{"Lantern":9,"CeramicFish":30,"StoneCalendar":25,"PreservedInsect":7,"Smiling Mask":48,"Burning Blood":0,"WarpedTongs":39,"Dream Catcher":29,"Centennial Puzzle":54,"Ornamental Fan":13,"Strawberry":41,"MealTicket":19,"Molten Egg 2":23,"Fusion Hammer":17,"Coffee Dripper":34,"Red Skull":26},{"Lantern":5,"CeramicFish":17,"StoneCalendar":16,"PreservedInsect":5,"Smiling Mask":26,"Burning Blood":0,"WarpedTongs":22,"Dream Catcher":17,"Centennial Puzzle":28,"Ornamental Fan":8,"Strawberry":23,"MealTicket":11,"Molten Egg 2":15,"Fusion Hammer":10,"Coffee Dripper":19,"Red Skull":16},{"Lantern":21,"CeramicFish":98,"StoneCalendar":93,"PreservedInsect":21,"Smiling Mask":165,"Burning Blood":0,"WarpedTongs":135,"Dream Catcher":98,"Centennial Puzzle":186,"Ornamental Fan":33,"Strawberry":146,"MealTicket":65,"Molten Egg 2":87,"Fusion Hammer":59,"Coffee Dripper":113,"Red Skull":93}],"Burning Blood":155,"WarpedTongs":[22]},"card_choices":[{"not_picked":["Ghostly Armor","Perfected Strike"],"picked":"Uppercut","floor":1.0},{"not_picked":["Evolve","Seeing Red"],"picked":"Iron Wave","floor":3.0},{"not_picked":["Heavy Blade","Flex"],"picked":"Dropkick","floor":5.0},{"not_picked":["Pommel Strike","Burning Pact"],"picked":"Rampage","floor":7.0},{"not_picked":["Iron Wave","Twin Strike","Wild Strike"],"picked":"SKIP","floor":10.0},{"not_picked":["Wild Strike","Twin Strike","Havoc"],"picked":"SKIP","floor":11.0},{"not_picked":["Dropkick","Warcry"],"picked":"Feed","floor":13.0},{"not_picked":["Havoc","Iron Wave"],"picked":"Cleave","floor":14.0},{"not_picked":["Feed","Barricade"],"picked":"Reaper","floor":16.0},{"not_picked":["Anger","Combust"],"picked":"Spot Weakness","floor":18.0},{"not_picked":["Flex","Entrench"],"picked":"Headbutt","floor":20.0},{"not_picked":["Havoc","Pummel"],"picked":"True Grit","floor":21.0},{"not_picked":["Wild Strike","Clothesline","Hemokinesis"],"picked":"SKIP","floor":22.0},{"not_picked":["Carnage+1","Cleave+1"],"picked":"Limit Break","floor":23.0},{"not_picked":["True Grit","Havoc"],"picked":"Corruption","floor":25.0},{"not_picked":["Second Wind","True Grit"],"picked":"Spot Weakness","floor":29.0},{"not_picked":["Sever Soul+1","Clash+1","Evolve+1"],"picked":"SKIP","floor":31.0},{"not_picked":["Immolate+1","Limit Break"],"picked":"Impervious","floor":33.0},{"not_picked":["Body Slam+1","Flex+1","Intimidate"],"picked":"SKIP","floor":35.0},{"not_picked":["Body Slam+1","Anger+1","Inflame"],"picked":"SKIP","floor":36.0},{"not_picked":["Heavy Blade+1","Cleave+1","Sever Soul+1"],"picked":"SKIP","floor":37.0},{"not_picked":["HandOfGreed+1","Impatience"],"picked":"Apotheosis","floor":38.0},{"not_picked":["Apotheosis","Flash of Steel+1"],"picked":"Purity","floor":38.0},{"not_picked":["Armaments+1","Body Slam+1"],"picked":"Dropkick+1","floor":41.0},{"not_picked":["Perfected Strike+1","Wild Strike+1","Iron Wave+1"],"picked":"SKIP","floor":42.0},{"not_picked":["Twin Strike+1","Havoc"],"picked":"Rage","floor":47.0},{"not_picked":["Dual Wield","Thunderclap+1","Berserk"],"picked":"SKIP","floor":48.0},{"not_picked":["Twin Strike+1","Sever Soul+1","Sword Boomerang+1"],"picked":"SKIP","floor":54.0}],"player_experience":447699,"relics_obtained":[{"floor":7.0,"key":"PreservedInsect"},{"floor":9.0,"key":"Lantern"},{"floor":13.0,"key":"Ornamental Fan"},{"floor":23.0,"key":"Molten Egg 2"},{"floor":25.0,"key":"StoneCalendar"},{"floor":26.0,"key":"Red Skull"},{"floor":29.0,"key":"Dream Catcher"},{"floor":41.0,"key":"Strawberry"},{"floor":48.0,"key":"Smiling Mask"},{"floor":54.0,"key":"Centennial Puzzle"}],"event_choices":[{"damage_healed":0.0,"max_hp_gain":0.0,"max_hp_loss":0.0,"gold_gain":0.0,"event_name":"Shining Light","player_choice":"Entered Light","floor":4.0,"gold_loss":0.0,"damage_taken":23.0,"cards_upgraded":["Strike_R","Strike_R"]},{"damage_healed":0.0,"max_hp_gain":0.0,"max_hp_loss":0.0,"gold_gain":0.0,"event_name":"Addict","player_choice":"Obtained Relic","floor":30.0,"gold_loss":85.0,"damage_taken":0.0,"relics_obtained":["CeramicFish"]},{"damage_healed":0.0,"max_hp_gain":0.0,"max_hp_loss":0.0,"gold_gain":0.0,"event_name":"SensoryStone","player_choice":"Memory 3","floor":38.0,"gold_loss":0.0,"damage_taken":10.0},{"damage_healed":0.0,"max_hp_gain":0.0,"max_hp_loss":0.0,"gold_gain":0.0,"event_name":"Accursed Blacksmith","player_choice":"Rummage","floor":39.0,"gold_loss":0.0,"damage_taken":0.0,"relics_obtained":["WarpedTongs"],"cards_obtained":["Pain"]},{"damage_healed":0.0,"max_hp_gain":0.0,"max_hp_loss":6.0,"gold_gain":0.0,"event_name":"Winding Halls","player_choice":"Max HP","floor":45.0,"gold_loss":0.0,"damage_taken":0.0}],"is_beta":false,"boss_relics":[{"not_picked":["Runic Cube","Empty Cage"],"picked":"Fusion Hammer"},{"not_picked":["Busted Crown","Calling Bell"],"picked":"Coffee Dripper"}],"items_purged_floors":[19,44],"is_endless":false,"potions_floor_spawned":[1,7,10,14,16,18,20,21,31,33,41,42,48,54],"ascension_level":16}}