{"host":"xzk9bt2l7avnb6n5","time":1610487587,"event":{"mods":["Aspiration","BaseMod","Conspire","Downfall","Highlight Path","Infinite Spire","Minty Spire (QoL Compilation)","Replay The Spire","Shop Mod","StSLib","The Wild Card"],"gold_per_floor":[99,114,114,127,146,71,94,124,124,49,34,47,76,95,109,109,109,109],"floor_reached":16,"language":"ENG","playtime":732,"items_purged":[],"score":112,"play_id":"c3749cc4-6e74-4932-ad10-e8cbf2452cd7","local_time":"20210112143947","is_ascension_mode":false,"campfire_choices":[{"floor":1,"key":"RECALL"},{"floor":6,"key":"REST"},{"data":"theWildCard:Metatron","floor":10,"key":"SMITH"}],"circlet_count":0,"master_deck":["hexamod:Strike","hexamod:Strike","hexamod:Strike","hexamod:Strike","hexamod:Defend","hexamod:Defend","hexamod:Defend","hexamod:Defend","hexamod:Sear","hexamod:Float","hexamod:BurningTouch","theWildCard:Metatron+1","hexamod:PhantomCloak","hexamod:RadiantFlame","hexamod:Hexaguard","hexamod:DynamicBlow","hexamod:Firestarter","hexamod:HeatMetal","hexamod:RadiantFlame","hexamod:SpectersWail"],"relics":["hexamod:SpiritBrand","ReplayFunnel","downfall:HeartBlessingRed","Ancient Tea Set","downfall:HeartBlessingBlue","infinitespire:Lucky Rock"],"acts_visited":["Exordium"],"potions_floor_usage":[8,15,16],"damage_taken":[{"damage":0,"enemies":"2 Louse","floor":2,"turns":4},{"damage":0,"enemies":"Small Slimes","floor":4,"turns":3},{"damage":11,"enemies":"Jaw Worm","floor":5,"turns":4},{"damage":31,"enemies":"Gremlin Nob","floor":8,"turns":6},{"damage":10,"enemies":"downfall:FleeingMerchant","floor":11,"turns":4},{"damage":0,"enemies":"Blue Slaver","floor":12,"turns":5},{"damage":29,"enemies":"3 Sentries","floor":13,"turns":11},{"damage":0,"enemies":"Red Slaver","floor":14,"turns":4},{"damage":10,"enemies":"Large Slime","floor":15,"turns":3},{"damage":28,"enemies":"downfall:Defect","floor":16,"turns":5}],"seed_played":"-3622033233205669775","potions_obtained":[{"floor":4,"key":"Explosive Potion"},{"floor":12,"key":"SpeedPotion"},{"floor":14,"key":"LiquidBronze"}],"is_trial":false,"path_per_floor":["R","M","?","M","M","R","T","E","?","R","$","M","E","M","M","B"],"character_chosen":"THE_SPIRIT","items_purchased":[],"campfire_rested":1,"item_purchase_floors":[],"current_hp_per_floor":[70,70,70,70,59,70,70,39,60,70,60,60,31,31,21,0,0,0],"gold":109,"neow_bonus":"RANDOM_COMMON_RELIC","is_daily":false,"chose_seed":false,"campfire_upgraded":1,"win_rate":0.0,"timestamp":1610487587,"path_taken":["R","M","?","M","M","R","T","E","?","R","$","M","E","M","M","BOSS"],"items_purchased_type":[],"build_version":"2020-12-22","purchased_purges":0,"victory":false,"max_hp_per_floor":[70,70,70,70,70,70,70,70,70,80,80,80,80,80,80,80,80,80],"card_choices":[{"not_picked":["hexamod:SwordOfDarkness","hexamod:NightmareStrike"],"picked":"hexamod:BurningTouch","floor":2},{"not_picked":["hexamod:GhostOfSpirePast","hexamod:SwordOfDarkness"],"picked":"hexamod:PhantomCloak","floor":4},{"not_picked":["hexamod:NightmareGuise","hexamod:Rewind"],"picked":"hexamod:RadiantFlame","floor":5},{"not_picked":["hexamod:ShieldOfDarkness","hexamod:BacktrackSmack"],"picked":"hexamod:Hexaguard","floor":8},{"not_picked":["hexamod:NecessarySacrifice","hexamod:FastForward"],"picked":"hexamod:DynamicBlow","floor":11},{"not_picked":["hexamod:GhostOfSpirePresent","hexamod:PhantomFireball"],"picked":"hexamod:Firestarter","floor":12},{"not_picked":["hexamod:GhostOfSpireFuture","hexamod:RetreatToShadows"],"picked":"hexamod:HeatMetal","floor":13},{"not_picked":["hexamod:NecessarySacrifice","hexamod:Haunt"],"picked":"hexamod:RadiantFlame","floor":14},{"not_picked":["hexamod:TurnItUp","hexamod:NightmareGuise"],"picked":"hexamod:SpectersWail","floor":15}],"player_experience":468552,"relics_obtained":[{"floor":8,"key":"Ancient Tea Set"},{"floor":13,"key":"infinitespire:Lucky Rock"}],"event_choices":[],"is_beta":false,"boss_relics":[],"items_purged_floors":[],"is_endless":false,"potions_floor_spawned":[4,8,12,14],"killed_by":"downfall:Defect","ascension_level":0}}