{"host":"y89x8uui45kcjy42","time":1610435409,"event":{"mods":["2.2 Compatiblity","BaseMod","CapriCore","Colored Map","Colored Powertips","Custom Start","Friendly Minions","Keyboard Shortcuts","Minty Spire (QoL Compilation)","Relic Stats","Slay the Relics Exporter","StSLib","SuperFastMode","Uncapped"],"gold_per_floor":[217,142,142,154,173,173,37,70,70,70,145,67,79,113,113,187,187,206,186,26,42,56,56,84,84,131,156,156,156,156,156,156,235,235,251,87,0,0,0,27,61,61,61,61,89,108,108,140,140,140,140,140,140,66,101,101],"floor_reached":57,"playtime":2194,"items_purged":["Calculated Gamble+1"],"score":3591,"play_id":"c33238d5-e73d-4877-82f9-13f95ce5e638","local_time":"20210112161009","is_ascension_mode":true,"campfire_choices":[{"data":"Neutralize","floor":6,"key":"SMITH"},{"data":"Tactician","floor":10,"key":"SMITH"},{"data":"Well Laid Plans","floor":15,"key":"SMITH"},{"data":"Tools of the Trade","floor":23,"key":"SMITH"},{"floor":25,"key":"RECALL"},{"data":"Noxious Fumes","floor":28,"key":"SMITH"},{"data":"Calculated Gamble","floor":32,"key":"SMITH"},{"data":"Madness","floor":42,"key":"SMITH"},{"data":"Heel Hook","floor":44,"key":"SMITH"},{"data":"Acrobatics","floor":49,"key":"SMITH"},{"data":"Acrobatics","floor":53,"key":"SMITH"}],"circlet_count":0,"master_deck":["Survivor","Neutralize+1","Reprogram+1","Backflip","Acrobatics+1","Tactician+1","Well Laid Plans+1","PiercingWail","Heel Hook+1","Tools of the Trade+1","Acrobatics+1","Noxious Fumes+1","After Image","Madness+1","Reflex","Envenom"],"relics":["Ring of the Serpent","InkBottle","Sundial","Turnip","TungstenRod","Paper Crane","Art of War","SacredBark","Potion Belt","ClockworkSouvenir","Pen Nib","Boot","Torii","Calipers","HandDrill","Red Mask","WingedGreaves","Anchor","Shuriken","Ornamental Fan","Question Card","Orrery","Oddly Smooth Stone","Coffee Dripper"],"acts_visited":["Exordium","TheCity","TheBeyond","TheEnding"],"potions_floor_usage":[35,51,56,56,56],"damage_taken":[{"damage":0,"enemies":"Small Slimes","floor":1,"turns":4},{"damage":0,"enemies":"Jaw Worm","floor":4,"turns":2},{"damage":0,"enemies":"2 Louse","floor":5,"turns":2},{"damage":9,"enemies":"Lagavulin","floor":8,"turns":5},{"damage":0,"enemies":"Looter","floor":13,"turns":2},{"damage":19,"enemies":"Gremlin Nob","floor":14,"turns":4},{"damage":0,"enemies":"The Guardian","floor":16,"turns":7},{"damage":2,"enemies":"Chosen","floor":18,"turns":6},{"damage":11,"enemies":"Spheric Guardian","floor":21,"turns":4},{"damage":9,"enemies":"Centurion and Healer","floor":22,"turns":4},{"damage":0,"enemies":"Slavers","floor":24,"turns":4},{"damage":19,"enemies":"Book of Stabbing","floor":27,"turns":4},{"damage":0,"enemies":"Collector","floor":33,"turns":2},{"damage":0,"enemies":"3 Shapes","floor":35,"turns":2},{"damage":0,"enemies":"Giant Head","floor":40,"turns":2},{"damage":0,"enemies":"Reptomancer","floor":41,"turns":2},{"damage":0,"enemies":"Giant Head","floor":45,"turns":2},{"damage":0,"enemies":"Orb Walker","floor":46,"turns":2},{"damage":0,"enemies":"Reptomancer","floor":48,"turns":2},{"damage":0,"enemies":"Awakened One","floor":50,"turns":3},{"damage":0,"enemies":"Donu and Deca","floor":51,"turns":1},{"damage":0,"enemies":"Shield and Spear","floor":55,"turns":1},{"damage":0,"enemies":"The Heart","floor":56,"turns":5}],"seed_played":"6341560887480401703","potions_obtained":[{"floor":1,"key":"Dexterity Potion"},{"floor":5,"key":"SpeedPotion"},{"floor":13,"key":"Strength Potion"},{"floor":19,"key":"Explosive Potion"},{"floor":46,"key":"LiquidMemories"},{"floor":48,"key":"LiquidMemories"}],"is_trial":false,"path_per_floor":["M","?","?","M","M","R","$","E","T","R","?","$","M","E","R","B",null,"M","?","$","M","M","R","E","R","T","E","R","?","$","?","R","B",null,"M","$","?","?","?","E","E","R","T","R","E","M","T","E","R","B","B",null,"R","$","E","B",null],"character_chosen":"THE_SILENT","items_purchased":["Acrobatics","Tactician","Well Laid Plans","ClockworkSouvenir","HandDrill","Dexterity Potion","Reflex","Orrery"],"campfire_rested":0,"item_purchase_floors":[7,7,12,20,36,54,54,54],"current_hp_per_floor":[59,59,59,59,59,59,59,50,50,50,39,39,39,66,66,66,66,64,64,64,53,44,44,44,44,44,25,25,25,25,8,8,8,55,55,55,55,55,55,55,55,55,55,55,55,55,55,55,55,55,55,67,67,67,67,67],"gold":101,"neow_bonus":"HUNDRED_GOLD","is_daily":false,"chose_seed":false,"campfire_upgraded":10,"win_rate":0.0,"timestamp":1610435409,"path_taken":["M","?","?","M","M","R","?","E","T","R","?","?","M","E","R","BOSS","M","?","$","?","M","R","E","R","T","E","R","?","$","?","R","BOSS","M","$","?","?","?","E","E","R","T","R","E","M","?","E","R","BOSS","BOSS","R","$","E","BOSS"],"items_purchased_type":["Card","Card","Card","Relic","Relic","Potion","Card","Relic"],"build_version":"2020-12-22","purchased_purges":1,"victory":true,"max_hp_per_floor":[66,66,66,66,66,66,66,66,66,66,66,66,66,66,66,66,66,66,66,66,66,66,66,66,66,66,66,66,66,66,71,71,71,71,71,71,71,71,71,71,71,71,71,71,71,71,71,71,71,71,71,71,71,71,71,71],"relic_stats":{"Torii":5,"counters":[23,72],"Pen Nib":[20],"Boot":[5],"Question Card":6,"Sundial":[174],"Shuriken":[43],"Ornamental Fan":[172],"Turnip":[9],"Art of War":[2],"HandDrill":[0],"obtain_stats":[{"Calipers":35,"Torii":27,"SacredBark":17,"Boot":26,"ClockworkSouvenir":20,"Sundial":9,"WingedGreaves":38,"HandDrill":36,"Red Mask":37,"InkBottle":8,"Ring of the Snake":0,"Paper Frog":12,"Potion Belt":19,"Oddly Smooth Stone":55,"Pen Nib":24,"Paper Crane":12,"Question Card":48,"Anchor":40,"Shuriken":41,"Ornamental Fan":43,"Orrery":54,"Turnip":11,"Art of War":14,"Coffee Dripper":55,"TungstenRod":11,"Ring of the Serpent":34},{"Calipers":14,"Torii":12,"SacredBark":7,"Boot":11,"ClockworkSouvenir":8,"Sundial":4,"WingedGreaves":14,"HandDrill":14,"Red Mask":14,"InkBottle":4,"Ring of the Snake":0,"Paper Frog":4,"Potion Belt":8,"Oddly Smooth Stone":22,"Pen Nib":11,"Paper Crane":4,"Question Card":19,"Anchor":15,"Shuriken":16,"Ornamental Fan":16,"Orrery":21,"Turnip":4,"Art of War":6,"Coffee Dripper":22,"TungstenRod":4,"Ring of the Serpent":13},{"Calipers":52,"Torii":48,"SacredBark":26,"Boot":44,"ClockworkSouvenir":32,"Sundial":13,"WingedGreaves":52,"HandDrill":52,"Red Mask":52,"InkBottle":13,"Ring of the Snake":0,"Paper Frog":13,"Potion Belt":32,"Oddly Smooth Stone":67,"Pen Nib":44,"Paper Crane":13,"Question Card":62,"Anchor":54,"Shuriken":56,"Ornamental Fan":56,"Orrery":66,"Turnip":13,"Art of War":19,"Coffee Dripper":67,"TungstenRod":13,"Ring of the Serpent":50}],"InkBottle":[80],"TungstenRod":22},"card_choices":[{"not_picked":["Bouncing Flask","Flying Knee"],"picked":"Quick Slash","floor":1},{"not_picked":["Deadly Poison","Bouncing Flask"],"picked":"Flechettes","floor":4},{"not_picked":["Cloak And Dagger","Dash"],"picked":"Backflip","floor":5},{"not_picked":["Dodge and Roll","Dash","Sucker Punch"],"picked":"SKIP","floor":8},{"not_picked":["Slice","Riddle With Holes"],"picked":"PiercingWail","floor":13},{"not_picked":["Predator","Terror"],"picked":"Heel Hook","floor":14},{"not_picked":["Unload","Bullet Time"],"picked":"Tools of the Trade","floor":16},{"not_picked":["Poisoned Stab+1","PiercingWail"],"picked":"Calculated Gamble","floor":18},{"not_picked":["Deadly Poison","Calculated Gamble","Flying Knee"],"picked":"SKIP","floor":21},{"not_picked":["Bane","Endless Agony+1"],"picked":"Acrobatics","floor":22},{"not_picked":["Dodge and Roll","Doppelganger","Finisher"],"picked":"SKIP","floor":24},{"not_picked":["Dodge and Roll","Cloak And Dagger"],"picked":"Noxious Fumes","floor":27},{"not_picked":["Envenom","Bullet Time"],"picked":"After Image","floor":33},{"not_picked":["Accuracy","Setup","Underhanded Strike"],"picked":"SKIP","floor":35},{"not_picked":["Chrysalis","HandOfGreed"],"picked":"Madness","floor":38},{"not_picked":["Underhanded Strike","Flying Knee","Wraith Form v2"],"picked":"SKIP","floor":40},{"not_picked":["Outmaneuver","Choke","Expertise"],"picked":"SKIP","floor":41},{"not_picked":["Flying Knee","Expertise","Acrobatics"],"picked":"SKIP","floor":45},{"not_picked":["Deadly Poison","Acrobatics+1","Underhanded Strike"],"picked":"SKIP","floor":46},{"not_picked":["Setup","Cloak And Dagger+1","Dodge and Roll"],"picked":"SKIP","floor":48},{"not_picked":["Prepared","Concentrate","Bane"],"picked":"Envenom","floor":55}],"player_experience":597898,"relics_obtained":[{"floor":8,"key":"InkBottle"},{"floor":9,"key":"Sundial"},{"floor":14,"key":"Art of War"},{"floor":24,"key":"Pen Nib"},{"floor":26,"key":"Boot"},{"floor":27,"key":"Torii"},{"floor":40,"key":"Anchor"},{"floor":41,"key":"Shuriken"},{"floor":43,"key":"Ornamental Fan"},{"floor":45,"key":"Turnip"},{"floor":48,"key":"Question Card"},{"floor":55,"key":"Oddly Smooth Stone"}],"event_choices":[{"cards_removed":["Defend_G"],"damage_healed":0,"gold_gain":0,"player_choice":"Card Removal","damage_taken":0,"max_hp_gain":0,"max_hp_loss":0,"event_name":"The Cleric","floor":2,"gold_loss":75},{"damage_healed":0,"gold_gain":0,"player_choice":"Ignored","damage_taken":0,"max_hp_gain":0,"max_hp_loss":0,"event_name":"Liars Game","floor":3,"gold_loss":0},{"damage_healed":0,"gold_gain":75,"player_choice":"Gather Gold","damage_taken":11,"max_hp_gain":0,"max_hp_loss":0,"event_name":"World of Goop","floor":11,"gold_loss":0},{"damage_healed":0,"gold_gain":0,"player_choice":"Bought 1 Potion","damage_taken":0,"max_hp_gain":0,"max_hp_loss":0,"event_name":"The Woman in Blue","floor":19,"gold_loss":0},{"cards_removed":["Flechettes"],"damage_healed":0,"gold_gain":0,"player_choice":"Elegance","damage_taken":0,"max_hp_gain":0,"max_hp_loss":0,"event_name":"Back to Basics","floor":29,"gold_loss":0},{"damage_healed":0,"gold_gain":0,"player_choice":"Shed Blood","damage_taken":23,"max_hp_gain":5,"max_hp_loss":0,"event_name":"Forgotten Altar","floor":31,"gold_loss":0},{"damage_healed":0,"gold_gain":0,"player_choice":"Paid","damage_taken":0,"relics_obtained":["Red Mask"],"max_hp_gain":0,"max_hp_loss":0,"event_name":"Tomb of Lord Red Mask","floor":37,"gold_loss":87},{"damage_healed":0,"gold_gain":0,"player_choice":"Memory 1","damage_taken":0,"max_hp_gain":0,"max_hp_loss":0,"event_name":"SensoryStone","floor":38,"gold_loss":0},{"cards_removed":["Quick Slash"],"damage_healed":0,"gold_gain":0,"player_choice":"Removed Attack","damage_taken":0,"max_hp_gain":0,"max_hp_loss":0,"event_name":"Falling","floor":39,"gold_loss":0}],"is_beta":false,"boss_relics":[{"not_picked":["Tiny House","Ectoplasm"],"picked":"SacredBark"},{"not_picked":["Fusion Hammer","Snecko Eye"],"picked":"Ring of the Serpent"}],"items_purged_floors":[54],"is_endless":false,"potions_floor_spawned":[1,5,13,18,46,48,55],"ascension_level":20}}