{"host":"appz8zkad29u9482","time":1610493098,"event":{"mods":["2.2 Compatiblity","Act Like it!","Aspiration","BaseMod","Beaked The Cultist","Better Altar","Better Match","Better Note","Better Skull","Better Third Choice","BetterRewards","CapriCore","Conspire","Disable Question Mark Monsters","Energized Spire","Gensokyo","GifTheSpireLib","Gold Saver","Halation","Hermit","Hubris","Infinite Spire","Jedi Mod","Marisa????????","Minty Spire (QoL Compilation)","Permanent Neow","Reimu??????","Replay The Spire","Somnambulant","Spicy Shops","StSLib","Strawberry Spire","Stuff the Spire","The Administrix","The Animator","The Cursed","The Hierophant","The Immortal","yUi"],"gold_per_floor":[404,421,391,402,58,58,72,72,72],"floor_reached":8,"language":"ENG","playtime":435,"items_purged":[],"score":58,"play_id":"43c88990-c4db-42dc-98bc-a3d8938f8968","local_time":"20210112131138","is_ascension_mode":true,"campfire_choices":[{"data":"Footwork","floor":6,"key":"SMITH"}],"circlet_count":0,"master_deck":["Strike_G","Strike_G","Strike_G","Strike_G","Strike_G","Defend_G","Defend_G","Defend_G","Defend_G","Defend_G","Survivor","Neutralize","ReplayTheSpireMod:Faulty Equipment","Flying Knee","StuffTheSpire:Python","Footwork+1","Deflect","jedi:collectorvenom"],"relics":["Ring of the Snake","Ornamental Fan","halation:Thesaurus","Prayer Wheel"],"acts_visited":["Exordium"],"potions_floor_usage":[7],"damage_taken":[{"damage":1,"enemies":"conspire:RoseBush","floor":1,"turns":4},{"damage":0,"enemies":"Cultist","floor":2,"turns":4},{"damage":5,"enemies":"Jaw Worm","floor":4,"turns":4},{"damage":10,"enemies":"Exordium Wildlife","floor":7,"turns":2},{"damage":55,"enemies":"Gremlin Nob","floor":8,"turns":7}],"seed_played":"-3128416165643146895","potions_obtained":[{"floor":1,"key":"Elixir"},{"floor":3,"key":"conspire:TimeTravelPotion"},{"floor":3,"key":"Explosive Potion"},{"floor":4,"key":"Venom Potion"}],"is_trial":false,"path_per_floor":["M","M","?","M","$","R","M","E"],"character_chosen":"THE_SILENT","items_purchased":["Footwork","Ornamental Fan","halation:Thesaurus"],"campfire_rested":0,"item_purchase_floors":[5,5,5],"current_hp_per_floor":[69,69,69,64,64,64,54,0,0],"gold":72,"neow_bonus":"ONE_RARE_RELIC","is_daily":false,"chose_seed":false,"campfire_upgraded":1,"win_rate":0.0,"timestamp":1610493098,"path_taken":["M","M","?","?","$","R","M","E"],"items_purchased_type":["Card","Relic","Relic"],"build_version":"2020-12-22","purchased_purges":0,"victory":false,"max_hp_per_floor":[70,70,70,70,70,70,70,70,70],"card_choices":[{"not_picked":["Replay:Poison Smokescreen","strawberrySpire:SpinKick"],"picked":"Flying Knee","floor":1},{"not_picked":["StuffTheSpire:ClusterCrunch","strawberrySpire:Pant"],"picked":"StuffTheSpire:Python","floor":2},{"not_picked":["Terror","Bane","Sucker Punch"],"picked":"SKIP","floor":4},{"not_picked":["Flying Knee","Underhanded Strike"],"picked":"Deflect","floor":7},{"not_picked":["ReplayTheSpireMod:The Works","Accuracy"],"picked":"jedi:collectorvenom","floor":7}],"player_experience":545620,"relics_obtained":[],"event_choices":[{"damage_healed":0,"gold_gain":0,"player_choice":"Bought 2 Potions","damage_taken":0,"max_hp_gain":0,"max_hp_loss":0,"event_name":"The Woman in Blue","floor":3,"gold_loss":0}],"is_beta":false,"boss_relics":[],"items_purged_floors":[],"is_endless":false,"potions_floor_spawned":[1,4],"killed_by":"Gremlin Nob","ascension_level":4}}