{"host":"dn6kke80v5f7isus","time":1610437483,"event":{"mods":["AchievementEnabler","Act Like it!","BaseMod","Colored Powertips","Custom Start","Defuse TimeMaze Blight","Downfall","Duelist Mod","Gremlin Skip","Highlight Path","Hubris","Infinite Spire","Minty Spire (QoL Compilation)","Rare Cards Sparkle","Replay The Spire","StSLib","Uncapped"],"gold_per_floor":[125,141,141,126,111,130,130,130,157,174,199,218,232,249,267,415,415,265,279,469,488,573,573,573,589,605,574,574,574],"floor_reached":28,"playtime":1277,"items_purged":[],"score":321,"play_id":"a5f2c36b-dab5-4251-a1fb-45771b8e1094","local_time":"20210112024443","is_ascension_mode":true,"campfire_choices":[{"floor":1,"key":"RECALL"},{"data":"theDuelist:OjamaEmperor","floor":18,"key":"SMITH"},{"floor":23,"key":"REST"}],"circlet_count":0,"master_deck":["theDuelist:OjamaBlack","theDuelist:OjamaBlack","theDuelist:OjamaCountry+1","theDuelist:OjamaCountry","theDuelist:OjamaGreen","theDuelist:OjamaGreen+1","theDuelist:OjamaTrio","theDuelist:OjamaYellow","theDuelist:GarbageLord","theDuelist:OjamaDeltaHurricane","theDuelist:OjamaBlack","theDuelist:Mudballman","theDuelist:OjamaBlack","theDuelist:FlyingSaucer","theDuelist:HappyLover","theDuelist:Mudballman","theDuelist:OjamaEmperor+1","theDuelist:OjamaBlack","theDuelist:OjamaBlack","theDuelist:GarbageLord","theDuelist:GarbageLord"],"relics":["theDuelist:MillenniumPuzzle","theDuelist:CardPoolRelic","theDuelist:CardPoolBasicRelic","theDuelist:BoosterPackPoolRelic","theDuelist:CardPoolAddRelic","theDuelist:CardPoolMinusRelic","theDuelist:CardPoolSaveRelic","theDuelist:CardPoolOptionsRelic","War Paint","hubris:TinFlute","infinitespire:Lucky Rock","hubris:Stopwatch","downfall:HeartBlessingGreen","downfall:HeartBlessingRed","hexamod:BolsterEngine","MealTicket"],"acts_visited":["Exordium","TheCity"],"potions_floor_usage":[9,16,16,28,28],"damage_taken":[{"damage":10,"enemies":"Small Slimes","floor":2,"turns":2},{"damage":10,"enemies":"downfall:FleeingMerchant","floor":4,"turns":4},{"damage":3,"enemies":"downfall:FleeingMerchant","floor":5,"turns":4},{"damage":0,"enemies":"Cultist","floor":6,"turns":2},{"damage":0,"enemies":"Gremlin Nob","floor":9,"turns":2},{"damage":0,"enemies":"2 Louse","floor":10,"turns":1},{"damage":9,"enemies":"3 Sentries","floor":11,"turns":2},{"damage":7,"enemies":"Blue Slaver","floor":12,"turns":2},{"damage":0,"enemies":"2 Fungi Beasts","floor":13,"turns":2},{"damage":0,"enemies":"Large Slime","floor":14,"turns":1},{"damage":0,"enemies":"3 Louse","floor":15,"turns":2},{"damage":8,"enemies":"Fading Forest","floor":16,"turns":11},{"damage":10,"enemies":"Shell Parasite","floor":19,"turns":2},{"damage":10,"enemies":"Chosen","floor":21,"turns":3},{"damage":33,"enemies":"Shelled Parasite and Fungi","floor":25,"turns":4},{"damage":3,"enemies":"Centurion and Healer","floor":26,"turns":2},{"damage":0,"enemies":"downfall:FleeingMerchant","floor":27,"turns":1},{"damage":19,"enemies":"Nightmare","floor":28,"turns":3}],"seed_played":"-7534758806478556124","potions_obtained":[{"floor":6,"key":"theDuelist:ReducerPotion"},{"floor":10,"key":"theDuelist:ExtraOrbsBottle"},{"floor":11,"key":"Swift Potion"},{"floor":12,"key":"theDuelist:LavaBottle"},{"floor":26,"key":"SpeedPotion"}],"is_trial":false,"path_per_floor":["R","M","?","$","$","M","T","?","E","M","E","M","M","M","M","B",null,"R","M","?","M","?","R","T","M","M","$","NM"],"character_chosen":"THE_DUELIST","items_purchased":["hexamod:BolsterEngine","MealTicket","theDuelist:GarbageLord"],"campfire_rested":1,"item_purchase_floors":[27,27,27],"current_hp_per_floor":[88,78,83,73,70,70,70,70,70,70,61,54,54,54,54,56,88,88,78,43,33,13,39,39,19,16,16,0,0],"gold":574,"neow_bonus":"TEN_PERCENT_HP_BONUS","is_daily":false,"chose_seed":false,"campfire_upgraded":1,"win_rate":0.0,"timestamp":1610437483,"path_taken":["R","M","?","?","$","M","T","?","E","M","E","M","?","M","M","BOSS","R","M","?","M","?","R","T","M","M","$","NM"],"items_purchased_type":["Relic","Relic","Card"],"build_version":"2020-12-22","purchased_purges":0,"victory":false,"max_hp_per_floor":[88,88,88,88,88,88,88,88,88,88,88,88,88,88,88,88,88,88,88,88,88,88,88,88,88,88,88,88,88],"card_choices":[{"not_picked":["theDuelist:NeoMagic","theDuelist:DarkTinker","theDuelist:DunamesDarkWitch","theDuelist:Pumprincess","theDuelist:GiantOrc"],"picked":"SKIP","floor":2},{"not_picked":["theDuelist:Pumpking","theDuelist:SpiralSpearStrike","theDuelist:CrystalRaigeki","theDuelist:KamionTimelord"],"picked":"theDuelist:GarbageLord","floor":4},{"not_picked":["theDuelist:SpiralSpearStrike","theDuelist:Ojamuscle","theDuelist:RainbowRuins","theDuelist:Yami"],"picked":"theDuelist:OjamaDeltaHurricane","floor":5},{"not_picked":["theDuelist:WhiteHowling","theDuelist:CrystalRaigeki","theDuelist:DarkHorizon","theDuelist:IcyCrevasse","theDuelist:StatueAnguishPattern"],"picked":"SKIP","floor":6},{"not_picked":["theDuelist:EvilswarmNightmare","theDuelist:FiendMegacyber","theDuelist:TributeDoomed","theDuelist:SpiralSpearStrike"],"picked":"theDuelist:OjamaBlack","floor":9},{"not_picked":["theDuelist:SpiralSpearStrike","theDuelist:CircleFireKings","theDuelist:FabledAshenveil","theDuelist:MindAir"],"picked":"theDuelist:Mudballman","floor":10},{"not_picked":["theDuelist:DarkMagician","theDuelist:OjamaYellow","theDuelist:DunamesDarkWitch","theDuelist:CosmoBrain"],"picked":"theDuelist:OjamaBlack","floor":11},{"not_picked":["theDuelist:Zombyra","theDuelist:OjamaKnight","theDuelist:OjamaYellow","theDuelist:Ojamatch"],"picked":"theDuelist:FlyingSaucer","floor":12},{"not_picked":["theDuelist:Zombyra","theDuelist:Illusionist","theDuelist:OjamaKnight","theDuelist:KingYami"],"picked":"theDuelist:HappyLover","floor":13},{"not_picked":["theDuelist:EvilswarmHeliotrope","theDuelist:Mudora","theDuelist:FutureFusion","theDuelist:GiantSoldierSteel","theDuelist:MillenniumScorpion"],"picked":"SKIP","floor":14},{"not_picked":["theDuelist:NeoMagic","theDuelist:DarkTinker","theDuelist:DarkMagicianGirl","theDuelist:Illusionist"],"picked":"theDuelist:Mudballman","floor":15},{"not_picked":["theDuelist:SwordsRevealing","theDuelist:SangaWater","theDuelist:OjamaKing","theDuelist:OjamaRed"],"picked":"theDuelist:OjamaEmperor","floor":16},{"not_picked":["theDuelist:Tierra","theDuelist:DarkBlade","theDuelist:FabledAshenveil"],"picked":"SKIP","floor":19},{"not_picked":["theDuelist:DarkTinker","theDuelist:FlyingSaucer","theDuelist:OnslaughtFireKings","theDuelist:RainbowNeos"],"picked":"theDuelist:OjamaBlack","floor":20},{"not_picked":["theDuelist:GiantOrc","theDuelist:OjamaKnight+1","theDuelist:OjamaCountry+1","theDuelist:SummonedSkull+1"],"picked":"theDuelist:OjamaBlack","floor":21},{"not_picked":["theDuelist:RainbowFlower","theDuelist:Eva","theDuelist:IrisEarthMother","theDuelist:KamionTimelord","theDuelist:QueenDragunDjinn"],"picked":"SKIP","floor":25},{"not_picked":["theDuelist:RainbowFlower","theDuelist:RainbowNeos","theDuelist:DunamesDarkWitch","theDuelist:Eva","theDuelist:QueenDragunDjinn"],"picked":"SKIP","floor":26},{"not_picked":["theDuelist:BigFire+1","theDuelist:RainbowGravity+1","theDuelist:HaneHane","theDuelist:FluteKuriboh","theDuelist:Kuribohrn"],"picked":"SKIP","floor":27}],"player_experience":613338,"relics_obtained":[{"floor":7,"key":"War Paint"},{"floor":9,"key":"hubris:TinFlute"},{"floor":11,"key":"infinitespire:Lucky Rock"}],"event_choices":[{"cards_removed":["theDuelist:OjamaYellow"],"damage_healed":5,"gold_gain":0,"player_choice":"Offered Common","damage_taken":0,"max_hp_gain":0,"max_hp_loss":0,"event_name":"Bonfire Elementals","floor":3,"gold_loss":0},{"cards_removed":["theDuelist:OjamaYellow"],"damage_healed":5,"gold_gain":0,"player_choice":"Offered Special","damage_taken":0,"max_hp_gain":0,"max_hp_loss":0,"event_name":"Bonfire Elementals","floor":3,"gold_loss":0}],"is_beta":false,"boss_relics":[{"not_picked":["hubris:HollowSoul","Runic Dome"],"picked":"hubris:Stopwatch"}],"items_purged_floors":[],"is_endless":false,"potions_floor_spawned":[6,10,11,12,13,15,25,26],"killed_by":"Nightmare","ascension_level":1}}