{"host":"wg33yb1rgt3nbe17","time":1610439065,"event":{"mods":["AchievementEnabler","BaseMod","Colored Map","Minty Spire (QoL Compilation)","Permanent Neow","Relic Stats","StSLib"],"gold_per_floor":[115,40,59,79,79,108,108,127,127,127,71,90,117,128,128,128,128],"floor_reached":16,"playtime":525,"items_purged":[],"score":218,"play_id":"5798fa26-f83d-43a5-855e-b19e81b78769","local_time":"20210112031105","is_ascension_mode":true,"campfire_choices":[{"data":"Uppercut","floor":7,"key":"SMITH"},{"data":"Corruption","floor":10,"key":"SMITH"},{"data":"Barricade","floor":15,"key":"SMITH"}],"circlet_count":0,"master_deck":["AscendersBane","Strike_R","Strike_R","Strike_R","Strike_R","Strike_R","Defend_R","Defend_R","Defend_R","Bash","Flex","Inflame","Uppercut+1","True Grit","Corruption+1","Flex","Shrug It Off","Dark Embrace","Barricade+1"],"relics":["Burning Blood","Ancient Tea Set","Incense Burner","Smiling Mask","Turnip","Blood Vial"],"acts_visited":["Exordium"],"potions_floor_usage":[6,13,16],"damage_taken":[{"damage":16,"enemies":"Small Slimes","floor":1,"turns":4},{"damage":14,"enemies":"Jaw Worm","floor":3,"turns":4},{"damage":8,"enemies":"2 Louse","floor":4,"turns":3},{"damage":6,"enemies":"Gremlin Nob","floor":6,"turns":3},{"damage":16,"enemies":"Exordium Thugs","floor":8,"turns":4},{"damage":15,"enemies":"3 Louse","floor":12,"turns":4},{"damage":8,"enemies":"3 Sentries","floor":13,"turns":10},{"damage":11,"enemies":"Large Slime","floor":14,"turns":6},{"damage":29,"enemies":"Hexaghost","floor":16,"turns":8}],"seed_played":"-8477579741154593711","potions_obtained":[{"floor":4,"key":"LiquidMemories"},{"floor":6,"key":"HeartOfIron"},{"floor":13,"key":"SmokeBomb"},{"floor":14,"key":"DuplicationPotion"}],"is_trial":false,"path_per_floor":["M","?","M","M","T","E","R","M","T","R","$","M","E","M","R","B"],"character_chosen":"IRONCLAD","items_purchased":["Flex"],"campfire_rested":0,"item_purchase_floors":[11],"current_hp_per_floor":[58,58,50,48,48,48,48,38,38,38,38,29,27,24,24,0,0],"gold":128,"neow_bonus":"RANDOM_COMMON_RELIC","is_daily":false,"chose_seed":false,"campfire_upgraded":3,"win_rate":0.0,"timestamp":1610439065,"path_taken":["M","?","M","M","?","E","R","M","T","R","$","M","E","M","R","BOSS"],"items_purchased_type":["Card"],"build_version":"2020-12-22","purchased_purges":0,"victory":false,"max_hp_per_floor":[75,75,75,75,75,75,75,75,75,75,75,75,75,75,75,75,75],"relic_stats":{"Blood Vial":4,"counters":[9,46],"Turnip":[7],"Smiling Mask":0,"obtain_stats":[{"Blood Vial":13,"Turnip":9,"Incense Burner":5,"Ancient Tea Set":0,"Smiling Mask":6,"Burning Blood":0},{"Blood Vial":7,"Turnip":5,"Incense Burner":3,"Ancient Tea Set":0,"Smiling Mask":4,"Burning Blood":0},{"Blood Vial":32,"Turnip":18,"Incense Burner":11,"Ancient Tea Set":0,"Smiling Mask":14,"Burning Blood":0}],"Burning Blood":48},"card_choices":[{"not_picked":["Cleave","Thunderclap"],"picked":"Flex","floor":1},{"not_picked":["Havoc","Clash"],"picked":"Inflame","floor":3},{"not_picked":["Twin Strike","Clothesline"],"picked":"Uppercut","floor":4},{"not_picked":["Armaments","Searing Blow"],"picked":"True Grit","floor":6},{"not_picked":["Power Through","Perfected Strike"],"picked":"Corruption","floor":8},{"not_picked":["Combust","Wild Strike"],"picked":"Shrug It Off","floor":12},{"not_picked":["Evolve","Shrug It Off"],"picked":"Dark Embrace","floor":13},{"not_picked":["Carnage","Havoc"],"picked":"Barricade","floor":14}],"player_experience":559028,"relics_obtained":[{"floor":5,"key":"Incense Burner"},{"floor":6,"key":"Smiling Mask"},{"floor":9,"key":"Turnip"},{"floor":13,"key":"Blood Vial"}],"event_choices":[{"cards_removed":["Defend_R"],"damage_healed":0,"gold_gain":0,"player_choice":"Card Removal","damage_taken":0,"max_hp_gain":0,"max_hp_loss":0,"event_name":"The Cleric","floor":2,"gold_loss":75}],"is_beta":false,"boss_relics":[],"items_purged_floors":[],"is_endless":false,"potions_floor_spawned":[4,6,13,14],"killed_by":"Hexaghost","ascension_level":19}}