{"host":"aryhiqwk5b07l19u","time":1610446137,"event":{"mods":["Act Like it!","Arknights The Spire","BaseMod","Better Third Choice","Colored Powertips","Downfall","Gensokyo","HololiveMod","Koishi","Marisa£®ÏF”Í°°ƒß¿Ì…≥£©","Minty Spire (QoL Compilation)","Quick Restart","Rare Cards Sparkle","Reimu£®≤©¿ˆ¡È√Œ£©","Relic Stats","Remilia£®¿Ÿ√◊¿Ú—«£©","Replay The Spire","StSLib","The Administrix","The Construct","The Servant 0.9.4","Yakumo Yukari mod","Youmu£®ªÍ∆«—˝√Œ£©","Yuyuko"],"gold_per_floor":[99,99,99,116,136,61,61,61,95,20,20,20,46,46,59,59,59,59],"floor_reached":16,"playtime":511,"items_purged":[],"score":131,"play_id":"d05f360c-9437-4fe3-ad23-8b6685addd36","local_time":"20210112180857","is_ascension_mode":false,"campfire_choices":[{"floor":1.0,"key":"RECALL"},{"data":"champ:Taunt","floor":6.0,"key":"SMITH"},{"data":"champ:ViciousMockery","floor":8.0,"key":"SMITH"},{"data":"champ:DancingMaster","floor":10.0,"key":"SMITH"},{"data":"champ:GladiatorsShout","floor":12.0,"key":"SMITH"}],"circlet_count":0,"master_deck":["champ:Strike","champ:Strike","champ:Strike","champ:Strike","champ:Defend","champ:Defend","champ:Defend","champ:Defend","champ:Execute+1","champ:Taunt+1","champ:ViciousMockery+1","champ:GladiatorsShout+1","champ:DancingMaster+1","champ:StanceDance+1","champ:Shatter+1","champ:EndlessRage"],"relics":["champ:ChampionCrown","NeowsBlessing","Ice Cream","downfall:HeartBlessingRed","Molten Egg 2","champ:DefensiveTrainingManual","downfall:HeartBlessingGreen","Meat on the Bone","Mango"],"acts_visited":["Gensokyo:Gensokyo"],"potions_floor_usage":[],"damage_taken":[{"damage":5.0,"enemies":"Gensokyo:3_Fairies","floor":4.0,"turns":2.0},{"damage":0.0,"enemies":"Gensokyo:Gryphon","floor":5.0,"turns":1.0},{"damage":0.0,"enemies":"Gensokyo:Mamizou","floor":9.0,"turns":2.0},{"damage":55.0,"enemies":"Gensokyo:Cirno","floor":13.0,"turns":8.0},{"damage":8.0,"enemies":"Gensokyo:Python","floor":15.0,"turns":3.0},{"damage":85,"enemies":"downfall:Ironclad","floor":16,"turns":9}],"seed_played":"-6856111319143722409","potions_obtained":[{"floor":13.0,"key":"Swift Potion"},{"floor":15.0,"key":"Elixir"}],"is_trial":false,"path_per_floor":["R","?","T","M","M","R","T","R","E","R","?","R","E","?","M","B"],"character_chosen":"THE_CHAMP","items_purchased":[],"campfire_rested":0,"item_purchase_floors":[],"current_hp_per_floor":[90,90,90,90,90,90,90,90,90,90,90,90,58,51,60,0,0,0],"gold":59,"neow_bonus":"THREE_ENEMY_KILL","is_daily":false,"chose_seed":false,"campfire_upgraded":4,"win_rate":0.0,"timestamp":1610446137,"path_taken":["R","?","?","M","M","R","T","R","E","R","?","R","E","?","M","BOSS"],"items_purchased_type":[],"build_version":"2020-12-22","purchased_purges":0,"victory":false,"max_hp_per_floor":[90,90,90,90,90,90,90,90,90,90,90,90,90,104,104,104,104,104],"relic_stats":{"counters":[6,25],"obtain_stats":[{"Ice Cream":3,"NeowsBlessing":0,"downfall:HeartBlessingRed":6,"champ:DefensiveTrainingManual":9,"champ:ChampionCrown":0,"Molten Egg 2":7,"downfall:HeartBlessingGreen":10,"Mango":14,"Meat on the Bone":13},{"Ice Cream":0,"NeowsBlessing":0,"downfall:HeartBlessingRed":2,"champ:DefensiveTrainingManual":3,"champ:ChampionCrown":0,"Molten Egg 2":2,"downfall:HeartBlessingGreen":3,"Mango":4,"Meat on the Bone":4},{"Ice Cream":0,"NeowsBlessing":0,"downfall:HeartBlessingRed":3,"champ:DefensiveTrainingManual":5,"champ:ChampionCrown":0,"Molten Egg 2":3,"downfall:HeartBlessingGreen":5,"Mango":13,"Meat on the Bone":13}],"Meat on the Bone":12},"card_choices":[{"not_picked":["champ:DefensiveShout","champ:CrookedStrike"],"picked":"champ:ViciousMockery","floor":4.0},{"not_picked":["champ:Haymaker","champ:BringItOn"],"picked":"champ:GladiatorsShout","floor":5.0},{"not_picked":["champ:Riposte","champ:RecklessLeap+1"],"picked":"champ:DancingMaster","floor":9.0},{"not_picked":["champ:FaceSlap+1","champ:FocusedDefense"],"picked":"champ:Shatter+1","floor":13.0},{"not_picked":["champ:Backstep","champ:BerserkersShout"],"picked":"champ:EndlessRage","floor":15.0}],"player_experience":785374,"relics_obtained":[{"floor":3.0,"key":"Ice Cream"},{"floor":7.0,"key":"Molten Egg 2"},{"floor":9.0,"key":"champ:DefensiveTrainingManual"},{"floor":13.0,"key":"Meat on the Bone"}],"event_choices":[],"is_beta":false,"boss_relics":[],"items_purged_floors":[],"is_endless":false,"potions_floor_spawned":[13,15],"killed_by":"downfall:Ironclad","ascension_level":0}}