{"host":"emw2hz5jk2llz0ec","time":1610451325,"event":{"mods":["AchievementEnabler","BaseMod","Colored Map","Colored Powertips","Highlight Path","Minty Spire (QoL Compilation)","Quick Restart","Relic Stats","StSLib","SuperFastMode","¡¾¹¦ÄÜMod¡¿Neow½±Àø"],"gold_per_floor":[113,132,52,52,76,76,119,119,119,137,61,86,106,137,137,267,267,267,267],"floor_reached":18,"playtime":1746,"items_purged":[],"score":262,"play_id":"1e8ea321-7c6e-467e-9cd6-55ed9792d10c","local_time":"20210112193525","is_ascension_mode":false,"campfire_choices":[{"data":"Shockwave","floor":6.0,"key":"SMITH"},{"floor":8.0,"key":"REST"},{"data":"Dark Embrace","floor":15.0,"key":"SMITH"}],"circlet_count":0,"master_deck":["Strike_R","Strike_R","Strike_R","Strike_R","Strike_R","Defend_R","Defend_R","Defend_R","Defend_R","Bash","Shockwave+1","Burning Pact","Evolve","Feel No Pain","Dark Embrace+1","Immolate"],"relics":["Burning Blood","Nunchaku","Golden Idol","Akabeko","Sundial","Odd Mushroom","Black Star"],"acts_visited":["Exordium","TheCity"],"potions_floor_usage":[],"damage_taken":[{"damage":6.0,"enemies":"Cultist","floor":1.0,"turns":3.0},{"damage":5.0,"enemies":"2 Louse","floor":2.0,"turns":3.0},{"damage":13.0,"enemies":"Jaw Worm","floor":5.0,"turns":5.0},{"damage":41.0,"enemies":"Lagavulin","floor":7.0,"turns":11.0},{"damage":2.0,"enemies":"3 Louse","floor":10.0,"turns":3.0},{"damage":8.0,"enemies":"Exordium Wildlife","floor":12.0,"turns":5.0},{"damage":9.0,"enemies":"2 Fungi Beasts","floor":13.0,"turns":5.0},{"damage":4.0,"enemies":"The Mushroom Lair","floor":14.0,"turns":4.0},{"damage":28.0,"enemies":"Slime Boss","floor":16.0,"turns":9.0},{"damage":59,"enemies":"Spheric Guardian","floor":18,"turns":9}],"seed_played":"614898253778344620","potions_obtained":[{"floor":2.0,"key":"SkillPotion"},{"floor":5.0,"key":"Strength Potion"},{"floor":7.0,"key":"SpeedPotion"},{"floor":13.0,"key":"Block Potion"}],"is_trial":false,"path_per_floor":["M","M","$","?","M","R","E","R","T","M","$","M","M","?","R","B",null,"M"],"character_chosen":"IRONCLAD","items_purchased":["Evolve","Dark Embrace"],"campfire_rested":1,"item_purchase_floors":[3,11],"current_hp_per_floor":[80,80,80,60,53,53,18,42,42,46,46,44,41,43,43,21,80,21,21],"gold":267,"neow_bonus":"RANDOM_COMMON_RELIC","is_daily":false,"chose_seed":false,"campfire_upgraded":2,"win_rate":0.0,"timestamp":1610451325,"path_taken":["M","M","$","?","M","R","E","R","T","M","$","M","M","?","R","BOSS","M"],"items_purchased_type":["Card","Card"],"build_version":"2020-12-22","purchased_purges":0,"victory":false,"max_hp_per_floor":[80,80,80,80,80,80,80,80,80,80,80,80,80,80,80,80,80,80,80],"relic_stats":{"Nunchaku":[7],"counters":[10,57],"Golden Idol":64,"Sundial":[8],"Black Star":0,"obtain_stats":[{"Nunchaku":0,"Golden Idol":4,"Sundial":9,"Black Star":17,"Odd Mushroom":14,"Burning Blood":0,"Akabeko":7},{"Nunchaku":0,"Golden Idol":2,"Sundial":4,"Black Star":9,"Odd Mushroom":8,"Burning Blood":0,"Akabeko":4},{"Nunchaku":0,"Golden Idol":6,"Sundial":22,"Black Star":48,"Odd Mushroom":39,"Burning Blood":0,"Akabeko":22}],"Burning Blood":53},"card_choices":[{"not_picked":["Cleave","Anger"],"picked":"Shockwave","floor":1.0},{"not_picked":["Intimidate","Clash"],"picked":"Burning Pact","floor":2.0},{"not_picked":["Carnage","Warcry"],"picked":"Feel No Pain","floor":5.0},{"not_picked":["Flex","Sword Boomerang","Feel No Pain"],"picked":"SKIP","floor":7.0},{"not_picked":["Rage","Feel No Pain","Entrench"],"picked":"SKIP","floor":10.0},{"not_picked":["Battle Trance","Headbutt","Shockwave"],"picked":"SKIP","floor":12.0},{"not_picked":["Inflame","Shrug It Off"],"picked":"Immolate","floor":13.0}],"player_experience":298464,"relics_obtained":[{"floor":7.0,"key":"Akabeko"},{"floor":9.0,"key":"Sundial"},{"floor":14.0,"key":"Odd Mushroom"}],"event_choices":[{"damage_healed":0.0,"max_hp_gain":0.0,"max_hp_loss":0.0,"gold_gain":0.0,"event_name":"Golden Idol","player_choice":"Take Damage","floor":4.0,"gold_loss":0.0,"damage_taken":20.0,"relics_obtained":["Golden Idol"]},{"damage_healed":0.0,"max_hp_gain":0.0,"max_hp_loss":0.0,"gold_gain":0.0,"event_name":"Mushrooms","player_choice":"Fought Mushrooms","floor":14.0,"gold_loss":0.0,"damage_taken":0.0}],"is_beta":false,"boss_relics":[{"not_picked":["Runic Dome","Velvet Choker"],"picked":"Black Star"}],"items_purged_floors":[],"is_endless":false,"potions_floor_spawned":[2,5,7,13],"killed_by":"Spheric Guardian","ascension_level":0}}