{"host":"kig4ty9d1aubg29s","time":1610458675,"event":{"mods":["BaseMod","Minty Spire (QoL Compilation)","READ ME - Guardian Mod","READ ME - Snecko Mod","StSLib","The Cursed","The Gatherer","The Hierophant","The Runesmith"],"gold_per_floor":[113,128,146,163,128,155,155,174,245,245,274,274,287,304,304,376,376,395,395,407,322,334,346,346],"floor_reached":23,"playtime":719,"items_purged":[],"score":406,"play_id":"a7ef72b6-fc31-4c57-a62e-7ac3565ef172","local_time":"20210112223755","is_ascension_mode":true,"campfire_choices":[{"floor":7,"key":"REST"},{"floor":10,"key":"REST"},{"floor":15,"key":"REST"}],"circlet_count":0,"master_deck":["AscendersBane","Strike_B","Strike_B","Strike_B","Strike_B","Defend_B","Defend_B","Defend_B","Defend_B","Zap","Dualcast","Defragment","Sweeping Beam","Aggregate","Cold Snap","Rip and Tear","Static Discharge","Machine Learning","Regret","Cold Snap","Loop","Echo Form","CurseOfTheBell","Force Field","BootSequence"],"relics":["Cracked Core","NeowsBlessing","The Courier","Letter Opener","StoneCalendar","Potion Belt","Calling Bell","PreservedInsect","Runesmith:Nanobots","Bird Faced Urn","Enchiridion","MawBank"],"acts_visited":["Exordium","TheCity"],"potions_floor_usage":[6,11,16,20,20],"damage_taken":[{"damage":0,"enemies":"Cultist","floor":1,"turns":1},{"damage":0,"enemies":"Small Slimes","floor":2,"turns":1},{"damage":0,"enemies":"2 Louse","floor":3,"turns":1},{"damage":19,"enemies":"Exordium Wildlife","floor":4,"turns":3},{"damage":29,"enemies":"3 Sentries","floor":6,"turns":5},{"damage":12,"enemies":"Large Slime","floor":8,"turns":6},{"damage":22,"enemies":"Lagavulin","floor":11,"turns":5},{"damage":14,"enemies":"Looter","floor":13,"turns":3},{"damage":14,"enemies":"Red Slaver","floor":14,"turns":3},{"damage":18,"enemies":"The Guardian","floor":16,"turns":8},{"damage":22,"enemies":"3 Byrds","floor":18,"turns":4},{"damage":22,"enemies":"Spheric Guardian","floor":20,"turns":4},{"damage":99,"enemies":"3 Cultists","floor":23,"turns":5}],"seed_played":"-8379684739334023802","potions_obtained":[{"floor":2,"key":"BlessingOfTheForge"},{"floor":8,"key":"ColorlessPotion"},{"floor":11,"key":"Ancient Potion"},{"floor":14,"key":"FocusPotion"},{"floor":16,"key":"Fire Potion"},{"floor":18,"key":"BlessingOfTheForge"}],"is_trial":false,"path_per_floor":["M","M","M","M","?","E","R","M","T","R","E","?","M","M","R","B",null,"M","?","M","?","?","M"],"character_chosen":"DEFECT","items_purchased":[],"campfire_rested":3,"item_purchase_floors":[],"current_hp_per_floor":[64,64,64,45,62,33,54,42,42,63,41,41,27,13,34,16,57,43,22,16,16,71,0,0],"gold":346,"neow_bonus":"THREE_ENEMY_KILL","is_daily":false,"chose_seed":false,"campfire_upgraded":0,"win_rate":0.0,"timestamp":1610458675,"path_taken":["M","?","M","?","?","E","R","M","T","R","E","?","M","M","R","BOSS","M","?","M","?","?","?"],"items_purchased_type":[],"build_version":"2020-12-22","purchased_purges":0,"victory":false,"max_hp_per_floor":[71,71,71,71,71,71,71,71,71,71,71,71,71,71,71,71,71,71,71,71,71,71,71,71],"card_choices":[{"not_picked":["Coolheaded","Barrage"],"picked":"Defragment","floor":1},{"not_picked":["Go for the Eyes","Barrage"],"picked":"Sweeping Beam","floor":2},{"not_picked":["BootSequence","Turbo"],"picked":"Aggregate","floor":3},{"not_picked":["Hologram","Stack"],"picked":"Cold Snap","floor":4},{"not_picked":["Blizzard","Double Energy"],"picked":"Rip and Tear","floor":6},{"not_picked":["Sweeping Beam","Coolheaded"],"picked":"Static Discharge","floor":8},{"not_picked":["Hello World","Recycle"],"picked":"Machine Learning","floor":11},{"not_picked":["Turbo","Doom and Gloom"],"picked":"Cold Snap","floor":13},{"not_picked":["Leap","Compile Driver"],"picked":"Loop","floor":14},{"not_picked":["Hyperbeam","Meteor Strike"],"picked":"Echo Form","floor":16},{"not_picked":["Compile Driver","Undo"],"picked":"Force Field","floor":18},{"not_picked":["Barrage","Turbo"],"picked":"BootSequence","floor":20}],"player_experience":1939142,"relics_obtained":[{"floor":6,"key":"The Courier"},{"floor":9,"key":"Letter Opener"},{"floor":11,"key":"StoneCalendar"},{"floor":17,"key":"PreservedInsect"},{"floor":17,"key":"Runesmith:Nanobots"},{"floor":17,"key":"Bird Faced Urn"},{"floor":19,"key":"Enchiridion"}],"event_choices":[{"damage_healed":17,"gold_gain":0,"player_choice":"Healed","damage_taken":0,"max_hp_gain":0,"max_hp_loss":0,"event_name":"The Cleric","floor":5,"gold_loss":35},{"damage_healed":0,"gold_gain":0,"player_choice":"Box","damage_taken":0,"relics_obtained":["Potion Belt"],"max_hp_gain":0,"max_hp_loss":0,"event_name":"Big Fish","floor":12,"gold_loss":0,"cards_obtained":["Regret"]},{"damage_healed":0,"gold_gain":0,"player_choice":"Obtained Book","damage_taken":21,"max_hp_gain":0,"max_hp_loss":0,"event_name":"Cursed Tome","floor":19,"gold_loss":0},{"damage_healed":0,"gold_gain":0,"player_choice":"Obtained Relic","damage_taken":0,"relics_obtained":["MawBank"],"max_hp_gain":0,"max_hp_loss":0,"event_name":"Addict","floor":21,"gold_loss":85},{"damage_healed":55,"gold_gain":0,"player_choice":"Full Heal","damage_taken":0,"max_hp_gain":0,"max_hp_loss":0,"event_name":"Wheel of Change","floor":22,"gold_loss":0}],"is_beta":false,"boss_relics":[{"not_picked":["Empty Cage","Runic Pyramid"],"picked":"Calling Bell"}],"items_purged_floors":[],"is_endless":false,"potions_floor_spawned":[2,8,11,14,16,18],"killed_by":"3 Cultists","ascension_level":20}}