{"host":"jmdwsiegw2vwqzt1","time":1610492919,"event":{"mods":["2.2 Compatiblity","AchievementEnabler","BaseMod","Better Third Choice","Better Vampires","Colored Powertips","Custom Start","Dio Mod","Downfall","Hermit","Highlight Path","Jorbs\u0027s Wanderer Trilogy","Marisa????????","Minty Spire (QoL Compilation)","Permanent Neow","Quick Restart","Rare Cards Sparkle","Relic Stats","Spicy Shops","StSLib","SuperFastMode","The Bug Knight","The Cursed","The Disciple","The Hierophant","The Necromancer","The Servant 0.9.4","slay the spire mod where everything is the same but ironclad has a cowboy hat"],"gold_per_floor":[99,113,113,124,63,63,63,83,233,250,261,273,198,126,126,225,225,225,239,256,92,107,107,131,1,11,25,42,42,76,176,192,289,289,214,241,251,251,351,364,414,448,448,475,475,400,5,5,23,23,23,54,54,54,54],"floor_reached":56,"language":"ENG","playtime":2731,"items_purged":["Slimebound:Icky","Pain"],"score":1319,"play_id":"506e1f3b-4379-425a-b8a7-c9a8af72b42c","local_time":"20210112180839","is_ascension_mode":false,"campfire_choices":[{"floor":1,"key":"RECALL"},{"data":"Guardian:ChargeUp","floor":6,"key":"SMITH"},{"data":"Guardian:ChargeUp","floor":13,"key":"SMITH"},{"data":"Guardian:PiercingHide","floor":18,"key":"SMITH"},{"data":"Guardian:EvasiveProtocol","floor":23,"key":"SMITH"},{"data":"Guardian:ChargeUp","floor":35,"key":"SMITH"},{"data":"Guardian:Orbwalk","floor":46,"key":"SMITH"},{"data":"Guardian:FloatingOrbs","floor":54,"key":"SMITH"}],"circlet_count":0,"master_deck":["Guardian:Strike_Guardian","Guardian:Strike_Guardian","Guardian:Strike_Guardian","Guardian:Strike_Guardian","Guardian:Defend_Guardian","Guardian:Defend_Guardian","Guardian:Defend_Guardian","Guardian:Defend_Guardian","Guardian:CurlUp","Guardian:TwinSlam+1","Guardian:ShieldCharger","Guardian:ChargeUp+1","Guardian:PiercingHide+1","Guardian:FloatingOrbs","Guardian:ShieldCharger","Guardian:ChargeUp+1","Guardian:Incinerate","Guardian:ArmoredProtocol","Guardian:EvasiveProtocol+1","Guardian:RevengeProtocol","Guardian:StasisStrike","Guardian:SentryBeam","Guardian:WalkerClaw+1","Guardian:GuardianWhirl","Guardian:TemporalStrike","Guardian:ChargeUp+1","Guardian:EvasiveProtocol","Guardian:Orbwalk+1","Guardian:SentryBeam+1","Shame","Guardian:StasisEngine","Guardian:ExploitGems","Guardian:ChargeCore+1","Guardian:FastForward","Guardian:Orbwalk+1","Guardian:Gem_Green","TheCursedMod:Dregs","expansioncontent:SuperHexaguard","Guardian:PrimingBeam+1","Guardian:ArmoredProtocol+1","Guardian:FloatingOrbs+1","Guardian:SpikerProtocol+1","Guardian:Repulse+1","Guardian:FloatingOrbs"],"relics":["Guardian:ModeShifter","Eternal Feather","downfall:HeartBlessingRed","Sozu","Ancient Tea Set","HollowMod:PaleOreRelic","Guardian:SackOfGems","HollowMod:StagPassRelic","Coffee Dripper","downfall:HeartBlessingGreen","downfall:GremlinSack","Juzu Bracelet","Ginger","Darkstone Periapt","downfall:HeartBlessingBlue","Ornamental Fan","Oddly Smooth Stone","Bag of Marbles","Vajra"],"acts_visited":["Exordium","TheCity","TheBeyond","TheEnding"],"potions_floor_usage":[],"damage_taken":[{"damage":3,"enemies":"Small Slimes","floor":2,"turns":3},{"damage":10,"enemies":"Cultist","floor":4,"turns":4},{"damage":0,"enemies":"downfall:FleeingMerchant","floor":5,"turns":4},{"damage":0,"enemies":"Jaw Worm","floor":8,"turns":3},{"damage":0,"enemies":"Exordium Wildlife","floor":10,"turns":3},{"damage":8,"enemies":"3 Louse","floor":11,"turns":4},{"damage":6,"enemies":"Large Slime","floor":12,"turns":6},{"damage":4,"enemies":"downfall:FleeingMerchant","floor":14,"turns":4},{"damage":1,"enemies":"2 Fungi Beasts","floor":15,"turns":3},{"damage":4,"enemies":"downfall:Watcher","floor":16,"turns":6},{"damage":3,"enemies":"Shell Parasite","floor":19,"turns":4},{"damage":9,"enemies":"3 Byrds","floor":20,"turns":5},{"damage":0,"enemies":"downfall:FleeingMerchant","floor":21,"turns":4},{"damage":0,"enemies":"Snake Plant","floor":22,"turns":4},{"damage":0,"enemies":"downfall:FleeingMerchant","floor":25,"turns":4},{"damage":11,"enemies":"3 Cultists","floor":26,"turns":6},{"damage":0,"enemies":"Centurion and Healer","floor":27,"turns":6},{"damage":0,"enemies":"Snake Plant","floor":28,"turns":4},{"damage":2,"enemies":"Book of Stabbing","floor":30,"turns":5},{"damage":9,"enemies":"Cultist and Chosen","floor":32,"turns":6},{"damage":3,"enemies":"downfall:Defect","floor":33,"turns":8},{"damage":0,"enemies":"Orb Walker","floor":37,"turns":3},{"damage":3,"enemies":"Orb Walker","floor":39,"turns":3},{"damage":0,"enemies":"3 Darklings","floor":40,"turns":7},{"damage":0,"enemies":"Giant Head","floor":42,"turns":6},{"damage":6,"enemies":"Nemesis","floor":44,"turns":7},{"damage":4,"enemies":"downfall:FleeingMerchant","floor":47,"turns":3},{"damage":0,"enemies":"Sphere and 2 Shapes","floor":49,"turns":5},{"damage":0,"enemies":"downfall:Ironclad","floor":50,"turns":10},{"damage":10,"enemies":"downfall:CharBossMerchant","floor":52,"turns":7},{"damage":7,"enemies":"downfall:NeowBoss","floor":55,"turns":14}],"seed_played":"640430181283043296","potions_obtained":[{"floor":8,"key":"Energy Potion"},{"floor":10,"key":"BlessingOfTheForge"},{"floor":11,"key":"PowerPotion"},{"floor":12,"key":"Guardian:AcceleratePotion"}],"is_trial":false,"path_per_floor":["R","M","?","M","$","R","T","M","?","M","M","M","R","$","M","B",null,"R","M","M","$","M","R","T","$","M","M","M","?","E","?","M","B",null,"R","?","M","?","?","M","T","E","?","E","?","R","$","?","M","B",null,"E","$","R","B",null],"character_chosen":"GUARDIAN","items_purchased":["Guardian:PiercingHide","Guardian:EvasiveProtocol","Ancient Tea Set","Guardian:ChargeUp","Guardian:EvasiveProtocol","Guardian:SpikerProtocol","Ornamental Fan","Oddly Smooth Stone","Bag of Marbles"],"campfire_rested":0,"item_purchase_floors":[5,14,21,25,25,47,47,47,47],"current_hp_per_floor":[80,77,77,67,67,67,67,67,67,67,59,53,62,58,57,53,80,80,77,68,68,68,80,80,80,69,69,69,69,67,67,58,55,80,80,80,80,80,77,77,77,77,89,83,83,102,98,98,98,98,102,92,92,102,95],"gold":54,"neow_bonus":"UPGRADE_CARD","is_daily":false,"chose_seed":false,"campfire_upgraded":7,"win_rate":0.0,"timestamp":1610492919,"path_taken":["R","M","?","M","?","R","T","M","?","M","M","M","R","?","M","BOSS","R","M","M","$","M","R","T","$","M","M","M","?","E","?","M","BOSS","R","?","M","?","?","M","T","E","?","E","?","R","$","?","M","BOSS","E","$","R","BOSS"],"items_purchased_type":["Card","Card","Relic","Card","Card","Card","Relic","Relic","Relic"],"build_version":"2020-12-22","purchased_purges":2,"victory":true,"max_hp_per_floor":[80,80,80,80,80,80,80,80,80,80,80,80,80,80,80,80,80,80,80,80,80,80,80,80,80,80,80,80,80,80,80,80,80,80,80,80,80,80,80,80,80,80,92,92,92,102,102,102,102,102,102,102,102,102,102],"relic_stats":{"Sozu":7,"Darkstone Periapt":0,"counters":[31,161],"Ornamental Fan":[132],"Eternal Feather":40,"Juzu Bracelet":1,"Ginger":[7],"obtain_stats":[{"Darkstone Periapt":44,"downfall:HeartBlessingRed":13,"Guardian:ModeShifter":0,"Oddly Smooth Stone":47,"Vajra":52,"Eternal Feather":7,"Guardian:SackOfGems":29,"downfall:HeartBlessingGreen":35,"Juzu Bracelet":41,"Ginger":42,"Ancient Tea Set":21,"HollowMod:StagPassRelic":30,"Sozu":17,"downfall:GremlinSack":39,"downfall:HeartBlessingBlue":46,"Ornamental Fan":47,"Coffee Dripper":34,"Bag of Marbles":47,"HollowMod:PaleOreRelic":24},{"Darkstone Periapt":26,"downfall:HeartBlessingRed":7,"Guardian:ModeShifter":0,"Oddly Smooth Stone":27,"Vajra":30,"Eternal Feather":3,"Guardian:SackOfGems":18,"downfall:HeartBlessingGreen":21,"Juzu Bracelet":24,"Ginger":25,"Ancient Tea Set":13,"HollowMod:StagPassRelic":19,"Sozu":10,"downfall:GremlinSack":23,"downfall:HeartBlessingBlue":26,"Ornamental Fan":27,"Coffee Dripper":21,"Bag of Marbles":27,"HollowMod:PaleOreRelic":14},{"Darkstone Periapt":122,"downfall:HeartBlessingRed":27,"Guardian:ModeShifter":0,"Oddly Smooth Stone":125,"Vajra":147,"Eternal Feather":11,"Guardian:SackOfGems":77,"downfall:HeartBlessingGreen":96,"Juzu Bracelet":109,"Ginger":115,"Ancient Tea Set":53,"HollowMod:StagPassRelic":82,"Sozu":40,"downfall:GremlinSack":102,"downfall:HeartBlessingBlue":122,"Ornamental Fan":125,"Coffee Dripper":96,"Bag of Marbles":125,"HollowMod:PaleOreRelic":57}]},"card_choices":[{"not_picked":["Guardian:TemporalStrike","Guardian:Gem_Green"],"picked":"Guardian:ShieldCharger","floor":2},{"not_picked":["Guardian:Reroute","Guardian:Recover"],"picked":"Guardian:Gem_Blue","floor":4},{"not_picked":["Guardian:MultiBeam","Guardian:Preprogram"],"picked":"Guardian:ChargeUp","floor":5},{"not_picked":["Guardian:BronzeOrb","Guardian:Reroute"],"picked":"Guardian:FloatingOrbs","floor":8},{"not_picked":["Guardian:Gem_Cyan","Guardian:Recover"],"picked":"Guardian:ShieldCharger","floor":10},{"not_picked":["Guardian:Recover","Guardian:Planning"],"picked":"Guardian:ChargeUp","floor":11},{"not_picked":["Guardian:ShieldCharger","Guardian:RollAttack"],"picked":"Guardian:Incinerate","floor":12},{"not_picked":["Guardian:WalkerClaw","Guardian:Gem_Blue"],"picked":"Guardian:ArmoredProtocol","floor":14},{"not_picked":["Guardian:Incinerate","Guardian:WalkerClaw"],"picked":"Guardian:RevengeProtocol","floor":15},{"not_picked":["Guardian:HyperBeam_Guardian","Guardian:SphericShield"],"picked":"Guardian:StasisStrike","floor":16},{"not_picked":["Guardian:RollAttack","Guardian:CrystalBeam"],"picked":"Guardian:SentryBeam","floor":19},{"not_picked":["Guardian:Planning","Guardian:PrismaticBeam+1","Guardian:VentSteam"],"picked":"SKIP","floor":20},{"not_picked":["Guardian:PrimingBeam","Guardian:Gem_Lightblue"],"picked":"Guardian:WalkerClaw+1","floor":21},{"not_picked":["Guardian:AncientConstruct","Guardian:TemporalStrike"],"picked":"Guardian:GuardianWhirl","floor":22},{"not_picked":["Guardian:CrystalBeam+1","Guardian:Gem_Green"],"picked":"Guardian:TemporalStrike","floor":25},{"not_picked":["Guardian:ShieldSpikes","Guardian:WalkerClaw"],"picked":"Guardian:BronzeOrb","floor":26},{"not_picked":["Guardian:RollAttack","Guardian:Gem_Red"],"picked":"Guardian:Orbwalk+1","floor":27},{"not_picked":["Guardian:WalkerClaw+1","Guardian:Gem_Lightblue"],"picked":"Guardian:SentryBeam+1","floor":28},{"not_picked":["Guardian:ChargeCore","Guardian:SphericShield"],"picked":"Guardian:StasisEngine","floor":30},{"not_picked":["Guardian:RollAttack","Guardian:Gem_Lightblue","Guardian:Clone"],"picked":"SKIP","floor":32},{"not_picked":["Guardian:BaubleBeam","Guardian:FierceBash"],"picked":"Guardian:ExploitGems","floor":33},{"not_picked":["Guardian:WalkerClaw","Guardian:TemporalShield"],"picked":"Guardian:ChargeCore+1","floor":37},{"not_picked":["Guardian:Gem_Yellow","Guardian:TemporalStrike"],"picked":"Guardian:PrimingBeam+1","floor":40},{"not_picked":["Guardian:CrystalBeam","Guardian:Gem_Lightblue"],"picked":"Guardian:ArmoredProtocol+1","floor":42},{"not_picked":["Guardian:Gem_Red","Guardian:TemporalStrike+1"],"picked":"Guardian:FloatingOrbs","floor":44},{"not_picked":["Guardian:VentSteam","Guardian:ChargeCore","Guardian:MultiBeam"],"picked":"SKIP","floor":47},{"not_picked":["Guardian:Gem_Green","Guardian:BronzeArmor"],"picked":"Guardian:Repulse+1","floor":49},{"not_picked":["Guardian:RollAttack","Guardian:Gem_Green"],"picked":"Guardian:FloatingOrbs","floor":52}],"player_experience":321858,"relics_obtained":[{"floor":7,"key":"Eternal Feather"},{"floor":24,"key":"HollowMod:PaleOreRelic"},{"floor":30,"key":"HollowMod:StagPassRelic"},{"floor":39,"key":"downfall:GremlinSack"},{"floor":41,"key":"Juzu Bracelet"},{"floor":42,"key":"Ginger"},{"floor":44,"key":"Darkstone Periapt"},{"floor":52,"key":"Vajra"}],"event_choices":[{"damage_healed":0,"gold_gain":0,"player_choice":"Stole Relic","damage_taken":0,"relics_obtained":["Guardian:SackOfGems"],"max_hp_gain":0,"max_hp_loss":0,"event_name":"Addict","floor":29,"gold_loss":0,"cards_obtained":["Shame"]},{"cards_removed":["Guardian:BronzeOrb"],"damage_healed":0,"gold_gain":0,"player_choice":"Removed Attack","damage_taken":0,"max_hp_gain":0,"max_hp_loss":0,"event_name":"Falling","floor":48,"gold_loss":0}],"is_beta":false,"boss_relics":[{"not_picked":["Pandora\u0027s Box","Busted Crown"],"picked":"Sozu"},{"not_picked":["Snecko Eye","Guardian:StasisSlotReductionRelic"],"picked":"Coffee Dripper"}],"items_purged_floors":[21,47],"is_endless":false,"potions_floor_spawned":[8,10,11,12,16,22,26,27,28,30,33,37,49,52],"ascension_level":0}}