{"host":"sf9jac3ppl7h88gj","time":1610471841,"event":{"mods":["AchievementEnabler","Ascension Unlocker","BaseMod","Colored Map","Custom Start","Force Act Four","Minty Spire (QoL Compilation)","StSLib"],"gold_per_floor":[114,146,185,216,254,254,254,286,361,361,395,458,148,161,161,266,266,279,219,249,268,268,268],"floor_reached":22,"playtime":2518,"items_purged":["Shame"],"score":200,"play_id":"645bb881-0d7f-4a24-b7cc-8f2ff95c6dd9","local_time":"20210112121721","is_ascension_mode":true,"campfire_choices":[{"data":"FlurryOfBlows","floor":6,"key":"SMITH"},{"floor":10,"key":"REST"},{"floor":15,"key":"REST"}],"circlet_count":0,"master_deck":["Strike_P","Strike_P","Strike_P","Defend_P","Defend_P","Defend_P","Eruption","Vigilance","HandOfGreed","EmptyFist","FlurryOfBlows","EmptyMind","FlyingSleeves","FlurryOfBlows+1","BowlingBash","FollowUp","ThirdEye","CarveReality","DevaForm","Prostrate","Wallop","JustLucky","JustLucky","FlurryOfBlows","ClearTheMind","Scrawl","Perseverance","FollowUp+1","Ragnarok","EmptyBody","CutThroughFate+1","Evaluate+1","WreathOfFlame+1"],"relics":["PureWater","GoldenEye","Sundial","Prayer Wheel","Orrery","Black Star"],"acts_visited":["Exordium","TheCity"],"potions_floor_usage":[12,14,14,16,18,20,21,21],"damage_taken":[{"damage":0,"enemies":"Jaw Worm","floor":1,"turns":3},{"damage":0,"enemies":"Small Slimes","floor":2,"turns":3},{"damage":0,"enemies":"2 Louse","floor":3,"turns":2},{"damage":18,"enemies":"Lots of Slimes","floor":4,"turns":4},{"damage":0,"enemies":"Exordium Wildlife","floor":5,"turns":4},{"damage":25,"enemies":"Lagavulin","floor":8,"turns":4},{"damage":12,"enemies":"Large Slime","floor":11,"turns":3},{"damage":30,"enemies":"Lagavulin Event","floor":12,"turns":5},{"damage":6,"enemies":"Gremlin Gang","floor":14,"turns":3},{"damage":17,"enemies":"Hexaghost","floor":16,"turns":9},{"damage":0,"enemies":"Chosen","floor":18,"turns":3},{"damage":8,"enemies":"Shell Parasite","floor":20,"turns":3},{"damage":18,"enemies":"Centurion and Healer","floor":21,"turns":8},{"damage":47,"enemies":"Snake Plant","floor":22,"turns":3}],"seed_played":"-7300381020846602915","potions_obtained":[{"floor":1,"key":"Ancient Potion"},{"floor":2,"key":"Energy Potion"},{"floor":8,"key":"AttackPotion"},{"floor":14,"key":"PowerPotion"},{"floor":16,"key":"DistilledChaos"},{"floor":18,"key":"DistilledChaos"},{"floor":20,"key":"SkillPotion"}],"is_trial":false,"path_per_floor":["M","M","M","M","M","R","?","E","T","R","M","?","$","M","R","B",null,"M","?","M","M","M"],"character_chosen":"WATCHER","items_purchased":["CarveReality","BlessingOfTheForge","Orrery"],"campfire_rested":2,"item_purchase_floors":[13,13,13],"current_hp_per_floor":[72,72,72,54,54,54,54,29,29,50,38,8,8,2,23,6,72,72,72,64,46,0,0],"gold":268,"neow_bonus":"RANDOM_COLORLESS_2","is_daily":false,"chose_seed":false,"campfire_upgraded":1,"win_rate":0.0,"timestamp":1610471841,"path_taken":["M","M","M","M","M","R","?","E","T","R","M","?","$","M","R","BOSS","M","?","M","M","M"],"items_purchased_type":["Card","Potion","Relic"],"build_version":"2020-12-22","purchased_purges":1,"victory":false,"max_hp_per_floor":[72,72,72,72,72,72,72,72,72,72,72,72,72,72,72,72,72,72,72,72,72,72,72],"card_choices":[{"not_picked":["Secret Weapon","Chrysalis"],"picked":"HandOfGreed","floor":0},{"not_picked":["CrushJoints","EmptyBody"],"picked":"EmptyFist","floor":1},{"not_picked":["Sanctity","BowlingBash"],"picked":"FlurryOfBlows","floor":2},{"not_picked":["WreathOfFlame","TalkToTheHand"],"picked":"EmptyMind","floor":3},{"not_picked":["EmptyFist","MasterReality"],"picked":"FlyingSleeves","floor":4},{"not_picked":["EmptyMind","TalkToTheHand"],"picked":"FlurryOfBlows","floor":5},{"not_picked":["Evaluate","ForeignInfluence"],"picked":"BowlingBash","floor":8},{"not_picked":["FlyingSleeves","Crescendo"],"picked":"FollowUp","floor":11},{"not_picked":["Study","CutThroughFate"],"picked":"ThirdEye","floor":12},{"not_picked":["DeceiveReality","Pray"],"picked":"DevaForm","floor":13},{"not_picked":["Wallop","Evaluate"],"picked":"Prostrate","floor":13},{"not_picked":["Fasting2","FlyingSleeves"],"picked":"Wallop","floor":13},{"not_picked":["Wish","BowlingBash"],"picked":"JustLucky","floor":13},{"not_picked":["CrushJoints","Protect"],"picked":"JustLucky","floor":13},{"not_picked":["FearNoEvil","FollowUp"],"picked":"FlurryOfBlows","floor":14},{"not_picked":["EmptyFist","WreathOfFlame"],"picked":"ClearTheMind","floor":14},{"not_picked":["MasterReality","Vault"],"picked":"Scrawl","floor":16},{"not_picked":["BowlingBash","EmptyFist"],"picked":"Perseverance","floor":18},{"not_picked":["Prostrate","Evaluate"],"picked":"FollowUp+1","floor":18},{"not_picked":["Wireheading+1","Adaptation"],"picked":"CutThroughFate+1","floor":20},{"not_picked":["CarveReality","Protect","Adaptation"],"picked":"SKIP","floor":20},{"not_picked":["PathToVictory","Wallop+1"],"picked":"Evaluate+1","floor":21},{"not_picked":["MentalFortress","ThirdEye"],"picked":"WreathOfFlame+1","floor":21}],"player_experience":1100853,"relics_obtained":[{"floor":8,"key":"GoldenEye"},{"floor":9,"key":"Sundial"},{"floor":12,"key":"Prayer Wheel"}],"event_choices":[{"damage_healed":0,"gold_gain":0,"player_choice":"Fled","damage_taken":0,"max_hp_gain":0,"max_hp_loss":0,"event_name":"Scrap Ooze","floor":7,"gold_loss":0},{"damage_healed":0,"gold_gain":30,"player_choice":"Searched \u00272\u0027 times","damage_taken":0,"max_hp_gain":0,"max_hp_loss":0,"event_name":"Dead Adventurer","floor":12,"gold_loss":0},{"damage_healed":0,"gold_gain":0,"cards_transformed":["Strike_P","Defend_P"],"player_choice":"Transformed Cards","damage_taken":0,"max_hp_gain":0,"max_hp_loss":0,"event_name":"Designer","floor":19,"gold_loss":60,"cards_obtained":["Ragnarok","EmptyBody"]}],"is_beta":false,"boss_relics":[{"not_picked":["Cursed Key","Tiny House"],"picked":"Black Star"}],"items_purged_floors":[13],"is_endless":false,"potions_floor_spawned":[1,2,8,14,16,18,20],"killed_by":"Snake Plant","ascension_level":1}}