{"host":"wg33yb1rgt3nbe17","time":1610440058,"event":{"mods":["AchievementEnabler","BaseMod","Colored Map","Minty Spire (QoL Compilation)","Permanent Neow","Relic Stats","StSLib"],"gold_per_floor":[116,127,93,93,19,46,46,79,79,79,91,91,266,266,266,368,368,387,397,14,14,33,33,47,47,71,80,124,49,49,61,70,70,70],"floor_reached":33,"playtime":975,"items_purged":["Doubt"],"score":312,"play_id":"7f962347-f45e-4429-b3f6-18cd965d06bb","local_time":"20210112032738","is_ascension_mode":true,"campfire_choices":[{"data":"Storm","floor":7,"key":"SMITH"},{"floor":10,"key":"REST"},{"data":"Redo","floor":12,"key":"SMITH"},{"data":"Defragment","floor":15,"key":"SMITH"},{"data":"Creative AI","floor":23,"key":"SMITH"},{"floor":25,"key":"REST"},{"floor":27,"key":"REST"},{"floor":32,"key":"REST"}],"circlet_count":0,"master_deck":["Strike_B","Strike_B","Defend_B","Defend_B","Defend_B","Defend_B","Zap+1","Dualcast","Storm+1","Force Field","Loop","Self Repair","Defragment+1","Core Surge","Sweeping Beam","Redo+1","Parasite","Creative AI+1","Gash+1","Force Field","Amplify","Creative AI","Gash","Leap","Consume","BootSequence","Redo+1"],"relics":["FrozenCore","Cables","Anchor","Shuriken","Dream Catcher","CeramicFish","Question Card"],"acts_visited":["Exordium","TheCity"],"potions_floor_usage":[6,28,28,33,33,33,33,33],"damage_taken":[{"damage":7,"enemies":"Jaw Worm","floor":1,"turns":2},{"damage":6,"enemies":"Small Slimes","floor":2,"turns":3},{"damage":40,"enemies":"3 Sentries","floor":6,"turns":6},{"damage":20,"enemies":"Gremlin Nob","floor":8,"turns":4},{"damage":6,"enemies":"Cultist","floor":11,"turns":3},{"damage":14,"enemies":"The Guardian","floor":16,"turns":7},{"damage":6,"enemies":"Spheric Guardian","floor":18,"turns":5},{"damage":0,"enemies":"Shell Parasite","floor":19,"turns":6},{"damage":45,"enemies":"Snecko","floor":22,"turns":6},{"damage":42,"enemies":"3 Cultists","floor":24,"turns":5},{"damage":26,"enemies":"Book of Stabbing","floor":28,"turns":5},{"damage":13,"enemies":"Snake Plant","floor":31,"turns":3},{"damage":80,"enemies":"Automaton","floor":33,"turns":6}],"seed_played":"6534165129336899628","potions_obtained":[{"floor":1,"key":"Regen Potion"},{"floor":8,"key":"Strength Potion"},{"floor":11,"key":"EntropicBrew"},{"floor":16,"key":"DuplicationPotion"},{"floor":24,"key":"Block Potion"},{"floor":28,"key":"Weak Potion"}],"is_trial":false,"path_per_floor":["M","M","$","?","$","E","R","E","T","R","M","R","?","?","R","B",null,"M","M","$","?","M","R","M","R","T","R","E","?","?","M","R","B"],"character_chosen":"DEFECT","items_purchased":["Loop","Self Repair","Amplify","Creative AI","Gash"],"campfire_rested":4,"item_purchase_floors":[3,5,20,20,20],"current_hp_per_floor":[68,62,62,55,55,37,37,24,24,46,47,47,47,65,65,58,75,69,75,75,75,44,44,16,38,38,60,41,41,41,28,50,0,0],"gold":70,"neow_bonus":"UPGRADE_CARD","is_daily":false,"chose_seed":false,"campfire_upgraded":4,"win_rate":0.0,"timestamp":1610440058,"path_taken":["M","M","$","?","$","E","R","E","T","R","M","R","?","?","R","BOSS","M","M","$","?","?","R","M","R","T","R","E","?","?","M","R","BOSS"],"items_purchased_type":["Card","Card","Card","Card","Card"],"build_version":"2020-12-22","purchased_purges":1,"victory":false,"max_hp_per_floor":[75,75,75,75,75,75,75,75,75,75,75,75,75,75,75,75,75,75,75,75,75,75,75,75,75,75,75,75,75,75,75,75,75,75],"relic_stats":{"Dream Catcher":4,"counters":[13,61],"Shuriken":[2],"CeramicFish":27,"Question Card":2,"obtain_stats":[{"Anchor":6,"Dream Catcher":9,"Shuriken":8,"CeramicFish":26,"Cracked Core":0,"Question Card":28,"Cables":4,"FrozenCore":17},{"Anchor":3,"Dream Catcher":4,"Shuriken":4,"CeramicFish":10,"Cracked Core":0,"Question Card":11,"Cables":2,"FrozenCore":6},{"Anchor":11,"Dream Catcher":15,"Shuriken":15,"CeramicFish":47,"Cracked Core":0,"Question Card":52,"Cables":5,"FrozenCore":25}],"FrozenCore":[14],"Cables":[51,40,11,0,0]},"card_choices":[{"not_picked":["Compile Driver","Beam Cell"],"picked":"Storm","floor":1},{"not_picked":["Sweeping Beam","Cold Snap"],"picked":"Force Field","floor":2},{"not_picked":["Cold Snap","Rebound"],"picked":"Defragment","floor":6},{"not_picked":["Recycle","Hologram"],"picked":"Core Surge","floor":8},{"not_picked":["Beam Cell","Steam"],"picked":"Sweeping Beam","floor":10},{"not_picked":["Darkness","Stack"],"picked":"Redo","floor":11},{"not_picked":["Electrodynamics","Hyperbeam"],"picked":"Creative AI","floor":16},{"not_picked":["Streamline","Beam Cell+1"],"picked":"Gash+1","floor":18},{"not_picked":["Stack+1","Steam"],"picked":"Force Field","floor":19},{"not_picked":["Darkness+1","Undo","Redo"],"picked":"SKIP","floor":22},{"not_picked":["Compile Driver","Reprogram","Scrape"],"picked":"SKIP","floor":24},{"not_picked":["Genetic Algorithm+1","Compile Driver"],"picked":"Leap","floor":25},{"not_picked":["Leap","Ball Lightning+1"],"picked":"Consume","floor":27},{"not_picked":["Recycle","Ball Lightning+1"],"picked":"BootSequence","floor":28},{"not_picked":["Compile Driver+1","Ball Lightning","Consume","Cold Snap"],"picked":"SKIP","floor":31},{"not_picked":["Reinforced Body","Darkness","Ball Lightning"],"picked":"Redo+1","floor":32}],"player_experience":559553,"relics_obtained":[{"floor":6,"key":"Anchor"},{"floor":8,"key":"Shuriken"},{"floor":9,"key":"Dream Catcher"},{"floor":26,"key":"CeramicFish"},{"floor":28,"key":"Question Card"}],"event_choices":[{"damage_healed":0,"gold_gain":0,"player_choice":"Success","damage_taken":7,"relics_obtained":["Cables"],"max_hp_gain":0,"max_hp_loss":0,"event_name":"Scrap Ooze","floor":4,"gold_loss":0},{"damage_healed":0,"gold_gain":175,"player_choice":"AGREE","damage_taken":0,"max_hp_gain":0,"max_hp_loss":0,"event_name":"Liars Game","floor":13,"gold_loss":0,"cards_obtained":["Doubt"]},{"damage_healed":18,"gold_gain":0,"player_choice":"Healed and dodged fight","damage_taken":0,"max_hp_gain":0,"max_hp_loss":0,"event_name":"Mushrooms","floor":14,"gold_loss":0,"cards_obtained":["Parasite"]},{"cards_removed":["Strike_B"],"damage_healed":0,"gold_gain":0,"player_choice":"Card Removal","damage_taken":0,"max_hp_gain":0,"max_hp_loss":0,"event_name":"Wheel of Change","floor":21,"gold_loss":0},{"cards_removed":["Strike_B"],"damage_healed":0,"gold_gain":0,"player_choice":"Gave Gold","damage_taken":0,"max_hp_gain":0,"max_hp_loss":0,"event_name":"Beggar","floor":29,"gold_loss":75},{"damage_healed":0,"gold_gain":0,"player_choice":"Ignored","damage_taken":0,"max_hp_gain":0,"max_hp_loss":0,"event_name":"Vampires","floor":30,"gold_loss":0}],"is_beta":false,"boss_relics":[{"not_picked":["Runic Dome","Nuclear Battery"],"picked":"FrozenCore"}],"items_purged_floors":[20],"is_endless":false,"potions_floor_spawned":[1,8,11,16,22,24,28],"killed_by":"Automaton","ascension_level":3}}