{"host":"f0gpob8hq9vgebej","time":1610435671,"event":{"mods":["AchievementEnabler","BaseMod","Minty Spire (QoL Compilation)","Quick Restart","SuperFastMode"],"gold_per_floor":[113,133,146,146,1,1,11,22,22,22,54,54,154,170,170,170,170],"floor_reached":16,"playtime":266,"items_purged":["Strike_B"],"score":117,"play_id":"9c3e42bf-d965-4018-a431-50528efb9ee6","local_time":"20210112161431","is_ascension_mode":true,"campfire_choices":[{"data":"Zap","floor":6.0,"key":"SMITH"},{"data":"Heatsinks","floor":12.0,"key":"SMITH"},{"data":"Thunder Strike","floor":15,"key":"SMITH"}],"circlet_count":0,"master_deck":["Strike_B","Strike_B","Strike_B","Defend_B","Defend_B","Defend_B","Defend_B","Zap+1","Dualcast","Heatsinks+1","Consume","Thunder Strike+1","Biased Cognition"],"relics":["Cracked Core","Pen Nib","Vajra"],"acts_visited":["Exordium"],"potions_floor_usage":[16,16],"damage_taken":[{"damage":7.0,"enemies":"2 Louse","floor":1.0,"turns":3.0},{"damage":0.0,"enemies":"Cultist","floor":2.0,"turns":4.0},{"damage":3.0,"enemies":"Small Slimes","floor":3.0,"turns":2.0},{"damage":35.0,"enemies":"Gremlin Gang","floor":7.0,"turns":4.0},{"damage":12.0,"enemies":"Exordium Thugs","floor":8.0,"turns":5.0},{"damage":10.0,"enemies":"Lagavulin","floor":11.0,"turns":7.0},{"damage":11.0,"enemies":"3 Louse","floor":14.0,"turns":3.0},{"damage":32,"enemies":"The Guardian","floor":16,"turns":2}],"seed_played":"5947648293905272768","potions_obtained":[{"floor":3.0,"key":"Weak Potion"},{"floor":4.0,"key":"EssenceOfSteel"},{"floor":4.0,"key":"Fire Potion"},{"floor":4.0,"key":"Fruit Juice"},{"floor":8.0,"key":"Dexterity Potion"},{"floor":11.0,"key":"BlessingOfTheForge"},{"floor":14.0,"key":"Ancient Potion"}],"is_trial":false,"path_per_floor":["M","M","M","?","$","R","M","M","T","$","E","R","?","M","R","B"],"character_chosen":"DEFECT","items_purchased":["Heatsinks"],"campfire_rested":0,"item_purchase_floors":[5],"current_hp_per_floor":[75,75,72,77,77,77,42,30,30,30,20,20,20,9,9,0,0],"gold":170,"neow_bonus":"TEN_PERCENT_HP_BONUS","is_daily":false,"chose_seed":false,"campfire_upgraded":3,"win_rate":0.0,"timestamp":1610435671,"path_taken":["M","M","M","?","$","R","M","?","T","$","E","R","?","M","R","BOSS"],"items_purchased_type":["Card"],"build_version":"2020-12-22","purchased_purges":1,"victory":false,"max_hp_per_floor":[82,82,82,87,87,87,87,87,87,87,87,87,87,87,87,87,87],"card_choices":[{"not_picked":["Streamline","Sweeping Beam","Hologram"],"picked":"SKIP","floor":1.0},{"not_picked":["Leap","Beam Cell","Steam Power"],"picked":"SKIP","floor":2.0},{"not_picked":["Hologram","Turbo","Compile Driver"],"picked":"SKIP","floor":3.0},{"not_picked":["Go for the Eyes","Leap"],"picked":"Consume","floor":7.0},{"not_picked":["Leap","Stack"],"picked":"Thunder Strike","floor":8.0},{"not_picked":["Melter","Streamline"],"picked":"Biased Cognition","floor":11.0},{"not_picked":["Leap","Reprogram","Gash"],"picked":"SKIP","floor":14.0}],"player_experience":144486,"relics_obtained":[{"floor":9.0,"key":"Pen Nib"},{"floor":11.0,"key":"Vajra"}],"event_choices":[{"damage_healed":0.0,"max_hp_gain":0.0,"max_hp_loss":0.0,"gold_gain":0.0,"event_name":"Lab","player_choice":"Got Potions","floor":4.0,"gold_loss":0.0,"damage_taken":0.0},{"damage_healed":0.0,"max_hp_gain":0.0,"max_hp_loss":0.0,"gold_gain":100.0,"event_name":"Golden Shrine","player_choice":"Pray","floor":13.0,"gold_loss":0.0,"damage_taken":0.0}],"is_beta":false,"boss_relics":[],"items_purged_floors":[5],"is_endless":false,"potions_floor_spawned":[3,8,11,14],"killed_by":"The Guardian","ascension_level":3}}