{"host":"qm4rv4rkpk76sbxu","time":1610459278,"event":{"mods":["BaseMod","Bestiary","Block Reminder","DeckTracker","Filter the Spire","Keyboard Shortcuts","Minty Spire (QoL Compilation)","MonsterHotkey","Potion Indicator Mod","Quick Restart","Relic Stats","Slay-I","StSLib","ojb\u0027s Better Paths Mod"],"gold_per_floor":[112,15,165,185,185,210,233,269,269,308,329,257,257,20,20,105,105,132,32,41,53,53,53,84,93,93,134,134,150,159,188,188,274,274,301,319,319,348,376,418,33,33,90,90,133,142,186,206,206,206,206,206],"floor_reached":51,"playtime":2479,"items_purged":[],"score":1624,"play_id":"f0d28b46-4c63-4617-860e-8211d7d8687f","local_time":"20210112144758","is_ascension_mode":true,"campfire_choices":[{"data":"Skewer","floor":13.0,"key":"SMITH"},{"floor":15.0,"key":"REST"},{"floor":23.0,"key":"REST"},{"floor":28.0,"key":"REST"},{"floor":32.0,"key":"REST"},{"floor":42.0,"key":"REST"},{"floor":49.0,"key":"RECALL"}],"circlet_count":0,"master_deck":["AscendersBane","Strike_G","Defend_G","Defend_G","Defend_G","Defend_G","Defend_G","Survivor","Neutralize","Skewer+1","Backstab","Sucker Punch","Bouncing Flask","Backstab","Storm of Steel","Well Laid Plans+1","Phantasmal Killer","Cloak And Dagger","Cloak And Dagger","Skewer","Eviscerate","Burst","Writhe","Blur+1","After Image+1","Slice+1","Madness","Madness","Reflex+1","Backflip","Phantasmal Killer","Quick Slash","Deflect","Shame","Blade Dance+1","Distraction","Backflip+1","Terror"],"relics":["Ring of the Snake","Juzu Bracelet","Blue Candle","CeramicFish","Paper Crane","Frozen Egg 2","Shuriken","HornCleat","Medical Kit","Fusion Hammer","Gremlin Horn","Ninja Scroll","Oddly Smooth Stone","Pen Nib","Cursed Key","White Beast Statue","OrangePellets","Vajra","Ornamental Fan","Singing Bowl"],"acts_visited":["Exordium","TheCity","TheBeyond"],"potions_floor_usage":[51],"damage_taken":[{"damage":0.0,"enemies":"2 Louse","floor":1.0,"turns":5.0},{"damage":2.0,"enemies":"Jaw Worm","floor":4.0,"turns":5.0},{"damage":29.0,"enemies":"3 Sentries","floor":6.0,"turns":12.0},{"damage":6.0,"enemies":"Gremlin Nob","floor":8.0,"turns":3.0},{"damage":13.0,"enemies":"Lagavulin","floor":10.0,"turns":6.0},{"damage":0.0,"enemies":"Cultist","floor":11.0,"turns":2.0},{"damage":29.0,"enemies":"Slime Boss","floor":16.0,"turns":10.0},{"damage":2.0,"enemies":"3 Byrds","floor":18.0,"turns":5.0},{"damage":6.0,"enemies":"2 Thieves","floor":21.0,"turns":3.0},{"damage":28.0,"enemies":"Book of Stabbing","floor":24.0,"turns":4.0},{"damage":0.0,"enemies":"Gremlin Leader","floor":27.0,"turns":5.0},{"damage":0.0,"enemies":"Cultist and Chosen","floor":29.0,"turns":3.0},{"damage":4.0,"enemies":"Snake Plant","floor":31.0,"turns":5.0},{"damage":42.0,"enemies":"Champ","floor":33.0,"turns":10.0},{"damage":1.0,"enemies":"Orb Walker","floor":35.0,"turns":3.0},{"damage":3.0,"enemies":"3 Shapes","floor":38.0,"turns":3.0},{"damage":5.0,"enemies":"Writhing Mass","floor":39.0,"turns":6.0},{"damage":35.0,"enemies":"Giant Head","floor":40.0,"turns":8.0},{"damage":9.0,"enemies":"Nemesis","floor":45.0,"turns":3.0},{"damage":1.0,"enemies":"Reptomancer","floor":47.0,"turns":3.0},{"damage":1.0,"enemies":"Spire Growth","floor":48.0,"turns":4.0},{"damage":51.0,"enemies":"Awakened One","floor":50.0,"turns":12.0},{"damage":24,"enemies":"Donu and Deca","floor":51,"turns":3}],"seed_played":"-6622933523749386763","potions_obtained":[{"floor":6.0,"key":"Explosive Potion"},{"floor":10.0,"key":"FairyPotion"},{"floor":11.0,"key":"Weak Potion"},{"floor":18.0,"key":"Fruit Juice"},{"floor":29.0,"key":"Fruit Juice"},{"floor":33.0,"key":"ColorlessPotion"},{"floor":39.0,"key":"DistilledChaos"},{"floor":45.0,"key":"Swift Potion"},{"floor":47.0,"key":"Regen Potion"},{"floor":48.0,"key":"Strength Potion"}],"is_trial":false,"path_per_floor":["M","$","?","M","?","E","T","E","T","E","M","?","R","$","R","B",null,"M","$","?","M","?","R","E","?","T","E","R","M","?","M","R","B",null,"M","?","?","M","M","E","$","R","T","?","E","?","E","M","R","B","B"],"character_chosen":"THE_SILENT","items_purchased":["Backstab","FearPotion","Medical Kit","Well Laid Plans+1","Cloak And Dagger","Ancient Potion","OrangePellets","Vajra","Quick Slash","Deflect"],"campfire_rested":5,"item_purchase_floors":[2,2,14,14,19,19,41,41,41,41],"current_hp_per_floor":[59,59,59,57,50,21,21,15,15,2,2,2,2,2,21,18,54,52,52,52,46,46,65,37,37,37,37,56,61,61,57,71,34,66,65,51,51,48,43,8,8,30,30,62,53,53,52,51,51,12,0,0],"gold":206,"neow_bonus":"RANDOM_COMMON_RELIC","is_daily":false,"chose_seed":false,"campfire_upgraded":1,"win_rate":0.0,"timestamp":1610459278,"path_taken":["M","$","?","M","?","E","?","E","T","E","M","?","R","?","R","BOSS","M","?","?","M","?","R","E","?","T","E","R","M","?","M","R","BOSS","M","?","?","M","M","E","$","R","T","?","E","?","E","M","R","BOSS","BOSS"],"items_purchased_type":["Card","Potion","Relic","Card","Card","Potion","Relic","Relic","Card","Card"],"build_version":"2020-12-22","purchased_purges":0,"victory":false,"max_hp_per_floor":[66,66,66,66,66,66,66,66,66,66,66,66,66,66,66,66,66,66,66,66,66,66,66,66,66,66,66,66,71,71,71,71,76,76,76,76,76,76,76,76,76,76,76,62,62,62,62,62,62,62,62,62],"relic_stats":{"Gremlin Horn":[17,17],"Singing Bowl":0,"counters":[23,123],"Blue Candle":[13],"CeramicFish":234,"Pen Nib":[19],"Juzu Bracelet":3,"Medical Kit":[0],"Cursed Key":1,"OrangePellets":[1],"Shuriken":[61],"Ornamental Fan":[80],"obtain_stats":[{"Gremlin Horn":24,"Singing Bowl":47,"Blue Candle":6,"CeramicFish":7,"Oddly Smooth Stone":27,"Vajra":41,"Pen Nib":30,"Juzu Bracelet":0,"Paper Crane":8,"Frozen Egg 2":9,"Medical Kit":14,"Cursed Key":34,"White Beast Statue":40,"OrangePellets":41,"HornCleat":12,"Shuriken":10,"Ninja Scroll":26,"Ornamental Fan":45,"Fusion Hammer":17,"Ring of the Snake":0},{"Gremlin Horn":10,"Singing Bowl":20,"Blue Candle":3,"CeramicFish":3,"Oddly Smooth Stone":11,"Vajra":18,"Pen Nib":12,"Juzu Bracelet":0,"Paper Crane":4,"Frozen Egg 2":4,"Medical Kit":6,"Cursed Key":14,"White Beast Statue":18,"OrangePellets":18,"HornCleat":6,"Shuriken":5,"Ninja Scroll":10,"Ornamental Fan":19,"Fusion Hammer":7,"Ring of the Snake":0},{"Gremlin Horn":55,"Singing Bowl":104,"Blue Candle":22,"CeramicFish":22,"Oddly Smooth Stone":60,"Vajra":98,"Pen Nib":63,"Juzu Bracelet":0,"Paper Crane":25,"Frozen Egg 2":25,"Medical Kit":33,"Cursed Key":78,"White Beast Statue":98,"OrangePellets":98,"HornCleat":33,"Shuriken":31,"Ninja Scroll":55,"Ornamental Fan":101,"Fusion Hammer":43,"Ring of the Snake":0}],"Ring of the Snake":[46]},"card_choices":[{"not_picked":["Flying Knee","Riddle With Holes"],"picked":"Skewer","floor":1.0},{"not_picked":["Deflect","Quick Slash"],"picked":"Sucker Punch","floor":4.0},{"not_picked":["Tactician","Quick Slash","Noxious Fumes"],"picked":"SKIP","floor":6.0},{"not_picked":["Finisher","Flechettes"],"picked":"Bouncing Flask","floor":8.0},{"not_picked":["Flying Knee","Outmaneuver"],"picked":"Backstab","floor":10.0},{"not_picked":["Noxious Fumes+1","Acrobatics"],"picked":"Storm of Steel","floor":11.0},{"not_picked":["Corpse Explosion","Bullet Time"],"picked":"Phantasmal Killer","floor":16.0},{"not_picked":["Acrobatics","Well Laid Plans+1"],"picked":"Cloak And Dagger","floor":18.0},{"not_picked":["Infinite Blades+1","Blade Dance","Underhanded Strike"],"picked":"SKIP","floor":21.0},{"not_picked":["Dodge and Roll","Eviscerate","Blade Dance"],"picked":"SKIP","floor":24.0},{"not_picked":["Flying Knee","Blade Dance"],"picked":"Burst","floor":27.0},{"not_picked":["Tactician","Crippling Poison","Skewer"],"picked":"SKIP","floor":29.0},{"not_picked":["Tactician+1","All Out Attack"],"picked":"Blur+1","floor":31.0},{"not_picked":["A Thousand Cuts+1","Grand Finale"],"picked":"After Image+1","floor":33.0},{"not_picked":["Blade Dance","Deadly Poison+1"],"picked":"Slice+1","floor":35.0},{"not_picked":["Cloak And Dagger","Deflect"],"picked":"Reflex+1","floor":38.0},{"not_picked":["Crippling Poison","Dash"],"picked":"Backflip","floor":39.0},{"not_picked":["Masterful Stab","Escape Plan"],"picked":"Phantasmal Killer","floor":40.0},{"not_picked":["Dagger Spray+1","PiercingWail"],"picked":"Blade Dance+1","floor":45.0},{"not_picked":["PiercingWail","Blade Dance"],"picked":"Backflip+1","floor":47.0},{"not_picked":["Acrobatics","Sucker Punch+1"],"picked":"Terror","floor":48.0}],"player_experience":1259624,"relics_obtained":[{"floor":6.0,"key":"Blue Candle"},{"floor":7.0,"key":"CeramicFish"},{"floor":8.0,"key":"Paper Crane"},{"floor":9.0,"key":"Frozen Egg 2"},{"floor":10.0,"key":"Shuriken"},{"floor":24.0,"key":"Gremlin Horn"},{"floor":26.0,"key":"Ninja Scroll"},{"floor":27.0,"key":"Oddly Smooth Stone"},{"floor":40.0,"key":"White Beast Statue"},{"floor":45.0,"key":"Ornamental Fan"},{"floor":47.0,"key":"Singing Bowl"}],"event_choices":[{"damage_healed":0.0,"max_hp_gain":0.0,"max_hp_loss":0.0,"gold_gain":150.0,"event_name":"Liars Game","player_choice":"AGREE","floor":3.0,"gold_loss":0.0,"damage_taken":0.0,"cards_obtained":["Doubt"]},{"cards_removed":["Doubt"],"damage_healed":0.0,"max_hp_gain":0.0,"max_hp_loss":0.0,"gold_gain":0.0,"event_name":"Golden Wing","player_choice":"Card Removal","floor":5.0,"gold_loss":0.0,"damage_taken":7.0},{"damage_healed":0.0,"max_hp_gain":0.0,"max_hp_loss":0.0,"gold_gain":0.0,"event_name":"WeMeetAgain","player_choice":"Paid Gold","floor":12.0,"gold_loss":72.0,"damage_taken":0.0,"relics_obtained":["HornCleat"]},{"damage_healed":0.0,"max_hp_gain":0.0,"max_hp_loss":0.0,"gold_gain":0.0,"cards_transformed":["Strike_G"],"event_name":"Transmorgrifier","player_choice":"Transformed","floor":20.0,"gold_loss":0.0,"damage_taken":0.0,"cards_obtained":["Skewer"]},{"damage_healed":0.0,"max_hp_gain":0.0,"max_hp_loss":0.0,"gold_gain":0.0,"event_name":"Ghosts","player_choice":"Ignored","floor":22.0,"gold_loss":0.0,"damage_taken":0.0},{"damage_healed":0.0,"max_hp_gain":0.0,"max_hp_loss":0.0,"gold_gain":0.0,"cards_transformed":["Strike_G"],"event_name":"Transmorgrifier","player_choice":"Transformed","floor":25.0,"gold_loss":0.0,"damage_taken":0.0,"cards_obtained":["Eviscerate"]},{"damage_healed":0.0,"max_hp_gain":0.0,"max_hp_loss":0.0,"gold_gain":0.0,"event_name":"The Mausoleum","player_choice":"Opened","floor":30.0,"gold_loss":0.0,"damage_taken":0.0,"relics_obtained":["Pen Nib"],"cards_obtained":["Writhe"]},{"damage_healed":0.0,"max_hp_gain":0.0,"max_hp_loss":0.0,"gold_gain":0.0,"event_name":"Winding Halls","player_choice":"Embrace Madness","floor":36.0,"gold_loss":0.0,"damage_taken":14.0,"cards_obtained":["Madness","Madness"]},{"cards_removed":["Strike_G"],"damage_healed":0.0,"max_hp_gain":0.0,"max_hp_loss":0.0,"gold_gain":0.0,"event_name":"Falling","player_choice":"Removed Attack","floor":37.0,"gold_loss":0.0,"damage_taken":0.0},{"damage_healed":62.0,"max_hp_gain":0.0,"max_hp_loss":14.0,"gold_gain":0.0,"event_name":"The Moai Head","player_choice":"Heal","floor":44.0,"gold_loss":0.0,"damage_taken":0.0},{"damage_healed":0.0,"max_hp_gain":0.0,"max_hp_loss":0.0,"gold_gain":0.0,"cards_transformed":["Strike_G"],"event_name":"Transmorgrifier","player_choice":"Transformed","floor":46.0,"gold_loss":0.0,"damage_taken":0.0,"cards_obtained":["Distraction"]}],"is_beta":false,"boss_relics":[{"not_picked":["SlaversCollar","Pandora\u0027s Box"],"picked":"Fusion Hammer"},{"not_picked":["Ring of the Serpent","Calling Bell"],"picked":"Cursed Key"}],"items_purged_floors":[],"is_endless":false,"potions_floor_spawned":[6,10,11,18,29,33,39,45,47,48],"killed_by":"Donu and Deca","ascension_level":20}}