{"host":"r53pw7z744tg3fxg","time":1610490791,"event":{"mods":["AchievementEnabler","BaseMod","Colored Map","Colored Powertips","Highlight Path","Minty Spire (QoL Compilation)","Quick Restart","Transform Curses"],"gold_per_floor":[11,29,6,25,93,93,135,161,161,161,161,181,181,199,199,285,285,312,14,42,42,51,51,77,77,77],"floor_reached":25,"language":"ENG","playtime":2409,"items_purged":[],"score":335,"play_id":"b92e2f00-9db2-4d6f-b060-254615c16a73","local_time":"20210112153311","is_ascension_mode":true,"campfire_choices":[{"data":"Eruption","floor":6,"key":"SMITH"},{"floor":11,"key":"REST"},{"floor":13,"key":"REST"},{"floor":15,"key":"REST"},{"floor":23,"key":"REST"}],"circlet_count":0,"master_deck":["AscendersBane","Strike_P","Strike_P","Strike_P","Strike_P","Defend_P","Defend_P","Defend_P","Defend_P","Eruption+1","Vigilance","Establishment","Evaluate","PathToVictory","FlurryOfBlows","CutThroughFate","ClearTheMind+1","Tantrum","BattleHymn","DeusExMachina","WheelKick","ReachHeaven","Decay","BowlingBash+1"],"relics":["PureWater","InkBottle","CeramicFish","WingedGreaves","SlaversCollar","Bronze Scales","ClockworkSouvenir"],"acts_visited":["Exordium","TheCity"],"potions_floor_usage":[8,16,25,25],"damage_taken":[{"damage":0.0,"enemies":"Cultist","floor":1.0,"turns":2.0},{"damage":7.0,"enemies":"Jaw Worm","floor":2.0,"turns":7.0},{"damage":0,"enemies":"2 Louse","floor":4,"turns":3},{"damage":38,"enemies":"3 Sentries","floor":7,"turns":14},{"damage":13,"enemies":"Lots of Slimes","floor":8,"turns":4},{"damage":21,"enemies":"Gremlin Gang","floor":12,"turns":3},{"damage":8,"enemies":"3 Louse","floor":14,"turns":3},{"damage":11,"enemies":"The Guardian","floor":16,"turns":8},{"damage":2,"enemies":"Chosen","floor":18,"turns":3},{"damage":28,"enemies":"2 Thieves","floor":20,"turns":3},{"damage":11,"enemies":"Cultist and Chosen","floor":24,"turns":5},{"damage":48,"enemies":"Masked Bandits","floor":25,"turns":3}],"seed_played":"3975320365431170299","potions_obtained":[{"floor":7,"key":"Block Potion"},{"floor":12,"key":"Block Potion"},{"floor":14,"key":"Strength Potion"},{"floor":16,"key":"Dexterity Potion"}],"is_trial":false,"path_per_floor":["M","M","$","M","T","R","E","M","T","?","R","M","R","M","R","B",null,"M","$","M","$","?","R","M","?"],"character_chosen":"WATCHER","items_purchased":["FlurryOfBlows","Bronze Scales","ClockworkSouvenir"],"campfire_rested":4,"item_purchase_floors":[3,19,19],"current_hp_per_floor":[65,58,58,58,58,58,20,7,7,7,28,7,28,20,41,30,62,60,60,32,32,32,53,42,0,0],"gold":77,"neow_bonus":"THREE_RARE_CARDS","is_daily":false,"chose_seed":false,"campfire_upgraded":1,"win_rate":0.0,"timestamp":1610490791,"path_taken":["M","M","?","M","?","R","E","M","T","?","R","M","R","?","R","BOSS","M","?","?","$","?","R","M","?"],"items_purchased_type":["Card","Relic","Relic"],"build_version":"2020-12-22","purchased_purges":0,"victory":false,"max_hp_per_floor":[72,72,72,72,72,72,72,72,72,72,72,72,72,72,72,72,72,72,72,72,72,72,72,72,72,72],"card_choices":[{"not_picked":["MasterReality","Judgement"],"picked":"Establishment","floor":0.0},{"not_picked":["EmptyFist","JustLucky"],"picked":"Evaluate","floor":1.0},{"not_picked":["ClearTheMind","FlyingSleeves"],"picked":"PathToVictory","floor":2.0},{"not_picked":["FlurryOfBlows","MentalFortress"],"picked":"CutThroughFate","floor":4},{"not_picked":["ThirdEye","Study"],"picked":"ClearTheMind","floor":7},{"not_picked":["JustLucky","Evaluate"],"picked":"Tantrum","floor":8},{"not_picked":["DeusExMachina","FollowUp"],"picked":"BattleHymn","floor":12},{"not_picked":["Collect","CutThroughFate","Adaptation"],"picked":"SKIP","floor":14},{"not_picked":["Brilliance","Scrawl"],"picked":"DeusExMachina","floor":16},{"not_picked":["BattleHymn+1","JustLucky"],"picked":"WheelKick","floor":18},{"not_picked":["EmptyBody","Weave+1"],"picked":"ReachHeaven","floor":20},{"not_picked":["Evaluate","InnerPeace"],"picked":"BowlingBash+1","floor":24}],"player_experience":1241203,"relics_obtained":[{"floor":5,"key":"InkBottle"},{"floor":7,"key":"CeramicFish"},{"floor":9,"key":"WingedGreaves"}],"event_choices":[{"damage_healed":0,"gold_gain":0,"player_choice":"Forge","damage_taken":0,"max_hp_gain":0,"max_hp_loss":0,"event_name":"Accursed Blacksmith","floor":10,"gold_loss":0,"cards_upgraded":["ClearTheMind"]},{"damage_healed":0,"gold_gain":0,"player_choice":"Smashed Altar","damage_taken":0,"max_hp_gain":0,"max_hp_loss":0,"event_name":"Forgotten Altar","floor":22,"gold_loss":0,"cards_obtained":["Decay"]},{"damage_healed":0,"gold_gain":0,"player_choice":"Fought Bandits","damage_taken":0,"max_hp_gain":0,"max_hp_loss":0,"event_name":"Masked Bandits","floor":25,"gold_loss":0}],"is_beta":false,"boss_relics":[{"not_picked":["Philosopher\u0027s Stone","Runic Pyramid"],"picked":"SlaversCollar"}],"items_purged_floors":[],"is_endless":false,"potions_floor_spawned":[7,12,14,16,24],"killed_by":"Masked Bandits","ascension_level":13}}