{"host":"i5mpj6c318yblse4","time":1610452474,"event":{"mods":["AchievementEnabler","BaseMod","Colored Map","Minty Spire (QoL Compilation)","Shop Mod","StSLib","SuperFastMode"],"gold_per_floor":[119,132,132,54,54,86,86,103,103,103,103,117,117,149,149,245,245,260,260,260,270,53,87,87,99,99,99,24,24,24,24],"floor_reached":30,"playtime":607,"items_purged":["Strike_B"],"score":307,"play_id":"81483a82-6fa8-4ea6-81d9-b00f394601d1","local_time":"20210112205434","is_ascension_mode":true,"campfire_choices":[{"data":"Rainbow","floor":7.0,"key":"SMITH"},{"data":"Defragment","floor":10.0,"key":"SMITH"},{"data":"Dualcast","floor":13.0,"key":"SMITH"},{"data":"Defragment","floor":15.0,"key":"SMITH"},{"data":"Multi-Cast","floor":24,"key":"SMITH"},{"data":"Defragment","floor":27,"key":"SMITH"}],"circlet_count":0,"master_deck":["Strike_B","Strike_B","Strike_B","Defend_B","Defend_B","Defend_B","Defend_B","Zap","Dualcast+1","Ball Lightning","BootSequence","Defragment+1","Rainbow+1","Defragment+1","Multi-Cast+1","BootSequence","Defragment+1"],"relics":["Cracked Core","NeowsBlessing","Bird Faced Urn","GremlinMask","TungstenRod","Mummified Hand","Omamori","Runic Pyramid","Enchiridion","MerchantsRug","Cables","Toxic Egg 2"],"acts_visited":["Exordium","TheCity"],"potions_floor_usage":[23,30,30],"damage_taken":[{"damage":0.0,"enemies":"Cultist","floor":1.0,"turns":1.0},{"damage":0.0,"enemies":"Jaw Worm","floor":2.0,"turns":1.0},{"damage":0.0,"enemies":"Gremlin Nob","floor":6.0,"turns":1.0},{"damage":1.0,"enemies":"Small Slimes","floor":8.0,"turns":2.0},{"damage":0.0,"enemies":"3 Louse","floor":12.0,"turns":2.0},{"damage":4.0,"enemies":"Lagavulin","floor":14.0,"turns":6.0},{"damage":14.0,"enemies":"The Guardian","floor":16.0,"turns":8.0},{"damage":0.0,"enemies":"3 Byrds","floor":18.0,"turns":3.0},{"damage":0.0,"enemies":"Spheric Guardian","floor":21.0,"turns":4.0},{"damage":13,"enemies":"Gremlin Leader","floor":23,"turns":6},{"damage":8,"enemies":"Centurion and Healer","floor":25,"turns":5},{"damage":16,"enemies":"Slavers","floor":30,"turns":3}],"seed_played":"2115481312869625193","potions_obtained":[{"floor":2.0,"key":"LiquidMemories"},{"floor":6.0,"key":"EntropicBrew"},{"floor":18.0,"key":"DuplicationPotion"},{"floor":23,"key":"AttackPotion"}],"is_trial":false,"path_per_floor":["M","M","T","$","?","E","R","M","T","R","$","M","R","E","R","B",null,"M","?","?","M","$","E","R","M","T","R","$","?","E"],"character_chosen":"DEFECT","items_purchased":["Defragment","MerchantsRug","Defragment"],"campfire_rested":0,"item_purchase_floors":[4,22,22],"current_hp_per_floor":[75,75,75,75,75,75,75,74,74,74,74,75,75,71,71,61,75,75,63,63,69,69,62,62,62,62,62,62,62,52,52],"gold":24,"neow_bonus":"THREE_ENEMY_KILL","is_daily":false,"chose_seed":false,"campfire_upgraded":6,"win_rate":0.0,"timestamp":1610452474,"path_taken":["M","M","?","$","?","E","R","M","T","R","$","?","R","E","R","BOSS","M","?","?","M","$","E","R","M","T","R","?","?","E"],"items_purchased_type":["Card","Relic","Card"],"build_version":"2020-12-22","purchased_purges":1,"victory":false,"max_hp_per_floor":[75,75,75,75,75,75,75,75,75,75,75,75,75,75,75,75,75,75,75,75,75,75,75,75,75,75,75,75,75,75,75],"card_choices":[{"not_picked":["Streamline","Hello World"],"picked":"Ball Lightning","floor":1.0},{"not_picked":["Barrage","Compile Driver"],"picked":"BootSequence","floor":2.0},{"not_picked":["Ball Lightning","Compile Driver"],"picked":"Rainbow","floor":6.0},{"not_picked":["Coolheaded","Sunder","Barrage"],"picked":"SKIP","floor":8.0},{"not_picked":["Go for the Eyes","Barrage","Coolheaded"],"picked":"SKIP","floor":12.0},{"not_picked":["Aggregate","Self Repair"],"picked":"Defragment","floor":14.0},{"not_picked":["Biased Cognition","Reboot"],"picked":"Multi-Cast","floor":16.0},{"not_picked":["Hello World","Compile Driver","Leap"],"picked":"SKIP","floor":18.0},{"not_picked":["Heatsinks","Ball Lightning+1"],"picked":"BootSequence","floor":21.0},{"not_picked":["Cold Snap","Doom and Gloom","Machine Learning"],"picked":"SKIP","floor":23},{"not_picked":["Compile Driver+1","Go for the Eyes","Barrage"],"picked":"SKIP","floor":25}],"player_experience":363661,"relics_obtained":[{"floor":3.0,"key":"Bird Faced Urn"},{"floor":6.0,"key":"TungstenRod"},{"floor":9.0,"key":"Mummified Hand"},{"floor":14.0,"key":"Omamori"},{"floor":19.0,"key":"Enchiridion"},{"floor":23,"key":"Cables"},{"floor":26,"key":"Toxic Egg 2"}],"event_choices":[{"damage_healed":0.0,"max_hp_gain":0.0,"max_hp_loss":0.0,"gold_gain":0.0,"event_name":"FaceTrader","player_choice":"Trade","floor":5.0,"gold_loss":0.0,"damage_taken":0.0,"relics_obtained":["GremlinMask"]},{"damage_healed":0.0,"max_hp_gain":0.0,"max_hp_loss":0.0,"gold_gain":0.0,"event_name":"Cursed Tome","player_choice":"Obtained Book","floor":19.0,"gold_loss":0.0,"damage_taken":16.0},{"damage_healed":0.0,"max_hp_gain":0.0,"max_hp_loss":0.0,"gold_gain":0.0,"event_name":"Forgotten Altar","player_choice":"Smashed Altar","floor":20.0,"gold_loss":0.0,"damage_taken":0.0,"cards_obtained":["Decay"]},{"damage_healed":0,"gold_gain":0,"player_choice":"Ignored","damage_taken":0,"max_hp_gain":0,"max_hp_loss":0,"event_name":"Ghosts","floor":29,"gold_loss":0}],"is_beta":false,"boss_relics":[{"not_picked":["Snecko Eye","Sozu"],"picked":"Runic Pyramid"}],"items_purged_floors":[28],"is_endless":false,"potions_floor_spawned":[2,6,18,23],"killed_by":"Slavers","ascension_level":2}}