{"host":"ymw71f7rc9ndansy","time":1610444523,"event":{"mods":["ATMod(阿瑾Mod)","Act Like it!","Aspiration","BaseMod","DeckTracker","Hubris","Library of Ruina","Library of Ruina Extra","Lobotomy","LobotomyExtend","Minty Spire (QoL Compilation)","MostiFishMod","Remove Card Discount Mod","Replay The Spire","StSLib","TestMod","【功能Mod】精心准备","【遗物卡牌】REMEMod"],"gold_per_floor":[157,157,176,195,195,220,232,259,296,292,327,327,355,430,430,507,507,517,527,802,814,94,94,124,524,592,626,641,234,234,261,261,337,337,350,350,367,382,382,408,408,419,419,419,434,434],"floor_reached":45,"playtime":1211,"items_purged":["Injury","LightAttack","FocusedStrikes","GaleKick","LightDefense","Dodge","LightAttack","LightAttack","Regret","ChargeAndCover","SunsetBlade+1","MostiFishMod:MusicBox+1"],"score":1892,"play_id":"d7598f26-ac3b-42d9-8e44-123b56161858","local_time":"20210112174203","is_ascension_mode":true,"campfire_choices":[{"data":"MostiFishMod:MusicBox","floor":7.0,"key":"SMITH"},{"floor":12.0,"key":"REST"},{"data":"SunsetBlade","floor":15.0,"key":"SMITH"},{"data":"Observe","floor":23.0,"key":"SMITH"},{"data":"testmod-FightingIntention","floor":32.0,"key":"SMITH"},{"floor":41,"key":"RECALL"}],"circlet_count":0,"master_deck":["AscendersBane","LightDefense","LightDefense","LightDefense","AT_FamilyPortrait+1","FieryWaltz+1","Execute_lor+1","Observe+1","FlamingDragonFist+1","Unlock1+1","CleanUp+1","Quickness","testmod-FightingIntention+1","TrashDisposal+1","Eliminate+1","UnforgettableMelody","WillOfThePrescript+1","FrontalAssault"],"relics":["PageOfLibrarian","DaveBox","REME_ComplimentaryCards","AT_ATBox","OrangePellets","testmod-EqualTreatment","Smiling Mask","SynthV:TestCard","Molten Egg 2","MawBank","Akabeko","PageOfTodaysShyLook","AT_SunfireAegis","Honey Jar","ArrowTower","hubris:EmptyBottle","AT_RedNoBalance","Orichalcum","MostiFishMod:AdaptiveDefenses","testmod-OneHitWonder","hubris:Icosahedron","Happy Flower","LetterFromLob","Replay:Grab Bag","Runic Dome","Fusion Hammer","Snecko Eye","ReplayTheSpireMod:TigerMarble","testmod-CyclicPeriapt"],"acts_visited":["Exordium","TheCity","TheBeyond"],"potions_floor_usage":[],"damage_taken":[{"damage":7.0,"enemies":"2 Louse","floor":1.0,"turns":3.0},{"damage":0.0,"enemies":"Small Slimes","floor":3.0,"turns":3.0},{"damage":0.0,"enemies":"Cultist","floor":4.0,"turns":3.0},{"damage":41.0,"enemies":"Gremlin Nob","floor":6.0,"turns":5.0},{"damage":4.0,"enemies":"2 Fungi Beasts","floor":8.0,"turns":2.0},{"damage":0.0,"enemies":"Replay:BlueRogue","floor":11.0,"turns":4.0},{"damage":0.0,"enemies":"Gremlin Nob","floor":13.0,"turns":2.0},{"damage":0.0,"enemies":"Slime Boss","floor":16.0,"turns":3.0},{"damage":0.0,"enemies":"Spheric Guardian","floor":18.0,"turns":2.0},{"damage":0.0,"enemies":"Shell Parasite","floor":19.0,"turns":2.0},{"damage":23.0,"enemies":"Shelled Parasite and Fungi","floor":21.0,"turns":2.0},{"damage":0.0,"enemies":"Slavers","floor":24.0,"turns":1.0},{"damage":0.0,"enemies":"REME_1_Revenger","floor":27.0,"turns":3.0},{"damage":0.0,"enemies":"Cultist and Chosen","floor":28.0,"turns":2.0},{"damage":0.0,"enemies":"Gremlin Leader","floor":31.0,"turns":1.0},{"damage":2.0,"enemies":"Pondfish","floor":33.0,"turns":6.0},{"damage":32.0,"enemies":"3 Shapes","floor":35.0,"turns":2.0},{"damage":0.0,"enemies":"3 Darklings","floor":37.0,"turns":1.0},{"damage":0.0,"enemies":"Jaw Worm Horde","floor":38.0,"turns":2.0},{"damage":0.0,"enemies":"R_Hoarder","floor":40.0,"turns":2.0},{"damage":0,"enemies":"Sphere and 2 Shapes","floor":42,"turns":1},{"damage":0,"enemies":"Spire Growth","floor":45,"turns":2}],"seed_played":"1660431746877920027","potions_obtained":[{"floor":8.0,"key":"Dexterity Potion"},{"floor":13.0,"key":"testmod-SpacePotion"},{"floor":16.0,"key":"SmokeBomb"},{"floor":18.0,"key":"EssenceOfSteel"},{"floor":21.0,"key":"Dexterity Potion"},{"floor":24.0,"key":"Elixir"},{"floor":33.0,"key":"Weak Potion"},{"floor":42,"key":"Elixir"}],"is_trial":false,"path_per_floor":["M","?","M","M","?","E","R","M","T","$","E","R","E","?","R","B",null,"M","M","?","M","$","R","E","?","T","E","M","$","?","E","R","B",null,"M","?","M","M","?","E","R","M","T","?","M"],"character_chosen":"Librarian","items_purchased":["testmod-FightingIntention","ArrowTower","hubris:EmptyBottle","testmod-SpacePotion","MostiFishMod:AdaptiveDefenses","testmod-OneHitWonder"],"campfire_rested":1,"item_purchase_floors":[22,22,22,29,29,29],"current_hp_per_floor":[47,47,47,47,47,6,6,2,2,2,2,25,25,14,14,14,59,59,59,59,36,36,36,36,36,36,41,47,47,47,49,49,61,64,15,15,31,37,37,41,41,41,41,41,45,45],"gold":434,"neow_bonus":"RANDOM_COMMON_RELIC","is_daily":false,"chose_seed":false,"campfire_upgraded":4,"win_rate":0.0,"timestamp":1610444523,"path_taken":["M","?","M","M","?","E","R","M","T","$","E","R","E","?","R","BOSS","M","M","?","?","$","R","E","?","T","E","M","$","?","E","R","BOSS","M","?","?","M","?","E","R","M","T","?","M"],"items_purchased_type":["Card","Relic","Relic","Potion","Relic","Relic"],"build_version":"2020-12-22","purchased_purges":12,"victory":false,"max_hp_per_floor":[79,79,79,79,79,79,79,79,79,79,79,79,79,79,79,74,74,74,74,74,74,74,74,74,74,74,74,74,74,74,74,74,65,65,65,65,65,65,65,65,74,84,84,84,77,77],"card_choices":[{"not_picked":["DesperateStruggle","SuppressingShot","Outburst","HighSpeedStabbing","Laceration","Pound","Juggling","SkyClearingCut"],"picked":"GaleKick","floor":1.0},{"not_picked":["HandleRequest+1","CircusKnives+1","BlazingStrike+1","QuickAttack+1","LawAndOrder+1","Standoff+1","StrikeDown+1","CookingPrep","SuppressingShot+1","StartinOutLightly"],"picked":"FieryWaltz+1","floor":3.0},{"not_picked":["SharpenedBlade","ClassAndRespect+1","ScatteringSlash+1","Pound+1","ToWhereThePrescriptPoints","Faith","SharpSwipe+1","InnerArdor","Track+1","Bvapour+1"],"picked":"SunsetBlade","floor":4.0},{"not_picked":["Struggle","ClassAndRespect+1","FleshFillet+1","Outburst+1","Fence","CombatPreparation","HighKick+1","BizarreAttack+1","ElectricShock+1","Clone"],"picked":"Execute_lor+1","floor":6.0},{"not_picked":["SerpentSwordTechnique","FrontalAssault","DeepDrag+1","Parry2","DefenseOrder","GuardingStance","UnavoidableGaze","RushDown+1","AsThePrescriptOrders","HiddenBlade+1"],"picked":"Observe","floor":8.0},{"not_picked":["Quickness","Tttonst","FendThisOffIfYouCan+1","FervidEmotions","GuardingStance","Faith","RhinoRam+1","RagingStorm+1","Leap_lor+1","Brawl+1"],"picked":"FlamingDragonFist+1","floor":11.0},{"not_picked":["Juggling","IdentifyWeakpoint","ForcefulGesture+1","FierceCharge","ConcentratedFire+1","MultiHit+1","Rewind","ExtremeEdge+1","BlowItUp+1","YoureAHindrance+1"],"picked":"Unlock1+1","floor":13.0},{"not_picked":["MindCrush+1","Disposal+1","SilentNight+1","UnforgettableMelody"],"picked":"CleanUp+1","floor":16.0},{"not_picked":["UnavoidableGaze","GuardingStance","GuidanceOfTheGears","MultiBlock+1","CutIn+1","WillProduceFineSilk","GreatSerpentsImpact+1","TendonChords+1","Riposte+1","ExtractFuel","BackAttack"],"picked":"Quickness","floor":19.0},{"not_picked":["Rewind","ElectricShock+1","DesperateStruggle+1","SpearedSweep+1","SharpenedBlade","IdentifyWeakpoint","Collision+1","SerpentSwordTechnique+1","OpportunitySpotted+1","Gigigig+1","EndlessBattle+1"],"picked":"TrashDisposal+1","floor":24.0},{"not_picked":["StartinOutLightly","InkOver+1","DarkCloud","Transpierce+1","SunsetBlade","Pound+1","CombatPreparation","Parry+1","SavageMode+1","DesperateStruggle+1","RhinoRam+1"],"picked":"Eliminate+1","floor":27.0},{"not_picked":["Cruelty+1","MirageStorm+1","Castigation+1","BoundaryOfDeath+1","GutHarvesting+1"],"picked":"UnforgettableMelody","floor":33.0},{"not_picked":["Ripple+1","YourShield","EnergyCycle+1","SnakesPrey","AGoldenOpportunity+1","KeepItFresh+1","EnergyStrike+1","QuickSuppression+1","Faith+1","RagingStorm+1","HighKick+1"],"picked":"WillOfThePrescript+1","floor":40.0},{"not_picked":["ExtractFuel","PinpointShot+1","FleetFootsteps","PreemptiveStrike+1","CutIn+1","Endure+1","Observe","FierceCharge","HandleRequest+1","EnergyCycle+1","MultiBlock+1"],"picked":"FrontalAssault","floor":45}],"player_experience":1098017,"relics_obtained":[{"floor":1.0,"key":"SynthV:TestCard"},{"floor":6.0,"key":"MawBank"},{"floor":9.0,"key":"Akabeko"},{"floor":11.0,"key":"PageOfTodaysShyLook"},{"floor":13.0,"key":"AT_SunfireAegis"},{"floor":24.0,"key":"AT_SilverBalance"},{"floor":27.0,"key":"Orichalcum"},{"floor":31.0,"key":"Happy Flower"},{"floor":33.0,"key":"LetterFromLob"},{"floor":40.0,"key":"ReplayTheSpireMod:TigerMarble"},{"floor":43,"key":"testmod-CyclicPeriapt"}],"event_choices":[{"damage_healed":0.0,"max_hp_gain":0.0,"max_hp_loss":0.0,"gold_gain":75.0,"event_name":"World of Goop","player_choice":"Gather Gold","floor":14.0,"gold_loss":0.0,"damage_taken":11.0},{"damage_healed":0.0,"max_hp_gain":0.0,"max_hp_loss":0.0,"gold_gain":275.0,"event_name":"Golden Shrine","player_choice":"Desecrate","floor":20.0,"gold_loss":0.0,"damage_taken":0.0,"cards_obtained":["Regret"]},{"damage_healed":0.0,"max_hp_gain":0.0,"max_hp_loss":0.0,"gold_gain":400.0,"event_name":"恩洛斯的盘子","player_choice":"Sell","floor":25.0,"relics_lost":["testmod-TestBox"],"gold_loss":0.0,"damage_taken":0.0},{"damage_healed":0.0,"max_hp_gain":0.0,"max_hp_loss":0.0,"gold_gain":0.0,"event_name":"SecretPortal","player_choice":"Ignored","floor":36.0,"gold_loss":0.0,"damage_taken":0.0},{"damage_healed":0,"gold_gain":0,"player_choice":"Ignored","damage_taken":0,"max_hp_gain":0,"max_hp_loss":0,"event_name":"Tomb of Lord Red Mask","floor":44,"gold_loss":0}],"is_beta":false,"boss_relics":[{"not_picked":["testmod-Nine","aspiration:IroncladSkillbook"],"picked":"Honey Jar"},{"not_picked":["aspiration:RunicSpoon","Philosopher\u0027s Stone"],"picked":"Replay:Grab Bag"},{"not_picked":["Cursed Key","Busted Crown"],"picked":"Runic Dome"},{"not_picked":["Sozu","SlaversCollar"],"picked":"Fusion Hammer"},{"not_picked":["testmod-EnergyCheck","aspiration:RitualDagger"],"picked":"Snecko Eye"}],"items_purged_floors":[10,10,10,10,10,10,10,10,22,22,22,22],"is_endless":false,"potions_floor_spawned":[8,13,16,18,21,24,33,35,42],"killed_by":"Spire Growth","ascension_level":20}}