{"host":"yvb207ks1sg3cxef","time":1610474288,"event":{"mods":["2.2 Compatiblity","BaseMod","Bestiary","Colored Powertips","Minty Spire (QoL Compilation)","Permanent Neow","Quick Restart","Relic Stats","StSLib"],"gold_per_floor":[99,99,99,99,99,99,99,99,99,99,99,99,99,99,99,99,99,99,99,99,99,99,99,99,99,99,24,24,24,24,24,24,24,24,24,24,24,24,24,24,24,24,24,24,24,24,24,24,24,24,24,24,24,24,24,24],"floor_reached":55,"playtime":4870,"items_purged":["Strike_B"],"score":1178,"play_id":"5b851f5d-7ae4-48a3-8563-eb27adfd463c","local_time":"20210112232808","is_ascension_mode":true,"campfire_choices":[{"data":"Strike_B","floor":7.0,"key":"PURGE"},{"data":"Strike_B","floor":10.0,"key":"PURGE"},{"data":"Skim","floor":13.0,"key":"SMITH"},{"data":"Recycle","floor":15.0,"key":"SMITH"},{"data":"Strike_B","floor":28.0,"key":"PURGE"},{"data":"RitualDagger","floor":32.0,"key":"SMITH"},{"data":"Defend_B","floor":41.0,"key":"PURGE"},{"data":"Turbo","floor":46,"key":"SMITH"},{"floor":49,"key":"RECALL"},{"data":"Coolheaded","floor":52,"key":"SMITH"}],"circlet_count":0,"master_deck":["Defend_B","Defend_B","Defend_B","Zap","Dualcast","Conserve Battery","Rebound","Reinforced Body","Skim+1","Rebound","Recycle+1","Echo Form","Buffer","Coolheaded+1","RitualDagger+1","Ghostly","Ghostly","Ghostly","Ghostly","Ghostly","Glacier","Coolheaded+1","Turbo+1","Hologram+1","Undo","Machine Learning","Skim+1","Coolheaded+1","Recycle+1","Reinforced Body+1","Doom and Gloom","Echo Form","Capacitor+1"],"relics":["Ectoplasm","Golden Idol","Peace Pipe","HornCleat","Bag of Preparation","Odd Mushroom","Coffee Dripper","Centennial Puzzle","Letter Opener","Kunai","Prayer Wheel","Philosopher\u0027s Stone","Toxic Egg 2","Regal Pillow","Pen Nib","Darkstone Periapt","Boot"],"acts_visited":["Exordium","TheCity","TheBeyond","TheEnding"],"potions_floor_usage":[55],"damage_taken":[{"damage":3.0,"enemies":"Small Slimes","floor":1.0,"turns":4.0},{"damage":12.0,"enemies":"Jaw Worm","floor":2.0,"turns":3.0},{"damage":0.0,"enemies":"2 Louse","floor":3.0,"turns":2.0},{"damage":0.0,"enemies":"2 Fungi Beasts","floor":4.0,"turns":4.0},{"damage":9.0,"enemies":"Lagavulin","floor":6.0,"turns":8.0},{"damage":7.0,"enemies":"3 Sentries","floor":8.0,"turns":15.0},{"damage":0.0,"enemies":"The Mushroom Lair","floor":11.0,"turns":6.0},{"damage":0.0,"enemies":"Red Slaver","floor":14.0,"turns":5.0},{"damage":18.0,"enemies":"Hexaghost","floor":16.0,"turns":14.0},{"damage":0.0,"enemies":"Shell Parasite","floor":18.0,"turns":6.0},{"damage":0.0,"enemies":"3 Byrds","floor":19.0,"turns":7.0},{"damage":0.0,"enemies":"Slavers","floor":23.0,"turns":10.0},{"damage":1.0,"enemies":"Snake Plant","floor":24.0,"turns":7.0},{"damage":0.0,"enemies":"Book of Stabbing","floor":25.0,"turns":10.0},{"damage":0.0,"enemies":"Centurion and Healer","floor":29.0,"turns":8.0},{"damage":1.0,"enemies":"Slavers","floor":30.0,"turns":6.0},{"damage":0.0,"enemies":"Sentry and Sphere","floor":31.0,"turns":6.0},{"damage":0.0,"enemies":"Collector","floor":33.0,"turns":17.0},{"damage":0.0,"enemies":"3 Shapes","floor":35.0,"turns":5.0},{"damage":0.0,"enemies":"Orb Walker","floor":37.0,"turns":4.0},{"damage":0.0,"enemies":"Transient","floor":39.0,"turns":5.0},{"damage":0.0,"enemies":"Giant Head","floor":40.0,"turns":7.0},{"damage":12.0,"enemies":"Nemesis","floor":42.0,"turns":13.0},{"damage":0,"enemies":"Writhing Mass","floor":47,"turns":8},{"damage":0,"enemies":"Reptomancer","floor":48,"turns":7},{"damage":0,"enemies":"Awakened One","floor":50,"turns":12},{"damage":0,"enemies":"Shield and Spear","floor":54,"turns":7},{"damage":62,"enemies":"The Heart","floor":55,"turns":11}],"seed_played":"7672303544285080117","potions_obtained":[{"floor":3.0,"key":"Strength Potion"},{"floor":4.0,"key":"PotionOfCapacity"},{"floor":11.0,"key":"DistilledChaos"},{"floor":14.0,"key":"Block Potion"},{"floor":18.0,"key":"Block Potion"},{"floor":24.0,"key":"FairyPotion"},{"floor":29.0,"key":"Fruit Juice"},{"floor":37.0,"key":"DuplicationPotion"},{"floor":48,"key":"SmokeBomb"},{"floor":54,"key":"FearPotion"}],"is_trial":false,"path_per_floor":["M","M","M","M","?","E","R","E","T","R","?","?","R","M","R","B",null,"M","M","?","?","?","E","M","E","T","$","R","M","E","M","R","B",null,"M","?","M","?","M","E","R","E","T","$","?","R","M","E","R","B",null,"R","$","E","B"],"character_chosen":"DEFECT","items_purchased":[],"campfire_rested":0,"item_purchase_floors":[],"current_hp_per_floor":[72,60,60,60,60,51,51,44,44,44,44,44,44,44,44,26,69,69,69,69,63,34,34,33,33,33,33,33,33,32,32,32,32,39,39,39,39,39,39,39,39,27,27,27,27,27,27,27,27,27,37,37,37,37,0,0],"gold":24,"neow_bonus":"BOSS_RELIC","is_daily":false,"chose_seed":false,"campfire_upgraded":5,"win_rate":0.0,"timestamp":1610474288,"path_taken":["M","M","M","M","?","E","R","E","T","R","?","?","R","M","R","BOSS","M","M","?","?","?","E","M","E","T","?","R","M","E","M","R","BOSS","M","?","M","?","?","E","R","E","T","?","?","R","M","E","R","BOSS","R","$","E","BOSS"],"items_purchased_type":[],"build_version":"2020-12-22","purchased_purges":1,"victory":false,"max_hp_per_floor":[75,75,75,75,69,69,69,69,69,69,69,69,69,69,69,69,69,69,69,69,69,34,34,34,34,34,34,34,34,34,34,34,34,39,39,39,39,39,39,39,39,39,39,39,37,37,37,37,37,37,37,37,37,37,37,37],"relic_stats":{"Darkstone Periapt":0,"Regal Pillow":0,"counters":[28,217],"Golden Idol":191,"Pen Nib":[7],"Bag of Preparation":[44],"Letter Opener":[1076],"Boot":[0],"Peace Pipe":5,"Centennial Puzzle":[12],"Prayer Wheel":5,"Ectoplasm":970,"Kunai":[28],"obtain_stats":[{"Darkstone Periapt":48,"Regal Pillow":40,"Golden Idol":5,"Pen Nib":42,"Bag of Preparation":9,"Letter Opener":25,"Odd Mushroom":11,"Boot":54,"Peace Pipe":6,"Centennial Puzzle":23,"HornCleat":8,"Prayer Wheel":30,"Philosopher\u0027s Stone":34,"Ectoplasm":0,"Coffee Dripper":17,"Kunai":26,"Toxic Egg 2":38,"Cracked Core":0},{"Darkstone Periapt":25,"Regal Pillow":22,"Golden Idol":4,"Pen Nib":23,"Bag of Preparation":6,"Letter Opener":14,"Odd Mushroom":7,"Boot":27,"Peace Pipe":5,"Centennial Puzzle":12,"HornCleat":6,"Prayer Wheel":16,"Philosopher\u0027s Stone":18,"Ectoplasm":0,"Coffee Dripper":9,"Kunai":14,"Toxic Egg 2":20,"Cracked Core":0},{"Darkstone Periapt":187,"Regal Pillow":159,"Golden Idol":13,"Pen Nib":172,"Bag of Preparation":36,"Letter Opener":101,"Odd Mushroom":42,"Boot":206,"Peace Pipe":21,"Centennial Puzzle":84,"HornCleat":36,"Prayer Wheel":115,"Philosopher\u0027s Stone":138,"Ectoplasm":0,"Coffee Dripper":61,"Kunai":101,"Toxic Egg 2":147,"Cracked Core":0}]},"card_choices":[{"not_picked":["Reprogram","Darkness"],"picked":"Conserve Battery","floor":1.0},{"not_picked":["Melter","Conserve Battery"],"picked":"Rebound","floor":2.0},{"not_picked":["Steam","Redo"],"picked":"Reinforced Body","floor":3.0},{"not_picked":["BootSequence","Auto Shields"],"picked":"Cold Snap","floor":4.0},{"not_picked":["Rebound","Conserve Battery"],"picked":"Skim","floor":6.0},{"not_picked":["Steam","Auto Shields"],"picked":"Rebound","floor":8.0},{"not_picked":["Steam","Skim"],"picked":"Recycle","floor":11.0},{"not_picked":["Sunder","Streamline"],"picked":"Echo Form","floor":14.0},{"not_picked":["Meteor Strike","Hyperbeam"],"picked":"Buffer","floor":16.0},{"not_picked":["Gash","Doom and Gloom"],"picked":"Coolheaded","floor":18.0},{"not_picked":["Storm","Loop","Scrape"],"picked":"SKIP","floor":19.0},{"not_picked":["Cold Snap","Aggregate"],"picked":"Glacier","floor":23.0},{"not_picked":["Aggregate","Double Energy"],"picked":"Coolheaded+1","floor":24.0},{"not_picked":["Static Discharge","Hello World+1","Gash"],"picked":"SKIP","floor":25.0},{"not_picked":["Turbo","Stack","Glacier"],"picked":"SKIP","floor":29.0},{"not_picked":["Auto Shields","Reinforced Body"],"picked":"Turbo","floor":30.0},{"not_picked":["Double Energy+1","Hello World"],"picked":"Hologram+1","floor":31.0},{"not_picked":["Rip and Tear+1","Lockon"],"picked":"Undo","floor":31.0},{"not_picked":["Buffer","Core Surge"],"picked":"Machine Learning","floor":33.0},{"not_picked":["Static Discharge+1","Streamline+1"],"picked":"Skim+1","floor":35.0},{"not_picked":["Ball Lightning+1","Lockon","Coolheaded"],"picked":"SKIP","floor":35.0},{"not_picked":["Cold Snap","Go for the Eyes"],"picked":"Coolheaded+1","floor":37.0},{"not_picked":["Heatsinks+1","Barrage+1","Gash"],"picked":"SKIP","floor":37.0},{"not_picked":["Force Field+1","Gash"],"picked":"Recycle+1","floor":39.0},{"not_picked":["Streamline","Skim+1"],"picked":"Reinforced Body+1","floor":39.0},{"not_picked":["Rip and Tear+1","Compile Driver+1","Barrage"],"picked":"SKIP","floor":40.0},{"not_picked":["Rip and Tear","Heatsinks"],"picked":"Doom and Gloom","floor":42.0},{"not_picked":["Sweeping Beam+1","Stack+1","Force Field+1"],"picked":"SKIP","floor":47},{"not_picked":["Barrage","Beam Cell+1","Conserve Battery+1"],"picked":"SKIP","floor":47},{"not_picked":["Aggregate+1","Conserve Battery+1"],"picked":"Echo Form","floor":48},{"not_picked":["Cold Snap+1","Beam Cell+1"],"picked":"Capacitor+1","floor":54}],"player_experience":326839,"relics_obtained":[{"floor":6.0,"key":"Peace Pipe"},{"floor":8.0,"key":"HornCleat"},{"floor":9.0,"key":"Bag of Preparation"},{"floor":11.0,"key":"Odd Mushroom"},{"floor":23.0,"key":"Centennial Puzzle"},{"floor":25.0,"key":"Letter Opener"},{"floor":26.0,"key":"Kunai"},{"floor":30.0,"key":"Prayer Wheel"},{"floor":38.0,"key":"Toxic Egg 2"},{"floor":40.0,"key":"Regal Pillow"},{"floor":42.0,"key":"Pen Nib"},{"floor":48,"key":"Darkstone Periapt"},{"floor":54,"key":"Boot"}],"event_choices":[{"damage_healed":0.0,"max_hp_gain":0.0,"max_hp_loss":6.0,"gold_gain":0.0,"event_name":"Golden Idol","player_choice":"Lose Max HP","floor":5.0,"gold_loss":0.0,"damage_taken":0.0,"relics_obtained":["Golden Idol"]},{"damage_healed":0.0,"max_hp_gain":0.0,"max_hp_loss":0.0,"gold_gain":0.0,"event_name":"Mushrooms","player_choice":"Fought Mushrooms","floor":11.0,"gold_loss":0.0,"damage_taken":0.0},{"damage_healed":0.0,"max_hp_gain":0.0,"max_hp_loss":0.0,"gold_gain":0.0,"event_name":"Liars Game","player_choice":"Ignored","floor":12.0,"gold_loss":0.0,"damage_taken":0.0},{"damage_healed":0.0,"max_hp_gain":0.0,"max_hp_loss":0.0,"gold_gain":0.0,"event_name":"Vampires","player_choice":"Ignored","floor":20.0,"gold_loss":0.0,"damage_taken":0.0},{"damage_healed":0.0,"max_hp_gain":0.0,"max_hp_loss":0.0,"gold_gain":0.0,"event_name":"Nest","player_choice":"Joined the Cult","floor":21.0,"gold_loss":0.0,"damage_taken":6.0,"cards_obtained":["RitualDagger"]},{"damage_healed":0.0,"max_hp_gain":0.0,"max_hp_loss":35.0,"gold_gain":0.0,"event_name":"Ghosts","player_choice":"Became a Ghost","floor":22.0,"gold_loss":0.0,"damage_taken":0.0,"cards_obtained":["Ghostly","Ghostly","Ghostly","Ghostly","Ghostly"]},{"cards_removed":["Cold Snap"],"damage_healed":0.0,"max_hp_gain":0.0,"max_hp_loss":0.0,"gold_gain":0.0,"event_name":"Falling","player_choice":"Removed Attack","floor":36.0,"gold_loss":0.0,"damage_taken":0.0},{"damage_healed":0.0,"max_hp_gain":0.0,"max_hp_loss":0.0,"gold_gain":0.0,"event_name":"Wheel of Change","player_choice":"Relic","floor":38.0,"gold_loss":0.0,"damage_taken":0.0},{"damage_healed":0.0,"max_hp_gain":0.0,"max_hp_loss":2.0,"gold_gain":0.0,"event_name":"Winding Halls","player_choice":"Max HP","floor":45.0,"gold_loss":0.0,"damage_taken":0.0}],"is_beta":false,"boss_relics":[{"not_picked":["Sozu","Runic Dome"],"picked":"Coffee Dripper"},{"not_picked":["Velvet Choker","Tiny House"],"picked":"Philosopher\u0027s Stone"}],"items_purged_floors":[27],"is_endless":false,"potions_floor_spawned":[3,4,11,14,16,18,24,25,29,37,39,48,54],"killed_by":"The Heart","ascension_level":2}}