{"host":"g907ck67u7c3hrs6","time":1610450754,"event":{"mods":["BaseMod","Colored Map","DeckTracker","Highlight Path","Keyboard Shortcuts","Minty Spire (QoL Compilation)","Permanent Neow","Say the Spire","SuperFastMode"],"gold_per_floor":[114,129,144,159,84,114,129,159,159,174,174,204,234,249,249,349,349,364,314,344,284,284,284,314,314,339,354,384,384,414,426,426],"floor_reached":31,"playtime":962,"items_purged":[],"score":693,"play_id":"74c6c9b0-fad5-4be1-81c2-07e0cdf80161","local_time":"20210112202554","daily_mods":["Cursed Run","Hoarder","DeadlyEvents"],"is_ascension_mode":false,"campfire_choices":[{"data":"Eruption","floor":15,"key":"SMITH"},{"data":"Vigilance","floor":23,"key":"SMITH"},{"floor":25,"key":"REST"},{"floor":29,"key":"REST"}],"circlet_count":0,"master_deck":["Strike_P","Strike_P","Strike_P","Strike_P","Defend_P","Defend_P","Defend_P+1","Defend_P","Eruption+1","Vigilance+1","TalkToTheHand","TalkToTheHand","TalkToTheHand","ReachHeaven","ReachHeaven","ReachHeaven","Protect","Protect","Protect","Adaptation","Adaptation","Adaptation","Worship","Worship","Worship","LikeWater+1","LikeWater+1","LikeWater+1","Meditate+1","Meditate","Meditate","Normality","Normality","Normality","FearNoEvil","FearNoEvil","FearNoEvil","DeusExMachina","DeusExMachina","DeusExMachina","Worship","Worship","Worship","TalkToTheHand","TalkToTheHand","TalkToTheHand","Writhe","Writhe","Devotion+1","Devotion+1","Devotion+1","Writhe","Writhe","Writhe","LikeWater+1","LikeWater+1","LikeWater+1"],"relics":["Cursed Key","Darkstone Periapt","Du-Vu Doll","Frozen Egg 2","GoldenEye","Orichalcum","Calipers","Pen Nib","Ornamental Fan","Sozu","Akabeko","War Paint","Vajra","Centennial Puzzle","MawBank"],"acts_visited":["Exordium","TheCity"],"potions_floor_usage":[24,30,30],"damage_taken":[{"damage":0,"enemies":"Cultist","floor":1,"turns":3},{"damage":0,"enemies":"2 Louse","floor":2,"turns":2},{"damage":1,"enemies":"Jaw Worm","floor":3,"turns":2},{"damage":0,"enemies":"Looter","floor":4,"turns":3},{"damage":0,"enemies":"Lagavulin","floor":6,"turns":7},{"damage":0,"enemies":"Gremlin Gang","floor":7,"turns":5},{"damage":23,"enemies":"Gremlin Nob","floor":8,"turns":5},{"damage":15,"enemies":"Large Slime","floor":10,"turns":4},{"damage":0,"enemies":"Lagavulin","floor":12,"turns":9},{"damage":9,"enemies":"3 Sentries","floor":13,"turns":4},{"damage":7,"enemies":"Red Slaver","floor":14,"turns":3},{"damage":2,"enemies":"Hexaghost","floor":16,"turns":7},{"damage":25,"enemies":"2 Thieves","floor":18,"turns":5},{"damage":30,"enemies":"Gremlin Leader","floor":20,"turns":7},{"damage":41,"enemies":"Book of Stabbing","floor":24,"turns":7},{"damage":4,"enemies":"Chosen","floor":27,"turns":3},{"damage":54,"enemies":"Slavers","floor":28,"turns":6},{"damage":27,"enemies":"Gremlin Leader","floor":30,"turns":5},{"damage":5,"enemies":"3 Cultists","floor":31,"turns":3}],"seed_played":"-5514344210177769252","potions_obtained":[{"floor":1,"key":"GamblersBrew"},{"floor":3,"key":"Block Potion"},{"floor":6,"key":"GamblersBrew"},{"floor":14,"key":"SkillPotion"}],"is_trial":false,"path_per_floor":["M","M","M","M","$","E","M","E","T","M","?","E","E","M","R","B",null,"M","?","E","?","$","R","E","R","T","M","E","R","E","M"],"character_chosen":"WATCHER","items_purchased":["Worship"],"campfire_rested":2,"item_purchase_floors":[5],"current_hp_per_floor":[72,72,71,71,71,71,71,48,66,51,39,39,30,23,23,39,108,83,83,53,53,53,53,12,44,62,58,4,41,14,9,9],"gold":426,"neow_bonus":"","is_daily":true,"chose_seed":false,"campfire_upgraded":2,"win_rate":0.0,"timestamp":1610450754,"path_taken":["M","?","M","M","$","E","M","E","T","M","?","?","E","M","R","BOSS","M","?","?","?","$","R","?","R","T","M","E","R","E","M"],"items_purchased_type":["Card"],"build_version":"2020-12-22","purchased_purges":0,"victory":false,"max_hp_per_floor":[72,72,72,72,72,72,72,72,90,90,90,90,90,90,90,108,108,108,108,108,108,108,108,108,108,126,126,126,126,126,126,126],"card_choices":[{"not_picked":["Evaluate","DeceiveReality"],"picked":"TalkToTheHand","floor":1},{"not_picked":["FlyingSleeves","Fasting2"],"picked":"ReachHeaven","floor":2},{"not_picked":["Consecrate","Study"],"picked":"Protect","floor":3},{"not_picked":["BowlingBash","CutThroughFate"],"picked":"Adaptation","floor":4},{"not_picked":["Wireheading+1","FollowUp","SignatureMove"],"picked":"SKIP","floor":6},{"not_picked":["DeceiveReality","Wallop"],"picked":"LikeWater+1","floor":7},{"not_picked":["Perseverance","Prostrate"],"picked":"Meditate","floor":8},{"not_picked":["Halt","PathToVictory"],"picked":"FearNoEvil","floor":10},{"not_picked":["EmptyFist","Wallop"],"picked":"DeusExMachina","floor":12},{"not_picked":["Vengeance","SashWhip"],"picked":"Worship","floor":13},{"not_picked":["CrushJoints","SashWhip"],"picked":"TalkToTheHand","floor":14},{"not_picked":["Omniscience","Wish"],"picked":"Devotion+1","floor":16},{"not_picked":["Consecrate+1","CutThroughFate","Prostrate"],"picked":"SKIP","floor":18},{"not_picked":["Conclude","EmptyBody","Weave"],"picked":"SKIP","floor":20},{"not_picked":["Indignation+1","Halt","PathToVictory"],"picked":"SKIP","floor":24},{"not_picked":["Prostrate+1","FlyingSleeves","PathToVictory"],"picked":"SKIP","floor":27},{"not_picked":["PathToVictory","Nirvana+1"],"picked":"LikeWater+1","floor":28},{"not_picked":["WreathOfFlame","ForeignInfluence","JustLucky"],"picked":"SKIP","floor":30}],"player_experience":209677,"relics_obtained":[{"floor":6,"key":"Frozen Egg 2"},{"floor":8,"key":"GoldenEye"},{"floor":9,"key":"Orichalcum"},{"floor":12,"key":"Pen Nib"},{"floor":13,"key":"Ornamental Fan"},{"floor":20,"key":"Akabeko"},{"floor":24,"key":"War Paint"},{"floor":26,"key":"Vajra"},{"floor":28,"key":"Centennial Puzzle"},{"floor":30,"key":"MawBank"}],"event_choices":[{"damage_healed":0,"gold_gain":0,"player_choice":"Success","damage_taken":12,"relics_obtained":["Calipers"],"max_hp_gain":0,"max_hp_loss":0,"event_name":"Scrap Ooze","floor":11,"gold_loss":0},{"damage_healed":0,"gold_gain":0,"player_choice":"Bet on Murderer","damage_taken":0,"max_hp_gain":0,"max_hp_loss":0,"event_name":"The Joust","floor":19,"gold_loss":50},{"cards_removed":["Writhe"],"damage_healed":0,"gold_gain":0,"player_choice":"Single Remove","damage_taken":0,"max_hp_gain":0,"max_hp_loss":0,"event_name":"Designer","floor":21,"gold_loss":60}],"is_beta":false,"boss_relics":[{"not_picked":["Tiny House","Black Star"],"picked":"Sozu"}],"items_purged_floors":[],"is_endless":false,"potions_floor_spawned":[1,3,6,8,14,20,27,30],"killed_by":"3 Cultists","ascension_level":0}}