{"host":"sc0o2qwpf9j16a4i","time":1610455773,"event":{"mods":["AchievementEnabler","BaseMod","BetterRewards","Block Reminder","Colored Map","Colored Powertips","Custom Start","Highlight Path","Minty Spire (QoL Compilation)","Relic Stats"],"gold_per_floor":[117,127,127,145,145,178,178,208,208,239,257,257,13,27,27,104,104,115,115,115,127,139,139,156,184,207,235,33,33,63,74,74,148,148,163,163,176,194,214,245,257,30,76,76,95,95,122,134,134,134,134,134,134,9,43,43],"floor_reached":57,"playtime":2409,"items_purged":["Strike_B","Defend_B"],"score":3759,"play_id":"b96bec06-3fb0-4ffd-a2e1-be83498728e3","local_time":"20210112144933","is_ascension_mode":true,"campfire_choices":[{"floor":7,"key":"REST"},{"data":"Apotheosis","floor":12,"key":"SMITH"},{"floor":15,"key":"REST"},{"data":"Seek","floor":23,"key":"SMITH"},{"floor":29,"key":"REST"},{"floor":32,"key":"REST"},{"floor":41,"key":"REST"},{"floor":46,"key":"RECALL"},{"floor":49,"key":"REST"},{"floor":53,"key":"REST"}],"circlet_count":0,"master_deck":["AscendersBane","Strike_B+1","Defend_B","Defend_B","Zap","Dualcast","Apotheosis+1","Capacitor","Cold Snap","Seek+1","Leap","Go for the Eyes","Cold Snap","Barrage","Barrage","Glacier","Hologram","Echo Form","Turbo","Ball Lightning","Recycle","Chaos+1","Loop","Undo+1","Glacier+1","Genetic Algorithm+1","Biased Cognition","Loop","Coolheaded+1","Meteor Strike","Coolheaded+1","Reinforced Body+1","Defragment","Self Repair","Loop+1","Amplify+1","Heatsinks","Coolheaded+1"],"relics":["Cracked Core","Membership Card","Bag of Marbles","Runic Capacitor","Shuriken","White Beast Statue","Bottled Lightning","Happy Flower","Chemical X","DataDisk","Orichalcum","Art of War","Whetstone","InkBottle","Vajra","Omamori","OrangePellets","FossilizedHelix","Black Star","Toxic Egg 2","Symbiotic Virus","Smiling Mask","Oddly Smooth Stone","Gambling Chip","Medical Kit","Centennial Puzzle","Ancient Tea Set","Akabeko","Cursed Key","Unceasing Top","MawBank","Bottled Tornado","Potion Belt","Anchor","Lantern","Ornamental Fan","Bag of Preparation"],"acts_visited":["Exordium","TheCity","TheBeyond","TheEnding"],"potions_floor_usage":[6,14,22,30,31,33,40,45,47,56,56,56,56],"damage_taken":[{"damage":0,"enemies":"2 Louse","floor":1,"turns":2},{"damage":1,"enemies":"Jaw Worm","floor":2,"turns":2},{"damage":0,"enemies":"Cultist","floor":4,"turns":3},{"damage":1,"enemies":"Lagavulin","floor":6,"turns":5},{"damage":12,"enemies":"Gremlin Nob","floor":8,"turns":4},{"damage":1,"enemies":"3 Sentries","floor":10,"turns":5},{"damage":0,"enemies":"Blue Slaver","floor":11,"turns":2},{"damage":0,"enemies":"Red Slaver","floor":14,"turns":2},{"damage":0,"enemies":"The Guardian","floor":16,"turns":6},{"damage":0,"enemies":"Chosen","floor":18,"turns":4},{"damage":0,"enemies":"Spheric Guardian","floor":21,"turns":4},{"damage":0,"enemies":"Centurion and Healer","floor":22,"turns":4},{"damage":0,"enemies":"Cultist and Chosen","floor":24,"turns":5},{"damage":23,"enemies":"Book of Stabbing","floor":25,"turns":6},{"damage":12,"enemies":"Gremlin Leader","floor":27,"turns":4},{"damage":27,"enemies":"Slavers","floor":30,"turns":4},{"damage":0,"enemies":"Snake Plant","floor":31,"turns":2},{"damage":0,"enemies":"Collector","floor":33,"turns":11},{"damage":42,"enemies":"3 Darklings","floor":35,"turns":7},{"damage":0,"enemies":"Orb Walker","floor":37,"turns":3},{"damage":0,"enemies":"Spire Growth","floor":38,"turns":5},{"damage":0,"enemies":"Maw","floor":39,"turns":5},{"damage":0,"enemies":"Giant Head","floor":40,"turns":8},{"damage":12,"enemies":"Jaw Worm Horde","floor":45,"turns":4},{"damage":0,"enemies":"Nemesis","floor":47,"turns":4},{"damage":0,"enemies":"Writhing Mass","floor":48,"turns":4},{"damage":14,"enemies":"Time Eater","floor":50,"turns":14},{"damage":45,"enemies":"Awakened One","floor":51,"turns":12},{"damage":30,"enemies":"Shield and Spear","floor":55,"turns":8},{"damage":8,"enemies":"The Heart","floor":56,"turns":12}],"seed_played":"2240495456837338706","potions_obtained":[{"floor":1,"key":"FairyPotion"},{"floor":2,"key":"GamblersBrew"},{"floor":4,"key":"Regen Potion"},{"floor":6,"key":"Swift Potion"},{"floor":8,"key":"SpeedPotion"},{"floor":11,"key":"DuplicationPotion"},{"floor":14,"key":"Fruit Juice"},{"floor":16,"key":"EssenceOfSteel"},{"floor":18,"key":"PowerPotion"},{"floor":22,"key":"Dexterity Potion"},{"floor":27,"key":"LiquidMemories"},{"floor":30,"key":"ColorlessPotion"},{"floor":31,"key":"PotionOfCapacity"},{"floor":33,"key":"Explosive Potion"},{"floor":37,"key":"PowerPotion"},{"floor":40,"key":"FocusPotion"},{"floor":45,"key":"DuplicationPotion"},{"floor":47,"key":"Regen Potion"},{"floor":48,"key":"FearPotion"},{"floor":55,"key":"Block Potion"}],"is_trial":false,"path_per_floor":["M","M","?","M","?","E","R","E","T","E","M","R","$","M","R","B",null,"M","?","?","M","M","R","M","E","T","E","$","R","E","M","R","B",null,"M","?","M","M","M","E","R","$","T","?","M","R","E","M","R","B","B",null,"R","$","E","B",null],"character_chosen":"DEFECT","items_purchased":["Membership Card","Apotheosis","Bag of Marbles","Capacitor","Runic Capacitor","Shuriken","White Beast Statue","Bottled Lightning","Happy Flower","Cold Snap","Chemical X","DataDisk","Orichalcum","Seek","Art of War","Leap","OrangePellets","FossilizedHelix","Medical Kit","Undo+1","Centennial Puzzle","Bottled Tornado","Defragment","Lantern","Heatsinks","Coolheaded+1"],"campfire_rested":7,"item_purchase_floors":[0,0,0,0,0,0,0,0,0,0,0,0,0,0,0,0,13,13,28,28,28,42,42,54,54,54],"current_hp_per_floor":[22,21,21,21,21,34,55,43,43,42,42,42,42,47,69,69,74,74,74,86,86,86,86,86,63,63,51,51,76,49,49,74,74,83,41,41,41,41,41,41,66,66,66,66,54,54,54,64,86,86,61,80,86,86,76,86],"gold":43,"neow_bonus":"","is_daily":false,"chose_seed":false,"campfire_upgraded":2,"win_rate":0.0,"timestamp":1610455773,"path_taken":["M","M","?","M","?","E","R","E","T","E","M","R","?","?","R","BOSS","M","?","?","M","?","R","M","E","T","E","$","R","E","M","R","BOSS","M","?","M","M","?","E","R","$","T","?","M","R","E","M","R","BOSS","BOSS","R","$","E","BOSS"],"items_purchased_type":["Relic","Card","Relic","Card","Relic","Relic","Relic","Relic","Relic","Card","Relic","Relic","Relic","Card","Relic","Card","Relic","Relic","Relic","Card","Relic","Relic","Card","Relic","Card","Card"],"build_version":"2020-12-22","purchased_purges":2,"victory":true,"max_hp_per_floor":[71,71,71,71,71,71,71,71,71,71,71,71,71,76,76,76,76,76,76,86,86,86,86,86,86,86,86,86,86,86,86,86,86,86,86,86,86,86,86,86,86,86,86,86,86,86,86,86,86,86,86,86,86,86,86,86],"relic_stats":{"Happy Flower":[53],"counters":[154,814],"Bag of Preparation":[44],"Whetstone":["Strike_B","Strike_B"],"Orichalcum":[312],"Smiling Mask":0,"Medical Kit":[15],"Cursed Key":4,"MawBank":24,"OrangePellets":[28],"Centennial Puzzle":[21],"Shuriken":[88],"Ornamental Fan":[4],"Gambling Chip":[111],"Art of War":[35],"Black Star":6,"Chemical X":[7],"obtain_stats":[{"Calipers":38,"Gremlin Horn":19,"Nilry\u0027s Codex":31,"CeramicFish":27,"Vajra":9,"Runic Capacitor":54,"Ginger":0,"Whetstone":6,"Bottled Tornado":42,"Blood Vial":12,"Centennial Puzzle":36,"HornCleat":25,"Sundial":13,"Strawberry":31,"MealTicket":10,"Toxic Egg 2":21,"Pear":26,"Happy Flower":54,"Blue Candle":7,"Dead Branch":41,"Oddly Smooth Stone":12,"Velvet Choker":17,"Eternal Feather":0,"Pen Nib":0,"War Paint":9,"Question Card":9,"Akabeko":26,"Cables":23,"WarpedTongs":5,"OrangePellets":11,"SlaversCollar":17,"Shuriken":0,"Snecko Eye":17,"Molten Egg 2":0,"Black Star":34,"Symbiotic Virus":45,"Unceasing Top":40,"Meat on the Bone":4,"Lantern":19,"Mango":12,"Bag of Preparation":0,"Ancient Tea Set":0,"Smiling Mask":8,"Cursed Key":17,"ClockworkSouvenir":12,"Emotion Chip":55,"Nunchaku":24,"Matryoshka":0,"Shovel":14,"Mummified Hand":0,"Pantograph":12,"Gambling Chip":27,"Tiny Chest":0,"WingedGreaves":26,"Chemical X":0,"Cracked Core":0,"InkBottle":10,"Potion Belt":24,"Lee\u0027s Waffle":0,"Inserter":34,"Golden Idol":3,"PreservedInsect":3,"Omamori":0,"Frozen Egg 2":0,"Orichalcum":55,"MawBank":7,"Medical Kit":28,"White Beast Statue":0,"Anchor":9,"DataDisk":14,"Ornamental Fan":55,"Bloody Idol":19,"Bag of Marbles":0,"Art of War":0,"Membership Card":0,"Bottled Lightning":0,"FossilizedHelix":13,"Toy Ornithopter":55},{"Calipers":35,"Gremlin Horn":24,"Nilry\u0027s Codex":112,"CeramicFish":28,"Vajra":129,"Runic Capacitor":42,"Ginger":44,"Whetstone":128,"Bottled Tornado":147,"Blood Vial":91,"Centennial Puzzle":33,"HornCleat":27,"Sundial":21,"Strawberry":56,"MealTicket":49,"Toxic Egg 2":108,"Pear":110,"Happy Flower":42,"Blue Candle":88,"Dead Branch":116,"Oddly Smooth Stone":12,"Velvet Choker":79,"Eternal Feather":16,"Pen Nib":61,"War Paint":5,"Question Card":103,"Akabeko":27,"Cables":26,"WarpedTongs":72,"OrangePellets":6,"SlaversCollar":51,"Shuriken":124,"Snecko Eye":15,"Molten Egg 2":70,"Black Star":32,"Symbiotic Virus":38,"Unceasing Top":147,"Meat on the Bone":100,"Lantern":68,"Mango":76,"Bag of Preparation":44,"Ancient Tea Set":44,"Smiling Mask":48,"Cursed Key":67,"ClockworkSouvenir":49,"Emotion Chip":43,"Nunchaku":110,"Matryoshka":61,"Shovel":66,"Mummified Hand":61,"Pantograph":105,"Gambling Chip":139,"Tiny Chest":44,"WingedGreaves":96,"Chemical X":124,"Cracked Core":0,"InkBottle":6,"Potion Belt":54,"Lee\u0027s Waffle":97,"Inserter":113,"Golden Idol":2,"PreservedInsect":72,"Omamori":44,"Frozen Egg 2":61,"Orichalcum":123,"MawBank":10,"Medical Kit":139,"White Beast Statue":124,"Anchor":21,"DataDisk":22,"Ornamental Fan":153,"Bloody Idol":107,"Bag of Marbles":124,"Art of War":124,"Membership Card":124,"Bottled Lightning":124,"FossilizedHelix":13,"Toy Ornithopter":43},{"Calipers":162,"Gremlin Horn":115,"Nilry\u0027s Codex":548,"CeramicFish":132,"Vajra":671,"Runic Capacitor":212,"Ginger":219,"Whetstone":667,"Bottled Tornado":758,"Blood Vial":427,"Centennial Puzzle":156,"HornCleat":129,"Sundial":95,"Strawberry":276,"MealTicket":241,"Toxic Egg 2":521,"Pear":536,"Happy Flower":212,"Blue Candle":412,"Dead Branch":579,"Oddly Smooth Stone":48,"Velvet Choker":381,"Eternal Feather":77,"Pen Nib":321,"War Paint":17,"Question Card":495,"Akabeko":129,"Cables":123,"WarpedTongs":355,"OrangePellets":24,"SlaversCollar":250,"Shuriken":655,"Snecko Eye":74,"Molten Egg 2":350,"Black Star":152,"Symbiotic Virus":179,"Unceasing Top":758,"Meat on the Bone":477,"Lantern":345,"Mango":367,"Bag of Preparation":219,"Ancient Tea Set":219,"Smiling Mask":235,"Cursed Key":341,"ClockworkSouvenir":241,"Emotion Chip":216,"Nunchaku":536,"Matryoshka":321,"Shovel":337,"Mummified Hand":321,"Pantograph":506,"Gambling Chip":713,"Tiny Chest":219,"WingedGreaves":462,"Chemical X":655,"Cracked Core":0,"InkBottle":24,"Potion Belt":267,"Lee\u0027s Waffle":466,"Inserter":557,"Golden Idol":6,"PreservedInsect":355,"Omamori":219,"Frozen Egg 2":321,"Orichalcum":652,"MawBank":41,"Medical Kit":713,"White Beast Statue":655,"Anchor":95,"DataDisk":102,"Ornamental Fan":802,"Bloody Idol":516,"Bag of Marbles":655,"Art of War":655,"Membership Card":655,"Bottled Lightning":655,"FossilizedHelix":58,"Toy Ornithopter":216}],"InkBottle":[52],"Unceasing Top":[1]},"card_choices":[{"not_picked":["Sweeping Beam","Gash"],"picked":"Go for the Eyes","floor":1},{"not_picked":["Blizzard","Fusion"],"picked":"Cold Snap","floor":2},{"not_picked":["Undo","Steam"],"picked":"Barrage","floor":4},{"not_picked":["Stack","Blizzard"],"picked":"Core Surge","floor":6},{"not_picked":["Steam Power","Stack","Auto Shields"],"picked":"SKIP","floor":8},{"not_picked":["BootSequence","Turbo"],"picked":"Barrage","floor":10},{"not_picked":["Auto Shields","Steam"],"picked":"Glacier","floor":11},{"not_picked":["Reprogram","Gash"],"picked":"Hologram","floor":14},{"not_picked":["Amplify","Creative AI"],"picked":"Echo Form","floor":16},{"not_picked":["Scrape","Barrage+1"],"picked":"Turbo","floor":18},{"not_picked":["Cold Snap","Sweeping Beam"],"picked":"Ball Lightning","floor":21},{"not_picked":["Rip and Tear","Lockon","Turbo+1"],"picked":"SKIP","floor":22},{"not_picked":["Redo","Conserve Battery"],"picked":"Recycle","floor":24},{"not_picked":["Hello World","Lockon"],"picked":"Chaos+1","floor":25},{"not_picked":["White Noise+1","Steam Power+1"],"picked":"Loop","floor":27},{"not_picked":["Compile Driver","Gash"],"picked":"Glacier+1","floor":30},{"not_picked":["Melter","White Noise+1"],"picked":"Genetic Algorithm+1","floor":31},{"not_picked":["Rainbow+1","Seek+1"],"picked":"Biased Cognition","floor":33},{"not_picked":["Conserve Battery+1","Static Discharge"],"picked":"Loop","floor":35},{"not_picked":["Glacier+1","Cold Snap+1"],"picked":"Coolheaded+1","floor":37},{"not_picked":["Redo+1","Glacier+1"],"picked":"Meteor Strike","floor":38},{"not_picked":["Auto Shields+1","Go for the Eyes"],"picked":"Coolheaded+1","floor":39},{"not_picked":["Barrage","Tempest+1"],"picked":"Reinforced Body+1","floor":40},{"not_picked":["BootSequence+1","Compile Driver"],"picked":"Self Repair","floor":45},{"not_picked":["Beam Cell","White Noise+1"],"picked":"Loop+1","floor":47},{"not_picked":["Loop","Sunder"],"picked":"Amplify+1","floor":48},{"not_picked":["Compile Driver","Amplify+1","Sweeping Beam"],"picked":"SKIP","floor":55}],"player_experience":592906,"relics_obtained":[{"floor":6,"key":"Whetstone"},{"floor":8,"key":"InkBottle"},{"floor":9,"key":"Vajra"},{"floor":10,"key":"Omamori"},{"floor":25,"key":"Toxic Egg 2"},{"floor":25,"key":"Symbiotic Virus"},{"floor":26,"key":"Smiling Mask"},{"floor":27,"key":"Oddly Smooth Stone"},{"floor":27,"key":"Gambling Chip"},{"floor":30,"key":"Ancient Tea Set"},{"floor":30,"key":"Akabeko"},{"floor":40,"key":"Unceasing Top"},{"floor":40,"key":"MawBank"},{"floor":47,"key":"Potion Belt"},{"floor":47,"key":"Anchor"},{"floor":55,"key":"Ornamental Fan"},{"floor":55,"key":"Bag of Preparation"}],"event_choices":[{"damage_healed":0,"gold_gain":0,"player_choice":"Fled","damage_taken":0,"max_hp_gain":0,"max_hp_loss":0,"event_name":"Scrap Ooze","floor":3,"gold_loss":0},{"damage_healed":0,"gold_gain":0,"player_choice":"Ignored","damage_taken":0,"max_hp_gain":0,"max_hp_loss":0,"event_name":"Liars Game","floor":5,"gold_loss":0},{"cards_removed":["Strike_B"],"damage_healed":0,"gold_gain":0,"player_choice":"Elegance","damage_taken":0,"max_hp_gain":0,"max_hp_loss":0,"event_name":"Back to Basics","floor":19,"gold_loss":0},{"cards_removed":["Core Surge"],"damage_healed":2,"gold_gain":0,"player_choice":"Offered Rare","damage_taken":0,"max_hp_gain":10,"max_hp_loss":0,"event_name":"Bonfire Elementals","floor":20,"gold_loss":0},{"cards_removed":["Strike_B"],"damage_healed":0,"gold_gain":0,"player_choice":"Purged","damage_taken":0,"max_hp_gain":0,"max_hp_loss":0,"event_name":"Purifier","floor":36,"gold_loss":0},{"cards_removed":["Defend_B"],"damage_healed":0,"gold_gain":0,"player_choice":"Removed Skill","damage_taken":0,"max_hp_gain":0,"max_hp_loss":0,"event_name":"Falling","floor":44,"gold_loss":0}],"is_beta":false,"boss_relics":[{"not_picked":["Astrolabe","Snecko Eye"],"picked":"Black Star"},{"not_picked":["Calling Bell","SacredBark"],"picked":"Cursed Key"}],"items_purged_floors":[0,42],"is_endless":false,"potions_floor_spawned":[1,2,4,6,8,10,11,14,16,18,21,22,24,25,27,30,31,33,35,37,38,39,40,45,47,48,55],"ascension_level":20}}