{"host":"0tiuc76yumknr6qf","time":1610417116,"event":{"mods":["BaseMod","Colored Map","Highlight Path","Minty Spire (QoL Compilation)","StSLib","The Necromancer"],"gold_per_floor":[215,227,227,227,240,240,261,296,322,322,346,367,367,367,367,498,498,521,540,560,231,256,297,297,337,364,264,264,293,293,293],"floor_reached":30,"playtime":1838,"items_purged":["Bones_to_Steel","Strike_W"],"score":422,"play_id":"75e0711b-d140-43c6-934a-d08e937d678b","local_time":"20210111200516","is_ascension_mode":true,"campfire_choices":[{"data":"Bone_Armory","floor":6,"key":"SMITH"},{"data":"Summon_Undead_Army","floor":13,"key":"SMITH"},{"data":"Cloudkill","floor":15,"key":"SMITH"},{"floor":24,"key":"REST"}],"circlet_count":0,"master_deck":["AscendersBane","Strike_W","Defend_W","Defend_W","Defend_W+1","Defend_W+1","Negative_Energy_Arrows","Bone_Wall","Plague_Bolt","Bone_Armory+1","Summon_Undead_Army+1","Life_Drain","Cloudkill+1","Bone_Bullets","Hellfire","Siphon_Strength","Negative_Energy_Burst","Bones_to_Steel+1","Spectral_Armor","Uncharnel"],"relics":["Vampire_Amulet","Golden Idol","Oddly Smooth Stone","War Paint","Philosopher\u0027s Stone","Singing Bowl","Omamori","Dream Catcher","CeramicFish","Happy Flower"],"acts_visited":["Exordium","TheCity"],"potions_floor_usage":[23,23,23],"damage_taken":[{"damage":1,"enemies":"Small Slimes","floor":1,"turns":4},{"damage":0,"enemies":"2 Louse","floor":2,"turns":4},{"damage":3,"enemies":"Jaw Worm","floor":5,"turns":5},{"damage":14,"enemies":"Large Slime","floor":7,"turns":10},{"damage":20,"enemies":"Lagavulin","floor":8,"turns":11},{"damage":6,"enemies":"Lots of Slimes","floor":11,"turns":7},{"damage":8,"enemies":"Red Slaver","floor":12,"turns":4},{"damage":12,"enemies":"Hexaghost","floor":16,"turns":10},{"damage":0,"enemies":"Chosen","floor":18,"turns":4},{"damage":31,"enemies":"3 Byrds","floor":19,"turns":5},{"damage":15,"enemies":"Snake Plant","floor":20,"turns":3},{"damage":22,"enemies":"Cultist and Chosen","floor":22,"turns":4},{"damage":41,"enemies":"Slavers","floor":23,"turns":6},{"damage":27,"enemies":"Gremlin Leader","floor":25,"turns":7},{"damage":17,"enemies":"Centurion and Healer","floor":29,"turns":6},{"damage":52,"enemies":"Book of Stabbing","floor":30,"turns":5}],"seed_played":"8191202570890907052","potions_obtained":[{"floor":1,"key":"Regen Potion"},{"floor":2,"key":"SpeedPotion"},{"floor":22,"key":"EntropicBrew"},{"floor":25,"key":"BlessingOfTheForge"}],"is_trial":false,"path_per_floor":["M","M","?","?","M","R","M","E","T","?","M","M","R","?","R","B",null,"M","M","M","$","M","E","R","E","T","$","?","M","E"],"character_chosen":"NECROMANCER","items_purchased":["Singing Bowl"],"campfire_rested":1,"item_purchase_floors":[21],"current_hp_per_floor":[71,75,57,57,56,56,46,28,28,21,35,35,35,35,35,31,64,72,53,46,46,34,26,49,48,48,48,48,41,0,0],"gold":293,"neow_bonus":"HUNDRED_GOLD","is_daily":false,"chose_seed":false,"campfire_upgraded":3,"win_rate":0.0,"timestamp":1610417116,"path_taken":["M","M","?","?","M","R","M","E","T","?","M","?","R","?","R","BOSS","M","M","?","?","M","E","R","E","T","$","?","M","E"],"items_purchased_type":["Relic"],"build_version":"2020-12-22","purchased_purges":2,"victory":false,"max_hp_per_floor":[75,75,75,75,75,75,75,75,75,75,75,75,75,75,75,75,75,75,75,75,75,75,77,77,79,79,79,79,79,79,79],"card_choices":[{"not_picked":["Exploit","Negative_Energy_Mist"],"picked":"Bones_to_Steel","floor":1},{"not_picked":["Negative_Energy_Sphere","Shackles_Of_Pain"],"picked":"Plague_Bolt","floor":2},{"not_picked":["Toxic_Smoke_Screen","Deaths_Shadow"],"picked":"Bone_Armory","floor":5},{"not_picked":["Bones_to_Steel","Bone_Armor"],"picked":"Summon_Undead_Army","floor":7},{"not_picked":["Blood_Whip","Bone_Spikes"],"picked":"Life_Drain","floor":8},{"not_picked":["Toxic_Smoke_Screen","Negative_Energy_Shield"],"picked":"Cloudkill","floor":11},{"not_picked":["Death_Coil","Plague_Bolt"],"picked":"Bone_Bullets","floor":12},{"not_picked":["Negative_Energy_Bomb","Requiem"],"picked":"Hellfire","floor":16},{"not_picked":["Pandemic","Shackles_Of_Pain+1"],"picked":"Siphon_Strength","floor":18},{"not_picked":["Bone_Bullets","Vampiric_Strike"],"picked":"Negative_Energy_Burst","floor":19},{"not_picked":["Death_Knell","Necromantic_Selection"],"picked":"Bones_to_Steel+1","floor":20},{"not_picked":["Blood_Shield+1","Exploit"],"picked":"Spectral_Armor","floor":22},{"not_picked":["Exploit+1","Deaths_Shadow","Toxic_Smoke_Screen"],"picked":"Singing Bowl","floor":23},{"not_picked":["Bone_Shift","Life_Tap","Blood_Curse"],"picked":"Singing Bowl","floor":25},{"not_picked":["Chill_Blood","Toxic_Smoke_Screen"],"picked":"Uncharnel","floor":29}],"player_experience":1961290,"relics_obtained":[{"floor":8,"key":"Oddly Smooth Stone"},{"floor":9,"key":"War Paint"},{"floor":23,"key":"Omamori"},{"floor":25,"key":"Dream Catcher"},{"floor":26,"key":"CeramicFish"}],"event_choices":[{"damage_healed":0,"gold_gain":0,"player_choice":"Take Damage","damage_taken":18,"relics_obtained":["Golden Idol"],"max_hp_gain":0,"max_hp_loss":0,"event_name":"Golden Idol","floor":3,"gold_loss":0},{"damage_healed":0,"gold_gain":0,"player_choice":"Ignored","damage_taken":0,"max_hp_gain":0,"max_hp_loss":0,"event_name":"Liars Game","floor":4,"gold_loss":0},{"cards_removed":["Strike_W"],"damage_healed":0,"gold_gain":0,"player_choice":"Card Removal","damage_taken":7,"max_hp_gain":0,"max_hp_loss":0,"event_name":"Golden Wing","floor":10,"gold_loss":0},{"cards_removed":["Strike_W"],"damage_healed":0,"gold_gain":0,"player_choice":"Offered Basic","damage_taken":0,"max_hp_gain":0,"max_hp_loss":0,"event_name":"Bonfire Elementals","floor":14,"gold_loss":0},{"damage_healed":0,"gold_gain":0,"player_choice":"Opened","damage_taken":0,"relics_obtained":["Happy Flower"],"max_hp_gain":0,"max_hp_loss":0,"event_name":"The Mausoleum","floor":28,"gold_loss":0,"cards_obtained":["Writhe"]}],"is_beta":false,"boss_relics":[{"not_picked":["SlaversCollar","Pandora\u0027s Box"],"picked":"Philosopher\u0027s Stone"}],"items_purged_floors":[21,27],"is_endless":false,"potions_floor_spawned":[1,2,12,16,22,25,29],"killed_by":"Book of Stabbing","ascension_level":11}}