{"host":"r53pw7z744tg3fxg","time":1610467888,"event":{"mods":["AchievementEnabler","BaseMod","Colored Map","Colored Powertips","Highlight Path","Minty Spire (QoL Compilation)","Quick Restart","Transform Curses"],"gold_per_floor":[115,115,127,146,146,174,174,189,189,223,223,257,257,257,257,328,328,346,364,24,124,124,124],"floor_reached":22,"playtime":2137,"items_purged":[],"score":333,"play_id":"b1ec53de-0378-4ef3-9776-666e47991c64","local_time":"20210112091128","is_ascension_mode":true,"campfire_choices":[{"floor":7.0,"key":"REST"},{"floor":11.0,"key":"REST"},{"floor":15.0,"key":"REST"}],"circlet_count":0,"master_deck":["AscendersBane","Strike_P","Strike_P","Strike_P","Strike_P","Defend_P","Defend_P","Defend_P","Defend_P","Eruption","Vigilance","Devotion","FollowUp","TalkToTheHand","SpiritShield","EmptyBody+1","PathToVictory+1","Crescendo+1","Evaluate+1","LessonLearned","ThirdEye+1","ForeignInfluence+1"],"relics":["PureWater","PreservedInsect","Toxic Egg 2","Juzu Bracelet","Orichalcum","Vajra","Matryoshka","Turnip"],"acts_visited":["Exordium","TheCity"],"potions_floor_usage":[22,22],"damage_taken":[{"damage":2.0,"enemies":"Jaw Worm","floor":1.0,"turns":6.0},{"damage":4.0,"enemies":"Small Slimes","floor":3.0,"turns":2.0},{"damage":0.0,"enemies":"Cultist","floor":4.0,"turns":3.0},{"damage":19.0,"enemies":"3 Sentries","floor":6.0,"turns":7.0},{"damage":6.0,"enemies":"Exordium Thugs","floor":8.0,"turns":6.0},{"damage":16.0,"enemies":"Lagavulin","floor":10.0,"turns":5.0},{"damage":7.0,"enemies":"Gremlin Nob","floor":12.0,"turns":3.0},{"damage":41.0,"enemies":"Hexaghost","floor":16.0,"turns":13.0},{"damage":22.0,"enemies":"Shell Parasite","floor":18.0,"turns":8.0},{"damage":13.0,"enemies":"Chosen","floor":19.0,"turns":6.0},{"damage":26,"enemies":"3 Cultists","floor":22,"turns":3}],"seed_played":"-102377341644192638","potions_obtained":[{"floor":1.0,"key":"PowerPotion"},{"floor":3.0,"key":"SteroidPotion"},{"floor":6.0,"key":"Dexterity Potion"},{"floor":12.0,"key":"Weak Potion"},{"floor":19.0,"key":"SteroidPotion"}],"is_trial":false,"path_per_floor":["M","?","M","M","?","E","R","M","T","E","R","E","?","T","R","B",null,"M","M","$","?","M"],"character_chosen":"WATCHER","items_purchased":["Turnip","Dexterity Potion"],"campfire_rested":3,"item_purchase_floors":[20,20],"current_hp_per_floor":[63,56,52,52,52,33,54,48,48,32,53,46,46,46,67,26,61,39,26,26,26,0,0],"gold":124,"neow_bonus":"THREE_RARE_CARDS","is_daily":false,"chose_seed":false,"campfire_upgraded":0,"win_rate":0.0,"timestamp":1610467888,"path_taken":["M","?","M","M","?","E","R","M","T","E","R","E","?","?","R","BOSS","M","M","$","?","M"],"items_purchased_type":["Relic","Potion"],"build_version":"2020-12-22","purchased_purges":0,"victory":false,"max_hp_per_floor":[72,72,72,72,72,72,72,72,72,72,72,72,72,72,72,72,72,72,72,72,72,72,72],"card_choices":[{"not_picked":["Ragnarok","Brilliance"],"picked":"Devotion","floor":0.0},{"not_picked":["CutThroughFate","Wireheading"],"picked":"FollowUp","floor":1.0},{"not_picked":["Protect","CrushJoints"],"picked":"TalkToTheHand","floor":3.0},{"not_picked":["Wireheading","FollowUp"],"picked":"SpiritShield","floor":4.0},{"not_picked":["SashWhip","Halt+1"],"picked":"EmptyBody+1","floor":6.0},{"not_picked":["ThirdEye+1","Devotion"],"picked":"PathToVictory+1","floor":8.0},{"not_picked":["CrushJoints","SandsOfTime"],"picked":"Crescendo+1","floor":10.0},{"not_picked":["Vengeance+1","Nirvana"],"picked":"Evaluate+1","floor":12.0},{"not_picked":["Scrawl+1","DevaForm"],"picked":"LessonLearned","floor":16.0},{"not_picked":["Protect+1","EmptyMind+1"],"picked":"ThirdEye+1","floor":18.0},{"not_picked":["CutThroughFate","CrushJoints"],"picked":"ForeignInfluence+1","floor":19.0}],"player_experience":1234221,"relics_obtained":[{"floor":6.0,"key":"Toxic Egg 2"},{"floor":9.0,"key":"Juzu Bracelet"},{"floor":10.0,"key":"Orichalcum"},{"floor":12.0,"key":"Vajra"},{"floor":14.0,"key":"Matryoshka"}],"event_choices":[{"damage_healed":0.0,"max_hp_gain":0.0,"max_hp_loss":0.0,"gold_gain":0.0,"event_name":"Scrap Ooze","player_choice":"Success","floor":2.0,"gold_loss":0.0,"damage_taken":7.0,"relics_obtained":["PreservedInsect"]},{"cards_removed":["Doubt"],"damage_healed":0.0,"max_hp_gain":0.0,"max_hp_loss":0.0,"gold_gain":0.0,"event_name":"Fountain of Cleansing","player_choice":"Removed Curses","floor":5.0,"gold_loss":0.0,"damage_taken":0.0},{"damage_healed":0.0,"max_hp_gain":0.0,"max_hp_loss":0.0,"gold_gain":0.0,"event_name":"Transmorgrifier","player_choice":"Ignored","floor":13.0,"gold_loss":0.0,"damage_taken":0.0},{"damage_healed":0.0,"max_hp_gain":0.0,"max_hp_loss":0.0,"gold_gain":100.0,"event_name":"Golden Shrine","player_choice":"Pray","floor":21.0,"gold_loss":0.0,"damage_taken":0.0}],"is_beta":false,"boss_relics":[{"not_picked":["Philosopher\u0027s Stone","Cursed Key","Runic Pyramid"]}],"items_purged_floors":[],"is_endless":false,"potions_floor_spawned":[1,3,6,12,19],"killed_by":"3 Cultists","ascension_level":13}}