{"host":"5wznv0010959mrmz","time":1610424223,"event":{"mods":["BaseMod","Highlight Path","Minty Spire (QoL Compilation)","Relic Stats"],"gold_per_floor":[367,381,33,47,47,47,73,73,100,115,132,132,157,174,174,246,246,266,279,298,298,313,341,103,103,152,77,77,93,93,105,105,105,105],"floor_reached":33,"playtime":1081,"items_purged":["Strike_G"],"score":683,"play_id":"ad511f54-49f0-487d-99a8-cf594cffc21c","local_time":"20210111220343","is_ascension_mode":true,"campfire_choices":[{"data":"A Thousand Cuts","floor":6,"key":"SMITH"},{"data":"Blade Dance","floor":8,"key":"SMITH"},{"floor":12,"key":"REST"},{"data":"Accuracy","floor":15,"key":"SMITH"},{"data":"Malaise","floor":28,"key":"SMITH"},{"data":"Terror","floor":32,"key":"SMITH"}],"circlet_count":0,"master_deck":["AscendersBane","Defend_G","Defend_G","Defend_G","Defend_G","Survivor","Neutralize","Slice","Backflip","A Thousand Cuts+1","Die Die Die+1","Blade Dance+1","Backstab","Accuracy+1","Well Laid Plans","Malaise+1","Cloak And Dagger","Blade Dance","Backflip","Bite","Bite","Bite","Bite","Bite","Terror+1"],"relics":["Ring of the Snake","Ninja Scroll","Omamori","Bronze Scales","Empty Cage","Nunchaku","Question Card","Oddly Smooth Stone","Tiny Chest"],"acts_visited":["Exordium","TheCity"],"potions_floor_usage":[16,19,19,31],"damage_taken":[{"damage":1,"enemies":"Small Slimes","floor":1,"turns":7},{"damage":0,"enemies":"Cultist","floor":2,"turns":4},{"damage":2,"enemies":"Jaw Worm","floor":4,"turns":3},{"damage":33,"enemies":"Lagavulin","floor":7,"turns":6},{"damage":0,"enemies":"2 Fungi Beasts","floor":10,"turns":1},{"damage":3,"enemies":"Looter","floor":11,"turns":2},{"damage":12,"enemies":"3 Sentries","floor":13,"turns":5},{"damage":0,"enemies":"3 Louse","floor":14,"turns":1},{"damage":0,"enemies":"Slime Boss","floor":16,"turns":7},{"damage":11,"enemies":"2 Thieves","floor":18,"turns":2},{"damage":0,"enemies":"Shell Parasite","floor":19,"turns":1},{"damage":12,"enemies":"Centurion and Healer","floor":20,"turns":4},{"damage":19,"enemies":"Snake Plant","floor":22,"turns":3},{"damage":11,"enemies":"Gremlin Leader","floor":23,"turns":6},{"damage":10,"enemies":"Cultist and Chosen","floor":29,"turns":4},{"damage":5,"enemies":"Snecko","floor":31,"turns":4},{"damage":58,"enemies":"Automaton","floor":33,"turns":6}],"seed_played":"-6177267976523579334","potions_obtained":[{"floor":1,"key":"Dexterity Potion"},{"floor":4,"key":"CultistPotion"},{"floor":7,"key":"DuplicationPotion"},{"floor":18,"key":"AttackPotion"},{"floor":29,"key":"Regen Potion"}],"is_trial":false,"path_per_floor":["M","M","$","M","?","R","E","R","T","M","M","R","E","M","R","B",null,"M","M","M","?","M","E","$","?","T","?","R","M","?","M","R","B"],"character_chosen":"THE_SILENT","items_purchased":["Ninja Scroll","A Thousand Cuts","Oddly Smooth Stone"],"campfire_rested":1,"item_purchase_floors":[3,3,24],"current_hp_per_floor":[58,58,58,56,56,56,23,23,23,25,24,42,32,34,34,36,54,45,47,37,37,20,11,11,23,23,23,23,15,15,32,32,0,0],"gold":105,"neow_bonus":"TWO_FIFTY_GOLD","is_daily":false,"chose_seed":false,"campfire_upgraded":5,"win_rate":0.0,"timestamp":1610424223,"path_taken":["M","M","$","M","?","R","E","R","T","?","M","R","E","M","R","BOSS","M","M","M","?","M","E","$","?","T","?","R","M","?","M","R","BOSS"],"items_purchased_type":["Relic","Card","Relic"],"build_version":"2020-12-22","purchased_purges":1,"victory":false,"max_hp_per_floor":[60,60,60,60,60,60,60,60,60,60,60,60,60,60,60,60,60,60,60,60,60,60,60,60,60,60,60,60,60,60,60,60,60,60],"relic_stats":{"Nunchaku":[9],"counters":[17,66],"Bronze Scales":[64],"Tiny Chest":0,"Question Card":2,"obtain_stats":[{"Blood Vial":9,"Nunchaku":21,"Ninja Scroll":3,"Bronze Scales":13,"Oddly Smooth Stone":24,"Tiny Chest":26,"Omamori":7,"Empty Cage":17,"Question Card":23,"Ring of the Snake":0},{"Blood Vial":4,"Nunchaku":12,"Ninja Scroll":2,"Bronze Scales":7,"Oddly Smooth Stone":14,"Tiny Chest":14,"Omamori":4,"Empty Cage":9,"Question Card":14,"Ring of the Snake":0},{"Blood Vial":20,"Nunchaku":43,"Ninja Scroll":11,"Bronze Scales":28,"Oddly Smooth Stone":52,"Tiny Chest":52,"Omamori":20,"Empty Cage":36,"Question Card":52,"Ring of the Snake":0}],"Ring of the Snake":[34]},"card_choices":[{"not_picked":["Well Laid Plans","Sucker Punch"],"picked":"Slice","floor":1},{"not_picked":["Deflect","Concentrate"],"picked":"Backflip","floor":2},{"not_picked":["Backflip","Bouncing Flask"],"picked":"Die Die Die","floor":4},{"not_picked":["Dagger Spray","Deadly Poison"],"picked":"Blade Dance","floor":7},{"not_picked":["Blade Dance","Outmaneuver"],"picked":"Backstab","floor":10},{"not_picked":["Deadly Poison","Dagger Throw","Night Terror"],"picked":"SKIP","floor":11},{"not_picked":["Bane","Dash"],"picked":"Accuracy","floor":13},{"not_picked":["Eviscerate","Distraction"],"picked":"Well Laid Plans","floor":14},{"not_picked":["Tools of the Trade","Bullet Time"],"picked":"Malaise","floor":16},{"not_picked":["PiercingWail","Sucker Punch+1"],"picked":"Cloak And Dagger","floor":18},{"not_picked":["Deflect+1","PiercingWail"],"picked":"Blade Dance","floor":19},{"not_picked":["Predator","Dagger Throw","Setup"],"picked":"SKIP","floor":20},{"not_picked":["Flechettes","Sucker Punch"],"picked":"Backflip","floor":22},{"not_picked":["Dagger Throw","Choke","Dodge and Roll"],"picked":"SKIP","floor":23},{"not_picked":["Deadly Poison","Masterful Stab","Quick Slash","Flying Knee+1"],"picked":"SKIP","floor":29},{"not_picked":["Poisoned Stab","Outmaneuver","Reflex+1"],"picked":"Terror","floor":31}],"player_experience":443966,"relics_obtained":[{"floor":7,"key":"Omamori"},{"floor":9,"key":"Blood Vial"},{"floor":13,"key":"Bronze Scales"},{"floor":23,"key":"Question Card"},{"floor":26,"key":"Tiny Chest"}],"event_choices":[{"damage_healed":0,"gold_gain":0,"player_choice":"Upgraded","damage_taken":0,"max_hp_gain":0,"max_hp_loss":0,"event_name":"Upgrade Shrine","floor":5,"gold_loss":0,"cards_upgraded":["Die Die Die"]},{"damage_healed":0,"gold_gain":0,"player_choice":"Opened","damage_taken":0,"relics_obtained":["Nunchaku"],"max_hp_gain":0,"max_hp_loss":0,"event_name":"The Mausoleum","floor":21,"gold_loss":0,"cards_obtained":["Writhe"]},{"damage_healed":12,"gold_gain":0,"player_choice":"Heal","damage_taken":0,"max_hp_gain":0,"max_hp_loss":0,"event_name":"The Library","floor":25,"gold_loss":0},{"cards_removed":["Strike_G"],"damage_healed":0,"gold_gain":0,"player_choice":"Gave Gold","damage_taken":0,"max_hp_gain":0,"max_hp_loss":0,"event_name":"Beggar","floor":27,"gold_loss":75},{"damage_healed":0,"gold_gain":0,"player_choice":"Became a vampire (Vial)","damage_taken":0,"max_hp_gain":0,"max_hp_loss":0,"event_name":"Vampires","floor":30,"relics_lost":["Blood Vial"],"gold_loss":0,"cards_obtained":["Bite","Bite","Bite","Bite","Bite"]}],"is_beta":false,"boss_relics":[{"not_picked":["Ring of the Serpent","Ectoplasm"],"picked":"Empty Cage"}],"items_purged_floors":[24],"is_endless":false,"potions_floor_spawned":[1,4,7,10,14,18,29],"killed_by":"Automaton","ascension_level":20}}