{"host":"y76clbnovzmw9ubx","time":1610492483,"event":{"mods":["AchievementEnabler","BaseMod","Minty Spire (QoL Compilation)","Permanent Neow","Relic Stats"],"gold_per_floor":[118,138,152,170,190,190,190,190],"floor_reached":7,"language":"ENG","playtime":533,"items_purged":[],"score":90,"play_id":"ca6b6525-1a45-44bb-bb3e-1f3c8d199fa8","local_time":"20210112180123","is_ascension_mode":true,"campfire_choices":[{"data":"Dark Embrace","floor":6,"key":"SMITH"}],"circlet_count":0,"master_deck":["AscendersBane","Strike_R","Strike_R","Strike_R","Strike_R","Strike_R","Defend_R","Defend_R","Defend_R","Defend_R","Bash","Dark Embrace+1","Sever Soul","Spot Weakness","Ghostly Armor"],"relics":["Cursed Key"],"acts_visited":["Exordium"],"potions_floor_usage":[7,7],"damage_taken":[{"damage":7,"enemies":"Jaw Worm","floor":1,"turns":2},{"damage":5,"enemies":"2 Louse","floor":2,"turns":3},{"damage":1,"enemies":"Cultist","floor":3,"turns":4},{"damage":5,"enemies":"Large Slime","floor":4,"turns":6},{"damage":17,"enemies":"Exordium Wildlife","floor":5,"turns":4},{"damage":39,"enemies":"Gremlin Nob","floor":7,"turns":3}],"seed_played":"-8396983810408737448","potions_obtained":[{"floor":1,"key":"PowerPotion"},{"floor":5,"key":"SteroidPotion"}],"is_trial":false,"path_per_floor":["M","M","M","M","M","R","E"],"character_chosen":"IRONCLAD","items_purchased":[],"campfire_rested":0,"item_purchase_floors":[],"current_hp_per_floor":[61,56,55,50,33,33,0,0],"gold":190,"neow_bonus":"BOSS_RELIC","is_daily":false,"chose_seed":false,"campfire_upgraded":1,"win_rate":0.0,"timestamp":1610492483,"path_taken":["M","M","M","M","M","R","E"],"items_purchased_type":[],"build_version":"2020-12-22","purchased_purges":0,"victory":false,"max_hp_per_floor":[75,75,75,75,75,75,75,75],"relic_stats":{"counters":[6,22],"Cursed Key":0,"obtain_stats":[{"Cursed Key":0,"Burning Blood":0},{"Cursed Key":0,"Burning Blood":0},{"Cursed Key":0,"Burning Blood":0}]},"card_choices":[{"not_picked":["Warcry","Cleave","Iron Wave"],"picked":"SKIP","floor":1},{"not_picked":["Power Through","Cleave"],"picked":"Dark Embrace","floor":2},{"not_picked":["Combust","Pummel"],"picked":"Sever Soul","floor":3},{"not_picked":["Headbutt","Ghostly Armor"],"picked":"Spot Weakness","floor":4},{"not_picked":["Rage","Clash"],"picked":"Ghostly Armor","floor":5}],"player_experience":3048801,"relics_obtained":[],"event_choices":[],"is_beta":false,"boss_relics":[],"items_purged_floors":[],"is_endless":false,"potions_floor_spawned":[1,5],"killed_by":"Gremlin Nob","ascension_level":20}}