{"host":"j4g6ia6asvpyu2b0","time":1610462590,"event":{"mods":["BaseMod","Colored Map","Minty Spire (QoL Compilation)","Permanent Neow","Quick Restart","Relic Stats","StSLib","Unceasing Turn Reminder"],"gold_per_floor":[112,44,44,54,70,70,80,112,184,222,222,249,249,276,276,390,390,411,438,456,456,479,520,520,556,633,633,652,693,406,443,443,548,548,572,325,343,363,363,398,422,457,457,482,224,224,268,277,277,277,277,277,9,45,45],"floor_reached":56,"playtime":2054,"items_purged":["Strike_G","Strike_G","Strike_G"],"score":2367,"play_id":"19e03b28-88cd-4d08-a0a6-5bf3bb233a54","local_time":"20210112074310","is_ascension_mode":true,"campfire_choices":[{"data":"Terror","floor":6,"key":"SMITH"},{"data":"Dash","floor":11,"key":"SMITH"},{"data":"Dash","floor":15,"key":"SMITH"},{"data":"A Thousand Cuts","floor":24,"key":"SMITH"},{"floor":27,"key":"REST"},{"data":"Phantasmal Killer","floor":32,"key":"SMITH"},{"floor":46,"key":"RECALL"},{"floor":49,"key":"DIG"},{"floor":52,"key":"DIG"}],"circlet_count":0,"master_deck":["AscendersBane","Strike_G+1","Defend_G","Defend_G","Defend_G","Defend_G","Defend_G","Survivor","Neutralize","Storm of Steel","Dash+1","Footwork+1","Terror+1","Backstab","Dagger Throw+1","Dash+1","Cloak And Dagger+1","Calculated Gamble","A Thousand Cuts+1","Acrobatics+1","Sucker Punch","Flying Knee","Escape Plan","Dagger Spray","Well Laid Plans+1","Phantasmal Killer+1","Infinite Blades+1","PiercingWail","Accuracy+1","Doppelganger","Sucker Punch+1","Apotheosis","Dash","Madness","Madness","Cloak And Dagger+1","Cloak And Dagger","Backstab","Cloak And Dagger","Dodge and Roll","Acrobatics+1","Madness","Wraith Form v2+1"],"relics":["Ring of the Snake","Dead Branch","Shuriken","CeramicFish","Black Star","Smiling Mask","Akabeko","Lizard Tail","Frozen Egg 2","Kunai","Calipers","Blue Candle","Sling","Peace Pipe","Whetstone","Fusion Hammer","PreservedInsect","Boot","Shovel","Bag of Preparation","Bottled Lightning","Toy Ornithopter","Lantern","Bronze Scales","MealTicket","Anchor","White Beast Statue","Membership Card","Paper Crane","Art of War","Pantograph"],"acts_visited":["Exordium","TheCity","TheBeyond","TheEnding"],"potions_floor_usage":[8,23,55,55],"damage_taken":[{"damage":0,"enemies":"Small Slimes","floor":1,"turns":5},{"damage":0,"enemies":"Cultist","floor":4,"turns":5},{"damage":0,"enemies":"2 Louse","floor":5,"turns":3},{"damage":0,"enemies":"Blue Slaver","floor":7,"turns":4},{"damage":1,"enemies":"Lagavulin","floor":8,"turns":7},{"damage":4,"enemies":"Gremlin Nob","floor":10,"turns":3},{"damage":0,"enemies":"Gremlin Gang","floor":12,"turns":1},{"damage":0,"enemies":"Looter","floor":14,"turns":2},{"damage":27,"enemies":"Hexaghost","floor":16,"turns":5},{"damage":0,"enemies":"3 Byrds","floor":18,"turns":2},{"damage":0,"enemies":"Chosen","floor":19,"turns":1},{"damage":0,"enemies":"Centurion and Healer","floor":20,"turns":2},{"damage":3,"enemies":"Snake Plant","floor":22,"turns":7},{"damage":0,"enemies":"Gremlin Leader","floor":23,"turns":4},{"damage":30,"enemies":"Slavers","floor":25,"turns":4},{"damage":2,"enemies":"Chosen and Byrds","floor":28,"turns":2},{"damage":9,"enemies":"Gremlin Leader","floor":29,"turns":4},{"damage":7,"enemies":"Book of Stabbing","floor":31,"turns":3},{"damage":27,"enemies":"Automaton","floor":33,"turns":5},{"damage":7,"enemies":"3 Darklings","floor":35,"turns":3},{"damage":0,"enemies":"3 Shapes","floor":38,"turns":4},{"damage":0,"enemies":"Reptomancer","floor":40,"turns":2},{"damage":0,"enemies":"Jaw Worm Horde","floor":41,"turns":1},{"damage":0,"enemies":"Giant Head","floor":42,"turns":3},{"damage":0,"enemies":"Reptomancer","floor":44,"turns":3},{"damage":0,"enemies":"Giant Head","floor":47,"turns":2},{"damage":0,"enemies":"Awakened One","floor":50,"turns":7},{"damage":0,"enemies":"Shield and Spear","floor":54,"turns":1},{"damage":28,"enemies":"The Heart","floor":55,"turns":7}],"seed_played":"-1106278325377040081","potions_obtained":[{"floor":1,"key":"GamblersBrew"},{"floor":4,"key":"AttackPotion"},{"floor":8,"key":"PowerPotion"},{"floor":29,"key":"Swift Potion"},{"floor":40,"key":"DuplicationPotion"},{"floor":42,"key":"GhostInAJar"}],"is_trial":false,"path_per_floor":["M","$","?","M","M","R","M","E","T","E","R","M","?","M","R","B",null,"M","M","M","?","M","E","R","E","T","R","M","E","$","E","R","B",null,"M","$","?","M","?","E","M","E","T","E","$","R","E","?","R","B",null,"R","$","E","B",null],"character_chosen":"THE_SILENT","items_purchased":["Footwork","Infinite Blades+1","PiercingWail","Sling","Apotheosis","Dash","Lantern","Cloak And Dagger","Dodge and Roll","Membership Card","Paper Crane"],"campfire_rested":1,"item_purchase_floors":[2,30,30,30,36,36,45,45,45,53,53],"current_hp_per_floor":[63,63,63,63,63,63,63,62,62,58,58,58,58,58,58,31,60,60,60,60,60,57,57,57,27,27,48,46,37,37,30,30,3,53,46,46,37,37,37,37,37,37,37,37,37,37,37,37,37,37,62,62,70,70,47],"gold":45,"neow_bonus":"ONE_RANDOM_RARE_CARD","is_daily":false,"chose_seed":false,"campfire_upgraded":5,"win_rate":0.0,"timestamp":1610462590,"path_taken":["M","$","?","M","?","R","M","E","T","E","R","M","?","M","R","BOSS","M","M","M","?","?","E","R","E","T","R","?","E","$","E","R","BOSS","M","$","?","M","?","E","M","E","T","E","$","R","E","?","R","BOSS","R","$","E","BOSS"],"items_purchased_type":["Card","Card","Card","Relic","Card","Card","Relic","Card","Card","Relic","Relic"],"build_version":"2020-12-22","purchased_purges":3,"victory":true,"max_hp_per_floor":[70,70,70,70,70,70,70,70,70,70,70,70,70,70,70,70,70,70,70,70,70,70,70,70,70,70,70,70,70,70,70,70,70,70,70,70,70,70,70,70,70,70,70,70,70,70,70,70,70,70,70,70,70,70,70],"relic_stats":{"counters":[29,102],"Dead Branch":[316],"CeramicFish":252,"Blue Candle":[0],"PreservedInsect":397,"Bag of Preparation":[10],"Whetstone":["Dagger Throw","Strike_G"],"Smiling Mask":150,"Boot":[2],"Peace Pipe":0,"Lizard Tail":0,"Shovel":2,"Shuriken":[102],"Bronze Scales":[124],"Pantograph":0,"MealTicket":8,"Black Star":9,"Art of War":[0],"Kunai":[70],"obtain_stats":[{"Lantern":45,"Calipers":29,"CeramicFish":10,"Bag of Preparation":42,"Whetstone":31,"Smiling Mask":23,"Sling":30,"Boot":40,"Lizard Tail":25,"Shovel":42,"Pantograph":54,"MealTicket":47,"Fusion Hammer":34,"Kunai":26,"Ring of the Snake":0,"Dead Branch":8,"Blue Candle":29,"PreservedInsect":40,"Frozen Egg 2":25,"Paper Crane":53,"Akabeko":23,"White Beast Statue":52,"Peace Pipe":31,"Anchor":49,"Shuriken":9,"Bronze Scales":47,"Black Star":17,"Art of War":54,"Bottled Lightning":44,"Membership Card":53,"Toy Ornithopter":44},{"Lantern":25,"Calipers":17,"CeramicFish":6,"Bag of Preparation":24,"Whetstone":18,"Smiling Mask":14,"Sling":17,"Boot":22,"Lizard Tail":15,"Shovel":24,"Pantograph":28,"MealTicket":26,"Fusion Hammer":19,"Kunai":15,"Ring of the Snake":0,"Dead Branch":5,"Blue Candle":17,"PreservedInsect":22,"Frozen Egg 2":15,"Paper Crane":27,"Akabeko":14,"White Beast Statue":27,"Peace Pipe":18,"Anchor":26,"Shuriken":5,"Bronze Scales":26,"Black Star":9,"Art of War":28,"Bottled Lightning":25,"Membership Card":27,"Toy Ornithopter":25},{"Lantern":85,"Calipers":61,"CeramicFish":27,"Bag of Preparation":82,"Whetstone":64,"Smiling Mask":51,"Sling":61,"Boot":78,"Lizard Tail":55,"Shovel":82,"Pantograph":95,"MealTicket":87,"Fusion Hammer":69,"Kunai":55,"Ring of the Snake":0,"Dead Branch":24,"Blue Candle":61,"PreservedInsect":78,"Frozen Egg 2":55,"Paper Crane":94,"Akabeko":51,"White Beast Statue":94,"Peace Pipe":64,"Anchor":87,"Shuriken":24,"Bronze Scales":87,"Black Star":35,"Art of War":95,"Bottled Lightning":85,"Membership Card":94,"Toy Ornithopter":85}],"Toy Ornithopter":5,"Ring of the Snake":[58]},"card_choices":[{"not_picked":["Footwork","Blade Dance"],"picked":"Dash","floor":1},{"not_picked":["Prepared","Deflect"],"picked":"Terror","floor":4},{"not_picked":["Deflect","Accuracy"],"picked":"Backstab","floor":5},{"not_picked":["Flying Knee","Concentrate"],"picked":"Dagger Throw","floor":7},{"not_picked":["Heel Hook","Eviscerate","Expertise"],"picked":"SKIP","floor":8},{"not_picked":["Wraith Form v2","Riddle With Holes"],"picked":"Dash","floor":10},{"not_picked":["Deflect","PiercingWail"],"picked":"Cloak And Dagger","floor":12},{"not_picked":["Outmaneuver","Masterful Stab"],"picked":"Calculated Gamble","floor":14},{"not_picked":["Night Terror","Storm of Steel"],"picked":"A Thousand Cuts","floor":16},{"not_picked":["Riddle With Holes+1","Backflip"],"picked":"Acrobatics+1","floor":18},{"not_picked":["Terror+1","Setup"],"picked":"Sucker Punch","floor":19},{"not_picked":["Expertise","Flechettes","Sucker Punch"],"picked":"SKIP","floor":20},{"not_picked":["Sucker Punch","Reflex"],"picked":"Flying Knee","floor":22},{"not_picked":["Quick Slash","Slice+1"],"picked":"Escape Plan","floor":23},{"not_picked":["Riddle With Holes","Poisoned Stab"],"picked":"Dagger Spray","floor":25},{"not_picked":["Deflect","Poisoned Stab"],"picked":"Well Laid Plans+1","floor":28},{"not_picked":["Well Laid Plans+1","Deflect"],"picked":"Phantasmal Killer","floor":29},{"not_picked":["Flying Knee","Expertise+1"],"picked":"Accuracy+1","floor":31},{"not_picked":["Grand Finale","Malaise"],"picked":"Doppelganger","floor":33},{"not_picked":["Deadly Poison","Bane"],"picked":"Sucker Punch+1","floor":35},{"not_picked":["Heel Hook","Riddle With Holes","Flechettes+1"],"picked":"SKIP","floor":38},{"not_picked":["A Thousand Cuts+1","Flying Knee+1"],"picked":"Cloak And Dagger+1","floor":40},{"not_picked":["Eviscerate","Quick Slash"],"picked":"Cloak And Dagger","floor":41},{"not_picked":["Accuracy+1","Acrobatics"],"picked":"Backstab","floor":42},{"not_picked":["Riddle With Holes","Expertise","Well Laid Plans+1"],"picked":"SKIP","floor":44},{"not_picked":["Infinite Blades+1","All Out Attack+1"],"picked":"Acrobatics+1","floor":47},{"not_picked":["Impatience","Dramatic Entrance"],"picked":"Madness","floor":48},{"not_picked":["Dagger Spray","Backflip"],"picked":"Wraith Form v2+1","floor":54}],"player_experience":819389,"relics_obtained":[{"floor":8,"key":"Dead Branch"},{"floor":9,"key":"Shuriken"},{"floor":10,"key":"CeramicFish"},{"floor":23,"key":"Smiling Mask"},{"floor":23,"key":"Akabeko"},{"floor":25,"key":"Lizard Tail"},{"floor":25,"key":"Frozen Egg 2"},{"floor":26,"key":"Kunai"},{"floor":29,"key":"Calipers"},{"floor":29,"key":"Blue Candle"},{"floor":31,"key":"Peace Pipe"},{"floor":31,"key":"Whetstone"},{"floor":40,"key":"PreservedInsect"},{"floor":40,"key":"Boot"},{"floor":42,"key":"Shovel"},{"floor":42,"key":"Bag of Preparation"},{"floor":44,"key":"Bottled Lightning"},{"floor":44,"key":"Toy Ornithopter"},{"floor":47,"key":"Bronze Scales"},{"floor":47,"key":"MealTicket"},{"floor":49,"key":"Anchor"},{"floor":52,"key":"White Beast Statue"},{"floor":54,"key":"Art of War"},{"floor":54,"key":"Pantograph"}],"event_choices":[{"damage_healed":0,"gold_gain":0,"player_choice":"Upgraded","damage_taken":0,"max_hp_gain":0,"max_hp_loss":0,"event_name":"Upgrade Shrine","floor":3,"gold_loss":0,"cards_upgraded":["Footwork"]},{"damage_healed":0,"gold_gain":0,"player_choice":"Grow","damage_taken":0,"max_hp_gain":0,"max_hp_loss":0,"event_name":"Living Wall","floor":13,"gold_loss":0,"cards_upgraded":["Cloak And Dagger"]},{"cards_removed":["Strike_G"],"damage_healed":0,"gold_gain":0,"player_choice":"Purged","damage_taken":0,"max_hp_gain":0,"max_hp_loss":0,"event_name":"Purifier","floor":21,"gold_loss":0},{"damage_healed":0,"gold_gain":0,"player_choice":"Embrace Madness","damage_taken":9,"max_hp_gain":0,"max_hp_loss":0,"event_name":"Winding Halls","floor":37,"gold_loss":0,"cards_obtained":["Madness","Madness"]},{"damage_healed":0,"gold_gain":0,"player_choice":"Ignored","damage_taken":0,"max_hp_gain":0,"max_hp_loss":0,"event_name":"Tomb of Lord Red Mask","floor":39,"gold_loss":0},{"damage_healed":0,"gold_gain":0,"player_choice":"Memory 1","damage_taken":0,"max_hp_gain":0,"max_hp_loss":0,"event_name":"SensoryStone","floor":48,"gold_loss":0}],"is_beta":false,"boss_relics":[{"not_picked":["Ring of the Serpent","Snecko Eye"],"picked":"Black Star"},{"not_picked":["Cursed Key","Pandora\u0027s Box"],"picked":"Fusion Hammer"}],"items_purged_floors":[30,36,45],"is_endless":false,"potions_floor_spawned":[1,4,8,14,20,22,29,31,33,38,40,42,47,54],"ascension_level":11}}