{"host":"Stephanie","time":1610470986,"event":{"mods":["BaseMod","Bestiary","Colored Powertips","Curses Come First","Minty Spire (QoL Compilation)","Rare Cards Sparkle","Relic Stats","StSLib"],"gold_per_floor":[112,37,51,63,77,112,112,147,147,167,193,193,254,265,265,362,362,373,390,400,400,415,441,451,482,482,508,508,433,433,40,40,144,144,164,124,142,159,177,211,211,242,268,282,315,13,13,63,63,63,63,63,11,45,45],"floor_reached":56,"playtime":4250,"items_purged":["Strike_B","Writhe"],"score":1369,"play_id":"a5f15fc1-416b-4c70-b041-2cb87b36a399","local_time":"20210112120306","is_ascension_mode":true,"campfire_choices":[{"data":"Zap","floor":7,"key":"SMITH"},{"data":"Rainbow","floor":12,"key":"SMITH"},{"data":"Buffer","floor":15,"key":"SMITH"},{"data":"Loop","floor":28,"key":"SMITH"},{"data":"Thunder Strike","floor":32,"key":"SMITH"},{"data":"1","floor":41,"key":"LIFT"},{"floor":49,"key":"RECALL"},{"data":"2","floor":52,"key":"LIFT"}],"circlet_count":0,"master_deck":["Defend_B","Defend_B","Defend_B","Zap+1","Dualcast","Rainbow+1","Coolheaded","Ball Lightning","Cold Snap","Reboot","Static Discharge","Go for the Eyes","Leap","Buffer+1","Thunder Strike+1","Doom and Gloom+1","Bite","Bite","Bite","Bite","Bite","Loop+1","Genetic Algorithm","Self Repair","Machine Learning","Fission","Conserve Battery+1","Sweeping Beam","Heatsinks+1","FTL+1","Panacea","Metamorphosis","Glacier+1","Capacitor+1"],"relics":["Cracked Core","Ancient Tea Set","Centennial Puzzle","Meat on the Bone","Bird Faced Urn","Nunchaku","SlaversCollar","Happy Flower","Juzu Bracelet","Bottled Tornado","PreservedInsect","Du-Vu Doll","Lee\u0027s Waffle","SacredBark","Girya","Pear","Ice Cream","Mummified Hand","TungstenRod","Eternal Feather"],"acts_visited":["Exordium","TheCity","TheBeyond","TheEnding"],"potions_floor_usage":[11,11,13,25,27,27,38,39,42,50,55,55,55],"damage_taken":[{"damage":8.0,"enemies":"Small Slimes","floor":1.0,"turns":3.0},{"damage":1.0,"enemies":"2 Louse","floor":3.0,"turns":3.0},{"damage":4.0,"enemies":"Jaw Worm","floor":4.0,"turns":3.0},{"damage":0.0,"enemies":"Blue Slaver","floor":5.0,"turns":3.0},{"damage":17.0,"enemies":"Lagavulin","floor":6.0,"turns":7.0},{"damage":3,"enemies":"3 Sentries","floor":8,"turns":5},{"damage":17,"enemies":"Gremlin Gang","floor":10,"turns":2},{"damage":11,"enemies":"Lagavulin","floor":11,"turns":4},{"damage":11,"enemies":"Lagavulin Event","floor":13,"turns":4},{"damage":7,"enemies":"Exordium Wildlife","floor":14,"turns":3},{"damage":3,"enemies":"The Guardian","floor":16,"turns":10},{"damage":21,"enemies":"2 Thieves","floor":18,"turns":4},{"damage":7,"enemies":"Spheric Guardian","floor":19,"turns":5},{"damage":24,"enemies":"Shelled Parasite and Fungi","floor":20,"turns":5},{"damage":32,"enemies":"3 Cultists","floor":22,"turns":6},{"damage":0,"enemies":"Gremlin Leader","floor":23,"turns":4},{"damage":20,"enemies":"Snake Plant","floor":24,"turns":5},{"damage":37,"enemies":"Slavers","floor":25,"turns":5},{"damage":0,"enemies":"Book of Stabbing","floor":27,"turns":5},{"damage":41,"enemies":"Champ","floor":33,"turns":10},{"damage":47,"enemies":"3 Darklings","floor":35,"turns":7},{"damage":0,"enemies":"3 Shapes","floor":37,"turns":7},{"damage":0,"enemies":"Maw","floor":38,"turns":8},{"damage":38,"enemies":"Writhing Mass","floor":39,"turns":6},{"damage":35,"enemies":"Giant Head","floor":40,"turns":7},{"damage":24,"enemies":"Reptomancer","floor":42,"turns":5},{"damage":18,"enemies":"4 Shapes","floor":44,"turns":9},{"damage":49,"enemies":"Nemesis","floor":45,"turns":9},{"damage":0,"enemies":"Mind Bloom Boss Battle","floor":48,"turns":7},{"damage":86,"enemies":"Awakened One","floor":50,"turns":14},{"damage":37,"enemies":"Shield and Spear","floor":54,"turns":6},{"damage":89,"enemies":"The Heart","floor":55,"turns":7}],"seed_played":"3698458732288931648","potions_obtained":[{"floor":1.0,"key":"SkillPotion"},{"floor":6,"key":"SmokeBomb"},{"floor":8,"key":"SkillPotion"},{"floor":10,"key":"Regen Potion"},{"floor":11,"key":"Swift Potion"},{"floor":14,"key":"LiquidMemories"},{"floor":19,"key":"PotionOfCapacity"},{"floor":25,"key":"ColorlessPotion"},{"floor":33,"key":"AttackPotion"},{"floor":36,"key":"LiquidBronze"},{"floor":36,"key":"DistilledChaos"},{"floor":38,"key":"AttackPotion"},{"floor":45,"key":"DuplicationPotion"},{"floor":48,"key":"Fruit Juice"}],"is_trial":false,"path_per_floor":["M","$","M","M","M","E","R","E","T","M","E","R","?","M","R","B",null,"M","M","M","?","M","E","M","E","T","E","R","?","?","$","R","B",null,"M","?","M","M","M","E","R","E","T","M","E","$","?","?","R","B",null,"R","$","E","B",null],"character_chosen":"DEFECT","items_purchased":["Lee\u0027s Waffle","Machine Learning","Mummified Hand","Block Potion","FocusPotion"],"campfire_rested":0,"item_purchase_floors":[31,31,46,46,53],"current_hp_per_floor":[67,67,66,62,62,45,45,42,42,37,38,38,39,44,44,45,75,56,53,43,43,37,47,39,24,24,44,44,44,44,59,59,37,59,41,41,59,59,44,43,43,60,60,64,39,39,29,62,62,41,79,79,79,73,28],"gold":45,"neow_bonus":"ONE_RANDOM_RARE_CARD","is_daily":false,"chose_seed":false,"campfire_upgraded":5,"win_rate":0.0,"timestamp":1610470986,"path_taken":["M","$","M","M","M","E","R","E","T","M","E","R","?","M","R","BOSS","M","M","M","?","M","E","M","E","T","E","R","?","?","?","R","BOSS","M","?","M","M","M","E","R","E","T","M","E","$","?","?","R","BOSS","R","$","E","BOSS"],"items_purchased_type":["Relic","Card","Relic","Potion","Potion"],"build_version":"2020-12-18","purchased_purges":2,"victory":true,"max_hp_per_floor":[75,75,75,75,75,75,75,75,75,75,75,75,75,75,75,75,75,75,75,75,52,52,52,52,52,52,52,52,52,52,59,59,59,59,59,59,59,59,59,59,59,69,69,69,69,69,69,69,69,79,79,79,79,79,79],"relic_stats":{"Lee\u0027s Waffle":15,"Happy Flower":[39],"counters":[32,188],"Eternal Feather":0,"PreservedInsect":297,"Juzu Bracelet":1,"Centennial Puzzle":[63],"Nunchaku":[30],"Mummified Hand":[31],"Bird Faced Urn":[129],"obtain_stats":[{"Ice Cream":45,"Girya":40,"Lee\u0027s Waffle":31,"Pear":42,"Happy Flower":23,"SacredBark":34,"Eternal Feather":54,"PreservedInsect":27,"Juzu Bracelet":25,"Bottled Tornado":26,"Ancient Tea Set":6,"Du-Vu Doll":30,"SlaversCollar":17,"Centennial Puzzle":8,"Nunchaku":13,"Mummified Hand":46,"Bird Faced Urn":11,"Cracked Core":0,"TungstenRod":48,"Meat on the Bone":9},{"Ice Cream":28,"Girya":25,"Lee\u0027s Waffle":19,"Pear":26,"Happy Flower":16,"SacredBark":20,"Eternal Feather":31,"PreservedInsect":19,"Juzu Bracelet":18,"Bottled Tornado":18,"Ancient Tea Set":5,"Du-Vu Doll":19,"SlaversCollar":11,"Centennial Puzzle":6,"Nunchaku":9,"Mummified Hand":28,"Bird Faced Urn":8,"Cracked Core":0,"TungstenRod":29,"Meat on the Bone":6},{"Ice Cream":154,"Girya":131,"Lee\u0027s Waffle":86,"Pear":136,"Happy Flower":71,"SacredBark":96,"Eternal Feather":181,"PreservedInsect":86,"Juzu Bracelet":81,"Bottled Tornado":81,"Ancient Tea Set":19,"Du-Vu Doll":86,"SlaversCollar":47,"Centennial Puzzle":24,"Nunchaku":34,"Mummified Hand":154,"Bird Faced Urn":30,"Cracked Core":0,"TungstenRod":161,"Meat on the Bone":24}],"TungstenRod":58,"Meat on the Bone":144},"card_choices":[{"not_picked":["Redo","Darkness"],"picked":"Coolheaded","floor":1.0},{"not_picked":["Coolheaded","Cold Snap"],"picked":"Ball Lightning","floor":3.0},{"not_picked":["Fusion","Ball Lightning"],"picked":"Cold Snap","floor":4.0},{"not_picked":["Go for the Eyes","Sweeping Beam","Recycle"],"picked":"SKIP","floor":5.0},{"not_picked":["Leap","Rebound"],"picked":"Reboot","floor":6},{"not_picked":["Barrage","Cold Snap"],"picked":"Static Discharge","floor":8},{"not_picked":["Go for the Eyes","Steam","Redo"],"picked":"SKIP","floor":10},{"not_picked":["Steam","Redo"],"picked":"Go for the Eyes","floor":10},{"not_picked":["Rebound","Consume","Cold Snap"],"picked":"SKIP","floor":11},{"not_picked":["Chaos","Steam Power"],"picked":"Leap","floor":13},{"not_picked":["Reprogram","Melter"],"picked":"Buffer","floor":14},{"not_picked":["Seek","Machine Learning"],"picked":"Thunder Strike","floor":16},{"not_picked":["Go for the Eyes","Ball Lightning"],"picked":"Doom and Gloom+1","floor":18},{"not_picked":["Stack+1","Go for the Eyes","Aggregate"],"picked":"SKIP","floor":19},{"not_picked":["Streamline","Ball Lightning","Barrage+1"],"picked":"SKIP","floor":20},{"not_picked":["Barrage+1","Force Field","Reinforced Body"],"picked":"SKIP","floor":22},{"not_picked":["Hologram","Melter"],"picked":"Loop","floor":23},{"not_picked":["Coolheaded","Rebound","Leap"],"picked":"SKIP","floor":24},{"not_picked":["Turbo","Ball Lightning"],"picked":"Genetic Algorithm","floor":25},{"not_picked":["Cold Snap","Blizzard+1"],"picked":"Self Repair","floor":27},{"not_picked":["All For One","Hyperbeam"],"picked":"Fission","floor":33},{"not_picked":["Turbo","Cold Snap"],"picked":"Conserve Battery+1","floor":35},{"not_picked":["Streamline","Doom and Gloom"],"picked":"Sweeping Beam","floor":37},{"not_picked":["BootSequence+1","Cold Snap+1","Stack+1"],"picked":"SKIP","floor":38},{"not_picked":["Aggregate+1","Gash","Machine Learning"],"picked":"SKIP","floor":39},{"not_picked":["Rebound","Reboot","Steam+1"],"picked":"SKIP","floor":40},{"not_picked":["Scrape","Rebound+1","BootSequence+1"],"picked":"SKIP","floor":42},{"not_picked":["Rebound","Gash"],"picked":"Heatsinks+1","floor":44},{"not_picked":["Melter+1","Chill+1"],"picked":"FTL+1","floor":45},{"not_picked":["Forethought","Purity"],"picked":"Panacea","floor":47},{"not_picked":["Discovery","Flash of Steel"],"picked":"Metamorphosis","floor":47},{"not_picked":["Compile Driver+1","Aggregate"],"picked":"Glacier+1","floor":48},{"not_picked":["Darkness+1","Beam Cell"],"picked":"Capacitor+1","floor":54}],"player_experience":838783,"relics_obtained":[{"floor":6,"key":"Ancient Tea Set"},{"floor":8,"key":"Centennial Puzzle"},{"floor":9,"key":"Meat on the Bone"},{"floor":11,"key":"Bird Faced Urn"},{"floor":13,"key":"Nunchaku"},{"floor":23,"key":"Happy Flower"},{"floor":25,"key":"Juzu Bracelet"},{"floor":26,"key":"Bottled Tornado"},{"floor":27,"key":"PreservedInsect"},{"floor":40,"key":"Girya"},{"floor":42,"key":"Pear"},{"floor":45,"key":"Ice Cream"},{"floor":48,"key":"TungstenRod"},{"floor":54,"key":"Eternal Feather"}],"event_choices":[{"damage_healed":0,"gold_gain":0,"player_choice":"Searched \u00271\u0027 times","damage_taken":0,"max_hp_gain":0,"max_hp_loss":0,"event_name":"Dead Adventurer","floor":13,"gold_loss":0},{"damage_healed":0,"gold_gain":0,"player_choice":"Became a vampire","damage_taken":0,"max_hp_gain":0,"max_hp_loss":23,"event_name":"Vampires","floor":21,"gold_loss":0,"cards_obtained":["Bite","Bite","Bite","Bite","Bite"]},{"cards_removed":["Defend_B"],"damage_healed":0,"gold_gain":0,"player_choice":"Gave Gold","damage_taken":0,"max_hp_gain":0,"max_hp_loss":0,"event_name":"Beggar","floor":29,"gold_loss":75},{"damage_healed":0,"gold_gain":0,"player_choice":"Opened","damage_taken":0,"relics_obtained":["Du-Vu Doll"],"max_hp_gain":0,"max_hp_loss":0,"event_name":"The Mausoleum","floor":30,"gold_loss":0,"cards_obtained":["Writhe"]},{"damage_healed":0,"gold_gain":0,"player_choice":"Bought 3 Potions","damage_taken":0,"max_hp_gain":0,"max_hp_loss":0,"event_name":"The Woman in Blue","floor":36,"gold_loss":0},{"damage_healed":0,"gold_gain":0,"player_choice":"Memory 3","damage_taken":10,"max_hp_gain":0,"max_hp_loss":0,"event_name":"SensoryStone","floor":47,"gold_loss":0},{"damage_healed":0,"gold_gain":0,"player_choice":"Fight","damage_taken":0,"max_hp_gain":0,"max_hp_loss":0,"event_name":"MindBloom","floor":48,"gold_loss":0}],"is_beta":true,"boss_relics":[{"not_picked":["Runic Pyramid","Black Star"],"picked":"SlaversCollar"},{"not_picked":["FrozenCore","Pandora\u0027s Box"],"picked":"SacredBark"}],"items_purged_floors":[2,31],"is_endless":false,"potions_floor_spawned":[1,6,8,10,11,14,19,20,25,33,37,38,45,48],"ascension_level":1}}