{"host":"sc0o2qwpf9j16a4i","time":1610471166,"event":{"mods":["AchievementEnabler","BaseMod","BetterRewards","Block Reminder","Colored Map","Colored Powertips","Custom Start","Highlight Path","Minty Spire (QoL Compilation)","Relic Stats"],"gold_per_floor":[110,110,110,110,130,130,159,159,208,243,255,255,268,297,297,374,374,391,410,410,410,423,423,440,440,490,508,236,236,255,84,84,161,161,174,174,174],"floor_reached":36,"playtime":1003,"items_purged":["Strike_G","Clumsy"],"score":1164,"play_id":"53ddbc13-85aa-4bdb-ab3e-95085c96fa07","local_time":"20210112190606","is_ascension_mode":true,"campfire_choices":[{"floor":6,"key":"REST"},{"data":"Catalyst","floor":8,"key":"SMITH"},{"data":"Noxious Fumes","floor":12,"key":"SMITH"},{"floor":15,"key":"REST"},{"floor":23,"key":"REST"},{"floor":25,"key":"REST"},{"data":"Footwork","floor":29,"key":"SMITH"},{"data":"Footwork","floor":32,"key":"SMITH"}],"circlet_count":0,"master_deck":["AscendersBane","Strike_G","Strike_G","Strike_G","Strike_G","Defend_G","Defend_G","Defend_G","Defend_G","Defend_G","Survivor","Neutralize","Footwork+1","Catalyst+1","Noxious Fumes+1","Deadly Poison","Dagger Throw","Dodge and Roll","Deadly Poison","Footwork+1","Calculated Gamble","Corpse Explosion","Skewer","Bouncing Flask","Leg Sweep","Catalyst+1","Wraith Form v2","Setup+1"],"relics":["Ring of the Snake","Medical Kit","Oddly Smooth Stone","The Specimen","Gremlin Horn","Paper Crane","CultistMask","White Beast Statue","PreservedInsect","Orichalcum","Bag of Preparation","Cursed Key","Omamori","Lee\u0027s Waffle","Black Star"],"acts_visited":["Exordium","TheCity","TheBeyond"],"potions_floor_usage":[7,13,16,27,30,35,36],"damage_taken":[{"damage":0,"enemies":"2 Louse","floor":1,"turns":4},{"damage":2,"enemies":"Jaw Worm","floor":5,"turns":4},{"damage":8,"enemies":"3 Sentries","floor":7,"turns":9},{"damage":10,"enemies":"Lagavulin","floor":10,"turns":6},{"damage":0,"enemies":"Cultist","floor":11,"turns":4},{"damage":9,"enemies":"Lots of Slimes","floor":13,"turns":3},{"damage":0,"enemies":"Gremlin Nob","floor":14,"turns":3},{"damage":8,"enemies":"The Guardian","floor":16,"turns":7},{"damage":3,"enemies":"Shell Parasite","floor":18,"turns":7},{"damage":14,"enemies":"3 Byrds","floor":19,"turns":4},{"damage":15,"enemies":"Centurion and Healer","floor":22,"turns":6},{"damage":0,"enemies":"Snecko","floor":24,"turns":5},{"damage":16,"enemies":"Shelled Parasite and Fungi","floor":27,"turns":4},{"damage":17,"enemies":"Sentry and Sphere","floor":30,"turns":4},{"damage":23,"enemies":"Collector","floor":33,"turns":6},{"damage":42,"enemies":"3 Darklings","floor":35,"turns":3},{"damage":30,"enemies":"2 Orb Walkers","floor":36,"turns":3}],"seed_played":"5079731135493739838","potions_obtained":[{"floor":7,"key":"Block Potion"},{"floor":10,"key":"Poison Potion"},{"floor":11,"key":"PowerPotion"},{"floor":13,"key":"FairyPotion"},{"floor":14,"key":"SpeedPotion"},{"floor":16,"key":"SneckoOil"},{"floor":18,"key":"SteroidPotion"},{"floor":24,"key":"PowerPotion"},{"floor":27,"key":"EssenceOfSteel"},{"floor":30,"key":"SteroidPotion"},{"floor":33,"key":"PowerPotion"},{"floor":35,"key":"ColorlessPotion"}],"is_trial":false,"path_per_floor":["M","?","T","?","M","R","E","R","T","E","M","R","M","E","R","B",null,"M","M","?","?","M","R","M","R","T","M","$","R","M","$","R","B",null,"M","?"],"character_chosen":"THE_SILENT","items_purchased":["Medical Kit","Oddly Smooth Stone","Footwork","Catalyst","The Specimen","Gremlin Horn","Noxious Fumes","Deadly Poison","Weak Potion","Omamori","Lee\u0027s Waffle"],"campfire_rested":4,"item_purchase_floors":[0,0,0,0,0,0,0,0,0,28,31],"current_hp_per_floor":[20,42,42,42,40,59,51,51,51,41,41,41,32,32,51,43,60,57,43,43,43,28,47,47,66,66,50,50,50,33,73,73,50,67,25,0,0],"gold":174,"neow_bonus":"","is_daily":false,"chose_seed":false,"campfire_upgraded":4,"win_rate":0.0,"timestamp":1610471166,"path_taken":["M","?","?","?","M","R","E","R","T","E","M","R","?","E","R","BOSS","M","?","?","?","M","R","M","R","T","M","?","R","M","$","R","BOSS","M","?"],"items_purchased_type":["Relic","Relic","Card","Card","Relic","Relic","Card","Card","Potion","Relic","Relic"],"build_version":"2020-12-22","purchased_purges":2,"victory":false,"max_hp_per_floor":[66,66,66,66,66,66,66,66,66,66,66,66,66,66,66,66,66,66,66,66,66,66,66,66,66,66,66,66,66,66,73,73,73,73,73,73,73],"relic_stats":{"Lee\u0027s Waffle":40,"Gremlin Horn":[17,17],"counters":[43,251],"PreservedInsect":50,"Bag of Preparation":[20],"Black Star":0,"Orichalcum":[132],"Medical Kit":[2],"Cursed Key":2,"obtain_stats":[{"Gremlin Horn":45,"Bag of Preparation":14,"Smiling Mask":13,"Cursed Key":17,"Centennial Puzzle":9,"Nunchaku":23,"Fusion Hammer":17,"Chemical X":41,"Ring of the Snake":0,"Lee\u0027s Waffle":31,"The Specimen":0,"Astrolabe":0,"Oddly Smooth Stone":20,"PreservedInsect":9,"Omamori":28,"War Paint":41,"Paper Crane":3,"Orichalcum":10,"Medical Kit":0,"White Beast Statue":7,"WarpedTongs":4,"Mercury Hourglass":26,"OrangePellets":30,"CaptainsWheel":41,"Bronze Scales":24,"Snecko Eye":34,"CultistMask":4,"Black Star":34},{"Gremlin Horn":21,"Bag of Preparation":33,"Smiling Mask":6,"Cursed Key":34,"Centennial Puzzle":3,"Nunchaku":13,"Fusion Hammer":8,"Chemical X":19,"Ring of the Snake":0,"Lee\u0027s Waffle":40,"The Specimen":26,"Astrolabe":0,"Oddly Smooth Stone":10,"PreservedInsect":29,"Omamori":39,"War Paint":19,"Paper Crane":27,"Orichalcum":30,"Medical Kit":26,"White Beast Statue":29,"WarpedTongs":2,"Mercury Hourglass":14,"OrangePellets":15,"CaptainsWheel":19,"Bronze Scales":13,"Snecko Eye":17,"CultistMask":27,"Black Star":41},{"Gremlin Horn":121,"Bag of Preparation":202,"Smiling Mask":35,"Cursed Key":209,"Centennial Puzzle":19,"Nunchaku":77,"Fusion Hammer":50,"Chemical X":108,"Ring of the Snake":0,"Lee\u0027s Waffle":239,"The Specimen":169,"Astrolabe":0,"Oddly Smooth Stone":58,"PreservedInsect":186,"Omamori":235,"War Paint":108,"Paper Crane":173,"Orichalcum":192,"Medical Kit":169,"White Beast Statue":186,"WarpedTongs":16,"Mercury Hourglass":80,"OrangePellets":85,"CaptainsWheel":108,"Bronze Scales":77,"Snecko Eye":101,"CultistMask":173,"Black Star":245}],"Ring of the Snake":[34]},"card_choices":[{"not_picked":["Sucker Punch","All Out Attack"],"picked":"Dagger Throw","floor":1},{"not_picked":["Slice","Quick Slash"],"picked":"Dodge and Roll","floor":5},{"not_picked":["Noxious Fumes","Bane"],"picked":"Deadly Poison","floor":7},{"not_picked":["Caltrops","Heel Hook"],"picked":"Footwork","floor":10},{"not_picked":["Slice","Prepared","Dagger Throw"],"picked":"SKIP","floor":11},{"not_picked":["Prepared","Noxious Fumes","Footwork"],"picked":"SKIP","floor":13},{"not_picked":["Tactician","Cloak And Dagger"],"picked":"Calculated Gamble","floor":14},{"not_picked":["Grand Finale","Wraith Form v2"],"picked":"Corpse Explosion","floor":16},{"not_picked":["Deadly Poison","Infinite Blades"],"picked":"Skewer","floor":18},{"not_picked":["Quick Slash","Dodge and Roll"],"picked":"Bouncing Flask","floor":19},{"not_picked":["Blade Dance","All Out Attack","Endless Agony"],"picked":"SKIP","floor":22},{"not_picked":["Accuracy","Heel Hook","Flying Knee"],"picked":"SKIP","floor":24},{"not_picked":["Malaise","Choke"],"picked":"Catalyst+1","floor":27},{"not_picked":["Dagger Throw","Setup","Cloak And Dagger+1"],"picked":"SKIP","floor":30},{"not_picked":["Storm of Steel","Die Die Die"],"picked":"Wraith Form v2","floor":33},{"not_picked":["Footwork","Dagger Throw"],"picked":"Setup+1","floor":35}],"player_experience":608893,"relics_obtained":[{"floor":3,"key":"Paper Crane"},{"floor":7,"key":"White Beast Statue"},{"floor":9,"key":"PreservedInsect"},{"floor":10,"key":"Orichalcum"},{"floor":14,"key":"Bag of Preparation"}],"event_choices":[{"damage_healed":22,"gold_gain":0,"player_choice":"Banana","damage_taken":0,"max_hp_gain":0,"max_hp_loss":0,"event_name":"Big Fish","floor":2,"gold_loss":0},{"damage_healed":0,"gold_gain":0,"player_choice":"Trade","damage_taken":0,"relics_obtained":["CultistMask"],"max_hp_gain":0,"max_hp_loss":0,"event_name":"FaceTrader","floor":4,"gold_loss":0},{"damage_healed":0,"gold_gain":0,"player_choice":"Read","damage_taken":0,"max_hp_gain":0,"max_hp_loss":0,"event_name":"The Library","floor":20,"gold_loss":0,"cards_obtained":["Leg Sweep"]},{"damage_healed":0,"gold_gain":0,"player_choice":"Ignored","damage_taken":0,"max_hp_gain":0,"max_hp_loss":0,"event_name":"Vampires","floor":21,"gold_loss":0},{"damage_healed":0,"gold_gain":0,"player_choice":"Fight","damage_taken":0,"max_hp_gain":0,"max_hp_loss":0,"event_name":"Mysterious Sphere","floor":36,"gold_loss":0}],"is_beta":false,"boss_relics":[{"not_picked":["Fusion Hammer","Velvet Choker"],"picked":"Cursed Key"},{"not_picked":["SacredBark","HoveringKite"],"picked":"Black Star"}],"items_purged_floors":[0,28],"is_endless":false,"potions_floor_spawned":[7,10,11,13,14,16,18,19,22,24,27,30,33,35],"killed_by":"2 Orb Walkers","ascension_level":20}}