{"host":"fdq5pmhluajjrf8d","time":1610471460,"event":{"mods":["BaseMod","Minty Spire (QoL Compilation)"],"gold_per_floor":[118,137,156,170,170,200,217,217,241,253,277,86,102,113,113,113,113],"floor_reached":16,"playtime":760,"items_purged":[],"score":207,"play_id":"be5a2910-88d1-45a7-9607-2f9098d6cf49","local_time":"20210112121100","is_ascension_mode":true,"campfire_choices":[{"floor":8,"key":"REST"},{"floor":15,"key":"REST"}],"circlet_count":0,"master_deck":["AscendersBane","Strike_G","Strike_G","Strike_G","Strike_G","Strike_G","Defend_G","Defend_G","Defend_G","Defend_G","Defend_G","Survivor","Neutralize","CurseOfTheBell","Heel Hook","Dagger Spray","Crippling Poison","Outmaneuver","Acrobatics","All Out Attack","Blur","Heel Hook","Skewer"],"relics":["Calling Bell","Juzu Bracelet","Shuriken","Ice Cream","Bird Faced Urn","MawBank","Oddly Smooth Stone"],"acts_visited":["Exordium"],"potions_floor_usage":[4,6,11,13,16],"damage_taken":[{"damage":1,"enemies":"Cultist","floor":1,"turns":4},{"damage":4,"enemies":"Jaw Worm","floor":2,"turns":5},{"damage":2,"enemies":"Small Slimes","floor":3,"turns":3},{"damage":0,"enemies":"3 Louse","floor":4,"turns":3},{"damage":26,"enemies":"Gremlin Nob","floor":6,"turns":4},{"damage":25,"enemies":"Red Slaver","floor":7,"turns":7},{"damage":9,"enemies":"Large Slime","floor":11,"turns":6},{"damage":3,"enemies":"Blue Slaver","floor":13,"turns":4},{"damage":2,"enemies":"Looter","floor":14,"turns":4},{"damage":35,"enemies":"Hexaghost","floor":16,"turns":9}],"seed_played":"1329632346223528480","potions_obtained":[{"floor":1,"key":"Swift Potion"},{"floor":2,"key":"Fire Potion"},{"floor":7,"key":"Explosive Potion"},{"floor":11,"key":"GamblersBrew"},{"floor":14,"key":"Block Potion"}],"is_trial":false,"path_per_floor":["M","M","M","M","?","E","M","R","T","?","M","$","M","M","R","B"],"character_chosen":"THE_SILENT","items_purchased":["Oddly Smooth Stone","Heel Hook"],"campfire_rested":2,"item_purchase_floors":[12,12],"current_hp_per_floor":[58,54,52,52,57,31,6,27,27,27,18,18,15,13,34,0,0],"gold":113,"neow_bonus":"BOSS_RELIC","is_daily":false,"chose_seed":false,"campfire_upgraded":0,"win_rate":0.0,"timestamp":1610471460,"path_taken":["M","M","M","M","?","E","M","R","T","?","M","?","M","M","R","BOSS"],"items_purchased_type":["Relic","Card"],"build_version":"2020-12-22","purchased_purges":0,"victory":false,"max_hp_per_floor":[66,66,66,66,71,71,71,71,71,71,71,71,71,71,71,71,71],"card_choices":[{"not_picked":["Reflex","Bouncing Flask"],"picked":"Heel Hook","floor":1},{"not_picked":["Underhanded Strike","Outmaneuver"],"picked":"Dagger Spray","floor":2},{"not_picked":["Poisoned Stab","Deadly Poison"],"picked":"Crippling Poison","floor":3},{"not_picked":["Backflip","Dodge and Roll"],"picked":"Outmaneuver","floor":4},{"not_picked":["Bane","Dash"],"picked":"Acrobatics","floor":6},{"not_picked":["Setup","Poisoned Stab"],"picked":"All Out Attack","floor":7},{"not_picked":["Prepared","Dagger Throw"],"picked":"Blur","floor":11},{"not_picked":["Outmaneuver","Leg Sweep"],"picked":"Skewer","floor":13},{"not_picked":["Blur","Deflect","Venomology"],"picked":"SKIP","floor":14}],"player_experience":1902260,"relics_obtained":[{"floor":0,"key":"Juzu Bracelet"},{"floor":0,"key":"Shuriken"},{"floor":0,"key":"Ice Cream"},{"floor":6,"key":"Bird Faced Urn"},{"floor":9,"key":"MawBank"}],"event_choices":[{"damage_healed":0,"gold_gain":0,"player_choice":"Donut","damage_taken":0,"max_hp_gain":5,"max_hp_loss":0,"event_name":"Big Fish","floor":5,"gold_loss":0},{"damage_healed":0,"gold_gain":0,"player_choice":"Fled","damage_taken":0,"max_hp_gain":0,"max_hp_loss":0,"event_name":"Scrap Ooze","floor":10,"gold_loss":0}],"is_beta":false,"boss_relics":[],"items_purged_floors":[],"is_endless":false,"potions_floor_spawned":[1,2,7,11,14],"killed_by":"Hexaghost","ascension_level":19}}