{"host":"rfd0aujzbne52cnp","time":1610422870,"event":{"mods":["2.2 Compatiblity","BaseMod","Better Match","Better Third Choice","BetterRewards","Colored Powertips","Hermit","Jorbs\u0027s Wanderer Trilogy","Minty Spire (QoL Compilation)","Quick Restart","Shade Mod","Spicy Shops","StSLib","The Bladedancer","The Bug Knight","The Factory","everything is the same but u backflip on backflip"],"gold_per_floor":[109,109,128,149,10,10,55,86,109,109,125,169,244,291,291,422,422,444,469,469,501,14,64,76,124,162,273,313,353,393,455,467,614,626,660,704,214,230,253,296,296,348,348,348,394,436,436,30,30,37],"floor_reached":51,"playtime":8110,"items_purged":["hermit:Strike_Hermit","hermit:Defend_Hermit","hermit:Strike_Hermit","hermit:Showdown","hermit:EternalForm"],"score":1421,"play_id":"595bab52-8c88-4d6c-9910-d7ab6223178b","local_time":"20210111224110","is_ascension_mode":true,"campfire_choices":[{"data":"hermit:Scavenge","floor":6,"key":"SMITH"},{"floor":10,"key":"REST"},{"data":"hermit:Dive","floor":15,"key":"SMITH"},{"data":"hermit:Dive","floor":24,"key":"SMITH"},{"data":"hermit:RoundhouseKick","floor":32,"key":"SMITH"},{"data":"hermit:Dive","floor":41,"key":"SMITH"},{"data":"hermit:Glare","floor":44,"key":"SMITH"},{"data":"hermit:Snapshot","floor":47,"key":"SMITH"},{"floor":49,"key":"REST"}],"circlet_count":0,"master_deck":["hermit:Snapshot+1","hermit:Covet","hermit:Malice","hermit:Dive+1","hermit:TrackingShot+1","hermit:Dive+1","hermit:Scavenge+1","hermit:Deadeye","hermit:RoundhouseKick+1","hermit:GoldenBullet+1","hermit:Dive+1","hermit:WideOpen+1","hermit:ItchyTrigger","hermit:TrackingShot","hermit:Grudge","hermit:Enervate","hermit:Glare+1","hermit:EyeOfTheStorm+1","hermit:FlashPowder+1","hermit:Combo"],"relics":["hermit:Momento","Akabeko","Medical Kit","Nunchaku","hermit:RedScarf","Golden Idol","Happy Flower","Bag of Preparation","Anchor","HollowMod:PaleOreRelic","Sozu","Membership Card","Whetstone","OrangePellets","Eternal Feather","MawBank","Strawberry","Bag of Marbles","WingedGreaves","Pandora\u0027s Box","Strange Spoon","Mercury Hourglass","Ancient Tea Set","Dead Branch","Orichalcum","Toy Ornithopter","HornCleat","Pantograph","Gambling Chip","ClockworkSouvenir","StrikeDummy","Art of War"],"acts_visited":["Exordium","TheCity","TheBeyond"],"potions_floor_usage":[19,25],"damage_taken":[{"damage":0,"enemies":"Jaw Worm","floor":1,"turns":3},{"damage":0,"enemies":"2 Louse","floor":3,"turns":1},{"damage":0,"enemies":"Small Slimes","floor":4,"turns":2},{"damage":7,"enemies":"Lagavulin","floor":7,"turns":6},{"damage":0,"enemies":"Looter","floor":8,"turns":3},{"damage":3,"enemies":"Blue Slaver","floor":11,"turns":2},{"damage":2,"enemies":"3 Sentries","floor":12,"turns":4},{"damage":0,"enemies":"Gremlin Nob","floor":14,"turns":4},{"damage":5,"enemies":"Slime Boss","floor":16,"turns":12},{"damage":0,"enemies":"Spheric Guardian","floor":18,"turns":4},{"damage":3,"enemies":"2 Thieves","floor":19,"turns":4},{"damage":14,"enemies":"Snecko","floor":21,"turns":7},{"damage":17,"enemies":"Book of Stabbing","floor":23,"turns":6},{"damage":0,"enemies":"Slavers","floor":25,"turns":3},{"damage":0,"enemies":"Cultist and Chosen","floor":28,"turns":4},{"damage":0,"enemies":"3 Cultists","floor":29,"turns":3},{"damage":0,"enemies":"Centurion and Healer","floor":30,"turns":2},{"damage":0,"enemies":"Gremlin Leader","floor":31,"turns":4},{"damage":35,"enemies":"Champ","floor":33,"turns":15},{"damage":3,"enemies":"3 Shapes","floor":35,"turns":6},{"damage":0,"enemies":"Orb Walker","floor":36,"turns":2},{"damage":10,"enemies":"3 Darklings","floor":38,"turns":2},{"damage":1,"enemies":"Spire Growth","floor":39,"turns":3},{"damage":0,"enemies":"Reptomancer","floor":40,"turns":3},{"damage":10,"enemies":"Giant Head","floor":42,"turns":7},{"damage":0,"enemies":"HollowMod:StalkingDevout","floor":45,"turns":2},{"damage":47,"enemies":"Nemesis","floor":46,"turns":7},{"damage":0,"enemies":"Donu and Deca","floor":50,"turns":8}],"seed_played":"3098391208454779394","potions_obtained":[{"floor":7,"key":"hermit:Eclipse"},{"floor":8,"key":"SteroidPotion"},{"floor":12,"key":"LiquidBronze"}],"is_trial":false,"path_per_floor":["M","?","M","M","$","R","E","M","T","R","M","E","?","E","R","B",null,"M","M","?","M","$","E","R","E","T","?","M","M","M","E","R","B",null,"M","M","$","M","M","E","R","E","T","R","E","E","R","$","R","B",null],"character_chosen":"HERMIT","items_purchased":["Akabeko","hermit:Dive","Medical Kit","Nunchaku","hermit:Deadeye","Membership Card","Whetstone","OrangePellets","Eternal Feather","Strange Spoon","hermit:Enervate","hermit:Glare","Mercury Hourglass","Ancient Tea Set","Dead Branch","Gambling Chip","ClockworkSouvenir","hermit:Combo","StrikeDummy","Art of War"],"campfire_rested":2,"item_purchase_floors":[0,0,0,0,5,22,22,22,22,37,37,37,37,37,37,48,48,48,48,48],"current_hp_per_floor":[35,35,35,35,35,35,28,28,28,48,45,43,32,32,32,27,69,69,66,66,52,52,35,44,51,51,51,51,51,51,51,60,25,76,73,73,73,63,62,62,74,64,64,76,76,29,41,41,75,76],"gold":37,"neow_bonus":"","is_daily":false,"chose_seed":false,"campfire_upgraded":7,"win_rate":0.0,"timestamp":1610422870,"path_taken":["M","?","M","M","$","R","E","M","T","R","M","E","?","E","R","BOSS","M","M","?","?","$","E","R","E","T","?","M","M","M","E","R","BOSS","M","M","$","M","M","E","R","E","T","R","E","E","R","$","R","BOSS"],"items_purchased_type":["Relic","Card","Relic","Relic","Card","Relic","Relic","Relic","Relic","Relic","Card","Card","Relic","Relic","Relic","Relic","Relic","Card","Relic","Relic"],"build_version":"2020-12-22","purchased_purges":5,"victory":true,"max_hp_per_floor":[75,69,69,69,69,69,69,69,69,69,69,69,69,69,69,69,69,69,69,69,69,69,69,69,76,76,76,76,76,76,76,76,76,76,76,76,76,76,76,76,76,76,76,76,76,76,76,76,76,76],"card_choices":[{"not_picked":["hermit:FullyLoaded","hermit:ItchyTrigger"],"picked":"hermit:TrackingShot","floor":1},{"not_picked":["hermit:LoneWolf","hermit:HighCaliber"],"picked":"hermit:Dive","floor":3},{"not_picked":["hermit:HoleUp","hermit:Quickdraw"],"picked":"hermit:Scavenge","floor":4},{"not_picked":["hermit:ItchyTrigger","hermit:Gestalt","hermit:PistolWhip"],"picked":"SKIP","floor":7},{"not_picked":["hermit:Horror","hermit:SprayPray","hermit:TrackingShot"],"picked":"SKIP","floor":8},{"not_picked":["hermit:Cheat","hermit:Feint"],"picked":"hermit:RoundhouseKick","floor":11},{"not_picked":["hermit:LowProfile","hermit:TrackingShot","hermit:Headshot"],"picked":"SKIP","floor":12},{"not_picked":["hermit:BodyArmor","hermit:Desperado","hermit:TrackingShot"],"picked":"SKIP","floor":14},{"not_picked":["hermit:Desperado","hermit:Quickdraw"],"picked":"hermit:GoldenBullet","floor":18},{"not_picked":["hermit:SprayPray","hermit:Quickdraw","hermit:WideOpen"],"picked":"SKIP","floor":19},{"not_picked":["hermit:CalledShot","hermit:Feint+1"],"picked":"hermit:Dive","floor":21},{"not_picked":["hermit:Coalescence+1","hermit:BigShot","hermit:Headshot"],"picked":"SKIP","floor":23},{"not_picked":["hermit:Midnight","hermit:TakeCover","hermit:BodyArmor"],"picked":"SKIP","floor":25},{"not_picked":["hermit:Desperado","hermit:TakeCover","hermit:HighCaliber+1"],"picked":"SKIP","floor":28},{"not_picked":["hermit:Coalescence","hermit:Dive+1"],"picked":"hermit:WideOpen+1","floor":29},{"not_picked":["hermit:Headshot","hermit:RoundhouseKick","hermit:Midnight"],"picked":"SKIP","floor":30},{"not_picked":["hermit:Coalescence","hermit:Misfire+1","hermit:FullyLoaded+1"],"picked":"SKIP","floor":31},{"not_picked":["hermit:Showdown","hermit:Quickdraw","hermit:Roulette"],"picked":"SKIP","floor":35},{"not_picked":["hermit:Showdown+1","hermit:SprayPray","hermit:TrackingShot"],"picked":"SKIP","floor":36},{"not_picked":["hermit:Determination+1","hermit:LowProfile"],"picked":"hermit:EyeOfTheStorm+1","floor":38},{"not_picked":["hermit:Dive+1","hermit:FinalCanter","hermit:Showdown+1"],"picked":"SKIP","floor":39},{"not_picked":["hermit:Coalescence","hermit:Roulette"],"picked":"hermit:FlashPowder+1","floor":40},{"not_picked":["hermit:TrackingShot","hermit:CalledShot+1","hermit:Desperado"],"picked":"SKIP","floor":42},{"not_picked":["hermit:Headshot+1","hermit:Determination","hermit:Roulette+1"],"picked":"SKIP","floor":45},{"not_picked":["hermit:FinalCanter","hermit:BigShot+1","hermit:Desperado"],"picked":"SKIP","floor":46}],"player_experience":1623549,"relics_obtained":[{"floor":7,"key":"Happy Flower"},{"floor":9,"key":"Bag of Preparation"},{"floor":12,"key":"Anchor"},{"floor":14,"key":"HollowMod:PaleOreRelic"},{"floor":23,"key":"MawBank"},{"floor":25,"key":"Strawberry"},{"floor":26,"key":"Bag of Marbles"},{"floor":31,"key":"WingedGreaves"},{"floor":40,"key":"Orichalcum"},{"floor":42,"key":"Toy Ornithopter"},{"floor":45,"key":"HornCleat"},{"floor":46,"key":"Pantograph"}],"event_choices":[{"damage_healed":0,"gold_gain":0,"player_choice":"Lose Max HP","damage_taken":0,"relics_obtained":["Golden Idol"],"max_hp_gain":0,"max_hp_loss":6,"event_name":"Golden Idol","floor":2,"gold_loss":0},{"damage_healed":0,"gold_gain":75,"player_choice":"Gold","damage_taken":11,"max_hp_gain":1,"max_hp_loss":0,"event_name":"betterThird:BetterGoop","floor":13,"gold_loss":0},{"damage_healed":0,"gold_gain":0,"player_choice":"Ignored","damage_taken":0,"max_hp_gain":0,"max_hp_loss":0,"event_name":"N\u0027loth","floor":20,"gold_loss":0},{"damage_healed":0,"gold_gain":99,"player_choice":"Steal","damage_taken":0,"max_hp_gain":0,"max_hp_loss":0,"event_name":"betterThird:BetterNest","floor":27,"gold_loss":0}],"is_beta":false,"boss_relics":[{"not_picked":["SlaversCollar","Fusion Hammer"],"picked":"Sozu"},{"not_picked":["Empty Cage","Velvet Choker"],"picked":"Pandora\u0027s Box"}],"items_purged_floors":[0,5,22,37,48],"is_endless":false,"potions_floor_spawned":[7,8,12,14,16,18,23,28,30,38,42,45,46],"ascension_level":3}}