{"host":"Leo","time":1610434834,"event":{"mods":["Act Like it!","BaseMod","BetterRewards","Challenge The Spire","Colored Map","Colored Powertips","Downfall","Energized Spire","Gensokyo","Hubris","Infinite Spire","MarisaÅiñ∂âJÅ@ñÇóùçπÅj","Minty Spire (QoL Compilation)","Pale of the Ancients","Prisma Mod","Quick Restart","Rare Cards Sparkle","Remove Card Discount Mod","Replay The Spire","StSLib","The Jungle","Waifu the Spire"],"gold_per_floor":[115,129,141,155,168,194,194,194,219,230,250,250,262,279,279,374,374,390,407,425,425,444,444,444,444,470,265,298,298,314,334,334,432,432,448,352,367,367,386,386,417,417,417,447,464,497,497,552,552,552],"floor_reached":51,"playtime":7725,"items_purged":["PowerUp"],"score":838,"play_id":"bc4e3b12-9fd3-4d5b-9e63-f8823e6d2526","local_time":"20210112020034","daily_mods":["Draft","Vintage","Heirloom","Flight"],"is_ascension_mode":false,"campfire_choices":[{"data":"AsteroidBelt","floor":7.0,"key":"SMITH"},{"data":"AsteroidBelt","floor":8.0,"key":"SMITH"},{"data":"PowerUp","floor":12.0,"key":"SMITH"},{"data":"EarthLightRay","floor":15.0,"key":"SMITH"},{"data":"UnstableBomb","floor":23.0,"key":"SMITH"},{"data":"MachineGunSpark","floor":24.0,"key":"SMITH"},{"data":"ChargeUpSpray","floor":25.0,"key":"SMITH"},{"data":"MilkyWay","floor":29.0,"key":"SMITH"},{"data":"EnergyFlow","floor":32.0,"key":"SMITH"},{"data":"ManaConvection","floor":40,"key":"SMITH"},{"data":"ManaConvection","floor":42,"key":"SMITH"},{"data":"EarthLightRay","floor":49,"key":"SMITH"}],"circlet_count":0,"master_deck":["GalacticHalo","AsteroidBelt+1","6A","DC","SporeBomb","LuminesStrike","BlazeAway+1","Orbital+1","ChargeUpSpray+1","MilkyWay+1","GalacticHalo","GravityBeat","AsteroidBelt+1","EarthLightRay+1","MachineGunSpark+1","UnstableBomb+1","PowerUp+1","BinaryStars+1","Pot Of Greed+1","Pot Of Greed","EnergyFlow+1","UltimateShortwave","MachineGunSpark+1","ManaConvection+1","ManaConvection+1","NonDirectionalLaser+1","Pot Of Greed","GrandCross+1","SuperPerseids+1","EarthLightRay+1"],"relics":["MiniHakkero","replay:Trail_Library","FossilizedHelix","hubris:TenFootPole","Replay:Rubber Ducky","MealTicket","Replay:Mystery Machine","hubris:Metronome","Nunchaku","Smiling Mask","Blue Doll","Blue Candle","Mercury Hourglass","Replay:Bronze Core","infinitespire:CursedDice","War Paint","Grinning Jar","Toolbox","Mirror","Potion Belt","Guide Book","infinitespire:ShieldingShard","infinitespire:Satchel","Replay:Wax Seal","ExperimentalFamiliar","Meat on the Bone","hubris:SlimyHat","hubris:CrystalStatue","Pen Nib","Gremlin Food","StoneCalendar","Ancient Tea Set","hubris:Reverence","hexamod:BolsterEngine","infinitespire:Golems Mask"],"acts_visited":["Exordium","TheCity","TheBeyond"],"potions_floor_usage":[],"damage_taken":[{"damage":0.0,"enemies":"2 Louse","floor":1.0,"turns":2.0},{"damage":0.0,"enemies":"Small Slimes","floor":2.0,"turns":3.0},{"damage":0.0,"enemies":"Jaw Worm","floor":3.0,"turns":3.0},{"damage":0.0,"enemies":"3 Louse","floor":4.0,"turns":3.0},{"damage":0.0,"enemies":"Large Slime","floor":5.0,"turns":6.0},{"damage":21.0,"enemies":"Lagavulin","floor":6.0,"turns":7.0},{"damage":0.0,"enemies":"Looter","floor":10.0,"turns":2.0},{"damage":0.0,"enemies":"Exordium Thugs","floor":11.0,"turns":2.0},{"damage":0.0,"enemies":"Exordium Wildlife","floor":13.0,"turns":1.0},{"damage":0.0,"enemies":"Looter","floor":14.0,"turns":2.0},{"damage":19.0,"enemies":"Fading Forest","floor":16.0,"turns":11.0},{"damage":5.0,"enemies":"Chosen","floor":18.0,"turns":2.0},{"damage":6.0,"enemies":"Shell Parasite","floor":19.0,"turns":5.0},{"damage":7.0,"enemies":"Snake Plant","floor":20.0,"turns":4.0},{"damage":0.0,"enemies":"Chosen and Byrds","floor":22.0,"turns":4.0},{"damage":0.0,"enemies":"Book of Stabbing","floor":28.0,"turns":4.0},{"damage":0.0,"enemies":"Centurion and Healer","floor":30.0,"turns":3.0},{"damage":0.0,"enemies":"3 Cultists","floor":31.0,"turns":2.0},{"damage":35.0,"enemies":"Automaton","floor":33.0,"turns":7.0},{"damage":8.0,"enemies":"3 Darklings","floor":35.0,"turns":5.0},{"damage":0.0,"enemies":"3 Shapes","floor":37.0,"turns":3.0},{"damage":0,"enemies":"3 Darklings","floor":39,"turns":2},{"damage":0,"enemies":"Giant Head","floor":41,"turns":5},{"damage":0,"enemies":"Reptomancer","floor":44,"turns":3},{"damage":7,"enemies":"Jaw Worm Horde","floor":45,"turns":2},{"damage":61,"enemies":"Nightmare","floor":46,"turns":7},{"damage":0,"enemies":"2 Orb Walkers","floor":48,"turns":4},{"damage":24,"enemies":"hubris:GrandSnecko","floor":50,"turns":5}],"seed_played":"-4413383231092874750","potions_obtained":[{"floor":1.0,"key":"SpeedPotion"},{"floor":5.0,"key":"AttackPotion"},{"floor":10.0,"key":"Energy Potion"},{"floor":11.0,"key":"infinitespire:BlackPotion"},{"floor":28.0,"key":"AttackPotion"},{"floor":30.0,"key":"Energy Potion"},{"floor":41,"key":"FairyPotion"},{"floor":46,"key":"BlessingOfTheForge"}],"is_trial":true,"path_per_floor":["M","M","M","M","M","E","R","R","T","M","M","R","M","M","R","B",null,"M","M","M","AVR","M","R","R","R","T","$","E","R","M","M","R","B",null,"M","$","M","AVR","M","R","E","R","T","E","M","NM","?","?","R","B",null],"character_chosen":"MARISA","items_purchased":["Guide Book","MachineGunSpark+1","ManaConvection"],"campfire_rested":0,"item_purchase_floors":[27,36,36],"current_hp_per_floor":[75,75,75,75,75,58,58,58,58,58,58,58,58,62,62,57,75,75,75,68,68,74,74,74,74,74,75,75,75,75,75,75,46,75,73,75,75,75,75,75,75,75,75,75,68,31,66,66,66,48],"gold":552,"neow_bonus":"","is_daily":false,"chose_seed":false,"campfire_upgraded":12,"win_rate":0.0,"timestamp":1610434834,"path_taken":["M","M","M","M","M","E","R","R","T","M","M","R","M","M","R","BOSS","M","M","M","AVR","M","R","R","R","T","$","E","R","M","M","R","BOSS","M","$","M","AVR","M","R","E","R","T","E","M","NM","?","?","R","BOSS"],"items_purchased_type":["Relic","Card","Card"],"build_version":"2020-11-17","purchased_purges":1,"victory":true,"max_hp_per_floor":[75,75,75,75,75,75,75,75,75,75,75,75,75,75,75,75,75,75,75,75,75,75,75,75,75,75,75,75,75,75,75,75,75,75,75,75,75,75,75,75,75,75,75,75,75,75,66,66,66,66],"card_choices":[{"not_picked":["GasGiant","ChargeUpSpray"],"picked":"GalacticHalo","floor":0.0},{"not_picked":["DoubleSpark","BlazeAway"],"picked":"AsteroidBelt","floor":0.0},{"not_picked":["SprinkleStarSeal","ShootingEcho"],"picked":"6A","floor":0.0},{"not_picked":["Robbery","GalacticHalo"],"picked":"DC","floor":0.0},{"not_picked":["WitchLeyline","DarkSpark"],"picked":"SporeBomb","floor":0.0},{"not_picked":["WitchOfGreed","ShootingEcho"],"picked":"LuminesStrike","floor":0.0},{"not_picked":["MeteoricShower","DragonMeteor"],"picked":"BlazeAway","floor":0.0},{"not_picked":["SporeBomb","NonDirectionalLaser"],"picked":"Orbital","floor":0.0},{"not_picked":["MilkyWay","PulseMagic"],"picked":"ChargeUpSpray","floor":0.0},{"not_picked":["DragonMeteor","GravityBeat"],"picked":"MilkyWay","floor":0.0},{"not_picked":["GravityBeat","Acceleration"],"picked":"GalacticHalo","floor":0.0},{"not_picked":["OpenUniverse","DarkSpark"],"picked":"GravityBeat","floor":0.0},{"not_picked":["GrandCross","OpenUniverse"],"picked":"AsteroidBelt","floor":0.0},{"not_picked":["AsteroidBelt","EventHorizon"],"picked":"EarthLightRay","floor":0.0},{"not_picked":["OpenUniverse","WitchOfGreed"],"picked":"MachineGunSpark","floor":0.0},{"not_picked":["AsteroidBelt","GasGiant"],"picked":"UnstableBomb","floor":6.0},{"not_picked":["BigCrunch","SatelliteIllusion"],"picked":"BinaryStars","floor":16.0},{"not_picked":["IllusionStar","MagicAbsorber"],"picked":"EnergyFlow","floor":28.0},{"not_picked":["TreasureHunter","ManaRampage"],"picked":"UltimateShortwave","floor":33.0},{"not_picked":["JA","ChargeUpSpray"],"picked":"NonDirectionalLaser+1","floor":41},{"not_picked":["GalacticHalo+1","GasGiant"],"picked":"GrandCross+1","floor":44},{"not_picked":["PowerUp+1","GalacticHalo"],"picked":"SuperPerseids+1","floor":46},{"not_picked":["PowerUp","ManaConvection+1"],"picked":"EarthLightRay","floor":48}],"player_experience":21033,"relics_obtained":[{"floor":1.0,"key":"hubris:TenFootPole"},{"floor":2.0,"key":"Replay:Rubber Ducky"},{"floor":3.0,"key":"MealTicket"},{"floor":4.0,"key":"Replay:Mystery Machine"},{"floor":6.0,"key":"hubris:Metronome"},{"floor":9.0,"key":"Nunchaku"},{"floor":10.0,"key":"Smiling Mask"},{"floor":11.0,"key":"Blue Doll"},{"floor":13.0,"key":"Blue Candle"},{"floor":14.0,"key":"Mercury Hourglass"},{"floor":18.0,"key":"infinitespire:CursedDice"},{"floor":19.0,"key":"War Paint"},{"floor":20.0,"key":"Grinning Jar"},{"floor":22.0,"key":"Mirror"},{"floor":26.0,"key":"Potion Belt"},{"floor":28.0,"key":"infinitespire:ShieldingShard"},{"floor":30.0,"key":"infinitespire:Satchel"},{"floor":31.0,"key":"Replay:Wax Seal"},{"floor":35.0,"key":"Meat on the Bone"},{"floor":37.0,"key":"hubris:SlimyHat"},{"floor":39,"key":"Pen Nib"},{"floor":41,"key":"Gremlin Food"},{"floor":43,"key":"StoneCalendar"},{"floor":44,"key":"Ancient Tea Set"},{"floor":45,"key":"hubris:Reverence"},{"floor":46,"key":"hexamod:BolsterEngine"},{"floor":48,"key":"infinitespire:Golems Mask"}],"event_choices":[{"damage_healed":66,"gold_gain":0,"player_choice":"Heal","damage_taken":0,"max_hp_gain":0,"max_hp_loss":9,"event_name":"The Moai Head","floor":47,"gold_loss":0},{"damage_healed":0,"gold_gain":0,"player_choice":"Fight","damage_taken":0,"max_hp_gain":0,"max_hp_loss":0,"event_name":"Mysterious Sphere","floor":48,"gold_loss":0}],"is_beta":true,"boss_relics":[{"not_picked":["energizedSpire:StickyHand","energizedSpire:EnergizedDie"],"picked":"Replay:Bronze Core"},{"not_picked":["Replay:Fungal Core","Velvet Choker"],"picked":"ExperimentalFamiliar"}],"items_purged_floors":[27],"is_endless":false,"potions_floor_spawned":[1,5,10,11,13,28,30,33,41,44,46,48],"ascension_level":0}}