{"host":"gf95gjygaqy6b70i","time":1610466942,"event":{"mods":["BaseMod","Colored Map","Colored Powertips","Minty Spire (QoL Compilation)"],"gold_per_floor":[112,125,143,153,171,171,204,204,279,313,323,3,69,69,69,166,166,179,179,164,263,281,281,281,281],"floor_reached":24,"playtime":1051,"items_purged":[],"score":208,"play_id":"cabdafff-d7d3-4291-b74a-2df75d3d401e","local_time":"20210112165542","is_ascension_mode":false,"campfire_choices":[{"floor":6,"key":"REST"},{"floor":8,"key":"RECALL"},{"data":"Mayhem","floor":15,"key":"SMITH"},{"floor":23,"key":"REST"}],"circlet_count":0,"master_deck":["Strike_R","Strike_R","Strike_R","Strike_R","Strike_R","Defend_R","Defend_R","Defend_R","Defend_R","Bash","Mayhem+1","Armaments","Flame Barrier","Wild Strike","Headbutt","Shrug It Off","Intimidate","Sentinel","Inflame","Bludgeon","Carnage+1","Iron Wave","Clothesline+1"],"relics":["Burning Blood","Boot","The Courier","Calipers","ClockworkSouvenir","Meat on the Bone","Black Star","Enchiridion"],"acts_visited":["Exordium","TheCity"],"potions_floor_usage":[7,10,24],"damage_taken":[{"damage":1,"enemies":"Cultist","floor":1,"turns":4},{"damage":7,"enemies":"2 Louse","floor":2,"turns":3},{"damage":5,"enemies":"Small Slimes","floor":3,"turns":4},{"damage":9,"enemies":"2 Fungi Beasts","floor":4,"turns":4},{"damage":4,"enemies":"3 Louse","floor":5,"turns":4},{"damage":25,"enemies":"Gremlin Nob","floor":7,"turns":4},{"damage":27,"enemies":"3 Sentries","floor":10,"turns":8},{"damage":8,"enemies":"Exordium Wildlife","floor":11,"turns":4},{"damage":61,"enemies":"Slime Boss","floor":16,"turns":14},{"damage":36,"enemies":"Shell Parasite","floor":18,"turns":8},{"damage":30,"enemies":"2 Thieves","floor":20,"turns":4},{"damage":15,"enemies":"Cultist and Chosen","floor":22,"turns":6},{"damage":49,"enemies":"Gremlin Leader","floor":24,"turns":5}],"seed_played":"681486035878787873","potions_obtained":[{"floor":3,"key":"Regen Potion"},{"floor":5,"key":"AttackPotion"},{"floor":20,"key":"DuplicationPotion"}],"is_trial":false,"path_per_floor":["M","M","M","M","M","R","E","R","T","E","M","$","?","?","R","B",null,"M","?","M","?","M","R","E"],"character_chosen":"IRONCLAD","items_purchased":["ClockworkSouvenir","Meat on the Bone"],"campfire_rested":2,"item_purchase_floors":[12,12],"current_hp_per_floor":[61,60,61,58,60,80,61,61,61,55,53,53,53,79,79,36,80,50,34,22,22,25,49,0,0],"gold":281,"neow_bonus":"RANDOM_COLORLESS_2","is_daily":false,"chose_seed":false,"campfire_upgraded":1,"win_rate":0.0,"timestamp":1610466942,"path_taken":["M","?","?","M","M","R","E","R","T","E","M","$","?","?","R","BOSS","M","?","M","?","M","R","E"],"items_purchased_type":["Relic","Relic"],"build_version":"2020-12-22","purchased_purges":0,"victory":false,"max_hp_per_floor":[80,80,80,80,80,80,80,80,80,80,80,80,80,80,80,80,80,80,80,80,80,80,80,80,80],"card_choices":[{"not_picked":["Secret Weapon","Transmutation"],"picked":"Mayhem","floor":0},{"not_picked":["Sever Soul","Wild Strike"],"picked":"Armaments","floor":1},{"not_picked":["Inflame","Cleave"],"picked":"Flame Barrier","floor":2},{"not_picked":["Second Wind","Body Slam"],"picked":"Wild Strike","floor":3},{"not_picked":["Heavy Blade","Twin Strike"],"picked":"Headbutt","floor":4},{"not_picked":["True Grit","Juggernaut"],"picked":"Shrug It Off","floor":5},{"not_picked":["True Grit","Warcry"],"picked":"Intimidate","floor":7},{"not_picked":["Armaments","Hemokinesis"],"picked":"Sentinel","floor":10},{"not_picked":["Searing Blow","Whirlwind"],"picked":"Inflame","floor":11},{"not_picked":["Feed","Corruption"],"picked":"Bludgeon","floor":16},{"not_picked":["Perfected Strike","Dark Embrace+1"],"picked":"Carnage+1","floor":18},{"not_picked":["Flex","Cleave"],"picked":"Iron Wave","floor":20},{"not_picked":["Reckless Charge","Rupture"],"picked":"Clothesline+1","floor":22}],"player_experience":52942,"relics_obtained":[{"floor":7,"key":"Boot"},{"floor":9,"key":"The Courier"},{"floor":10,"key":"Calipers"},{"floor":19,"key":"Enchiridion"}],"event_choices":[{"damage_healed":0,"gold_gain":66,"player_choice":"Gained Gold","damage_taken":0,"max_hp_gain":0,"max_hp_loss":0,"event_name":"Golden Wing","floor":13,"gold_loss":0},{"damage_healed":26,"gold_gain":0,"player_choice":"Banana","damage_taken":0,"max_hp_gain":0,"max_hp_loss":0,"event_name":"Big Fish","floor":14,"gold_loss":0},{"damage_healed":0,"gold_gain":0,"player_choice":"Obtained Book","damage_taken":16,"max_hp_gain":0,"max_hp_loss":0,"event_name":"Cursed Tome","floor":19,"gold_loss":0},{"damage_healed":0,"gold_gain":99,"player_choice":"Stole From Cult","damage_taken":0,"max_hp_gain":0,"max_hp_loss":0,"event_name":"Nest","floor":21,"gold_loss":0}],"is_beta":false,"boss_relics":[{"not_picked":["Busted Crown","Coffee Dripper"],"picked":"Black Star"}],"items_purged_floors":[],"is_endless":false,"potions_floor_spawned":[3,4,5,20],"killed_by":"Gremlin Leader","ascension_level":0}}