{"host":"0vlubjftylzdr3ny","time":1610491143,"event":{"mods":["Always Whale","BaseMod","GifTheSpireLib","Minty Spire (QoL Compilation)","Relic Filter","StSLib","Stuff the Spire"],"gold_per_floor":[113,38,38,38,54,80,80,108,108,120,150,162,193,232,244,357,369,395,421,433,445,475,487,499,499],"floor_reached":24,"language":"ENG","playtime":903,"items_purged":["Strike_B"],"score":225,"play_id":"08a90daf-a29d-4e21-8e83-a1f2008bb830","local_time":"20210112233903","is_ascension_mode":true,"campfire_choices":[{"data":"Zap","floor":7,"key":"SMITH"},{"data":"Go for the Eyes","floor":10,"key":"SMITH"},{"data":"StuffTheSpire:Synthwave","floor":15,"key":"SMITH"},{"data":"Creative AI","floor":23,"key":"SMITH"}],"circlet_count":0,"master_deck":["Strike_B","Strike_B","Defend_B","Defend_B","Defend_B","Zap+1","Dualcast","Cold Snap","Coolheaded","Barrage","Tempest","Go for the Eyes+1","Storm","StuffTheSpire:Synthwave+1","Creative AI+1","StuffTheSpire:Ambrosia","BootSequence"],"relics":["Cracked Core","Juzu Bracelet","StuffTheSpire:SapphireSignet","Orichalcum","MawBank","StuffTheSpire:ForceGauntlet","Busted Crown"],"acts_visited":["Exordium","TheCity"],"potions_floor_usage":[19],"damage_taken":[{"damage":1,"enemies":"Cultist","floor":1,"turns":3},{"damage":0,"enemies":"Small Slimes","floor":5,"turns":3},{"damage":13,"enemies":"3 Sentries","floor":6,"turns":8},{"damage":17,"enemies":"Lagavulin","floor":8,"turns":5},{"damage":0,"enemies":"Jaw Worm","floor":11,"turns":2},{"damage":0,"enemies":"Looter","floor":13,"turns":2},{"damage":8,"enemies":"Gremlin Nob","floor":14,"turns":4},{"damage":20,"enemies":"The Guardian","floor":16,"turns":10},{"damage":2,"enemies":"Chosen","floor":18,"turns":4},{"damage":15,"enemies":"2 Thieves","floor":19,"turns":3},{"damage":5,"enemies":"Chosen and Byrds","floor":22,"turns":6},{"damage":60,"enemies":"Slavers","floor":24,"turns":4}],"seed_played":"-1980961619068135091","potions_obtained":[{"floor":5,"key":"Dexterity Potion"},{"floor":13,"key":"SneckoOil"},{"floor":14,"key":"FearPotion"},{"floor":16,"key":"LiquidMemories"}],"is_trial":false,"path_per_floor":["M","$","T","?","M","E","R","E","T","R","M","?","M","E","R","B",null,"M","M","?","?","M","R","E"],"character_chosen":"DEFECT","items_purchased":[],"campfire_rested":0,"item_purchase_floors":[],"current_hp_per_floor":[74,74,74,74,74,61,61,44,44,44,44,44,44,36,36,16,75,73,58,58,58,54,54,0,0],"gold":499,"neow_bonus":"RANDOM_COMMON_RELIC","is_daily":false,"chose_seed":false,"campfire_upgraded":4,"win_rate":0.0,"timestamp":1610491143,"path_taken":["M","$","?","?","M","E","R","E","T","R","M","?","M","E","R","BOSS","M","M","?","?","M","R","E"],"items_purchased_type":[],"build_version":"2020-12-22","purchased_purges":1,"victory":false,"max_hp_per_floor":[75,75,75,75,75,75,75,75,75,75,75,75,75,75,75,75,75,75,75,75,75,76,76,77,77],"card_choices":[{"not_picked":["Sweeping Beam","Redo"],"picked":"Cold Snap","floor":1},{"not_picked":["Hologram","StuffTheSpire:NuclearReactor"],"picked":"Barrage","floor":5},{"not_picked":["Biased Cognition","Static Discharge"],"picked":"Tempest","floor":6},{"not_picked":["Compile Driver","Consume"],"picked":"Go for the Eyes","floor":8},{"not_picked":["Lockon","Rebound","StuffTheSpire:Coldhearted"],"picked":"SKIP","floor":11},{"not_picked":["Leap","Tempest","Go for the Eyes"],"picked":"SKIP","floor":13},{"not_picked":["StuffTheSpire:ShieldGenerator","Meteor Strike"],"picked":"StuffTheSpire:Synthwave","floor":14},{"not_picked":["StuffTheSpire:LaunchingStrike","Reboot"],"picked":"Creative AI","floor":16},{"not_picked":["Conserve Battery"],"picked":"SKIP","floor":18},{"not_picked":["Darkness+1"],"picked":"SKIP","floor":19},{"not_picked":["StuffTheSpire:Perfection","StuffTheSpire:Rapture"],"picked":"StuffTheSpire:Ambrosia","floor":21},{"not_picked":[],"picked":"BootSequence","floor":22}],"player_experience":831482,"relics_obtained":[{"floor":3,"key":"Vajra"},{"floor":6,"key":"StuffTheSpire:SapphireSignet"},{"floor":8,"key":"Orichalcum"},{"floor":9,"key":"MawBank"},{"floor":14,"key":"StuffTheSpire:ForceGauntlet"}],"event_choices":[{"damage_healed":0,"gold_gain":0,"cards_transformed":["Strike_B"],"player_choice":"Change","damage_taken":0,"max_hp_gain":0,"max_hp_loss":0,"event_name":"Living Wall","floor":4,"gold_loss":0,"cards_obtained":["Coolheaded"]},{"damage_healed":0,"gold_gain":0,"cards_transformed":["Defend_B"],"player_choice":"Transformed","damage_taken":0,"max_hp_gain":0,"max_hp_loss":0,"event_name":"Transmorgrifier","floor":12,"gold_loss":0,"cards_obtained":["Storm"]},{"damage_healed":0,"gold_gain":0,"player_choice":"Ignored","damage_taken":0,"max_hp_gain":0,"max_hp_loss":0,"event_name":"Cursed Tome","floor":20,"gold_loss":0}],"is_beta":false,"boss_relics":[{"not_picked":["Runic Pyramid","Nuclear Battery"],"picked":"Busted Crown"}],"items_purged_floors":[2],"is_endless":false,"potions_floor_spawned":[5,13,14,16,18],"killed_by":"Slavers","ascension_level":1}}