{"host":"b0l902yh1rk3g5bq","time":1610429300,"event":{"mods":["AchievementEnabler","Act Like it!","Aspiration","BaseMod","Better Match","Better Sensory Stone","Better Skull","Better Third Choice","BetterRewards","Challenge The Spire","Colored Map","Colored Powertips","Conspire","Downfall","Energized Spire","GifTheSpireLib","Halation","Hubris","Infinite Spire","Minty Spire (QoL Compilation)","Quick Restart","Rare Cards Sparkle","Replay The Spire","StSLib","Stuff the Spire","Trackpad","Virulent Crown","Wandering Minibosses","egg","everything is the same but u backflip on backflip","vexMod"],"gold_per_floor":[109,109,109,109,128,171,204,247,272,308,258,291,326,362,362,493,493,518,443,162,162,162,201,232,232,232,272,272,272,312,353,353,478,478,523,523,586,639,639,714,800,895,918,1009,436,436,499,566,566,766],"floor_reached":51,"playtime":2042,"items_purged":["Streamline","Melter","Conserve Battery","Rip and Tear","Electrodynamics"],"score":1795,"play_id":"52976896-40e9-4f02-9557-9db96c6ac766","local_time":"20210112062820","daily_mods":["Draft","Heirloom","Flight","DeadlyEvents","Elite Swarm"],"is_ascension_mode":true,"campfire_choices":[{"data":"Machine Learning","floor":15.0,"key":"SMITH"},{"data":"infinitespire:Gouge","floor":25,"key":"SMITH"},{"data":"Echo Form","floor":28,"key":"SMITH"},{"data":"Buffer","floor":32,"key":"SMITH"},{"data":"Demon Form","floor":49,"key":"SMITH"}],"circlet_count":0,"master_deck":["Conserve Battery","ReplayGash","Cold Snap","Conserve Battery","Conserve Battery","FTL","Sweeping Beam","Streamline+1","Gash+1","Glacier","Core Surge+1","Buffer+1","Gash+1","Machine Learning+1","Reaper","CurseOfTheBell","Echo Form+1","Gash+1","infinitespire:Gouge+1","Echo Form+1","Scrape","Defragment","FIFO Queue","Demon Form+1","infinitespire:Fortify","infinitespire:NeuralNetwork","Reboot","Flash of Steel","Finesse"],"relics":["Cracked Core","vexMod:PlasmaPancake","Golden Idol","hubris:SphereOfDissonance","aspiration:HummingbirdHeart","trackpad:WritersBlock","hubris:DisguiseKit","hexamod:BolsterEngine","halation:OrihimeAndHikoboshiSamaAndTears","Prayer Wheel","StuffTheSpire:HeavyRock","Calling Bell","Dream Catcher","Replay:Bottled Eggs","Counterbalance","MutagenicStrength","vexMod:GhostlyGear","energizedSpire:OgreHead","infinitespire:ShieldingShard","hubris:SlimyHat","Letter Opener","vexMod:MemoryStick","StuffTheSpire:Wildfire","hubris:Zylophone","Prayer Wheel","Empty Cage","infinitespire:EvilPickle","StoneCalendar","trackpad:Compendium","halation:PromiseList","ReplayTheSpireMod:Lightbulb","Regal Pillow","Omamori","vexMod:RedPlottingStone","Replay:Baseball","halation:Sosunser","Blood Vial","conspire:TreasureMap","PreservedInsect","infinitespire:Lucky Rock","Whetstone"],"acts_visited":["Exordium","TheCity","TheBeyond"],"potions_floor_usage":[44,50,50],"damage_taken":[{"damage":0.0,"enemies":"2 Louse","floor":1.0,"turns":1.0},{"damage":4.0,"enemies":"Jaw Worm","floor":5.0,"turns":2.0},{"damage":0.0,"enemies":"3 Sentries","floor":6.0,"turns":5.0},{"damage":7.0,"enemies":"Lagavulin","floor":7.0,"turns":3.0},{"damage":0.0,"enemies":"Gremlin Nob","floor":8.0,"turns":2.0},{"damage":0.0,"enemies":"Lagavulin","floor":10.0,"turns":3.0},{"damage":0.0,"enemies":"Gremlin Nob","floor":12.0,"turns":3.0},{"damage":0.0,"enemies":"3 Sentries","floor":13.0,"turns":3.0},{"damage":7.0,"enemies":"Lagavulin","floor":14.0,"turns":5.0},{"damage":20.0,"enemies":"The Guardian","floor":16.0,"turns":6.0},{"damage":0,"enemies":"Chosen","floor":18,"turns":3},{"damage":0,"enemies":"conspire:Head Lice","floor":23,"turns":3},{"damage":0,"enemies":"Replay:Snechameleon","floor":24,"turns":3},{"damage":0,"enemies":"conspire:Head Lice","floor":27,"turns":5},{"damage":0,"enemies":"conspire:SneckoGhost","floor":30,"turns":3},{"damage":0,"enemies":"conspire:Head Lice","floor":31,"turns":4},{"damage":0,"enemies":"Pondfish","floor":33,"turns":6},{"damage":0,"enemies":"3 Darklings","floor":35,"turns":2},{"damage":0,"enemies":"Mind Bloom Boss Battle","floor":37,"turns":4},{"damage":0,"enemies":"Orb Walker","floor":38,"turns":2},{"damage":0,"enemies":"Reptomancer","floor":40,"turns":5},{"damage":0,"enemies":"R_Hoarder","floor":41,"turns":5},{"damage":1,"enemies":"Giant Head","floor":42,"turns":6},{"damage":0,"enemies":"Reptomancer","floor":44,"turns":6},{"damage":0,"enemies":"Nemesis","floor":47,"turns":7},{"damage":0,"enemies":"R_Hoarder","floor":48,"turns":4},{"damage":16,"enemies":"hubris:GrandSnecko","floor":50,"turns":8}],"seed_played":"-346977285851322646","potions_obtained":[{"floor":5.0,"key":"Block Potion"},{"floor":7.0,"key":"DistilledChaos"},{"floor":8.0,"key":"SpeedPotion"}],"is_trial":true,"path_per_floor":["M","?","?","$","M","E","E","E","T","E","$","E","E","E","R","B",null,"M","$","$","?","AVR","E","E","R","T","E","R","HB","E","E","R","B",null,"M","HB","?","M","?","E","E","E","T","E","$","AVR","E","E","R","B",null],"character_chosen":"DEFECT","items_purchased":["Gash","Echo Form","Gash","Replay:Baseball","halation:Sosunser","Blood Vial"],"campfire_rested":0,"item_purchase_floors":[11,20,20,45,45,45],"current_hp_per_floor":[81,81,61,61,57,57,50,50,50,50,50,50,50,43,43,23,81,81,81,81,81,81,81,81,81,81,81,81,41,41,41,41,41,41,41,21,21,21,6,6,6,5,5,15,15,15,17,19,19,25],"gold":766,"neow_bonus":"","is_daily":false,"chose_seed":false,"campfire_upgraded":5,"win_rate":0.0,"timestamp":1610429300,"path_taken":["M","?","?","?","M","E","E","E","T","E","$","E","E","E","R","BOSS","M","?","$","?","AVR","E","E","R","T","E","R","HB","E","E","R","BOSS","M","HB","?","?","?","E","E","E","T","E","$","AVR","E","E","R","BOSS"],"items_purchased_type":["Card","Card","Card","Relic","Relic","Relic"],"build_version":"2020-12-22","purchased_purges":5,"victory":true,"max_hp_per_floor":[81,81,81,81,81,81,81,81,81,81,81,81,81,81,81,81,81,81,81,81,81,81,81,81,81,81,81,81,41,41,41,41,41,41,41,21,21,21,21,21,21,21,21,21,21,21,21,21,21,31],"card_choices":[{"not_picked":["StuffTheSpire:Plugnplay","Double Energy"],"picked":"Melter","floor":0.0},{"not_picked":["Time Bomb","Tempest"],"picked":"Conserve Battery","floor":0.0},{"not_picked":["Barrage","Ball Lightning"],"picked":"ReplayGash","floor":0.0},{"not_picked":["Compile Driver","Steam Power"],"picked":"Conserve Battery","floor":0.0},{"not_picked":["Rebound","Beam Cell"],"picked":"Cold Snap","floor":0.0},{"not_picked":["Steam","Rebound"],"picked":"Rip and Tear","floor":0.0},{"not_picked":["Sweeping Beam","Force Field"],"picked":"Conserve Battery","floor":0.0},{"not_picked":["hubris:PowerSurge","StuffTheSpire:Coldhearted"],"picked":"Conserve Battery","floor":0.0},{"not_picked":["StuffTheSpire:SnapShoot","StuffTheSpire:GlassShard"],"picked":"Streamline","floor":0.0},{"not_picked":["StuffTheSpire:LoadUp","StuffTheSpire:Coldhearted"],"picked":"Rip and Tear","floor":0.0},{"not_picked":["Turbo","StuffTheSpire:LoadUp"],"picked":"FTL","floor":0.0},{"not_picked":["StuffTheSpire:SnapShoot","Redo"],"picked":"Sweeping Beam","floor":0.0},{"not_picked":["Time Bomb","Redo"],"picked":"Ball Lightning","floor":0.0},{"not_picked":["Aggregate","Lockon"],"picked":"Streamline","floor":0.0},{"not_picked":["Hologram","Beam Cell"],"picked":"Gash","floor":0.0},{"not_picked":["BasicCrystalCard","Go for the Eyes","Conserve Battery"],"picked":"SKIP","floor":1.0},{"not_picked":["Sweeping Beam","Beam Cell"],"picked":"Glacier","floor":5.0},{"not_picked":["All For One","Buffer"],"picked":"Core Surge","floor":6.0},{"not_picked":["hubris:Prefetch","Seek","StuffTheSpire:Purify"],"picked":"SKIP","floor":7.0},{"not_picked":["Meteor Strike","Reboot"],"picked":"Buffer","floor":8.0},{"not_picked":["Core Surge","Amplify","Mirror Shield"],"picked":"SKIP","floor":10.0},{"not_picked":["Amplify","hubris:DoWhile","StuffTheSpire:TitanForm"],"picked":"Machine Learning","floor":12.0},{"not_picked":["Creative AI","Biased Cognition","Thunder Strike","Impervious"],"picked":"SKIP","floor":13.0},{"not_picked":["Amplify","Seek","ReplayRNGCard","Bludgeon"],"picked":"SKIP","floor":14.0},{"not_picked":["Buffer","Amplify","StuffTheSpire:EventHorizon"],"picked":"Reaper","floor":16.0},{"not_picked":["Coolheaded","Beam Cell","StuffTheSpire:Coldhearted","Wild Strike"],"picked":"SKIP","floor":18},{"not_picked":["Sweeping Beam","Leap","Storm","Whirlwind"],"picked":"SKIP","floor":18},{"not_picked":["hubris:Prefetch","ReplayRNGCard","hubris:SpecializedCircuitry","Reaper"],"picked":"SKIP","floor":23},{"not_picked":["Amplify","hubris:DoWhile","ReplayRNGCard","StuffTheSpire:TitanForm"],"picked":"SKIP","floor":24},{"not_picked":["Seek","Fission","Biased Cognition","Hemogenesis"],"picked":"SKIP","floor":27},{"not_picked":["Core Surge","ReplayRNGCard","Demonic Infusion"],"picked":"Echo Form","floor":30},{"not_picked":["Thunder Strike","Core Surge","Fission","Exhume"],"picked":"SKIP","floor":31},{"not_picked":["Sweeping Beam+1","Barrage+1","Cleave"],"picked":"Scrape","floor":35},{"not_picked":["Capacitor+1","StuffTheSpire:CleanHardDrive+1","Rage"],"picked":"Defragment","floor":35},{"not_picked":["StuffTheSpire:Plugnplay","Auto Shields","Go for the Eyes","True Grit"],"picked":"SKIP","floor":35},{"not_picked":["Steam+1","StuffTheSpire:ShieldGenerator+1","Fiend Fire"],"picked":"FIFO Queue","floor":38},{"not_picked":["Darkness","Fusion","Conserve Battery+1","Sentinel"],"picked":"SKIP","floor":38},{"not_picked":["Steam","Barrage+1","Auto Shields+1","Entrench"],"picked":"SKIP","floor":38},{"not_picked":["Echo Form","All For One","Demonic Infusion"],"picked":"Electrodynamics","floor":40},{"not_picked":["All For One","ReplayTheSpireMod:Fabricate Wheel","Thunder Strike"],"picked":"Demon Form","floor":41},{"not_picked":["Mirror Shield","ReplayTheSpireMod:Omega Cannon","Electrodynamics","Demonic Infusion"],"picked":"SKIP","floor":42},{"not_picked":["Multi-Cast","ReplayTheSpireMod:Fabricate Wheel","Meteor Strike","Eclipse"],"picked":"SKIP","floor":44},{"not_picked":["Mirror Shield","Thunder Strike","All For One","Bludgeon"],"picked":"SKIP","floor":47},{"not_picked":["ReplayTheSpireMod:Fabricate Wheel","Seek","StuffTheSpire:TitanForm"],"picked":"Reboot","floor":48}],"player_experience":639881,"relics_obtained":[{"floor":6.0,"key":"hubris:SphereOfDissonance"},{"floor":8.0,"key":"aspiration:HummingbirdHeart"},{"floor":9.0,"key":"trackpad:WritersBlock"},{"floor":10.0,"key":"hubris:DisguiseKit"},{"floor":12.0,"key":"hexamod:BolsterEngine"},{"floor":13.0,"key":"halation:OrihimeAndHikoboshiSamaAndTears"},{"floor":14.0,"key":"StuffTheSpire:HeavyRock"},{"floor":17,"key":"Dream Catcher"},{"floor":17,"key":"Replay:Bottled Eggs"},{"floor":17,"key":"Counterbalance"},{"floor":23,"key":"infinitespire:ShieldingShard"},{"floor":24,"key":"hubris:SlimyHat"},{"floor":26,"key":"Letter Opener"},{"floor":27,"key":"vexMod:MemoryStick"},{"floor":30,"key":"StuffTheSpire:Wildfire"},{"floor":31,"key":"hubris:Zylophone"},{"floor":37,"key":"StoneCalendar"},{"floor":40,"key":"halation:PromiseList"},{"floor":41,"key":"ReplayTheSpireMod:Lightbulb"},{"floor":42,"key":"Regal Pillow"},{"floor":43,"key":"Omamori"},{"floor":44,"key":"vexMod:RedPlottingStone"},{"floor":47,"key":"PreservedInsect"},{"floor":48,"key":"infinitespire:Lucky Rock"}],"event_choices":[{"damage_healed":0.0,"max_hp_gain":0.0,"max_hp_loss":0.0,"gold_gain":0.0,"event_name":"conspire:Investor","player_choice":"Leave","floor":2.0,"gold_loss":0.0,"damage_taken":0.0},{"damage_healed":0.0,"max_hp_gain":0.0,"max_hp_loss":0.0,"gold_gain":0.0,"event_name":"Golden Idol","player_choice":"Take Damage","floor":3.0,"gold_loss":0.0,"damage_taken":20.0,"relics_obtained":["Golden Idol"]},{"damage_healed":0,"gold_gain":0,"player_choice":"Inject Mutagens","damage_taken":0,"relics_obtained":["MutagenicStrength"],"max_hp_gain":0,"max_hp_loss":0,"event_name":"Drug Dealer","floor":21,"gold_loss":0},{"damage_healed":0,"gold_gain":0,"player_choice":"Fight","damage_taken":0,"max_hp_gain":0,"max_hp_loss":0,"event_name":"MindBloom","floor":37,"gold_loss":0},{"damage_healed":0,"gold_gain":0,"player_choice":"RE UP ","damage_taken":19,"relics_obtained":["trackpad:Compendium"],"max_hp_gain":0,"max_hp_loss":0,"event_name":"betterSkull:BetterSkull","floor":39,"gold_loss":0,"cards_upgraded":["Echo Form"]}],"is_beta":false,"boss_relics":[{"not_picked":["hubris:Backtick","trackpad:Trackpad"],"picked":"Calling Bell"},{"not_picked":["energizedSpire:EnergizedDie","Snecko Heart"],"picked":"Empty Cage"}],"items_purged_floors":[19,20,22,45,46],"is_endless":false,"potions_floor_spawned":[5,7,8,10,13,14,18,24,30,33,35,37,42,44],"ascension_level":1}}