{"host":"qswkx8hggytna0kc","time":1610424686,"event":{"mods":["Aspiration","BaseMod","BetterRewards","Colored Map","Colored Powertips","Highlight Path","Hubris","Mimic Mod","Minty Spire (QoL Compilation)","MostiFishMod","Quick Restart","Replay The Spire","StSLib","SuperFastMode"],"gold_per_floor":[112,123,137,92,92,130,130,130,130,55,55,55,19,54,54,245,245,221,241,255,255,255,255],"floor_reached":22,"playtime":560,"items_purged":["Injury"],"score":380,"play_id":"3b56a47b-dcf7-4bf8-b217-13527a31a05b","local_time":"20210112121126","is_ascension_mode":true,"campfire_choices":[{"data":"Zap","floor":7.0,"key":"SMITH"}],"circlet_count":0,"master_deck":["AscendersBane","Strike_B","Strike_B","Strike_B","Strike_B","Defend_B","Defend_B","Defend_B","Defend_B","Zap+1","Dualcast+1","Glacier","Redo","Chill","Melter","Redo+1","Redo+1","MostiFishMod:Exploitation+1","Sunder","Rainbow+1","Aggregate+1","Genetic Algorithm+1","MostiFishMod:InterfaceCompatibility"],"relics":["FrozenCore","DaveBox","NeowsBlessing","SynthV","SynthV:TestCard","Golden Idol","Quantum Egg","Toxic Egg 2","Pondfish Scales","ImprovedEquipment","Du-Vu Doll","hubris:Icosahedron","Prayer Wheel"],"acts_visited":["Exordium","TheCity"],"potions_floor_usage":[22,22],"damage_taken":[{"damage":0.0,"enemies":"2 Louse","floor":1.0,"turns":1.0},{"damage":0.0,"enemies":"Jaw Worm","floor":2.0,"turns":1.0},{"damage":0.0,"enemies":"Small Slimes","floor":3.0,"turns":1.0},{"damage":0.0,"enemies":"Looter","floor":4.0,"turns":5.0},{"damage":8.0,"enemies":"Replay:BlueRogue","floor":6.0,"turns":8.0},{"damage":0.0,"enemies":"Lagavulin","floor":14.0,"turns":3.0},{"damage":36.0,"enemies":"The Guardian","floor":16.0,"turns":7.0},{"damage":6,"enemies":"2 Thieves","floor":18,"turns":5},{"damage":0,"enemies":"Chosen","floor":19,"turns":3},{"damage":34,"enemies":"Snecko","floor":20,"turns":4},{"damage":11,"enemies":"3 Cultists","floor":22,"turns":6}],"seed_played":"-2968965892647680432","potions_obtained":[{"floor":1.0,"key":"Elixir"},{"floor":14.0,"key":"Swift Potion"},{"floor":19,"key":"Adrenaline Potion"}],"is_trial":false,"path_per_floor":["M","M","M","M","?","E","R","?","T","$","?","T","$","E","R_BF","B",null,"M","M","M","?","M"],"character_chosen":"DEFECT","items_purchased":["Redo+1"],"campfire_rested":0,"item_purchase_floors":[13],"current_hp_per_floor":[64,64,64,64,64,56,56,56,56,56,56,56,56,56,56,20,53,47,47,13,9,0,0],"gold":255,"neow_bonus":"THREE_ENEMY_KILL","is_daily":false,"chose_seed":false,"campfire_upgraded":1,"win_rate":0.0,"timestamp":1610424686,"path_taken":["M","M","M","M","?","E","R","?","T","$","?","?","$","E","R_BF","BOSS","M","M","M","?","?"],"items_purchased_type":["Card"],"build_version":"2020-12-22","purchased_purges":1,"victory":false,"max_hp_per_floor":[71,71,71,71,64,64,64,64,64,64,64,64,64,64,64,64,64,64,64,64,64,64,64],"card_choices":[{"not_picked":["hubris:PowerSurge","Coolheaded"],"picked":"Glacier","floor":1.0},{"not_picked":["Hello World","ReplayTheSpireMod:GoodbyeWorld","Coolheaded","Stack"],"picked":"Redo","floor":2.0},{"not_picked":["Hologram","Go for the Eyes","Doom and Gloom","Gash"],"picked":"Chill","floor":3.0},{"not_picked":["Meteor Strike","MostiFishMod:PushDownKick","Steam","Redo"],"picked":"Melter","floor":4.0},{"not_picked":["Compile Driver","Ball Lightning","Skim","BasicCrystalCard","Sweeping Beam"],"picked":"SKIP","floor":6.0},{"not_picked":["Beam Cell","Darkness+1","Stack+1","Sweeping Beam"],"picked":"MostiFishMod:Exploitation+1","floor":14.0},{"not_picked":["Machine Learning","MostiFishMod:StarOceanB+1","Reboot+1","MostiFishMod:IceShield+1"],"picked":"ReplayTheSpireMod:Fabricate Wheel+1","floor":16.0},{"not_picked":["Loop","Rebound","Sweeping Beam","Panic Button+1"],"picked":"Sunder","floor":18},{"not_picked":["Compile Driver","Sweeping Beam","Barrage+1","Streamline"],"picked":"Aggregate+1","floor":19},{"not_picked":["Compile Driver","Ball Lightning","Beam Cell","Reprogram+1","Darkness+1"],"picked":"SKIP","floor":19},{"not_picked":["Go for the Eyes+1","Fusion+1","MostiFishMod:PushDownKick","Auto Shields+1"],"picked":"Genetic Algorithm+1","floor":20},{"not_picked":["Time Bomb+1","Self Repair","Panic Button+1","Capacitor"],"picked":"MostiFishMod:InterfaceCompatibility","floor":20}],"player_experience":272014,"relics_obtained":[{"floor":1.0,"key":"SynthV:TestCard"},{"floor":6.0,"key":"Quantum Egg"},{"floor":9.0,"key":"Pondfish Scales"},{"floor":12.0,"key":"ImprovedEquipment"},{"floor":14.0,"key":"Du-Vu Doll"}],"event_choices":[{"damage_healed":0.0,"max_hp_gain":0.0,"max_hp_loss":7.0,"gold_gain":0.0,"event_name":"Golden Idol","player_choice":"Lose Max HP","floor":5.0,"gold_loss":0.0,"damage_taken":0.0,"relics_obtained":["Golden Idol"]},{"damage_healed":0,"gold_gain":0,"player_choice":"Bought 0 Potions","damage_taken":0,"max_hp_gain":0,"max_hp_loss":0,"event_name":"The Woman in Blue","floor":21,"gold_loss":0}],"is_beta":false,"boss_relics":[{"not_picked":["Replay:Bronze Core","hubris:BlackHole"],"picked":"FrozenCore"}],"items_purged_floors":[10],"is_endless":false,"potions_floor_spawned":[1,14,19],"killed_by":"3 Cultists","ascension_level":15}}