{"host":"uy3vg6glkp8m6iit","time":1610420485,"event":{"mods":["AchievementEnabler","BaseMod","Colored Map","DeckTracker","Highlight Path","Keyboard Shortcuts","Minty Spire (QoL Compilation)","Quick Restart","Random Character Button","Rare Cards Sparkle","Relic Stats","StSLib","everything is the same but u backflip on backflip"],"gold_per_floor":[13,13,36,36,60,60,85,85,85,85,111,129,129,79,79,203,203,224,243,243,168,168,168,180,180,232,232,263,280,79,92,92,190,190,205,219,269,62,62,62,74,74,74,102,116,466,466,480,480,480,480,480,54,84,84],"floor_reached":56,"playtime":2015,"items_purged":["Bouncing Flask+1","Dagger Throw+1","Defend_G"],"score":1861,"play_id":"4ce81e56-30ca-473d-ac39-d6bd218046fe","local_time":"20210112120125","is_ascension_mode":true,"campfire_choices":[{"data":"Blade Dance","floor":6.0,"key":"SMITH"},{"data":"Neutralize","floor":8.0,"key":"SMITH"},{"data":"1","floor":13.0,"key":"LIFT"},{"data":"2","floor":15.0,"key":"LIFT"},{"data":"3","floor":23.0,"key":"LIFT"},{"data":"Adrenaline","floor":25.0,"key":"SMITH"},{"data":"Corpse Explosion","floor":27.0,"key":"SMITH"},{"data":"Accuracy","floor":32.0,"key":"SMITH"},{"data":"Tactician","floor":40.0,"key":"SMITH"},{"floor":42.0,"key":"RECALL"},{"data":"Acrobatics","floor":49.0,"key":"SMITH"},{"data":"Expertise","floor":52.0,"key":"SMITH"}],"circlet_count":0,"master_deck":["AscendersBane","Survivor+1","Neutralize+1","Glass Knife+1","Corpse Explosion+1","Blade Dance+1","Adrenaline+1","Backflip+1","Concentrate+1","Footwork","Backflip","Acrobatics+1","Accuracy+1","Blade Dance","Wraith Form v2","Tactician+1","Accuracy","Trip+1","Expertise+1","Backflip+1","Escape Plan"],"relics":["Ring of the Snake","Bloody Idol","Girya","Odd Mushroom","Astrolabe","Art of War","Molten Egg 2","Empty Cage","Gambling Chip","StoneCalendar","Old Coin","Lee\u0027s Waffle","War Paint","Pear"],"acts_visited":["Exordium","TheCity","TheBeyond","TheEnding"],"potions_floor_usage":[],"damage_taken":[{"damage":2.0,"enemies":"Jaw Worm","floor":1.0,"turns":4.0},{"damage":0.0,"enemies":"Cultist","floor":3.0,"turns":3.0},{"damage":0.0,"enemies":"2 Louse","floor":5.0,"turns":2.0},{"damage":0.0,"enemies":"2 Fungi Beasts","floor":7.0,"turns":3.0},{"damage":0.0,"enemies":"The Mushroom Lair","floor":11.0,"turns":2.0},{"damage":21.0,"enemies":"Large Slime","floor":12.0,"turns":4.0},{"damage":21.0,"enemies":"Hexaghost","floor":16.0,"turns":8.0},{"damage":0.0,"enemies":"2 Thieves","floor":18.0,"turns":2.0},{"damage":0.0,"enemies":"Chosen","floor":19.0,"turns":3.0},{"damage":0.0,"enemies":"Centurion and Healer","floor":24.0,"turns":4.0},{"damage":13.0,"enemies":"Book of Stabbing","floor":28.0,"turns":4.0},{"damage":0.0,"enemies":"Chosen and Byrds","floor":29.0,"turns":2.0},{"damage":0.0,"enemies":"Snake Plant","floor":31.0,"turns":2.0},{"damage":9.0,"enemies":"Collector","floor":33.0,"turns":8.0},{"damage":0.0,"enemies":"3 Shapes","floor":35.0,"turns":4.0},{"damage":0.0,"enemies":"3 Darklings","floor":36.0,"turns":1.0},{"damage":0.0,"enemies":"Mind Bloom Boss Battle","floor":37.0,"turns":4.0},{"damage":0.0,"enemies":"Jaw Worm Horde","floor":41.0,"turns":2.0},{"damage":0.0,"enemies":"Reptomancer","floor":44.0,"turns":2.0},{"damage":0.0,"enemies":"Transient","floor":45.0,"turns":5.0},{"damage":0.0,"enemies":"2 Orb Walkers","floor":46.0,"turns":1.0},{"damage":0.0,"enemies":"Spire Growth","floor":48.0,"turns":2.0},{"damage":42.0,"enemies":"Awakened One","floor":50.0,"turns":7.0},{"damage":0.0,"enemies":"Shield and Spear","floor":54.0,"turns":1.0},{"damage":54,"enemies":"The Heart","floor":55,"turns":7}],"seed_played":"6650450714539646939","potions_obtained":[{"floor":1.0,"key":"Weak Potion"},{"floor":12.0,"key":"SteroidPotion"},{"floor":16.0,"key":"Fire Potion"},{"floor":24.0,"key":"LiquidMemories"},{"floor":31.0,"key":"FairyPotion"},{"floor":44.0,"key":"Energy Potion"}],"is_trial":false,"path_per_floor":["M","?","M","?","M","R","M","R","T","?","?","M","R","?","R","B",null,"M","M","?","?","?","R","M","R","T","R","E","M","$","M","R","B",null,"M","M","?","$","?","R","M","R","T","E","M","?","?","M","R","B",null,"R","$","E","B",null],"character_chosen":"THE_SILENT","items_purchased":["Acrobatics","Accuracy","Tactician","Accuracy","Lee\u0027s Waffle","War Paint"],"campfire_rested":0,"item_purchase_floors":[30,30,38,38,53,53],"current_hp_per_floor":[61,61,61,61,61,61,61,61,61,61,61,40,40,40,40,19,54,54,54,54,54,54,54,59,59,64,64,56,61,61,65,65,61,64,65,65,65,65,55,55,60,60,60,65,65,65,65,65,65,23,55,55,72,82,28],"gold":84,"neow_bonus":"TRANSFORM_TWO_CARDS","is_daily":false,"chose_seed":false,"campfire_upgraded":8,"win_rate":0.0,"timestamp":1610420485,"path_taken":["M","?","M","?","M","R","?","R","T","?","?","M","R","?","R","BOSS","M","M","?","?","?","R","M","R","T","R","E","M","$","M","R","BOSS","M","M","?","$","?","R","M","R","T","E","M","?","?","M","R","BOSS","R","$","E","BOSS"],"items_purchased_type":["Card","Card","Card","Card","Relic","Relic"],"build_version":"2020-12-22","purchased_purges":3,"victory":true,"max_hp_per_floor":[70,65,65,65,65,65,65,65,65,65,65,65,65,65,65,65,65,65,65,65,65,65,65,65,65,65,65,65,65,65,65,65,65,65,65,65,65,65,65,65,65,65,65,65,65,65,65,65,65,65,65,65,72,82,82],"relic_stats":{"Lee\u0027s Waffle":17,"counters":[25,87],"Bloody Idol":40,"Astrolabe":["Dagger Throw","Bouncing Flask","Backflip"],"Gambling Chip":[25],"StoneCalendar":[0],"Art of War":[5],"War Paint":["Survivor","Trip"],"obtain_stats":[{"Girya":9,"Lee\u0027s Waffle":53,"Pear":54,"Golden Idol":2,"Astrolabe":17,"StoneCalendar":44,"Odd Mushroom":11,"War Paint":53,"Empty Cage":34,"Old Coin":46,"Bloody Idol":20,"Gambling Chip":37,"Molten Egg 2":28,"Art of War":26,"Ring of the Snake":0},{"Girya":4,"Lee\u0027s Waffle":23,"Pear":24,"Golden Idol":1,"Astrolabe":7,"StoneCalendar":19,"Odd Mushroom":5,"War Paint":23,"Empty Cage":14,"Old Coin":21,"Bloody Idol":9,"Gambling Chip":17,"Molten Egg 2":11,"Art of War":10,"Ring of the Snake":0},{"Girya":12,"Lee\u0027s Waffle":79,"Pear":80,"Golden Idol":4,"Astrolabe":26,"StoneCalendar":64,"Odd Mushroom":14,"War Paint":79,"Empty Cage":51,"Old Coin":70,"Bloody Idol":31,"Gambling Chip":60,"Molten Egg 2":39,"Art of War":35,"Ring of the Snake":0}],"Ring of the Snake":[50]},"card_choices":[{"not_picked":["Setup","Outmaneuver"],"picked":"Blade Dance","floor":1.0},{"not_picked":["Bane","Sucker Punch","Concentrate"],"picked":"SKIP","floor":3.0},{"not_picked":["Noxious Fumes","Slice","Masterful Stab"],"picked":"SKIP","floor":5.0},{"not_picked":["All Out Attack","Flechettes","Dagger Throw"],"picked":"SKIP","floor":7.0},{"not_picked":["Deflect","Prepared","Finisher"],"picked":"SKIP","floor":12.0},{"not_picked":["Bullet Time","Night Terror"],"picked":"Adrenaline","floor":16.0},{"not_picked":["Underhanded Strike+1","Finisher"],"picked":"Concentrate+1","floor":18.0},{"not_picked":["Dagger Spray","Setup","Deflect"],"picked":"SKIP","floor":19.0},{"not_picked":["Choke","Quick Slash","Poisoned Stab"],"picked":"SKIP","floor":24.0},{"not_picked":["Dagger Throw+1","Adrenaline"],"picked":"Footwork","floor":28.0},{"not_picked":["Flying Knee+1","Dodge and Roll"],"picked":"Backflip","floor":29.0},{"not_picked":["Blur","Deadly Poison+1"],"picked":"Blade Dance","floor":31.0},{"not_picked":["Grand Finale+1","Malaise"],"picked":"Wraith Form v2","floor":33.0},{"not_picked":["Blade Dance","Deadly Poison+1","Bane+1"],"picked":"SKIP","floor":35.0},{"not_picked":["Noxious Fumes+1","Distraction+1","Blade Dance"],"picked":"SKIP","floor":36.0},{"not_picked":["Chrysalis","Secret Weapon"],"picked":"Trip","floor":39.0},{"not_picked":["Flying Knee+1","Noxious Fumes","Quick Slash+1"],"picked":"SKIP","floor":41.0},{"not_picked":["Flying Knee+1","Noxious Fumes","Quick Slash+1"],"picked":"SKIP","floor":41.0},{"not_picked":["Dodge and Roll","Concentrate","Poisoned Stab+1"],"picked":"SKIP","floor":44.0},{"not_picked":["Prepared","Deflect","Expertise"],"picked":"SKIP","floor":45.0},{"not_picked":["Prepared","Deflect"],"picked":"Expertise","floor":45.0},{"not_picked":["Underhanded Strike+1","Sucker Punch+1"],"picked":"Backflip+1","floor":48.0},{"not_picked":["Setup","Predator+1"],"picked":"Escape Plan","floor":54.0}],"player_experience":1471028,"relics_obtained":[{"floor":9.0,"key":"Girya"},{"floor":11.0,"key":"Odd Mushroom"},{"floor":26.0,"key":"Art of War"},{"floor":28.0,"key":"Molten Egg 2"},{"floor":37.0,"key":"Gambling Chip"},{"floor":44.0,"key":"StoneCalendar"},{"floor":46.0,"key":"Old Coin"},{"floor":54.0,"key":"Pear"}],"event_choices":[{"damage_healed":0.0,"max_hp_gain":0.0,"max_hp_loss":5.0,"gold_gain":0.0,"event_name":"Golden Idol","player_choice":"Lose Max HP","floor":2.0,"gold_loss":0.0,"damage_taken":0.0,"relics_obtained":["Golden Idol"]},{"damage_healed":0.0,"max_hp_gain":0.0,"max_hp_loss":0.0,"gold_gain":0.0,"event_name":"Upgrade Shrine","player_choice":"Upgraded","floor":4.0,"gold_loss":0.0,"damage_taken":0.0,"cards_upgraded":["Glass Knife"]},{"damage_healed":0.0,"max_hp_gain":0.0,"max_hp_loss":0.0,"gold_gain":0.0,"event_name":"Liars Game","player_choice":"Ignored","floor":10.0,"gold_loss":0.0,"damage_taken":0.0},{"damage_healed":0.0,"max_hp_gain":0.0,"max_hp_loss":0.0,"gold_gain":0.0,"event_name":"Mushrooms","player_choice":"Fought Mushrooms","floor":11.0,"gold_loss":0.0,"damage_taken":0.0},{"cards_removed":["Strike_G"],"damage_healed":0.0,"max_hp_gain":0.0,"max_hp_loss":0.0,"gold_gain":0.0,"event_name":"The Cleric","player_choice":"Card Removal","floor":14.0,"gold_loss":50.0,"damage_taken":0.0},{"damage_healed":0.0,"max_hp_gain":0.0,"max_hp_loss":0.0,"gold_gain":0.0,"event_name":"Forgotten Altar","player_choice":"Gave Idol","floor":20.0,"relics_lost":["Golden Idol"],"gold_loss":0.0,"damage_taken":0.0,"relics_obtained":["Bloody Idol"]},{"cards_removed":["Defend_G"],"damage_healed":0.0,"max_hp_gain":0.0,"max_hp_loss":0.0,"gold_gain":0.0,"event_name":"Beggar","player_choice":"Gave Gold","floor":21.0,"gold_loss":75.0,"damage_taken":0.0},{"damage_healed":0.0,"max_hp_gain":0.0,"max_hp_loss":0.0,"gold_gain":0.0,"event_name":"Cursed Tome","player_choice":"Ignored","floor":22.0,"gold_loss":0.0,"damage_taken":0.0},{"damage_healed":0.0,"max_hp_gain":0.0,"max_hp_loss":0.0,"gold_gain":0.0,"event_name":"MindBloom","player_choice":"Fight","floor":37.0,"gold_loss":0.0,"damage_taken":0.0},{"damage_healed":0.0,"max_hp_gain":0.0,"max_hp_loss":0.0,"gold_gain":0.0,"event_name":"SensoryStone","player_choice":"Memory 3","floor":39.0,"gold_loss":0.0,"damage_taken":10.0},{"damage_healed":0.0,"max_hp_gain":0.0,"max_hp_loss":0.0,"gold_gain":0.0,"event_name":"Mysterious Sphere","player_choice":"Fight","floor":46.0,"gold_loss":0.0,"damage_taken":0.0},{"damage_healed":0.0,"max_hp_gain":0.0,"max_hp_loss":0.0,"gold_gain":0.0,"event_name":"Tomb of Lord Red Mask","player_choice":"Ignored","floor":47.0,"gold_loss":0.0,"damage_taken":0.0}],"is_beta":false,"boss_relics":[{"not_picked":["Cursed Key","Runic Pyramid"],"picked":"Astrolabe"},{"not_picked":["Fusion Hammer","Busted Crown"],"picked":"Empty Cage"}],"items_purged_floors":[30,38,53],"is_endless":false,"potions_floor_spawned":[1,12,16,18,24,28,31,33,37,41,44],"ascension_level":12}}