{"host":"ekha54jsiuuqgn65","time":1610446011,"event":{"mods":["BaseMod","Colored Map","Conspire","Minty Spire (QoL Compilation)","Replay The Spire","StSLib","The Marked","[IsaacMod]ÒÔÈö¼âËþ"],"gold_per_floor":[118,193,193,204,224,254,271,271,271,271,271,284,335,345,345,447,447,460,460,472,108,125,151,170,224,293,325,325,225,302,402,402,521,521,539,576,106,122,122,154,154,184,255,278,326,352,6,26,26,26,26,26,2,28,28],"floor_reached":56,"playtime":2756,"items_purged":["Defend_R"],"score":1362,"play_id":"e541ff9f-983c-4c6f-bc1c-38345d5ed2bf","local_time":"20210112180651","is_ascension_mode":false,"campfire_choices":[{"data":"DoctorFetus","floor":8,"key":"SMITH"},{"floor":15,"key":"RECALL"},{"floor":28,"key":"REST"},{"floor":32,"key":"REST"},{"floor":41,"key":"REST"},{"data":"Demon Form","floor":49,"key":"SMITH"},{"data":"Eclipse","floor":52,"key":"SMITH"}],"circlet_count":0,"master_deck":["Strike_R+1","Strike_R+1","Strike_R+1","Strike_R+1","Defend_R","Defend_R","Defend_R+1","Bash","DoctorFetus+1","Wild Strike","Immolate+1","Thunderclap","Wild Strike","Infernal Blade","Bludgeon","Shrug It Off+1","Armaments","HandOfGreed+1","EpicFetus","Bandage Up","Heavy Blade","ReplayTheSpireMod:Stacked","Run Through+1","ReplayTheSpireMod:Stacked","Reaper+1","conspire:SpireCoStock","conspire:SpireCoStock","Seeing Red+1","Heavy Blade+1","Limit Break","Dual Wield+1","Twin Strike+1","ReplayTheSpireMod:LeadingStrike+1","Dropkick","Transmutation","Eclipse+1","Spot Weakness","Spot Weakness+1","Shrug It Off","Bloodletting+1","Demon Form+1","Flex+1","Feel No Pain+1","Battle Trance+1"],"relics":["Burning Blood","HushsDoor","Leech","NeowsBlessing","Lizard Tail","Pantograph","MagicMushroom","Gremlin Horn","ReplayTheSpireMod:ShopPack","Vajra","Replay:Mystery Machine","PillsDrop","Blue Doll","Boot","Replay:Ancient Bell","Bag of Marbles","Paper Frog","GuppysHairball","GuppysTail","SteamSale","Strawberry","Replay:Bottled Eggs","AnarchistCookbook","UnicornStump","Counterbalance","Darkstone Periapt","Guide Book","conspire:Dentures","Toy Ornithopter","Oddly Smooth Stone"],"acts_visited":["Exordium","TheCity","TheBeyond","TheEnding"],"potions_floor_usage":[12,12,30,40,50,50],"damage_taken":[{"damage":0,"enemies":"Small Slimes","floor":1,"turns":1},{"damage":0,"enemies":"2 Louse","floor":4,"turns":1},{"damage":0,"enemies":"Jaw Worm","floor":5,"turns":1},{"damage":29,"enemies":"Gremlin Nob","floor":6,"turns":4},{"damage":16,"enemies":"Exordium Wildlife","floor":7,"turns":4},{"damage":0,"enemies":"Large Slime","floor":12,"turns":3},{"damage":10,"enemies":"3 Louse","floor":14,"turns":2},{"damage":60,"enemies":"The Guardian","floor":16,"turns":8},{"damage":0,"enemies":"Chosen","floor":18,"turns":3},{"damage":3,"enemies":"Shell Parasite","floor":20,"turns":3},{"damage":0,"enemies":"Snecko","floor":22,"turns":2},{"damage":33,"enemies":"Slavers","floor":23,"turns":3},{"damage":16,"enemies":"Centurion and Healer","floor":24,"turns":4},{"damage":22,"enemies":"Book of Stabbing","floor":25,"turns":5},{"damage":30,"enemies":"Slavers","floor":27,"turns":3},{"damage":34,"enemies":"Book of Stabbing","floor":30,"turns":5},{"damage":56,"enemies":"conspire:MysteriousRune","floor":33,"turns":10},{"damage":0,"enemies":"Orb Walker","floor":35,"turns":2},{"damage":26,"enemies":"3 Shapes","floor":36,"turns":3},{"damage":29,"enemies":"Transient","floor":38,"turns":5},{"damage":35,"enemies":"Reptomancer","floor":40,"turns":4},{"damage":15,"enemies":"Jaw Worm Horde","floor":42,"turns":3},{"damage":3,"enemies":"Maw","floor":44,"turns":5},{"damage":3,"enemies":"2 Orb Walkers","floor":45,"turns":2},{"damage":21,"enemies":"R_Hoarder","floor":46,"turns":5},{"damage":0,"enemies":"Sphere and 2 Shapes","floor":48,"turns":1},{"damage":176,"enemies":"conspire:OrnateMirror","floor":50,"turns":9},{"damage":57,"enemies":"Shield and Spear","floor":54,"turns":5},{"damage":66,"enemies":"The Heart","floor":55,"turns":6}],"seed_played":"-5988216231075845133","potions_obtained":[{"floor":1,"key":"Strength Potion"},{"floor":7,"key":"BlessingOfTheForge"},{"floor":14,"key":"Adrenaline Potion"},{"floor":16,"key":"Swift Potion"},{"floor":23,"key":"Adrenaline Potion"},{"floor":24,"key":"BloodPotion"},{"floor":30,"key":"DuplicationPotion"},{"floor":40,"key":"BlessingOfTheForge"},{"floor":44,"key":"Fire Potion"},{"floor":46,"key":"Swift Potion"}],"is_trial":false,"path_per_floor":["M","?","?","M","M","E","M","R","T","?","?","M","?","M","R","B",null,"M","?","M","$","M","E","M","E","T","E","R","?","E","?","R","B",null,"M","M","$","M","?","E","R","M","T","M","?","E","$","M","R","B",null,"R","$","E","B",null],"character_chosen":"IRONCLAD","items_purchased":["Gremlin Horn","ReplayTheSpireMod:ShopPack","GuppysHairball","GuppysTail","SteamSale","Strawberry","Replay:Bottled Eggs","ReplayTheSpireMod:LeadingStrike+1","FairyPotion","Guide Book","conspire:Dentures","Toy Ornithopter","Demon Form","Feel No Pain+1"],"campfire_rested":3,"item_purchase_floors":[21,21,34,34,37,37,37,37,37,47,47,47,47,53],"current_hp_per_floor":[80,69,69,75,80,59,52,52,52,36,24,33,33,30,30,7,87,87,87,87,87,87,61,60,49,49,29,55,55,42,42,68,31,67,70,51,58,52,52,46,69,64,64,76,80,73,73,75,75,8,75,75,75,31,15],"gold":28,"neow_bonus":"THREE_ENEMY_KILL","is_daily":false,"chose_seed":false,"campfire_upgraded":3,"win_rate":0.0,"timestamp":1610446011,"path_taken":["M","?","?","M","M","E","M","R","T","?","?","M","?","M","R","BOSS","M","?","M","?","?","E","M","E","T","E","R","?","E","?","R","BOSS","M","M","$","M","?","E","R","M","T","?","?","E","$","?","R","BOSS","R","$","E","BOSS"],"items_purchased_type":["Relic","Relic","Relic","Relic","Relic","Relic","Relic","Card","Potion","Relic","Relic","Relic","Card","Card"],"build_version":"2020-12-22","purchased_purges":1,"victory":true,"max_hp_per_floor":[80,80,80,80,80,80,80,80,80,80,80,80,80,80,80,80,87,87,87,87,87,87,87,87,87,87,87,87,87,87,87,87,87,67,70,70,77,77,77,77,77,77,77,80,80,75,75,75,75,75,75,75,75,75,75],"card_choices":[{"not_picked":[],"picked":"DoctorFetus","floor":0},{"not_picked":["Shrug It Off","True Grit"],"picked":"Wild Strike","floor":1},{"not_picked":["Life Link","Fire Breathing","Entrench"],"picked":"SKIP","floor":4},{"not_picked":["Pommel Strike","Shrug It Off"],"picked":"Bomb","floor":5},{"not_picked":["Iron Wave","Anger","Blood for Blood"],"picked":"SKIP","floor":6},{"not_picked":["Bloodletting","Clothesline"],"picked":"Thunderclap","floor":7},{"not_picked":["Replay:Undeath\u0027s Touch","True Grit"],"picked":"Wild Strike","floor":12},{"not_picked":["Uppercut","ReplayTheSpireMod:Strike From Hell"],"picked":"Infernal Blade","floor":14},{"not_picked":["Brutality","Juggernaut"],"picked":"Bludgeon","floor":16},{"not_picked":["Uppercut","Reckless Charge"],"picked":"Shrug It Off+1","floor":18},{"not_picked":["True Grit","ReplayTheSpireMod:Strike From Hell"],"picked":"Armaments","floor":20},{"not_picked":["Violence","Midas Touch"],"picked":"HandOfGreed","floor":21},{"not_picked":["Jack Of All Trades","Finesse"],"picked":"EpicFetus","floor":21},{"not_picked":["Violence","ReplayTheSpireMod:Trickstab"],"picked":"Bandage Up","floor":21},{"not_picked":["Shockwave","Dark Embrace"],"picked":"Heavy Blade","floor":22},{"not_picked":["Combust","Body Slam"],"picked":"ReplayTheSpireMod:Stacked","floor":23},{"not_picked":["Headbutt","Combust+1"],"picked":"Run Through+1","floor":24},{"not_picked":["Warcry","Pummel"],"picked":"ReplayTheSpireMod:Stacked","floor":25},{"not_picked":["Perfected Strike","Shockwave"],"picked":"Reaper","floor":27},{"not_picked":["ReplayTheSpireMod:LeadingStrike","Run Through"],"picked":"Seeing Red+1","floor":30},{"not_picked":["Replay:Undeath\u0027s Touch+1","Battle Trance"],"picked":"Heavy Blade+1","floor":31},{"not_picked":["conspire:Purge","Demon Form"],"picked":"Limit Break","floor":33},{"not_picked":["Pummel+1","Whirlwind"],"picked":"Dual Wield+1","floor":35},{"not_picked":["Pummel","Battle Trance+1"],"picked":"Twin Strike+1","floor":36},{"not_picked":["Clash","Twin Strike"],"picked":"Dropkick","floor":38},{"not_picked":["Survey Options","Crow Ritual"],"picked":"Transmutation","floor":39},{"not_picked":["Run Through+1","Reckless Charge"],"picked":"Eclipse","floor":40},{"not_picked":["True Grit+1","Carnage"],"picked":"Spot Weakness","floor":42},{"not_picked":["Flex","Anger"],"picked":"Spot Weakness+1","floor":44},{"not_picked":["Feel No Pain","Anger+1"],"picked":"Shrug It Off","floor":45},{"not_picked":["Abandon","Replay:Undeath\u0027s Touch"],"picked":"Bloodletting+1","floor":46},{"not_picked":["Rampage","Warcry"],"picked":"Flex+1","floor":48},{"not_picked":["Perfected Strike","Warcry"],"picked":"Battle Trance+1","floor":54}],"player_experience":10637,"relics_obtained":[{"floor":6,"key":"Lizard Tail"},{"floor":23,"key":"Vajra"},{"floor":25,"key":"Replay:Mystery Machine"},{"floor":26,"key":"PillsDrop"},{"floor":27,"key":"Blue Doll"},{"floor":30,"key":"Boot"},{"floor":40,"key":"AnarchistCookbook"},{"floor":43,"key":"UnicornStump"},{"floor":45,"key":"Counterbalance"},{"floor":46,"key":"Darkstone Periapt"},{"floor":54,"key":"Oddly Smooth Stone"}],"event_choices":[{"damage_healed":0,"gold_gain":75,"player_choice":"Gather Gold","damage_taken":11,"max_hp_gain":0,"max_hp_loss":0,"event_name":"World of Goop","floor":2,"gold_loss":0},{"damage_healed":0,"gold_gain":0,"player_choice":"Entered Light","damage_taken":16,"max_hp_gain":0,"max_hp_loss":0,"event_name":"Shining Light","floor":10,"gold_loss":0,"cards_upgraded":["Strike_R","Defend_R"]},{"damage_healed":0,"gold_gain":0,"player_choice":"Success","damage_taken":12,"relics_obtained":["Pantograph"],"max_hp_gain":0,"max_hp_loss":0,"event_name":"Scrap Ooze","floor":11,"gold_loss":0},{"damage_healed":0,"gold_gain":51,"player_choice":"Gained Gold","damage_taken":0,"max_hp_gain":0,"max_hp_loss":0,"event_name":"Golden Wing","floor":13,"gold_loss":0},{"damage_healed":0,"gold_gain":0,"player_choice":"Ignored","damage_taken":0,"max_hp_gain":0,"max_hp_loss":0,"event_name":"Vampires","floor":19,"gold_loss":0},{"damage_healed":0,"gold_gain":0,"player_choice":"Invest 2","damage_taken":0,"max_hp_gain":0,"max_hp_loss":0,"event_name":"conspire:Investor","floor":29,"gold_loss":0},{"damage_healed":0,"gold_gain":0,"player_choice":"Memory 1","damage_taken":0,"max_hp_gain":0,"max_hp_loss":0,"event_name":"SensoryStone","floor":39,"gold_loss":0},{"damage_healed":0,"gold_gain":0,"player_choice":"Fight","damage_taken":0,"max_hp_gain":0,"max_hp_loss":0,"event_name":"Mysterious Sphere","floor":45,"gold_loss":0}],"is_beta":false,"boss_relics":[{"not_picked":["Tiny House","conspire:RunicOctahedron"],"picked":"MagicMushroom"},{"not_picked":[]},{"not_picked":["Velvet Choker","Coffee Dripper"],"picked":"Replay:Ancient Bell"},{"not_picked":["TheBean","BookOfRevelations"],"picked":"Bag of Marbles"},{"not_picked":["TheBible","Chameleon Ring"],"picked":"Paper Frog"},{"not_picked":[]}],"items_purged_floors":[37],"is_endless":false,"potions_floor_spawned":[1,7,14,16,23,24,30,33,40,44,46],"ascension_level":0}}