{"host":"sc0o2qwpf9j16a4i","time":1610457368,"event":{"mods":["AchievementEnabler","BaseMod","BetterRewards","Block Reminder","Colored Map","Colored Powertips","Custom Start","Highlight Path","Minty Spire (QoL Compilation)","Relic Stats"],"gold_per_floor":[111,128,128,128,145,178,178,188,188,188,198,232,282,294,294,294,294],"floor_reached":16,"playtime":432,"items_purged":[],"score":224,"play_id":"ad197c98-70a4-4bba-bfc0-8f835f5c0675","local_time":"20210112151608","is_ascension_mode":true,"campfire_choices":[{"floor":7,"key":"REST"},{"floor":10,"key":"REST"},{"data":"Carnage","floor":15,"key":"SMITH"}],"circlet_count":0,"master_deck":["AscendersBane","Bash+1","Exhume","Barricade","Burning Pact","Seeing Red","Immolate+1","Dual Wield","Rage","Twin Strike","Headbutt","Clothesline","Sentinel","Pummel","Carnage+1"],"relics":["Pandora\u0027s Box","Red Skull","Paper Frog","Letter Opener"],"acts_visited":["Exordium"],"potions_floor_usage":[6,8,16],"damage_taken":[{"damage":10,"enemies":"Small Slimes","floor":1,"turns":3},{"damage":6,"enemies":"Cultist","floor":2,"turns":3},{"damage":11,"enemies":"Jaw Worm","floor":5,"turns":3},{"damage":19,"enemies":"Lagavulin","floor":6,"turns":7},{"damage":15,"enemies":"Gremlin Gang","floor":8,"turns":3},{"damage":11,"enemies":"Large Slime","floor":11,"turns":5},{"damage":20,"enemies":"3 Sentries","floor":12,"turns":3},{"damage":2,"enemies":"3 Louse","floor":14,"turns":2},{"damage":33,"enemies":"Hexaghost","floor":16,"turns":7}],"seed_played":"-7914797803807788223","potions_obtained":[{"floor":2,"key":"Regen Potion"},{"floor":6,"key":"DuplicationPotion"},{"floor":12,"key":"Swift Potion"},{"floor":14,"key":"Ancient Potion"}],"is_trial":false,"path_per_floor":["M","M","?","?","M","E","R","M","T","R","M","E","?","M","R","B"],"character_chosen":"IRONCLAD","items_purchased":[],"campfire_rested":2,"item_purchase_floors":[],"current_hp_per_floor":[58,52,52,52,41,37,59,44,44,66,55,35,35,33,33,0,0],"gold":294,"neow_bonus":"BOSS_RELIC","is_daily":false,"chose_seed":false,"campfire_upgraded":1,"win_rate":0.0,"timestamp":1610457368,"path_taken":["M","M","?","?","?","E","R","M","T","R","M","E","?","M","R","BOSS"],"items_purchased_type":[],"build_version":"2020-12-22","purchased_purges":0,"victory":false,"max_hp_per_floor":[75,75,75,75,75,75,75,75,75,75,75,75,75,75,75,75,75],"relic_stats":{"counters":[9,36],"Pandora\u0027s Box":["Exhume","Barricade","Burning Pact","Seeing Red","Immolate","Dual Wield","Rage","Twin Strike","Headbutt"],"Letter Opener":[20],"obtain_stats":[{"Pandora\u0027s Box":0,"Letter Opener":12,"Burning Blood":0,"Red Skull":6,"Paper Frog":9},{"Pandora\u0027s Box":0,"Letter Opener":7,"Burning Blood":0,"Red Skull":4,"Paper Frog":5},{"Pandora\u0027s Box":0,"Letter Opener":27,"Burning Blood":0,"Red Skull":16,"Paper Frog":19}]},"card_choices":[{"not_picked":["Wild Strike","Anger"],"picked":"Clothesline","floor":1},{"not_picked":["Havoc","Sword Boomerang","Headbutt"],"picked":"SKIP","floor":2},{"not_picked":["Heavy Blade","Searing Blow"],"picked":"Sentinel","floor":5},{"not_picked":["Dark Embrace","Dual Wield","Sword Boomerang"],"picked":"SKIP","floor":6},{"not_picked":["Seeing Red","Sentinel"],"picked":"Pummel","floor":8},{"not_picked":["True Grit","Pummel"],"picked":"Carnage","floor":11},{"not_picked":["Intimidate","Anger","Berserk"],"picked":"SKIP","floor":12},{"not_picked":["Seeing Red","Sword Boomerang","Wild Strike"],"picked":"SKIP","floor":14}],"player_experience":596433,"relics_obtained":[{"floor":6,"key":"Red Skull"},{"floor":9,"key":"Paper Frog"},{"floor":12,"key":"Letter Opener"}],"event_choices":[{"damage_healed":0,"gold_gain":0,"player_choice":"Grow","damage_taken":0,"max_hp_gain":0,"max_hp_loss":0,"event_name":"Living Wall","floor":3,"gold_loss":0,"cards_upgraded":["Bash"]},{"damage_healed":0,"gold_gain":0,"player_choice":"Upgraded","damage_taken":0,"max_hp_gain":0,"max_hp_loss":0,"event_name":"Upgrade Shrine","floor":4,"gold_loss":0,"cards_upgraded":["Immolate"]},{"damage_healed":0,"gold_gain":50,"player_choice":"Pray","damage_taken":0,"max_hp_gain":0,"max_hp_loss":0,"event_name":"Golden Shrine","floor":13,"gold_loss":0}],"is_beta":false,"boss_relics":[],"items_purged_floors":[],"is_endless":false,"potions_floor_spawned":[2,6,12,14],"killed_by":"Hexaghost","ascension_level":20}}