{"host":"o7j6aatxjwpw1421","time":1610457869,"event":{"mods":["2.2 Compatiblity","AchievementEnabler","BaseMod","Colored Map","DeckTracker","Highlight Path","Keyboard Shortcuts","Minty Spire (QoL Compilation)","Permanent Neow","Quick Restart","StSLib","SuperFastMode","everything is the same but u backflip on backflip"],"gold_per_floor":[157,157,194,231,295,220,220,251,331,368,368,368,368,378,378,455,455,472,512,523,565,565,565,598,598,598],"floor_reached":25,"playtime":1261,"items_purged":["Strike_R"],"score":439,"play_id":"7dd6d62a-fa7f-458b-b93d-6468ed15881b","local_time":"20210112222429","is_ascension_mode":true,"campfire_choices":[{"data":"HandOfGreed","floor":7.0,"key":"SMITH"},{"floor":12.0,"key":"REST"},{"data":"Evolve","floor":15.0,"key":"SMITH"},{"data":"Body Slam","floor":23.0,"key":"SMITH"}],"circlet_count":0,"master_deck":["AscendersBane","Strike_R","Strike_R","Strike_R","Strike_R","Defend_R","Defend_R","Defend_R","Defend_R","Bash","HandOfGreed+1","Shrug It Off","Evolve+1","Armaments","Second Wind+1","Battle Trance","Entrench+1","Wild Strike","Offering+1","Second Wind+1","Sentinel+1","Body Slam+1","Intimidate+1"],"relics":["Black Blood","CultistMask","Dead Branch","Toxic Egg 2","Pen Nib"],"acts_visited":["Exordium","TheCity"],"potions_floor_usage":[],"damage_taken":[{"damage":18.0,"enemies":"Small Slimes","floor":1.0,"turns":6.0},{"damage":0.0,"enemies":"Cultist","floor":3.0,"turns":3.0},{"damage":0.0,"enemies":"Jaw Worm","floor":4.0,"turns":3.0},{"damage":11.0,"enemies":"2 Fungi Beasts","floor":5.0,"turns":3.0},{"damage":27.0,"enemies":"Lagavulin","floor":8.0,"turns":6.0},{"damage":33.0,"enemies":"Gremlin Gang","floor":10.0,"turns":4.0},{"damage":6.0,"enemies":"Large Slime","floor":14.0,"turns":8.0},{"damage":33.0,"enemies":"Slime Boss","floor":16.0,"turns":6.0},{"damage":6.0,"enemies":"3 Byrds","floor":18.0,"turns":5.0},{"damage":6.0,"enemies":"Chosen","floor":19.0,"turns":3.0},{"damage":30.0,"enemies":"Snake Plant","floor":20.0,"turns":4.0},{"damage":30.0,"enemies":"Shelled Parasite and Fungi","floor":21.0,"turns":6.0},{"damage":66.0,"enemies":"Book of Stabbing","floor":24.0,"turns":6.0},{"damage":0,"enemies":"Cultist and Chosen","floor":25,"turns":3}],"seed_played":"5580725496300848076","potions_obtained":[{"floor":4.0,"key":"GamblersBrew"},{"floor":5.0,"key":"SneckoOil"},{"floor":16.0,"key":"EntropicBrew"},{"floor":20.0,"key":"DistilledChaos"},{"floor":21.0,"key":"Strength Potion"}],"is_trial":false,"path_per_floor":["M","?","M","M","M","$","R","E","T","M","?","R","?","M","R","B",null,"M","M","M","M","?","R","E","M"],"character_chosen":"IRONCLAD","items_purchased":[],"campfire_rested":1,"item_purchase_floors":[],"current_hp_per_floor":[56,56,62,68,63,63,63,42,42,15,15,35,35,35,35,8,53,59,65,47,29,68,68,14,14,14],"gold":598,"neow_bonus":"RANDOM_COLORLESS_2","is_daily":false,"chose_seed":false,"campfire_upgraded":3,"win_rate":0.0,"timestamp":1610457869,"path_taken":["M","?","?","M","M","$","R","E","T","M","?","R","?","M","R","BOSS","M","M","M","?","?","R","E","M"],"items_purchased_type":[],"build_version":"2020-12-22","purchased_purges":1,"victory":false,"max_hp_per_floor":[68,68,68,68,68,68,68,68,68,68,68,68,68,68,68,68,68,68,68,68,68,68,68,68,68,68],"card_choices":[{"not_picked":["Thinking Ahead","Master of Strategy"],"picked":"HandOfGreed","floor":0.0},{"not_picked":["Perfected Strike","True Grit"],"picked":"Shrug It Off","floor":1.0},{"not_picked":["Intimidate","Iron Wave"],"picked":"Evolve","floor":3.0},{"not_picked":["Clothesline","Sword Boomerang"],"picked":"Armaments","floor":4.0},{"not_picked":["Uppercut","Clothesline"],"picked":"Second Wind","floor":5.0},{"not_picked":["Warcry","Seeing Red"],"picked":"Battle Trance","floor":8.0},{"not_picked":["Heavy Blade","Pommel Strike"],"picked":"Entrench+1","floor":10.0},{"not_picked":["Perfected Strike","Cleave"],"picked":"Wild Strike","floor":14.0},{"not_picked":["Berserk","Brutality"],"picked":"Offering+1","floor":16.0},{"not_picked":["Havoc+1","Armaments+1","Infernal Blade+1"],"picked":"SKIP","floor":18.0},{"not_picked":["Infernal Blade+1","Headbutt"],"picked":"Second Wind+1","floor":19.0},{"not_picked":["Evolve","Blood for Blood"],"picked":"Sentinel+1","floor":20.0},{"not_picked":["Entrench+1","Searing Blow"],"picked":"Body Slam","floor":21.0},{"not_picked":["Carnage","Hemokinesis"],"picked":"Intimidate+1","floor":24.0}],"player_experience":497364,"relics_obtained":[{"floor":8.0,"key":"Dead Branch"},{"floor":9.0,"key":"Toxic Egg 2"},{"floor":24.0,"key":"Pen Nib"}],"event_choices":[{"damage_healed":0.0,"max_hp_gain":0.0,"max_hp_loss":0.0,"gold_gain":0.0,"event_name":"FaceTrader","player_choice":"Trade","floor":2.0,"gold_loss":0.0,"damage_taken":0.0,"relics_obtained":["CultistMask"]},{"damage_healed":0.0,"max_hp_gain":0.0,"max_hp_loss":0.0,"gold_gain":0.0,"event_name":"Liars Game","player_choice":"Ignored","floor":11.0,"gold_loss":0.0,"damage_taken":0.0},{"damage_healed":0.0,"max_hp_gain":0.0,"max_hp_loss":0.0,"gold_gain":0.0,"event_name":"Upgrade Shrine","player_choice":"Upgraded","floor":13.0,"gold_loss":0.0,"damage_taken":0.0,"cards_upgraded":["Second Wind"]},{"damage_healed":39.0,"max_hp_gain":0.0,"max_hp_loss":0.0,"gold_gain":0.0,"event_name":"Wheel of Change","player_choice":"Full Heal","floor":22.0,"gold_loss":0.0,"damage_taken":0.0}],"is_beta":false,"boss_relics":[{"not_picked":["Philosopher\u0027s Stone","Empty Cage"],"picked":"Black Blood"}],"items_purged_floors":[6],"is_endless":false,"potions_floor_spawned":[4,5,16,20,21],"killed_by":"Cultist and Chosen","ascension_level":19}}