{"host":"5icjlaq41ghjcr7h","time":1610452525,"event":{"mods":["AchievementEnabler","BaseMod","Colored Map","Minty Spire (QoL Compilation)","SuperFastMode","everything is the same but u backflip on backflip"],"gold_per_floor":[115,115,290,59,359,359,397,397,420,439,464,497,497,316,316,316,316],"floor_reached":16,"playtime":404,"items_purged":["Doubt","Strike_B"],"score":144,"play_id":"ec060634-0331-49ff-b48d-d829210e2889","local_time":"20210112205525","is_ascension_mode":true,"campfire_choices":[{"data":"Storm","floor":6,"key":"SMITH"},{"floor":8,"key":"RECALL"},{"data":"Creative AI","floor":13,"key":"SMITH"},{"floor":15,"key":"REST"}],"circlet_count":0,"master_deck":["Strike_B","Strike_B","Strike_B","Defend_B","Defend_B","Defend_B","Defend_B","Zap","Dualcast","Self Repair","Storm+1","Turbo","Chaos","Genetic Algorithm","Steam","Coolheaded","Creative AI+1","Static Discharge","Steam"],"relics":["Cracked Core","NeowsBlessing","Golden Idol","Old Coin","Darkstone Periapt","Singing Bowl"],"acts_visited":["Exordium"],"potions_floor_usage":[12,16],"damage_taken":[{"damage":0,"enemies":"Small Slimes","floor":1,"turns":1},{"damage":0,"enemies":"Gremlin Nob","floor":7,"turns":1},{"damage":0,"enemies":"Jaw Worm","floor":10,"turns":1},{"damage":13,"enemies":"2 Louse","floor":11,"turns":3},{"damage":44,"enemies":"3 Sentries","floor":12,"turns":8},{"damage":53,"enemies":"Slime Boss","floor":16,"turns":5}],"seed_played":"-5246111804263502175","potions_obtained":[{"floor":10,"key":"PotionOfCapacity"},{"floor":12,"key":"Regen Potion"}],"is_trial":false,"path_per_floor":["M","?","?","$","?","R","E","R","T","M","M","E","R","$","R","B"],"character_chosen":"DEFECT","items_purchased":["Storm","Turbo","Chaos","Static Discharge","Steam"],"campfire_rested":1,"item_purchase_floors":[4,4,4,14,14],"current_hp_per_floor":[75,57,57,57,54,54,54,54,54,54,48,11,11,11,33,0,0],"gold":316,"neow_bonus":"THREE_ENEMY_KILL","is_daily":false,"chose_seed":false,"campfire_upgraded":2,"win_rate":0.0,"timestamp":1610452525,"path_taken":["M","?","?","$","?","R","E","R","T","M","M","E","R","?","R","BOSS"],"items_purchased_type":["Card","Card","Card","Card","Card"],"build_version":"2020-12-22","purchased_purges":2,"victory":false,"max_hp_per_floor":[75,75,75,75,75,75,75,75,75,75,75,75,75,75,75,75,75],"card_choices":[{"not_picked":["Streamline","Go for the Eyes"],"picked":"Self Repair","floor":1},{"not_picked":["Cold Snap","Rebound"],"picked":"Genetic Algorithm","floor":7},{"not_picked":["Streamline","Redo"],"picked":"Steam","floor":10},{"not_picked":["Cold Snap","Hologram"],"picked":"Coolheaded","floor":11},{"not_picked":["Streamline","Recycle"],"picked":"Creative AI","floor":12}],"player_experience":122542,"relics_obtained":[{"floor":7,"key":"Darkstone Periapt"},{"floor":12,"key":"Singing Bowl"}],"event_choices":[{"damage_healed":0,"gold_gain":0,"player_choice":"Take Damage","damage_taken":18,"relics_obtained":["Golden Idol"],"max_hp_gain":0,"max_hp_loss":0,"event_name":"Golden Idol","floor":2,"gold_loss":0},{"damage_healed":0,"gold_gain":175,"player_choice":"AGREE","damage_taken":0,"max_hp_gain":0,"max_hp_loss":0,"event_name":"Liars Game","floor":3,"gold_loss":0,"cards_obtained":["Doubt"]},{"damage_healed":0,"gold_gain":0,"player_choice":"Success","damage_taken":3,"relics_obtained":["Old Coin"],"max_hp_gain":0,"max_hp_loss":0,"event_name":"Scrap Ooze","floor":5,"gold_loss":0}],"is_beta":false,"boss_relics":[],"items_purged_floors":[4,14],"is_endless":false,"potions_floor_spawned":[10,12],"killed_by":"Slime Boss","ascension_level":2}}