{"host":"25beq07qjecnigqh","time":1610445043,"event":{"mods":["BaseMod","Minty Spire (QoL Compilation)"],"gold_per_floor":[219,219,234,251,156,182,196,264,264,275,275,310,321,321,321,416,416,434,453,473,235,246,280,280,314,314,330,355,355,270,288,288,392,442,455,466,58,110,127,162,162,185,185,215,67,83,83,110,110,110],"floor_reached":51,"playtime":3707,"items_purged":[],"score":832,"play_id":"2e95a4ef-5da9-4752-8f9c-87a302625a6e","local_time":"20210112175043","is_ascension_mode":false,"campfire_choices":[{"data":"Armaments","floor":11,"key":"SMITH"},{"data":"Dual Wield","floor":15,"key":"SMITH"},{"floor":24,"key":"REST"},{"data":"Corruption","floor":29,"key":"SMITH"},{"data":"1","floor":32,"key":"LIFT"},{"data":"2","floor":41,"key":"LIFT"},{"data":"3","floor":49,"key":"LIFT"}],"circlet_count":0,"master_deck":["Strike_R","Strike_R","Strike_R","Strike_R","Strike_R","Defend_R","Defend_R","Defend_R","Defend_R","Bash","Flex","Clash","Armaments+1","Dual Wield+1","Uppercut+1","Infernal Blade","Shrug It Off+1","Corruption+1","Cleave+1","Clash+1","Shockwave+1","Ghostly Armor","Clash+1","Warcry","Flex","Flex","Perfected Strike+1"],"relics":["Burning Blood","Bag of Marbles","Molten Egg 2","Magic Flower","InkBottle","Busted Crown","Ornamental Fan","PreservedInsect","Lizard Tail","White Beast Statue","Girya","Self Forming Clay","Tiny House","Pen Nib","Shuriken","Peace Pipe","Pantograph","Lantern","Question Card","Torii","Medical Kit","Letter Opener"],"acts_visited":["Exordium","TheCity","TheBeyond"],"potions_floor_usage":[6,6,23,25,25,33,33,33,44,50],"damage_taken":[{"damage":5,"enemies":"2 Louse","floor":1,"turns":4},{"damage":7,"enemies":"Cultist","floor":3,"turns":6},{"damage":5,"enemies":"Jaw Worm","floor":4,"turns":4},{"damage":1,"enemies":"Gremlin Nob","floor":6,"turns":3},{"damage":7,"enemies":"Gremlin Gang","floor":7,"turns":6},{"damage":0,"enemies":"Large Slime","floor":10,"turns":5},{"damage":26,"enemies":"Lagavulin","floor":12,"turns":5},{"damage":7,"enemies":"Exordium Thugs","floor":13,"turns":4},{"damage":25,"enemies":"The Guardian","floor":16,"turns":9},{"damage":14,"enemies":"Spheric Guardian","floor":18,"turns":4},{"damage":0,"enemies":"2 Thieves","floor":19,"turns":3},{"damage":26,"enemies":"Chosen and Byrds","floor":20,"turns":5},{"damage":27,"enemies":"Centurion and Healer","floor":22,"turns":6},{"damage":9,"enemies":"Book of Stabbing","floor":23,"turns":5},{"damage":7,"enemies":"Gremlin Leader","floor":25,"turns":3},{"damage":24,"enemies":"Shelled Parasite and Fungi","floor":27,"turns":4},{"damage":8,"enemies":"Slavers","floor":28,"turns":5},{"damage":2,"enemies":"Cultist and Chosen","floor":31,"turns":3},{"damage":34,"enemies":"Collector","floor":33,"turns":6},{"damage":20,"enemies":"3 Darklings","floor":35,"turns":4},{"damage":17,"enemies":"3 Shapes","floor":36,"turns":4},{"damage":29,"enemies":"2 Orb Walkers","floor":38,"turns":4},{"damage":16,"enemies":"Spire Growth","floor":39,"turns":4},{"damage":13,"enemies":"Giant Head","floor":40,"turns":6},{"damage":0,"enemies":"Nemesis","floor":44,"turns":5},{"damage":0,"enemies":"Maw","floor":46,"turns":5},{"damage":2,"enemies":"Giant Head","floor":48,"turns":4},{"damage":92,"enemies":"Time Eater","floor":50,"turns":11}],"seed_played":"-7522758351012436053","potions_obtained":[{"floor":3,"key":"ElixirPotion"},{"floor":4,"key":"Weak Potion"},{"floor":10,"key":"ElixirPotion"},{"floor":16,"key":"Energy Potion"},{"floor":22,"key":"Weak Potion"},{"floor":23,"key":"Fire Potion"},{"floor":25,"key":"GamblersBrew"},{"floor":27,"key":"LiquidMemories"},{"floor":28,"key":"Dexterity Potion"},{"floor":31,"key":"Explosive Potion"},{"floor":33,"key":"LiquidBronze"},{"floor":34,"key":"BloodPotion"},{"floor":35,"key":"LiquidMemories"},{"floor":36,"key":"LiquidBronze"},{"floor":38,"key":"FairyPotion"},{"floor":39,"key":"SpeedPotion"},{"floor":46,"key":"SmokeBomb"}],"is_trial":false,"path_per_floor":["M","?","M","M","$","E","M","?","T","M","R","E","M","T","R","B",null,"M","M","M","$","M","E","R","E","T","M","E","R","?","M","R","B",null,"M","M","$","?","M","E","R","T","T","E","$","M","?","E","R","B",null],"character_chosen":"IRONCLAD","items_purchased":["Armaments","Fire Potion","Ornamental Fan","Pen Nib","Shuriken","Medical Kit"],"campfire_rested":1,"item_purchase_floors":[5,5,21,37,37,45],"current_hp_per_floor":[80,80,79,80,80,80,79,79,79,80,80,60,62,62,62,46,80,75,80,63,63,45,45,69,71,71,56,57,57,57,64,64,39,85,74,66,66,46,39,35,35,35,35,44,44,53,53,60,60,28],"gold":110,"neow_bonus":"HUNDRED_GOLD","is_daily":false,"chose_seed":false,"campfire_upgraded":3,"win_rate":0.0,"timestamp":1610445043,"path_taken":["M","?","M","?","?","E","M","?","T","M","R","E","M","?","R","BOSS","M","?","M","$","M","E","R","E","T","M","E","R","?","M","R","BOSS","M","M","$","?","M","E","R","?","T","E","$","M","?","E","R","BOSS"],"items_purchased_type":["Card","Potion","Relic","Relic","Relic","Relic"],"build_version":"2020-12-22","purchased_purges":0,"victory":true,"max_hp_per_floor":[80,80,80,80,80,80,80,80,80,80,80,80,80,80,80,80,80,80,80,80,80,80,80,80,80,80,80,80,80,80,80,80,80,85,85,85,85,85,85,85,85,85,85,85,85,85,85,85,85,85],"card_choices":[{"not_picked":["Iron Wave","Cleave"],"picked":"Armaments","floor":1},{"not_picked":["Iron Wave","Metallicize"],"picked":"Flex","floor":3},{"not_picked":["Anger","Shrug It Off"],"picked":"Clash","floor":4},{"not_picked":["Berserk","Warcry"],"picked":"Dual Wield","floor":6},{"not_picked":["Warcry","Thunderclap"],"picked":"Uppercut","floor":7},{"not_picked":["Bloodletting","Flame Barrier"],"picked":"Infernal Blade","floor":10},{"not_picked":["Dark Embrace","Anger+1"],"picked":"Shrug It Off","floor":12},{"not_picked":["Flex","Iron Wave+1","Pommel Strike+1"],"picked":"SKIP","floor":13},{"not_picked":["Berserk","Juggernaut"],"picked":"Corruption","floor":16},{"not_picked":["Rampage+1"],"picked":"SKIP","floor":18},{"not_picked":[],"picked":"Cleave+1","floor":19},{"not_picked":["Hemokinesis+1"],"picked":"SKIP","floor":20},{"not_picked":["Armaments+1"],"picked":"SKIP","floor":22},{"not_picked":[],"picked":"Clash+1","floor":23},{"not_picked":[],"picked":"Shockwave+1","floor":25},{"not_picked":[],"picked":"Ghostly Armor","floor":27},{"not_picked":[],"picked":"Clash+1","floor":28},{"not_picked":["Armaments"],"picked":"SKIP","floor":31},{"not_picked":[],"picked":"Warcry","floor":34},{"not_picked":["Clothesline+1"],"picked":"SKIP","floor":35},{"not_picked":[],"picked":"Flex","floor":36},{"not_picked":["Rupture"],"picked":"SKIP","floor":39},{"not_picked":["Reckless Charge+1"],"picked":"SKIP","floor":40},{"not_picked":["Anger+1"],"picked":"Flex","floor":44},{"not_picked":["Body Slam+1","Fiend Fire+1"],"picked":"SKIP","floor":46},{"not_picked":["Shockwave"],"picked":"Perfected Strike+1","floor":48}],"player_experience":27489,"relics_obtained":[{"floor":6,"key":"Bag of Marbles"},{"floor":9,"key":"Molten Egg 2"},{"floor":12,"key":"Magic Flower"},{"floor":14,"key":"InkBottle"},{"floor":23,"key":"PreservedInsect"},{"floor":25,"key":"Lizard Tail"},{"floor":26,"key":"White Beast Statue"},{"floor":28,"key":"Girya"},{"floor":38,"key":"Peace Pipe"},{"floor":40,"key":"Pantograph"},{"floor":42,"key":"Lantern"},{"floor":43,"key":"Question Card"},{"floor":44,"key":"Torii"},{"floor":48,"key":"Letter Opener"}],"event_choices":[{"cards_removed":["Armaments"],"damage_healed":5,"gold_gain":0,"player_choice":"Offered Common","damage_taken":0,"max_hp_gain":0,"max_hp_loss":0,"event_name":"Bonfire Elementals","floor":2,"gold_loss":0},{"cards_removed":["Armaments"],"damage_healed":5,"gold_gain":0,"player_choice":"Offered Special","damage_taken":0,"max_hp_gain":0,"max_hp_loss":0,"event_name":"Bonfire Elementals","floor":2,"gold_loss":0},{"damage_healed":0,"gold_gain":68,"player_choice":"Gained Gold","damage_taken":0,"max_hp_gain":0,"max_hp_loss":0,"event_name":"Golden Wing","floor":8,"gold_loss":0},{"damage_healed":0,"gold_gain":0,"player_choice":"Obtained Relic","damage_taken":0,"relics_obtained":["Self Forming Clay"],"max_hp_gain":0,"max_hp_loss":0,"event_name":"Addict","floor":30,"gold_loss":85},{"damage_healed":0,"gold_gain":0,"player_choice":"Fight","damage_taken":0,"max_hp_gain":0,"max_hp_loss":0,"event_name":"Mysterious Sphere","floor":38,"gold_loss":0},{"damage_healed":0,"gold_gain":0,"player_choice":"Upgraded","damage_taken":0,"max_hp_gain":0,"max_hp_loss":0,"event_name":"Upgrade Shrine","floor":47,"gold_loss":0,"cards_upgraded":["Uppercut"]}],"is_beta":false,"boss_relics":[{"not_picked":["Runic Cube","Mark of Pain"],"picked":"Busted Crown"},{"not_picked":["Empty Cage","Snecko Eye"],"picked":"Tiny House"}],"items_purged_floors":[],"is_endless":false,"potions_floor_spawned":[3,4,10,16,22,23,25,27,28,31,33,35,36,38,39,40,44,46,48],"ascension_level":0}}