{"host":"dwppbb1tkuy5qbmv","time":1610425837,"event":{"mods":["AchievementEnabler","BaseMod","Better Third Choice","BetterRewards","Minty Spire (QoL Compilation)","Shop Mod","StSLib","UnlockEverythingMod"],"gold_per_floor":[119,129,142,155,166,199,213,213,213],"floor_reached":8,"playtime":691,"items_purged":[],"score":112,"play_id":"c52a07fe-99af-4183-b940-fa72a858fe6f","local_time":"20210112123037","daily_mods":["SealedDeck","Specialized","Vintage","Heirloom","Time Dilation","Flight","Elite Swarm","Binary"],"is_ascension_mode":false,"campfire_choices":[],"circlet_count":0,"master_deck":["Fusion","Fusion","Fusion","Fusion","Fusion","Coolheaded","Loop","Storm","Turbo","Go for the Eyes","Beam Cell","Gash","Gash","Beam Cell","Go for the Eyes"],"relics":["Unceasing Top","Busted Crown","Peace Pipe","Bronze Scales","TungstenRod","Bag of Preparation","Bag of Marbles","Cables","Du-Vu Doll","Toxic Egg 2"],"acts_visited":["Exordium"],"potions_floor_usage":[],"damage_taken":[{"damage":0,"enemies":"Small Slimes","floor":1,"turns":2},{"damage":0,"enemies":"Cultist","floor":2,"turns":3},{"damage":10,"enemies":"Jaw Worm","floor":3,"turns":3},{"damage":12,"enemies":"Exordium Wildlife","floor":4,"turns":3},{"damage":8,"enemies":"Red Slaver","floor":5,"turns":2},{"damage":12,"enemies":"Lagavulin","floor":6,"turns":4},{"damage":6,"enemies":"Exordium Thugs","floor":7,"turns":2},{"damage":28,"enemies":"Gremlin Nob","floor":8,"turns":3}],"seed_played":"218829718185487634","potions_obtained":[{"floor":1,"key":"PowerPotion"},{"floor":4,"key":"EntropicBrew"},{"floor":5,"key":"DistilledChaos"}],"is_trial":true,"path_per_floor":["M","M","M","M","M","E","M","E"],"character_chosen":"DEFECT","items_purchased":[],"campfire_rested":0,"item_purchase_floors":[],"current_hp_per_floor":[75,75,65,53,45,33,27,0,0],"gold":213,"neow_bonus":"","is_daily":false,"chose_seed":false,"campfire_upgraded":0,"win_rate":0.0,"timestamp":1610425837,"path_taken":["M","M","M","M","M","E","M","E"],"items_purchased_type":[],"build_version":"2020-12-22","purchased_purges":0,"victory":false,"max_hp_per_floor":[75,75,75,75,75,75,75,75,75],"card_choices":[],"player_experience":119581,"relics_obtained":[{"floor":1,"key":"Bronze Scales"},{"floor":2,"key":"TungstenRod"},{"floor":3,"key":"Bag of Preparation"},{"floor":4,"key":"Bag of Marbles"},{"floor":5,"key":"Cables"},{"floor":6,"key":"Du-Vu Doll"},{"floor":7,"key":"Toxic Egg 2"}],"event_choices":[],"is_beta":false,"boss_relics":[],"items_purged_floors":[],"is_endless":false,"potions_floor_spawned":[1,4,5],"killed_by":"Gremlin Nob","ascension_level":0}}