{"host":"bq4pt811tk9yrmjl","time":1610466616,"event":{"mods":["AchievementEnabler","BaseMod","Colored Map","Colored Powertips","Defuse TimeMaze Blight","Hermit","Minty Spire (QoL Compilation)","StSLib","SuperFastMode"],"gold_per_floor":[114,125,125,18,193,193,228,245,245,256,37,55,55,68,68,165,165,120,120,120,21,21,21,21,21,21,21,21,21,21,21,21,21,21,21,21,21,21,0,0,0,0,0,0,0,0,0,0,0,0,0,0,0,0,0,0],"floor_reached":55,"playtime":1788,"items_purged":["Doubt"],"score":716,"play_id":"fff1de5b-2ebd-4cdc-8f7a-8a0718f2fba3","local_time":"20210112135015","is_ascension_mode":true,"campfire_choices":[{"data":"hermit:Maintenance","floor":6,"key":"SMITH"},{"data":"hermit:Brawl","floor":13,"key":"SMITH"},{"data":"hermit:BigShot","floor":15,"key":"SMITH"},{"floor":24,"key":"REST"},{"floor":32,"key":"REST"},{"floor":40,"key":"RECALL"},{"data":"hermit:Shortfuse","floor":44,"key":"SMITH"},{"data":"hermit:Ricochet","floor":46,"key":"SMITH"},{"data":"hermit:Snapshot","floor":49,"key":"SMITH"},{"data":"hermit:Covet","floor":52,"key":"SMITH"}],"circlet_count":0,"master_deck":["hermit:Strike_Hermit","hermit:Strike_Hermit","hermit:Strike_Hermit","hermit:Strike_Hermit","hermit:Defend_Hermit","hermit:Defend_Hermit","hermit:Defend_Hermit","hermit:Defend_Hermit","hermit:Snapshot+1","hermit:Covet+1","hermit:Ricochet+1","hermit:Dive+1","hermit:Maintenance+1","hermit:Brawl+1","hermit:BigShot+1","hermit:BodyArmor+1","hermit:Shortfuse+1","hermit:BodyArmor+1","hermit:FlashPowder+1","hermit:Determination+1","CurseOfTheBell","hermit:Coalescence+1","Writhe","Blind+1","hermit:TakeCover+1"],"relics":["hermit:Momento","NeowsBlessing","Mummified Hand","Sling","Ectoplasm","Du-Vu Doll","Blue Candle","Question Card","Dead Branch","Calling Bell","Bag of Preparation","Toxic Egg 2","Incense Burner","Red Mask","Akabeko","hermit:RyeStalk"],"acts_visited":["Exordium","TheCity","TheBeyond","TheEnding"],"potions_floor_usage":[12,16,16,23,25,25,31,50],"damage_taken":[{"damage":0,"enemies":"Cultist","floor":1,"turns":1},{"damage":0,"enemies":"Small Slimes","floor":2,"turns":1},{"damage":0,"enemies":"Gremlin Nob","floor":7,"turns":1},{"damage":0,"enemies":"2 Louse","floor":8,"turns":2},{"damage":12,"enemies":"Blue Slaver","floor":10,"turns":3},{"damage":2,"enemies":"Gremlin Gang","floor":12,"turns":6},{"damage":0,"enemies":"Large Slime","floor":14,"turns":5},{"damage":38,"enemies":"The Guardian","floor":16,"turns":10},{"damage":15,"enemies":"2 Thieves","floor":18,"turns":4},{"damage":5,"enemies":"3 Byrds","floor":20,"turns":7},{"damage":39,"enemies":"Book of Stabbing","floor":23,"turns":6},{"damage":8,"enemies":"Snake Plant","floor":25,"turns":4},{"damage":0,"enemies":"Snecko","floor":27,"turns":5},{"damage":0,"enemies":"Centurion and Healer","floor":29,"turns":6},{"damage":21,"enemies":"Gremlin Leader","floor":31,"turns":9},{"damage":43,"enemies":"Collector","floor":33,"turns":15},{"damage":3,"enemies":"3 Shapes","floor":35,"turns":8},{"damage":11,"enemies":"3 Darklings","floor":36,"turns":8},{"damage":9,"enemies":"Sphere and 2 Shapes","floor":42,"turns":6},{"damage":0,"enemies":"Maw","floor":45,"turns":6},{"damage":2,"enemies":"Jaw Worm Horde","floor":48,"turns":5},{"damage":33,"enemies":"Donu and Deca","floor":50,"turns":9},{"damage":18,"enemies":"Shield and Spear","floor":54,"turns":7},{"damage":57,"enemies":"The Heart","floor":55,"turns":2}],"seed_played":"-3589026147116223707","potions_obtained":[{"floor":7,"key":"DuplicationPotion"},{"floor":12,"key":"SkillPotion"},{"floor":14,"key":"Strength Potion"},{"floor":23,"key":"DuplicationPotion"},{"floor":29,"key":"LiquidBronze"},{"floor":42,"key":"PowerPotion"}],"is_trial":false,"path_per_floor":["M","M","?","$","?","R","E","M","T","M","$","M","R","M","R","B",null,"M","?","M","$","?","E","R","M","T","M","$","M","T","E","R","B",null,"M","M","?","?","?","R","?","M","T","R","M","R","?","M","R","B",null,"R","$","E","B"],"character_chosen":"HERMIT","items_purchased":["hermit:Maintenance","hermit:Brawl","Sling","hermit:Tonic","Weak Potion"],"campfire_rested":2,"item_purchase_floors":[4,4,11,21,21],"current_hp_per_floor":[75,75,75,75,75,75,75,75,75,63,63,61,61,61,61,23,75,60,54,49,49,74,35,57,49,49,49,49,49,49,28,50,7,75,72,61,75,75,75,75,75,66,66,66,66,66,66,64,64,31,75,75,75,57,0,0],"gold":0,"neow_bonus":"THREE_ENEMY_KILL","is_daily":false,"chose_seed":false,"campfire_upgraded":7,"win_rate":0.0,"timestamp":1610466615,"path_taken":["M","?","?","$","?","R","E","M","T","M","$","M","R","M","R","BOSS","M","?","?","$","?","E","R","M","T","M","?","M","?","E","R","BOSS","M","M","?","?","?","R","?","?","T","R","M","R","?","M","R","BOSS","R","$","E","BOSS"],"items_purchased_type":["Card","Card","Relic","Potion","Potion"],"build_version":"2020-12-22","purchased_purges":1,"victory":false,"max_hp_per_floor":[75,75,75,75,75,75,75,75,75,75,75,75,75,75,75,75,75,75,75,75,75,75,75,75,75,75,75,75,75,75,75,75,75,75,75,75,75,75,75,75,75,75,75,75,75,75,75,75,75,75,75,75,75,75,75,75],"card_choices":[{"not_picked":["hermit:LowProfile","hermit:Spite"],"picked":"hermit:Ricochet","floor":1},{"not_picked":["hermit:Ricochet","hermit:BodyArmor"],"picked":"hermit:Dive","floor":2},{"not_picked":["hermit:Ricochet","hermit:Quickdraw"],"picked":"hermit:BigShot","floor":7},{"not_picked":["hermit:Headshot","hermit:Malice","hermit:TrackingShot"],"picked":"SKIP","floor":8},{"not_picked":["hermit:Ricochet","hermit:LuckOfTheDraw","hermit:Snipe"],"picked":"SKIP","floor":10},{"not_picked":["hermit:HighCaliber","hermit:SprayPray","hermit:TakeCover"],"picked":"SKIP","floor":12},{"not_picked":["hermit:BodyArmor","hermit:Dive","hermit:WideOpen"],"picked":"SKIP","floor":14},{"not_picked":["hermit:FlashPowder","hermit:Quickdraw"],"picked":"hermit:BodyArmor+1","floor":18},{"not_picked":["hermit:TrackingShot","hermit:Spite+1"],"picked":"hermit:Shortfuse","floor":20},{"not_picked":["hermit:ItchyTrigger","hermit:Dive","hermit:GoldenBullet"],"picked":"SKIP","floor":23},{"not_picked":["hermit:Feint","hermit:Deadeye"],"picked":"hermit:BodyArmor+1","floor":25},{"not_picked":["hermit:Manifest","hermit:Snipe"],"picked":"hermit:FlashPowder+1","floor":27},{"not_picked":["hermit:Manifest","hermit:Magnum"],"picked":"hermit:Determination","floor":29},{"not_picked":["hermit:Scavenge","hermit:CalledShot","hermit:Cheat","hermit:Desperado"],"picked":"SKIP","floor":31},{"not_picked":["hermit:Snipe+1","hermit:LowProfile+1","hermit:TakeAim"],"picked":"hermit:Coalescence+1","floor":35},{"not_picked":["hermit:Malice","hermit:Ricochet","hermit:SprayPray+1","hermit:WideOpen"],"picked":"SKIP","floor":36},{"not_picked":["Forethought+1","Secret Weapon+1","Trip+1"],"picked":"Blind+1","floor":38},{"not_picked":["hermit:ItchyTrigger","hermit:Malice","hermit:Ricochet+1","hermit:LoneWolf+1"],"picked":"SKIP","floor":42},{"not_picked":["hermit:ItchyTrigger","hermit:Malice","hermit:Ricochet+1","hermit:LoneWolf+1"],"picked":"SKIP","floor":42},{"not_picked":["hermit:Misfire","hermit:Ricochet","hermit:HoleUp+1","hermit:LowProfile+1"],"picked":"SKIP","floor":45},{"not_picked":["hermit:BodyArmor+1","hermit:Shortfuse+1","hermit:LowProfile+1","hermit:TrackingShot"],"picked":"SKIP","floor":48},{"not_picked":["hermit:Combo","hermit:FatalDesire","hermit:PistolWhip"],"picked":"hermit:TakeCover+1","floor":54}],"player_experience":152968,"relics_obtained":[{"floor":7,"key":"Mummified Hand"},{"floor":23,"key":"Du-Vu Doll"},{"floor":26,"key":"Blue Candle"},{"floor":30,"key":"Question Card"},{"floor":31,"key":"Dead Branch"},{"floor":34,"key":"Bag of Preparation"},{"floor":34,"key":"Toxic Egg 2"},{"floor":34,"key":"Incense Burner"},{"floor":43,"key":"Akabeko"},{"floor":54,"key":"hermit:RyeStalk"}],"event_choices":[{"damage_healed":0,"gold_gain":0,"player_choice":"Grow","damage_taken":0,"max_hp_gain":0,"max_hp_loss":0,"event_name":"Living Wall","floor":3,"gold_loss":0,"cards_upgraded":["hermit:Dive"]},{"damage_healed":0,"gold_gain":175,"player_choice":"AGREE","damage_taken":0,"max_hp_gain":0,"max_hp_loss":0,"event_name":"Liars Game","floor":5,"gold_loss":0,"cards_obtained":["Doubt"]},{"damage_healed":0,"gold_gain":0,"player_choice":"","damage_taken":6,"max_hp_gain":0,"max_hp_loss":0,"event_name":"Knowing Skull","floor":19,"potions_obtained":[],"gold_loss":0,"cards_obtained":[]},{"damage_healed":25,"gold_gain":0,"player_choice":"Heal","damage_taken":0,"max_hp_gain":0,"max_hp_loss":0,"event_name":"The Library","floor":22,"gold_loss":0},{"damage_healed":19,"gold_gain":0,"player_choice":"Writhe","damage_taken":0,"max_hp_gain":0,"max_hp_loss":0,"event_name":"Winding Halls","floor":37,"gold_loss":0,"cards_obtained":["Writhe"]},{"damage_healed":0,"gold_gain":0,"player_choice":"Memory 1","damage_taken":0,"max_hp_gain":0,"max_hp_loss":0,"event_name":"SensoryStone","floor":38,"gold_loss":0},{"damage_healed":0,"gold_gain":0,"player_choice":"Paid","damage_taken":0,"relics_obtained":["Red Mask"],"max_hp_gain":0,"max_hp_loss":0,"event_name":"Tomb of Lord Red Mask","floor":39,"gold_loss":21},{"damage_healed":0,"gold_gain":0,"player_choice":"Upgraded","damage_taken":0,"max_hp_gain":0,"max_hp_loss":0,"event_name":"Upgrade Shrine","floor":41,"gold_loss":0,"cards_upgraded":["hermit:Determination"]},{"damage_healed":0,"gold_gain":0,"player_choice":"Ignored","damage_taken":0,"max_hp_gain":0,"max_hp_loss":0,"event_name":"Mysterious Sphere","floor":47,"gold_loss":0}],"is_beta":false,"boss_relics":[{"not_picked":["Runic Dome","SlaversCollar"],"picked":"Ectoplasm"},{"not_picked":["Tiny House","SacredBark"],"picked":"Calling Bell"}],"items_purged_floors":[11],"is_endless":false,"potions_floor_spawned":[7,12,14,23,29,42],"killed_by":"The Heart","ascension_level":1}}