{"host":"091y6d77ht7dl3wb","time":1610436436,"event":{"mods":["AchievementEnabler","BaseMod","Colored Map","Hermit","Minty Spire (QoL Compilation)","Rare Cards Sparkle","StSLib"],"gold_per_floor":[110,110,110,121,139,139,174,187,187,206,206,226,243,13,13,13,13],"floor_reached":16,"playtime":610,"items_purged":[],"score":104,"play_id":"c8072529-f49e-4315-8c57-334c44691e30","local_time":"20210112162716","is_ascension_mode":false,"campfire_choices":[{"floor":6,"key":"REST"},{"data":"1","floor":11,"key":"LIFT"},{"floor":15,"key":"REST"}],"circlet_count":0,"master_deck":["hermit:Strike_Hermit","hermit:Strike_Hermit","hermit:Strike_Hermit","hermit:Strike_Hermit","hermit:Defend_Hermit","hermit:Defend_Hermit","hermit:Defend_Hermit","hermit:Defend_Hermit","hermit:Snapshot","hermit:Covet","hermit:HeroicBravado","hermit:TrackingShot","hermit:Enervate","hermit:Dive","hermit:SprayPray","hermit:GhostlyPresence","hermit:HoleUp","hermit:BodyArmor","hermit:CursedWeapon","hermit:ShadowCloak"],"relics":["hermit:Momento","Darkstone Periapt","Girya","Ginger","Art of War"],"acts_visited":["Exordium"],"potions_floor_usage":[4,16],"damage_taken":[{"damage":3,"enemies":"Jaw Worm","floor":1,"turns":3},{"damage":1,"enemies":"Cultist","floor":4,"turns":4},{"damage":2,"enemies":"2 Louse","floor":5,"turns":2},{"damage":24,"enemies":"Lagavulin","floor":7,"turns":8},{"damage":2,"enemies":"Looter","floor":8,"turns":2},{"damage":9,"enemies":"Lots of Slimes","floor":10,"turns":5},{"damage":1,"enemies":"Blue Slaver","floor":12,"turns":3},{"damage":3,"enemies":"3 Louse","floor":13,"turns":4},{"damage":59,"enemies":"Hexaghost","floor":16,"turns":16}],"seed_played":"-5802804804779968579","potions_obtained":[{"floor":4,"key":"Fruit Juice"},{"floor":10,"key":"Energy Potion"},{"floor":12,"key":"BlessingOfTheForge"},{"floor":13,"key":"hermit:Tonic"}],"is_trial":false,"path_per_floor":["M","?","?","M","M","R","E","M","T","M","R","M","M","$","R","B"],"character_chosen":"HERMIT","items_purchased":["hermit:ShadowCloak","Art of War"],"campfire_rested":2,"item_purchase_floors":[14,14],"current_hp_per_floor":[72,47,47,51,49,73,49,47,47,38,38,37,34,34,58,0,0],"gold":13,"neow_bonus":"ONE_RANDOM_RARE_CARD","is_daily":false,"chose_seed":false,"campfire_upgraded":0,"win_rate":0.0,"timestamp":1610436436,"path_taken":["M","?","?","?","?","R","E","M","T","M","R","M","M","$","R","BOSS"],"items_purchased_type":["Card","Relic"],"build_version":"2020-12-22","purchased_purges":0,"victory":false,"max_hp_per_floor":[75,75,75,80,80,80,80,80,80,80,80,80,80,80,80,80,80],"card_choices":[{"not_picked":["hermit:Roulette","hermit:Coalescence"],"picked":"hermit:TrackingShot","floor":1},{"not_picked":["hermit:TakeAim","hermit:ItchyTrigger"],"picked":"hermit:Enervate","floor":4},{"not_picked":["hermit:Vantage","hermit:LowProfile"],"picked":"hermit:Dive","floor":5},{"not_picked":["hermit:EyeOfTheStorm","hermit:Malice"],"picked":"hermit:SprayPray","floor":7},{"not_picked":["hermit:FromBeyond","hermit:HighCaliber"],"picked":"hermit:GhostlyPresence","floor":8},{"not_picked":["hermit:Horror","hermit:HighCaliber"],"picked":"hermit:HoleUp","floor":10},{"not_picked":["hermit:Shortfuse","hermit:Combo"],"picked":"hermit:BodyArmor","floor":12},{"not_picked":["hermit:SprayPray","hermit:Coalescence"],"picked":"hermit:CursedWeapon","floor":13}],"player_experience":223838,"relics_obtained":[{"floor":7,"key":"Girya"},{"floor":9,"key":"Ginger"}],"event_choices":[{"damage_healed":0,"gold_gain":0,"player_choice":"Success","damage_taken":25,"relics_obtained":["Darkstone Periapt"],"max_hp_gain":0,"max_hp_loss":0,"event_name":"Scrap Ooze","floor":2,"gold_loss":0},{"damage_healed":0,"gold_gain":0,"player_choice":"Ignored","damage_taken":0,"max_hp_gain":0,"max_hp_loss":0,"event_name":"Purifier","floor":3,"gold_loss":0}],"is_beta":false,"boss_relics":[],"items_purged_floors":[],"is_endless":false,"potions_floor_spawned":[4,10,12,13],"killed_by":"Hexaghost","ascension_level":0}}