{"host":"49c2zf0lajbcs427","time":1610439088,"event":{"mods":["AchievementEnabler","BaseMod","Colored Map","Colored Powertips","Highlight Path","Key Reminder","Minty Spire (QoL Compilation)","Relic Stats","StSLib"],"gold_per_floor":[116,191,41,41,14,47,47,47,47,72,35,53,80,141,141,141,141],"floor_reached":16,"playtime":545,"items_purged":[],"score":291,"play_id":"5405fb55-6844-4ed5-b569-0bc240fdaad5","local_time":"20210112211128","is_ascension_mode":true,"campfire_choices":[{"floor":8,"key":"REST"},{"data":"Skewer","floor":15,"key":"SMITH"}],"circlet_count":0,"master_deck":["AscendersBane","Strike_G","Strike_G","Strike_G","Strike_G","Strike_G","Defend_G","Defend_G","Defend_G","Defend_G","Defend_G","Survivor","Neutralize","Quick Slash","Skewer+1","Venomology","Blade Dance","Leg Sweep","Escape Plan","Slice","Dagger Spray","Blur","Deadly Poison","Backflip"],"relics":["Ring of the Snake","NeowsBlessing","Orrery","Blood Vial","keyreminder:keyreminder","SsserpentHead","Gremlin Horn","InkBottle","Tiny Chest"],"acts_visited":["Exordium"],"potions_floor_usage":[12,13,16,16,16,16],"damage_taken":[{"damage":0,"enemies":"Jaw Worm","floor":1,"turns":1},{"damage":0,"enemies":"Gremlin Nob","floor":6,"turns":1},{"damage":0,"enemies":"3 Sentries","floor":10,"turns":1},{"damage":0,"enemies":"Small Slimes","floor":12,"turns":1},{"damage":13,"enemies":"Gremlin Nob","floor":13,"turns":4},{"damage":0,"enemies":"Cultist","floor":14,"turns":4},{"damage":20,"enemies":"Slime Boss","floor":16,"turns":5}],"seed_played":"-5918136612282756088","potions_obtained":[{"floor":1,"key":"Ancient Potion"},{"floor":10,"key":"AttackPotion"}],"is_trial":false,"path_per_floor":["M","?","$","?","$","E","?","R","T","E","$","M","E","M","R","B"],"character_chosen":"THE_SILENT","items_purchased":["Orrery","Slice","Blur"],"campfire_rested":1,"item_purchase_floors":[3,5,11],"current_hp_per_floor":[59,48,48,3,3,3,3,22,22,24,24,26,15,17,17,0,0],"gold":141,"neow_bonus":"THREE_ENEMY_KILL","is_daily":false,"chose_seed":false,"campfire_upgraded":1,"win_rate":0.0,"timestamp":1610439088,"path_taken":["M","?","$","?","?","E","?","R","T","E","$","M","E","?","R","BOSS"],"items_purchased_type":["Relic","Card","Card"],"build_version":"2020-12-22","purchased_purges":0,"victory":false,"max_hp_per_floor":[66,66,66,66,66,66,66,66,66,66,66,66,66,66,66,66,66],"relic_stats":{"Blood Vial":10,"SsserpentHead":50,"Gremlin Horn":[3,3],"counters":[7,17],"Tiny Chest":0,"obtain_stats":[{"Blood Vial":6,"keyreminder:keyreminder":6,"SsserpentHead":7,"NeowsBlessing":0,"Gremlin Horn":9,"Orrery":3,"Tiny Chest":13,"InkBottle":10,"Ring of the Snake":0},{"Blood Vial":2,"keyreminder:keyreminder":2,"SsserpentHead":2,"NeowsBlessing":0,"Gremlin Horn":2,"Orrery":1,"Tiny Chest":5,"InkBottle":3,"Ring of the Snake":0},{"Blood Vial":2,"keyreminder:keyreminder":2,"SsserpentHead":2,"NeowsBlessing":0,"Gremlin Horn":2,"Orrery":1,"Tiny Chest":8,"InkBottle":3,"Ring of the Snake":0}],"InkBottle":[5],"Ring of the Snake":[14]},"card_choices":[{"not_picked":["Infinite Blades","Reflex"],"picked":"Quick Slash","floor":1},{"not_picked":["Slice","Reflex"],"picked":"Skewer","floor":3},{"not_picked":["Deflect","Reflex"],"picked":"Venomology","floor":3},{"not_picked":["Acrobatics","Finisher"],"picked":"Blade Dance","floor":3},{"not_picked":["Prepared","Backstab"],"picked":"Leg Sweep","floor":3},{"not_picked":["Quick Slash","Dagger Throw"],"picked":"Escape Plan","floor":3},{"not_picked":["Acrobatics","Calculated Gamble","Dagger Throw"],"picked":"SKIP","floor":6},{"not_picked":["Envenom","Acrobatics"],"picked":"Dagger Spray","floor":10},{"not_picked":["Infinite Blades","Predator"],"picked":"Deadly Poison","floor":12},{"not_picked":["Setup","Cloak And Dagger"],"picked":"Backflip","floor":13},{"not_picked":["Dagger Throw","Quick Slash","Slice"],"picked":"SKIP","floor":14}],"player_experience":2308352,"relics_obtained":[{"floor":6,"key":"Blood Vial"},{"floor":9,"key":"Gremlin Horn"},{"floor":10,"key":"InkBottle"},{"floor":13,"key":"Tiny Chest"}],"event_choices":[{"damage_healed":0,"gold_gain":75,"player_choice":"Gather Gold","damage_taken":11,"max_hp_gain":0,"max_hp_loss":0,"event_name":"World of Goop","floor":2,"gold_loss":0},{"damage_healed":0,"gold_gain":0,"player_choice":"Fled","damage_taken":45,"max_hp_gain":0,"max_hp_loss":0,"event_name":"Scrap Ooze","floor":4,"gold_loss":0},{"damage_healed":0,"gold_gain":0,"player_choice":"Trade","damage_taken":0,"relics_obtained":["SsserpentHead"],"max_hp_gain":0,"max_hp_loss":0,"event_name":"FaceTrader","floor":7,"gold_loss":0}],"is_beta":false,"boss_relics":[],"items_purged_floors":[],"is_endless":false,"potions_floor_spawned":[1,10],"killed_by":"Slime Boss","ascension_level":15}}