{"host":"qijhzzkmbgiiyux7","time":1610464331,"event":{"mods":["BaseMod","Downfall","Hermit","Minty Spire (QoL Compilation)","Replay The Spire","StSLib","The Cursed"],"gold_per_floor":[112,62,82,96,96,96,113,138,138,149,163,192,209,209,209,310,360,377,397,397,417,53,53,53],"floor_reached":23,"playtime":1042,"items_purged":["Strike_R"],"score":205,"play_id":"69154263-c92d-4068-9c36-9f56b0abb575","local_time":"20210112181211","is_ascension_mode":false,"campfire_choices":[{"data":"Whirlwind","floor":6,"key":"SMITH"},{"floor":15,"key":"REST"}],"circlet_count":0,"master_deck":["Strike_R","Strike_R","Defend_R","Defend_R","Defend_R","Defend_R","Bash","Defy Death","Ghostly Armor+1","Headbutt","Whirlwind+1","Cleave","Carnage","Rampage","Fire Breathing","Flex","Searing Blow+1","Eclipse","Flex","Perfected Strike+1","True Grit+1","Writhe","Armaments+1","ReplayTheSpireMod:Corrosion Curse+1","Reckless Charge"],"relics":["Burning Blood","ReplayFunnel","Shuriken","Question Card","Tiny House","ReplayTheSpireMod:Spearhead","Brimstone"],"acts_visited":["Exordium","TheCity"],"potions_floor_usage":[12,21,23],"damage_taken":[{"damage":6,"enemies":"Cultist","floor":1,"turns":3},{"damage":8,"enemies":"Small Slimes","floor":3,"turns":3},{"damage":8,"enemies":"2 Louse","floor":4,"turns":3},{"damage":13,"enemies":"Red Slaver","floor":7,"turns":3},{"damage":49,"enemies":"Gremlin Nob","floor":8,"turns":5},{"damage":0,"enemies":"3 Louse","floor":10,"turns":2},{"damage":3,"enemies":"Lots of Slimes","floor":11,"turns":2},{"damage":21,"enemies":"Lagavulin","floor":12,"turns":5},{"damage":5,"enemies":"Exordium Wildlife","floor":13,"turns":3},{"damage":35,"enemies":"Slime Boss","floor":16,"turns":8},{"damage":30,"enemies":"Spheric Guardian","floor":18,"turns":4},{"damage":45,"enemies":"Shell Parasite","floor":19,"turns":11},{"damage":14,"enemies":"Snecko","floor":21,"turns":5},{"damage":42,"enemies":"Centurion and Healer","floor":23,"turns":5}],"seed_played":"3919678768174098675","potions_obtained":[{"floor":3,"key":"Fire Potion"},{"floor":7,"key":"DuplicationPotion"},{"floor":10,"key":"Strength Potion"},{"floor":11,"key":"Fire Potion"},{"floor":16,"key":"Energy Potion"},{"floor":17,"key":"Milkshake"},{"floor":21,"key":"BloodPotion"}],"is_trial":false,"path_per_floor":["M","?","M","M","?","R","M","E","T","M","M","E","M","?","R","B",null,"M","M","?","M","$","M"],"character_chosen":"IRONCLAD","items_purchased":["Brimstone","ReplayTheSpireMod:Corrosion Curse+1","Reckless Charge"],"campfire_rested":1,"item_purchase_floors":[22,22,22],"current_hp_per_floor":[88,88,86,84,84,84,77,34,34,40,43,28,29,29,55,26,93,69,30,30,40,40,0,0],"gold":53,"neow_bonus":"TEN_PERCENT_HP_BONUS","is_daily":false,"chose_seed":false,"campfire_upgraded":1,"win_rate":0.0,"timestamp":1610464331,"path_taken":["M","?","M","M","?","R","M","E","T","?","M","E","M","?","R","BOSS","M","M","?","M","$","?"],"items_purchased_type":["Relic","Card","Card"],"build_version":"2020-12-22","purchased_purges":1,"victory":false,"max_hp_per_floor":[88,88,88,88,88,88,88,88,88,88,88,88,88,88,88,88,93,93,93,93,93,93,93,93],"card_choices":[{"not_picked":["Armaments","ReplayTheSpireMod:Strike From Hell"],"picked":"Defy Death","floor":1},{"not_picked":["Flex","Pommel Strike"],"picked":"Ghostly Armor","floor":3},{"not_picked":["Spot Weakness","Replay:Undeath\u0027s Touch"],"picked":"Headbutt","floor":4},{"not_picked":["Pommel Strike","Seeing Red"],"picked":"Cleave","floor":7},{"not_picked":["Replay:Many Hands","Twin Strike"],"picked":"Carnage","floor":8},{"not_picked":["Blood for Blood","Heavy Blade"],"picked":"Rampage","floor":10},{"not_picked":["Sword Boomerang","Reckless Charge"],"picked":"Fire Breathing","floor":11},{"not_picked":["Shrug It Off","Thunderclap"],"picked":"Flex","floor":12},{"not_picked":["Heavy Blade","ReplayTheSpireMod:Stacked","True Grit"],"picked":"Searing Blow","floor":13},{"not_picked":["Brutality","Feed","Corruption"],"picked":"Eclipse","floor":16},{"not_picked":["Rampage","Dropkick","Clothesline"],"picked":"Flex","floor":17},{"not_picked":["Feel No Pain","Clothesline","Dropkick"],"picked":"Perfected Strike+1","floor":18},{"not_picked":["Heavy Blade+1","Battle Trance","Warcry"],"picked":"True Grit+1","floor":19},{"not_picked":["Shrug It Off","Flame Barrier","Run Through"],"picked":"Armaments+1","floor":21}],"player_experience":26498,"relics_obtained":[{"floor":8,"key":"ReplayFunnel"},{"floor":9,"key":"Shuriken"},{"floor":12,"key":"Question Card"}],"event_choices":[{"cards_removed":["Strike_R"],"damage_healed":0,"gold_gain":0,"player_choice":"Card Removal","damage_taken":0,"max_hp_gain":0,"max_hp_loss":0,"event_name":"The Cleric","floor":2,"gold_loss":50},{"damage_healed":0,"gold_gain":0,"cards_transformed":["Strike_R"],"player_choice":"Transformed","damage_taken":0,"max_hp_gain":0,"max_hp_loss":0,"event_name":"Transmorgrifier","floor":5,"gold_loss":0,"cards_obtained":["Whirlwind"]},{"damage_healed":0,"gold_gain":0,"player_choice":"Upgraded","damage_taken":0,"max_hp_gain":0,"max_hp_loss":0,"event_name":"Upgrade Shrine","floor":14,"gold_loss":0,"cards_upgraded":["Searing Blow"]},{"damage_healed":0,"gold_gain":0,"player_choice":"Opened","damage_taken":0,"relics_obtained":["ReplayTheSpireMod:Spearhead"],"max_hp_gain":0,"max_hp_loss":0,"event_name":"The Mausoleum","floor":20,"gold_loss":0,"cards_obtained":["Writhe"]}],"is_beta":false,"boss_relics":[{"not_picked":["SlaversCollar","Philosopher\u0027s Stone"],"picked":"Tiny House"}],"items_purged_floors":[22],"is_endless":false,"potions_floor_spawned":[3,7,10,11,16,18,21],"killed_by":"Centurion and Healer","ascension_level":0}}