{"host":"fkig9nrckec4xsh0","time":1610434315,"event":{"mods":["BaseMod","Colored Map","Minty Spire (QoL Compilation)","Quick Restart","Replay The Spire","StSLib"],"gold_per_floor":[115,36,211,211,211,243,255,277,316,354,384,427,2,2,2,97,97,110,126,22,22,42,42,68,68,95,95,95],"floor_reached":27,"playtime":1348,"items_purged":["Strike_G","Strike_G"],"score":313,"play_id":"e18270ad-b392-4042-afba-021124cc9eff","local_time":"20210112015155","is_ascension_mode":true,"campfire_choices":[{"data":"Crippling Poison","floor":7,"key":"SMITH"},{"floor":15,"key":"REST"},{"data":"ReplayTheSpireMod:The Works","floor":23,"key":"SMITH"},{"floor":25,"key":"REST"}],"circlet_count":0,"master_deck":["Strike_G","Strike_G","Strike_G","Defend_G","Defend_G","Defend_G","Defend_G","Defend_G","Survivor","Neutralize","Dagger Throw","Crippling Poison+1","Poisoned Stab","Acrobatics+1","Acrobatics","Dagger Throw","Leg Sweep+1","Poisoned Stab","Storm of Steel+1","Catalyst","Poisoned Stab","ReplayTheSpireMod:The Works+1","Calculated Gamble","Shame","Prepared","Draining Mist"],"relics":["Ring of the Snake","NeowsBlessing","MawBank","Replay:Wax Seal","ReplayTheSpireMod:TigerMarble","Bag of Marbles","Membership Card","Anchor","Turnip","Ring of Chaos","Toy Ornithopter","HornCleat","War Paint"],"acts_visited":["Exordium","TheCity"],"potions_floor_usage":[16,19,24],"damage_taken":[{"damage":0,"enemies":"Jaw Worm","floor":1,"turns":1},{"damage":0,"enemies":"Gremlin Nob","floor":6,"turns":1},{"damage":0,"enemies":"Small Slimes","floor":8,"turns":1},{"damage":18,"enemies":"3 Sentries","floor":10,"turns":8},{"damage":0,"enemies":"Cultist","floor":11,"turns":3},{"damage":28,"enemies":"Lagavulin","floor":12,"turns":7},{"damage":22,"enemies":"Hexaghost","floor":16,"turns":10},{"damage":32,"enemies":"Spheric Guardian","floor":18,"turns":9},{"damage":0,"enemies":"3 Byrds","floor":19,"turns":2},{"damage":6,"enemies":"Centurion and Healer","floor":22,"turns":3},{"damage":34,"enemies":"Book of Stabbing","floor":24,"turns":6},{"damage":27,"enemies":"Replay:Snechameleon","floor":27,"turns":5}],"seed_played":"-8475655947929572038","potions_obtained":[{"floor":8,"key":"SteroidPotion"},{"floor":10,"key":"Fire Potion"},{"floor":12,"key":"ColorlessPotion"},{"floor":18,"key":"Toxic Potion"}],"is_trial":false,"path_per_floor":["M","$","?","T","?","E","R","M","T","E","M","E","$","?","R","B",null,"M","M","$","?","M","R","E","R","T","E"],"character_chosen":"THE_SILENT","items_purchased":["Crippling Poison","Membership Card","Anchor","Turnip","Poisoned Stab","ReplayTheSpireMod:The Works","Calculated Gamble"],"campfire_rested":2,"item_purchase_floors":[2,13,13,13,13,20,20],"current_hp_per_floor":[70,70,70,70,63,63,63,63,63,45,45,17,17,17,38,16,70,38,38,38,38,32,32,3,24,24,0,0],"gold":95,"neow_bonus":"THREE_ENEMY_KILL","is_daily":false,"chose_seed":false,"campfire_upgraded":2,"win_rate":0.0,"timestamp":1610434315,"path_taken":["M","$","?","?","?","E","R","M","T","E","M","E","$","?","R","BOSS","M","M","?","?","M","R","E","R","T","E"],"items_purchased_type":["Card","Relic","Relic","Relic","Card","Card","Card"],"build_version":"2020-12-22","purchased_purges":2,"victory":false,"max_hp_per_floor":[70,70,70,70,70,70,70,70,70,70,70,70,70,70,70,70,70,70,70,70,70,70,70,70,70,70,70,70],"card_choices":[{"not_picked":["Dagger Spray","Backflip"],"picked":"Dagger Throw","floor":1},{"not_picked":["ReplayTheSpireMod:Exploit Weakness","ReplayTheSpireMod:Speed Training"],"picked":"Poisoned Stab","floor":6},{"not_picked":["Deflect","Hidden Blade"],"picked":"Acrobatics","floor":8},{"not_picked":["Slice","PiercingWail"],"picked":"Acrobatics","floor":10},{"not_picked":["ReplayTheSpireMod:Scrap Shanks","Flechettes"],"picked":"Dagger Throw","floor":11},{"not_picked":["Dagger Spray","Outmaneuver"],"picked":"Leg Sweep","floor":12},{"not_picked":["Unload","Die Die Die"],"picked":"Storm of Steel","floor":16},{"not_picked":["Flying Knee","Dagger Throw"],"picked":"Catalyst","floor":18},{"not_picked":["Quick Slash","Dagger Spray"],"picked":"Poisoned Stab","floor":19},{"not_picked":["Crippling Poison","Sucker Punch+1"],"picked":"Prepared","floor":22},{"not_picked":["Predator","Escape Plan"],"picked":"Draining Mist","floor":24}],"player_experience":288589,"relics_obtained":[{"floor":6,"key":"MawBank"},{"floor":9,"key":"Replay:Wax Seal"},{"floor":10,"key":"ReplayTheSpireMod:TigerMarble"},{"floor":12,"key":"Bag of Marbles"},{"floor":24,"key":"HornCleat"},{"floor":26,"key":"War Paint"}],"event_choices":[{"damage_healed":0,"gold_gain":175,"player_choice":"AGREE","damage_taken":0,"max_hp_gain":0,"max_hp_loss":0,"event_name":"Liars Game","floor":3,"gold_loss":0,"cards_obtained":["Doubt"]},{"cards_removed":["Doubt"],"damage_healed":0,"gold_gain":0,"player_choice":"Card Removal","damage_taken":7,"max_hp_gain":0,"max_hp_loss":0,"event_name":"Golden Wing","floor":5,"gold_loss":0},{"damage_healed":0,"gold_gain":0,"player_choice":"Forge","damage_taken":0,"max_hp_gain":0,"max_hp_loss":0,"event_name":"Accursed Blacksmith","floor":14,"gold_loss":0,"cards_upgraded":["Leg Sweep"]},{"damage_healed":0,"gold_gain":0,"player_choice":"Stole Relic","damage_taken":0,"relics_obtained":["Toy Ornithopter"],"max_hp_gain":0,"max_hp_loss":0,"event_name":"Addict","floor":21,"gold_loss":0,"cards_obtained":["Shame"]}],"is_beta":false,"boss_relics":[{"not_picked":["Snecko Eye","Honey Jar"],"picked":"Ring of Chaos"}],"items_purged_floors":[13,20],"is_endless":false,"potions_floor_spawned":[8,10,12,18,22],"killed_by":"Replay:Snechameleon","ascension_level":3}}