{"host":"31s8hzukbhz1k6i6","time":1610419842,"event":{"mods":["AchievementEnabler","BaseMod","Bestiary","Colored Map","Filter the Spire","Minty Spire (QoL Compilation)","Relic Stats","ojb\u0027s Info Mod"],"gold_per_floor":[113,125,200,250,269,269,301,319,319,344,357,357,357,400,400,499,499,515,531,531,531],"floor_reached":20,"playtime":852,"items_purged":[],"score":388,"play_id":"8a955596-10bd-40c9-b7f3-e00428cd1fc2","local_time":"20210111185042","is_ascension_mode":true,"campfire_choices":[{"data":"Dash","floor":6.0,"key":"SMITH"},{"data":"Bouncing Flask","floor":15.0,"key":"SMITH"}],"circlet_count":0,"master_deck":["AscendersBane","Strike_G","Strike_G","Strike_G","Strike_G","Defend_G","Defend_G","Defend_G","Defend_G","Defend_G","Survivor","Neutralize","Noxious Fumes","Dash+1","Dagger Throw","Sucker Punch","Noxious Fumes","Bouncing Flask+1","Glass Knife","All Out Attack+1"],"relics":["Ring of the Snake","PreservedInsect","Meat on the Bone","Thread and Needle","Golden Idol","Blue Candle","SlaversCollar"],"acts_visited":["Exordium","TheCity"],"potions_floor_usage":[],"damage_taken":[{"damage":0.0,"enemies":"Jaw Worm","floor":1.0,"turns":5.0},{"damage":2.0,"enemies":"Cultist","floor":2.0,"turns":4.0},{"damage":0.0,"enemies":"2 Louse","floor":5.0,"turns":3.0},{"damage":13.0,"enemies":"3 Sentries","floor":7.0,"turns":10.0},{"damage":10.0,"enemies":"Large Slime","floor":8.0,"turns":6.0},{"damage":18.0,"enemies":"Gremlin Nob","floor":10.0,"turns":4.0},{"damage":0.0,"enemies":"Exordium Wildlife","floor":11.0,"turns":5.0},{"damage":3.0,"enemies":"Lagavulin","floor":14.0,"turns":6.0},{"damage":30.0,"enemies":"Slime Boss","floor":16.0,"turns":10.0},{"damage":12.0,"enemies":"Spheric Guardian","floor":18.0,"turns":5.0},{"damage":8.0,"enemies":"3 Byrds","floor":19.0,"turns":4.0},{"damage":47,"enemies":"Masked Bandits","floor":20,"turns":5}],"seed_played":"3732141581951358855","potions_obtained":[{"floor":5.0,"key":"GamblersBrew"},{"floor":8.0,"key":"Ancient Potion"},{"floor":11.0,"key":"AttackPotion"},{"floor":14.0,"key":"Regen Potion"},{"floor":18.0,"key":"Regen Potion"}],"is_trial":false,"path_per_floor":["M","M","?","?","M","R","E","M","T","E","M","?","?","E","R","B",null,"M","M","?"],"character_chosen":"THE_SILENT","items_purchased":[],"campfire_rested":0,"item_purchase_floors":[],"current_hp_per_floor":[59,57,46,46,46,46,33,23,23,17,29,29,29,38,38,35,54,42,34,0,0],"gold":531,"neow_bonus":"TRANSFORM_CARD","is_daily":false,"chose_seed":false,"campfire_upgraded":2,"win_rate":0.0,"timestamp":1610419842,"path_taken":["M","M","?","?","M","R","E","M","T","E","?","?","?","E","R","BOSS","M","M","?"],"items_purchased_type":[],"build_version":"2020-12-22","purchased_purges":0,"victory":false,"max_hp_per_floor":[66,66,66,66,66,66,66,66,66,66,66,66,60,60,60,60,60,60,60,60,60],"relic_stats":{"counters":[12,67],"Golden Idol":45,"Blue Candle":[0],"PreservedInsect":51,"obtain_stats":[{"SlaversCollar":17,"Golden Idol":13,"Blue Candle":14,"Thread and Needle":10,"PreservedInsect":7,"Ring of the Snake":0,"Meat on the Bone":9},{"SlaversCollar":9,"Golden Idol":7,"Blue Candle":8,"Thread and Needle":6,"PreservedInsect":4,"Ring of the Snake":0,"Meat on the Bone":5},{"SlaversCollar":53,"Golden Idol":37,"Blue Candle":43,"Thread and Needle":32,"PreservedInsect":22,"Ring of the Snake":0,"Meat on the Bone":28}],"Ring of the Snake":[24],"Meat on the Bone":48},"card_choices":[{"not_picked":["Deflect","Backflip"],"picked":"Dash","floor":1.0},{"not_picked":["Cloak And Dagger","Riddle With Holes","Flechettes"],"picked":"SKIP","floor":2.0},{"not_picked":["Dodge and Roll","Calculated Gamble"],"picked":"Dagger Throw","floor":5.0},{"not_picked":["Calculated Gamble","PiercingWail"],"picked":"Sucker Punch","floor":7.0},{"not_picked":["Setup","Reflex"],"picked":"Noxious Fumes","floor":8.0},{"not_picked":["Underhanded Strike","Envenom","Skewer"],"picked":"SKIP","floor":10.0},{"not_picked":["PiercingWail","Caltrops"],"picked":"Bouncing Flask","floor":11.0},{"not_picked":["Cloak And Dagger","Dodge and Roll","PiercingWail"],"picked":"SKIP","floor":14.0},{"not_picked":["Grand Finale","Envenom"],"picked":"Glass Knife","floor":16.0},{"not_picked":["Infinite Blades","Dodge and Roll"],"picked":"All Out Attack+1","floor":18.0},{"not_picked":["Deflect","Riddle With Holes","Prepared"],"picked":"SKIP","floor":19}],"player_experience":178158,"relics_obtained":[{"floor":7.0,"key":"PreservedInsect"},{"floor":9.0,"key":"Meat on the Bone"},{"floor":10.0,"key":"Thread and Needle"},{"floor":14.0,"key":"Blue Candle"}],"event_choices":[{"damage_healed":0.0,"max_hp_gain":0.0,"max_hp_loss":0.0,"gold_gain":75.0,"event_name":"World of Goop","player_choice":"Gather Gold","floor":3.0,"gold_loss":0.0,"damage_taken":11.0},{"damage_healed":0.0,"max_hp_gain":0.0,"max_hp_loss":0.0,"gold_gain":50.0,"event_name":"Golden Shrine","player_choice":"Pray","floor":4.0,"gold_loss":0.0,"damage_taken":0.0},{"damage_healed":0.0,"max_hp_gain":0.0,"max_hp_loss":0.0,"gold_gain":0.0,"event_name":"Liars Game","player_choice":"Ignored","floor":12.0,"gold_loss":0.0,"damage_taken":0.0},{"damage_healed":0.0,"max_hp_gain":0.0,"max_hp_loss":6.0,"gold_gain":0.0,"event_name":"Golden Idol","player_choice":"Lose Max HP","floor":13.0,"gold_loss":0.0,"damage_taken":0.0,"relics_obtained":["Golden Idol"]},{"damage_healed":0,"gold_gain":0,"player_choice":"Fought Bandits","damage_taken":0,"max_hp_gain":0,"max_hp_loss":0,"event_name":"Masked Bandits","floor":20,"gold_loss":0}],"is_beta":false,"boss_relics":[{"not_picked":["Fusion Hammer","Black Star"],"picked":"SlaversCollar"}],"items_purged_floors":[],"is_endless":false,"potions_floor_spawned":[5,8,11,14,18],"killed_by":"Masked Bandits","ascension_level":20}}