{"host":"31s8hzukbhz1k6i6","time":1610416013,"event":{"mods":["AchievementEnabler","BaseMod","Bestiary","Colored Map","Filter the Spire","Minty Spire (QoL Compilation)","Relic Stats","ojb\u0027s Info Mod"],"gold_per_floor":[114,264,284,284,296,331,331,331,331],"floor_reached":8,"playtime":355,"items_purged":[],"score":112,"play_id":"12f8cd65-bc4e-4871-97e1-f815763e86da","local_time":"20210111174653","is_ascension_mode":true,"campfire_choices":[{"floor":7,"key":"DIG"}],"circlet_count":0,"master_deck":["AscendersBane","Strike_G","Strike_G","Strike_G","Strike_G","Strike_G","Defend_G","Defend_G","Defend_G","Defend_G","Defend_G","Survivor","Neutralize","Predator","Doubt","Poisoned Stab","Poisoned Stab","Die Die Die"],"relics":["Ring of the Snake","The Specimen","Shovel","Pantograph"],"acts_visited":["Exordium"],"potions_floor_usage":[6,8],"damage_taken":[{"damage":3.0,"enemies":"Jaw Worm","floor":1.0,"turns":6.0},{"damage":6.0,"enemies":"Cultist","floor":3.0,"turns":6.0},{"damage":1.0,"enemies":"Small Slimes","floor":5.0,"turns":4.0},{"damage":26,"enemies":"Gremlin Nob","floor":6,"turns":4},{"damage":18,"enemies":"3 Sentries","floor":8,"turns":4}],"seed_played":"4898683852044858533","potions_obtained":[{"floor":1.0,"key":"SkillPotion"},{"floor":5.0,"key":"Strength Potion"}],"is_trial":false,"path_per_floor":["M","?","M","?","M","E","R","E"],"character_chosen":"THE_SILENT","items_purchased":[],"campfire_rested":0,"item_purchase_floors":[],"current_hp_per_floor":[56,56,50,41,40,14,14,0,0],"gold":331,"neow_bonus":"ONE_RARE_RELIC","is_daily":false,"chose_seed":false,"campfire_upgraded":0,"win_rate":0.0,"timestamp":1610416013,"path_taken":["M","?","M","?","?","E","R","E"],"items_purchased_type":[],"build_version":"2020-12-22","purchased_purges":0,"victory":false,"max_hp_per_floor":[60,60,60,60,60,60,60,60,60],"relic_stats":{"Shovel":1,"counters":[5,24],"Pantograph":0,"obtain_stats":[{"Shovel":6,"The Specimen":0,"Pantograph":7,"Ring of the Snake":0},{"Shovel":4,"The Specimen":0,"Pantograph":4,"Ring of the Snake":0},{"Shovel":20,"The Specimen":0,"Pantograph":20,"Ring of the Snake":0}],"Ring of the Snake":[10]},"card_choices":[{"not_picked":["Eviscerate","Prepared"],"picked":"Predator","floor":1.0},{"not_picked":["Bane","Setup"],"picked":"Poisoned Stab","floor":3.0},{"not_picked":["Concentrate","Bane"],"picked":"Poisoned Stab","floor":5.0},{"not_picked":["Eviscerate","Poisoned Stab"],"picked":"Die Die Die","floor":6}],"player_experience":175761,"relics_obtained":[{"floor":6,"key":"Shovel"},{"floor":7,"key":"Pantograph"}],"event_choices":[{"damage_healed":0.0,"max_hp_gain":0.0,"max_hp_loss":0.0,"gold_gain":150.0,"event_name":"Liars Game","player_choice":"AGREE","floor":2.0,"gold_loss":0.0,"damage_taken":0.0,"cards_obtained":["Doubt"]},{"damage_healed":0.0,"max_hp_gain":0.0,"max_hp_loss":0.0,"gold_gain":0.0,"event_name":"Wheel of Change","player_choice":"Damaged","floor":4.0,"gold_loss":0.0,"damage_taken":9.0}],"is_beta":false,"boss_relics":[],"items_purged_floors":[],"is_endless":false,"potions_floor_spawned":[1,5],"killed_by":"3 Sentries","ascension_level":20}}