{"host":"2o3sockympbxxanu","time":1610431789,"event":{"mods":["AchievementEnabler","BaseMod","Colored Map","Colored Powertips","Conspire","Highlight Path","Infinite Spire","Minty Spire (QoL Compilation)","Replay The Spire","Shop Mod","StSLib","SuperFastMode"],"gold_per_floor":[210,229,229,240,276,276,294,294,294,294,305,334,352,352,352,352,352],"floor_reached":16,"playtime":804,"items_purged":[],"score":167,"play_id":"9c2fbe46-7070-4857-8f83-19cd5e69b0e6","local_time":"20210112140949","is_ascension_mode":true,"campfire_choices":[{"data":"PiercingWail","floor":6.0,"key":"SMITH"},{"floor":8.0,"key":"REST"},{"floor":15.0,"key":"REST"}],"circlet_count":0,"master_deck":["conspire:GhostlyStrike","conspire:GhostlyStrike","conspire:GhostlyStrike","conspire:GhostlyStrike","conspire:GhostlyStrike","conspire:GhostlyDefend","conspire:GhostlyDefend","conspire:GhostlyDefend","conspire:GhostlyDefend","conspire:GhostlyDefend","Survivor","Neutralize","Dagger Spray","PiercingWail+1","Deadly Poison+1","Catalyst","Deadly Poison","PiercingWail","Injury"],"relics":["Ring of the Snake","Byrd Skull","Divine Protection","Juzu Bracelet","Golden Idol"],"acts_visited":["Exordium"],"potions_floor_usage":[],"damage_taken":[{"damage":0.0,"enemies":"2 Louse","floor":1.0,"turns":3.0},{"damage":0.0,"enemies":"Small Slimes","floor":2.0,"turns":3.0},{"damage":5.0,"enemies":"Jaw Worm","floor":4.0,"turns":5.0},{"damage":30.0,"enemies":"conspire:MimicChest","floor":5.0,"turns":7.0},{"damage":21.0,"enemies":"Gremlin Gang","floor":7.0,"turns":4.0},{"damage":0.0,"enemies":"3 Louse","floor":11.0,"turns":3.0},{"damage":32.0,"enemies":"3 Sentries","floor":12.0,"turns":10.0},{"damage":2.0,"enemies":"2 Fungi Beasts","floor":13.0,"turns":4.0},{"damage":56,"enemies":"Fading Forest","floor":16,"turns":8}],"seed_played":"-2688169920577851909","potions_obtained":[{"floor":2.0,"key":"Adrenaline Potion"},{"floor":4.0,"key":"conspire:TimeTravelPotion"},{"floor":5.0,"key":"Languid Potion"},{"floor":7.0,"key":"Adrenaline Potion"}],"is_trial":false,"path_per_floor":["M","M","?","M","?","R","M","R","T","?","M","E","M","?","R","B"],"character_chosen":"THE_SILENT","items_purchased":[],"campfire_rested":2,"item_purchase_floors":[],"current_hp_per_floor":[70,70,70,65,35,35,24,45,45,45,45,13,11,11,32,0,0],"gold":352,"neow_bonus":"HUNDRED_GOLD","is_daily":false,"chose_seed":false,"campfire_upgraded":1,"win_rate":0.0,"timestamp":1610431789,"path_taken":["M","M","?","M","?","R","M","R","T","?","M","E","M","?","R","BOSS"],"items_purchased_type":[],"build_version":"2020-12-22","purchased_purges":0,"victory":false,"max_hp_per_floor":[70,70,70,70,70,70,70,70,70,70,70,70,70,70,70,70,70],"card_choices":[{"not_picked":["Eviscerate","Prepared"],"picked":"Dagger Spray","floor":1.0},{"not_picked":["Prepared","Bane"],"picked":"PiercingWail","floor":2.0},{"not_picked":["Cloak And Dagger","Outmaneuver"],"picked":"Deadly Poison","floor":4.0},{"not_picked":["Bane","Underhanded Strike","Flying Knee"],"picked":"SKIP","floor":7.0},{"not_picked":["ReplayTheSpireMod:Speed Training","Cloak And Dagger"],"picked":"Catalyst","floor":11.0},{"not_picked":["Eviscerate","ReplayTheSpireMod:Shiv Toss"],"picked":"Deadly Poison","floor":12.0},{"not_picked":["Endless Agony","Tactician"],"picked":"PiercingWail","floor":13.0}],"player_experience":290550,"relics_obtained":[{"floor":5.0,"key":"Byrd Skull"},{"floor":9.0,"key":"Divine Protection"},{"floor":12.0,"key":"Juzu Bracelet"}],"event_choices":[{"damage_healed":0.0,"max_hp_gain":0.0,"max_hp_loss":0.0,"gold_gain":0.0,"event_name":"conspire:LoneGhost","player_choice":"Agree","floor":3.0,"gold_loss":0.0,"damage_taken":0.0},{"damage_healed":0.0,"max_hp_gain":0.0,"max_hp_loss":0.0,"gold_gain":0.0,"event_name":"Accursed Blacksmith","player_choice":"Forge","floor":10.0,"gold_loss":0.0,"damage_taken":0.0,"cards_upgraded":["Deadly Poison"]},{"damage_healed":0.0,"max_hp_gain":0.0,"max_hp_loss":0.0,"gold_gain":0.0,"event_name":"Golden Idol","player_choice":"Take Wound","floor":14.0,"gold_loss":0.0,"damage_taken":0.0,"relics_obtained":["Golden Idol"],"cards_obtained":["Injury"]}],"is_beta":false,"boss_relics":[],"items_purged_floors":[],"is_endless":false,"potions_floor_spawned":[2,4,5,7],"killed_by":"Fading Forest","ascension_level":3}}