{"host":"egwexuw5uvnxf11j","time":1610414668,"event":{"mods":["2.2 Compatiblity","Aspiration","BaseMod","Better Altar","Better Note","Better Sensory Stone","Better Third Choice","Displayed Cursed Tome","Downfall","Hermit","Key Reminder","Koishi","Marisa????????","Minty Spire (QoL Compilation)","Quick Restart","Shade Mod","Spicy Shops","StSLib","The Construct","The Cursed","The Hierophant","The Runesmith","The Senshi","The Servant 0.9.4","Transform Curses"],"gold_per_floor":[119,119,135,135,147,147,180,180,203,266,266,296,296,313,313,313,313],"floor_reached":16,"playtime":718,"items_purged":[],"score":113,"play_id":"00d03a04-edf5-4a74-a70b-435f7dfb8ed1","local_time":"20210111202428","is_ascension_mode":true,"campfire_choices":[{"data":"hermit:Determination","floor":6,"key":"SMITH"},{"data":"hermit:Misfire","floor":15,"key":"SMITH"}],"circlet_count":0,"master_deck":["hermit:Strike_Hermit","hermit:Strike_Hermit","hermit:Strike_Hermit","hermit:Strike_Hermit","hermit:Defend_Hermit","hermit:Defend_Hermit","hermit:Defend_Hermit","hermit:Defend_Hermit","hermit:Snapshot+1","hermit:Covet","hermit:Determination+1","hermit:Grudge","Burn","hermit:Ricochet","hermit:Malice","hermit:Snipe","hermit:Misfire+1"],"relics":["hermit:Momento","Strawberry","hermit:RedScarf","keyreminder:keyreminder","aspiration:Lifesprig","Sundial"],"acts_visited":["Exordium"],"potions_floor_usage":[7],"damage_taken":[{"damage":1,"enemies":"Jaw Worm","floor":1,"turns":3},{"damage":0,"enemies":"Small Slimes","floor":3,"turns":3},{"damage":7,"enemies":"Cultist","floor":5,"turns":4},{"damage":48,"enemies":"Lagavulin","floor":7,"turns":7},{"damage":15,"enemies":"3 Sentries","floor":12,"turns":6},{"damage":9,"enemies":"3 Louse","floor":14,"turns":3},{"damage":73,"enemies":"Hexaghost","floor":16,"turns":9}],"seed_played":"532876342476034822","potions_obtained":[{"floor":1,"key":"hexamod:EctoCoolerPotion"},{"floor":5,"key":"SteroidPotion"}],"is_trial":false,"path_per_floor":["M","?","M","?","M","R","E","?","T","?","?","E","?","M","R","B"],"character_chosen":"HERMIT","items_purchased":[],"campfire_rested":0,"item_purchase_floors":[],"current_hp_per_floor":[81,81,81,81,74,74,26,26,26,26,26,11,82,73,73,0,0],"gold":313,"neow_bonus":"RANDOM_COMMON_RELIC","is_daily":false,"chose_seed":false,"campfire_upgraded":2,"win_rate":0.0,"timestamp":1610414668,"path_taken":["M","?","M","?","M","R","E","?","T","?","?","E","?","M","R","BOSS"],"items_purchased_type":[],"build_version":"2020-12-22","purchased_purges":0,"victory":false,"max_hp_per_floor":[82,82,82,82,82,82,82,82,82,82,82,82,82,82,82,82,82],"card_choices":[{"not_picked":["hermit:Showdown","hermit:CalledShot"],"picked":"hermit:Determination","floor":1},{"not_picked":["hermit:HighCaliber","hermit:WideOpen"],"picked":"hermit:Grudge","floor":3},{"not_picked":["hermit:CursedWeapon","hermit:FullyLoaded"],"picked":"hermit:Ricochet","floor":5},{"not_picked":["hermit:OverwhelmingPower","hermit:GoldenBullet"],"picked":"hermit:Malice","floor":7},{"not_picked":["hermit:Determination","hermit:HighCaliber"],"picked":"hermit:Snipe","floor":12},{"not_picked":["hermit:HighCaliber","hermit:BodyArmor"],"picked":"hermit:Misfire","floor":14}],"player_experience":2207485,"relics_obtained":[{"floor":7,"key":"hermit:RedScarf"},{"floor":9,"key":"aspiration:Lifesprig"},{"floor":12,"key":"Sundial"}],"event_choices":[{"damage_healed":81,"gold_gain":0,"player_choice":"Embrace Burn","damage_taken":0,"max_hp_gain":0,"max_hp_loss":82,"event_name":"betterThird:BetterShining","floor":4,"gold_loss":0},{"damage_healed":0,"gold_gain":0,"player_choice":"Grow","damage_taken":0,"max_hp_gain":0,"max_hp_loss":0,"event_name":"Living Wall","floor":8,"gold_loss":0,"cards_upgraded":["hermit:Snapshot"]},{"damage_healed":0,"gold_gain":63,"player_choice":"Gained Gold","damage_taken":0,"max_hp_gain":0,"max_hp_loss":0,"event_name":"Golden Wing","floor":10,"gold_loss":0},{"damage_healed":0,"gold_gain":0,"player_choice":"LEAVE","damage_taken":0,"max_hp_gain":0,"max_hp_loss":0,"event_name":"betterThird:BetterScrap","floor":11,"gold_loss":0,"cards_obtained":["Echo Form"]},{"damage_healed":71,"gold_gain":0,"player_choice":"Full Heal","damage_taken":0,"max_hp_gain":0,"max_hp_loss":0,"event_name":"Wheel of Change","floor":13,"gold_loss":0}],"is_beta":false,"boss_relics":[],"items_purged_floors":[],"is_endless":false,"potions_floor_spawned":[1,5],"killed_by":"Hexaghost","ascension_level":1}}