{"host":"hn99riirbf0lv0ml","time":1610459358,"event":{"mods":["AchievementEnabler","Act Like it!","Bard","BaseMod","Beaked The Cultist","Colored Map","Colored Powertips","Conspire","Downfall","Duelist Mod","Friendly Minions","Gensokyo","GifTheSpireLib","Glutton Mod","Halation","Jorbs\u0027s Wanderer Trilogy","Mad Scientist","Marisa????????","Minty Spire (QoL Compilation)","Rare Cards Sparkle","Replay The Spire","StSLib","The Blackbeard","The Bug Knight","The Construct","The Cursed","The Disciple","The Mystic","The Runesmith","The Servant 0.9.4","The Witch"],"gold_per_floor":[110,128,3,3,23,23,5,5,5,16,16,16,16,33,33,131,131,146,146,146,165,185,185,7,7,7,7,53,53,74,90,136,154,154,154,154],"floor_reached":35,"playtime":3916,"items_purged":["Strike_B"],"score":245,"play_id":"1f4335f0-b130-476f-9afc-2640aec9e268","local_time":"20210112084918","is_ascension_mode":false,"campfire_choices":[{"data":"Zap","floor":6,"key":"SMITH"},{"data":"Coolheaded","floor":8,"key":"SMITH"},{"data":"Chaos","floor":12,"key":"SMITH"},{"data":"Compile Driver","floor":15,"key":"SMITH"},{"floor":23,"key":"REST"},{"data":"expansioncontent:DashGenerateEvil","floor":25,"key":"SMITH"},{"data":"Time Bomb","floor":29,"key":"SMITH"},{"floor":34,"key":"REST"}],"circlet_count":0,"master_deck":["Strike_B","Strike_B","Strike_B","Defend_B","Defend_B","Defend_B","Defend_B","Zap+1","Dualcast","ReplayTheSpireMod:Repulse","Turbo","Turbo","White Noise+1","Coolheaded+1","Chaos+1","Clumsy","Compile Driver+1","Seek","Sunder+1","Time Bomb+1","Melter","ReplayTheSpireMod:GoodbyeWorld+1","expansioncontent:DashGenerateEvil+1","Panic Button","Redo+1","Hologram"],"relics":["Cracked Core","halation:AfternoonTea","Cables","Gensokyo:NagashiBinaDoll","Runic Pyramid","Potion Belt","Torii","Pen Nib"],"acts_visited":["Gensokyo:Gensokyo","Gensokyo:Gensokyoer"],"potions_floor_usage":[16,16,16,18,33],"damage_taken":[{"damage":6,"enemies":"Gensokyo:2_Kodama","floor":1,"turns":3},{"damage":1,"enemies":"Gensokyo:Python","floor":2,"turns":3},{"damage":2,"enemies":"Gensokyo:3_Fairies","floor":5,"turns":4},{"damage":5,"enemies":"Gensokyo:VengefulSpirit","floor":10,"turns":5},{"damage":13,"enemies":"Gensokyo:3_Kodama","floor":14,"turns":4},{"damage":28,"enemies":"Gensokyo:Kokoro","floor":16,"turns":9},{"damage":0,"enemies":"Gensokyo:2_Gloops","floor":18,"turns":2},{"damage":22,"enemies":"Gensokyo:CosmicMonolith","floor":21,"turns":3},{"damage":15,"enemies":"Gensokyo:3_Gloops","floor":22,"turns":4},{"damage":30,"enemies":"Gensokyo:Swordslinger","floor":31,"turns":4},{"damage":20,"enemies":"Gensokyo:Wraith","floor":33,"turns":4},{"damage":60,"enemies":"Gensokyo:Eiki","floor":35,"turns":10}],"seed_played":"-5929785663084833035","potions_obtained":[{"floor":1,"key":"PowerPotion"},{"floor":2,"key":"Strength Potion"},{"floor":14,"key":"FearPotion"},{"floor":16,"key":"Swift Potion"},{"floor":31,"key":"Fruit Juice"}],"is_trial":false,"path_per_floor":["M","M","$","?","M","R","?","R","T","M","$","R","?","M","R","B",null,"M","?","?","M","M","R","$","R","PTL","PTL","T","R","?","M","T","M","R","B"],"character_chosen":"DEFECT","items_purchased":["Turbo","expansioncontent:DashGenerateEvil"],"campfire_rested":2,"item_purchase_floors":[3,24],"current_hp_per_floor":[69,68,68,68,66,66,75,75,75,70,70,70,70,57,57,29,75,75,75,75,53,38,60,60,60,60,60,60,60,42,24,24,9,33,0,0],"gold":154,"neow_bonus":"RANDOM_COMMON_RELIC","is_daily":false,"chose_seed":false,"campfire_upgraded":6,"win_rate":0.0,"timestamp":1610459358,"path_taken":["M","M","$","?","?","R","?","R","T","M","$","R","?","?","R","BOSS","M","?","?","M","?","R","?","R","PTL","PTL","T","R","?","M","?","M","R","BOSS"],"items_purchased_type":["Card","Card"],"build_version":"2020-12-22","purchased_purges":1,"victory":false,"max_hp_per_floor":[75,75,75,75,75,75,75,75,75,75,75,75,75,75,75,75,75,75,75,75,75,75,75,75,75,75,75,75,75,75,75,75,80,80,80,80],"card_choices":[{"not_picked":["Beam Cell","Steam"],"picked":"ReplayTheSpireMod:Repulse","floor":1},{"not_picked":["Compile Driver","Heatsinks"],"picked":"Turbo","floor":2},{"not_picked":["Stack","Conserve Battery"],"picked":"Coolheaded","floor":5},{"not_picked":["Turbo","Gash"],"picked":"Chaos","floor":10},{"not_picked":["Coolheaded","ReplayTheSpireMod:Calculation Training"],"picked":"Compile Driver","floor":14},{"not_picked":["Core Surge","Amplify"],"picked":"Seek","floor":16},{"not_picked":["Blizzard","Sweeping Beam"],"picked":"Sunder+1","floor":18},{"not_picked":["Gash+1","Static Discharge"],"picked":"Melter","floor":21},{"not_picked":["Glacier","Cold Snap"],"picked":"ReplayTheSpireMod:GoodbyeWorld+1","floor":22},{"not_picked":["Steam","ReplayTheSpireMod:Repulse+1"],"picked":"Panic Button","floor":30},{"not_picked":["Leap","Gash"],"picked":"Redo+1","floor":31},{"not_picked":["conspire:Rain","Gash+1"],"picked":"Hologram","floor":33}],"player_experience":152246,"relics_obtained":[{"floor":9,"key":"Cables"},{"floor":28,"key":"Potion Belt"},{"floor":30,"key":"Torii"},{"floor":32,"key":"Pen Nib"}],"event_choices":[],"is_beta":false,"boss_relics":[{"not_picked":["conspire:RoyalGoblet","Runesmith:UraniumAnvil"],"picked":"Runic Pyramid"}],"items_purged_floors":[3],"is_endless":false,"potions_floor_spawned":[1,2,14,16,31],"killed_by":"Gensokyo:Eiki","ascension_level":0}}