{"host":"6lk96jvvnndj23n5","time":1610478825,"event":{"mods":["BaseMod","Hermit","Minty Spire (QoL Compilation)","StSLib"],"gold_per_floor":[118,193,193,264,280,313,278,25,25,25,25,42,71,87,87,183,183,138,138,138,138,138,138,138],"floor_reached":23,"language":"ENG","playtime":981,"items_purged":[],"score":226,"play_id":"7a3072e7-8ae4-43dd-be22-d0a91bed49f0","local_time":"20210112191345","is_ascension_mode":false,"campfire_choices":[{"floor":15.0,"key":"REST"}],"circlet_count":0,"master_deck":["hermit:Strike_Hermit","hermit:Strike_Hermit","hermit:Strike_Hermit","hermit:Defend_Hermit","hermit:Defend_Hermit","hermit:Defend_Hermit","hermit:Defend_Hermit","hermit:Snapshot","hermit:Covet","hermit:Ricochet","hermit:Ricochet","hermit:BigShot","hermit:EyeOfTheStorm","hermit:Enervate","hermit:Reprieve","hermit:SprayPray+1","hermit:FlashPowder","hermit:Snipe"],"relics":["hermit:Momento","NeowsBlessing","Anchor","Du-Vu Doll","Letter Opener","Bottled Tornado","Orichalcum","Ectoplasm","InkBottle"],"acts_visited":["Exordium","TheCity"],"potions_floor_usage":[23,23],"damage_taken":[{"damage":0.0,"enemies":"Jaw Worm","floor":1.0,"turns":1.0},{"damage":0.0,"enemies":"2 Louse","floor":5.0,"turns":1.0},{"damage":0.0,"enemies":"Gremlin Nob","floor":6.0,"turns":1.0},{"damage":0.0,"enemies":"Small Slimes","floor":12.0,"turns":3.0},{"damage":40.0,"enemies":"3 Sentries","floor":13.0,"turns":9.0},{"damage":11.0,"enemies":"Exordium Wildlife","floor":14.0,"turns":4.0},{"damage":30.0,"enemies":"Hexaghost","floor":16.0,"turns":8.0},{"damage":14,"enemies":"2 Thieves","floor":18,"turns":4},{"damage":6,"enemies":"Shell Parasite","floor":19,"turns":3},{"damage":24,"enemies":"Snake Plant","floor":20,"turns":4},{"damage":28,"enemies":"3 Cultists","floor":22,"turns":5},{"damage":10,"enemies":"Slavers","floor":23,"turns":3}],"seed_played":"-4088378745534549483","potions_obtained":[{"floor":1.0,"key":"BlessingOfTheForge"},{"floor":6.0,"key":"DuplicationPotion"},{"floor":12.0,"key":"LiquidMemories"},{"floor":19,"key":"SpeedPotion"},{"floor":22,"key":"EssenceOfSteel"}],"is_trial":false,"path_per_floor":["M","?","?","?","M","E","?","$","T","$","?","M","E","M","R","B",null,"M","M","M","T","M","E"],"character_chosen":"HERMIT","items_purchased":["Letter Opener"],"campfire_rested":1,"item_purchase_floors":[8],"current_hp_per_floor":[75,64,57,57,57,57,75,75,75,75,75,75,35,24,46,16,75,65,63,43,43,15,9,9],"gold":138,"neow_bonus":"THREE_ENEMY_KILL","is_daily":false,"chose_seed":false,"campfire_upgraded":0,"win_rate":0.0,"timestamp":1610478825,"path_taken":["M","?","?","?","?","E","?","$","T","?","?","M","E","M","R","BOSS","M","?","?","?","?","E"],"items_purchased_type":["Relic"],"build_version":"2020-12-22","purchased_purges":0,"victory":false,"max_hp_per_floor":[75,75,75,75,75,75,75,75,75,75,75,75,75,75,75,75,75,75,75,75,75,75,75,75],"card_choices":[{"not_picked":["hermit:ShadowCloak","hermit:TakeAim"],"picked":"hermit:Ricochet","floor":1.0},{"not_picked":["hermit:Quickdraw","hermit:Roulette"],"picked":"hermit:Ricochet","floor":5.0},{"not_picked":["hermit:CursedWeapon","hermit:Manifest"],"picked":"hermit:BigShot","floor":6.0},{"not_picked":["hermit:FlashPowder","hermit:HighCaliber"],"picked":"hermit:EyeOfTheStorm","floor":12.0},{"not_picked":["hermit:Roulette","hermit:Desperado","hermit:Coalescence"],"picked":"SKIP","floor":13.0},{"not_picked":["hermit:Coalescence","hermit:Glare"],"picked":"hermit:Enervate","floor":14.0},{"not_picked":["hermit:Purgatory","hermit:Gambit"],"picked":"hermit:Reprieve","floor":16.0},{"not_picked":["hermit:Misfire+1","hermit:Coalescence+1"],"picked":"hermit:SprayPray+1","floor":18},{"not_picked":["hermit:Vantage","hermit:ItchyTrigger","hermit:ShadowCloak"],"picked":"SKIP","floor":19},{"not_picked":["hermit:FullyLoaded","hermit:EyeOfTheStorm"],"picked":"hermit:FlashPowder","floor":20},{"not_picked":["hermit:FinalCanter","hermit:Coalescence"],"picked":"hermit:Snipe","floor":22}],"player_experience":160580,"relics_obtained":[{"floor":6.0,"key":"Du-Vu Doll"},{"floor":9.0,"key":"Bottled Tornado"},{"floor":13.0,"key":"Orichalcum"},{"floor":21,"key":"InkBottle"}],"event_choices":[{"damage_healed":0.0,"max_hp_gain":0.0,"max_hp_loss":0.0,"gold_gain":75.0,"event_name":"World of Goop","player_choice":"Gather Gold","floor":2.0,"gold_loss":0.0,"damage_taken":11.0},{"damage_healed":0.0,"max_hp_gain":0.0,"max_hp_loss":0.0,"gold_gain":0.0,"event_name":"Scrap Ooze","player_choice":"Success","floor":3.0,"gold_loss":0.0,"damage_taken":7.0,"relics_obtained":["Anchor"]},{"damage_healed":0.0,"max_hp_gain":0.0,"max_hp_loss":0.0,"gold_gain":71.0,"event_name":"Golden Wing","player_choice":"Gained Gold","floor":4.0,"gold_loss":0.0,"damage_taken":0.0},{"damage_healed":18.0,"max_hp_gain":0.0,"max_hp_loss":0.0,"gold_gain":0.0,"event_name":"The Cleric","player_choice":"Healed","floor":7.0,"gold_loss":35.0,"damage_taken":0.0},{"cards_removed":["hermit:Strike_Hermit"],"damage_healed":0.0,"max_hp_gain":0.0,"max_hp_loss":0.0,"gold_gain":0.0,"event_name":"Purifier","player_choice":"Purged","floor":11.0,"gold_loss":0.0,"damage_taken":0.0}],"is_beta":false,"boss_relics":[{"not_picked":["Philosopher\u0027s Stone","Pandora\u0027s Box"],"picked":"Ectoplasm"}],"items_purged_floors":[],"is_endless":false,"potions_floor_spawned":[1,6,12,19,22],"killed_by":"Slavers","ascension_level":0}}