{"host":"z9grmtg2w0nmz8n1","time":1610474449,"event":{"mods":["Aspiration","Bard","BaseMod","Beaked The Cultist","Better Altar","Better Match","Better Note","Better Sensory Stone","Better Skull","Better Third Choice","BetterRewards","CCEM","Colored Map","Conspire","Downfall","GifTheSpireLib","Googly Eyes","Halation","Hermit","Highlight Path","Hubris","Hunter ??","Jedi Mod","Jorbs\u0027s Wanderer Trilogy","Mad Scientist","Marisa????????","Minty Spire (QoL Compilation)","Permanent Neow","Replay The Spire","Shade Mod","Shop Mod","Spicy Shops","StSLib","Stuff the Spire","The Bug Knight","The Construct","The Necromancer","The Runesmith","The Witch"],"gold_per_floor":[114,128,128,145,164,199,24,37,37,50,80,100,120,140,140,244,294,313,327,52,52,52,52],"floor_reached":22,"playtime":1454,"items_purged":["Decay","beaked:Strike_Y","beaked:Strike_Y","beaked:Strike_Y"],"score":202,"play_id":"b37901a6-0468-4db3-813a-3be0ed650ad2","local_time":"20210112160049","is_ascension_mode":false,"campfire_choices":[{"floor":15,"key":"RECALL"}],"circlet_count":0,"master_deck":["beaked:Strike_Y","beaked:Strike_Y","beaked:Strike_Y","beaked:Defend_Y","beaked:Defend_Y","beaked:Defend_Y","beaked:Defend_Y+1","beaked:Ceremony","beaked:Ceremony","beaked:Ceremony","beaked:Foresight","beaked:Insight","beaked:StickSmack","beaked:Overpower","beaked:Foresight","beaked:Struggle"],"relics":["beaked:MendingPlumage","halation:SelfBoilingWater","CCEMRelics:WhiteRose","Tiny House","hubris:Metronome"],"acts_visited":["Exordium","TheCity"],"potions_floor_usage":[11,12,18],"damage_taken":[{"damage":2,"enemies":"Small Slimes","floor":1,"turns":4},{"damage":11,"enemies":"Jaw Worm","floor":2,"turns":5},{"damage":6,"enemies":"2 Louse","floor":4,"turns":4},{"damage":13,"enemies":"Large Slime","floor":5,"turns":7},{"damage":5,"enemies":"HollowMod:MossKnight","floor":6,"turns":7},{"damage":17,"enemies":"Exordium Thugs","floor":8,"turns":5},{"damage":8,"enemies":"2 Fungi Beasts","floor":10,"turns":4},{"damage":44,"enemies":"3 Sentries","floor":11,"turns":7},{"damage":19,"enemies":"Exordium Wildlife","floor":12,"turns":7},{"damage":6,"enemies":"Blue Slaver","floor":13,"turns":4},{"damage":2,"enemies":"2 Fungi Beasts","floor":14,"turns":5},{"damage":55,"enemies":"The Guardian","floor":16,"turns":9},{"damage":14,"enemies":"Shell Parasite","floor":18,"turns":6},{"damage":54,"enemies":"Snake Plant","floor":19,"turns":7},{"damage":13,"enemies":"3 Cultists","floor":22,"turns":3}],"seed_played":"3248388338970856408","potions_obtained":[{"floor":4,"key":"Energy Potion"},{"floor":8,"key":"FearPotion"},{"floor":10,"key":"AttackPotion"},{"floor":13,"key":"Adrenaline Potion"},{"floor":14,"key":"SpeedPotion"}],"is_trial":false,"path_per_floor":["M","M","?","M","M","E","$","M","T","M","E","M","M","M","R","B",null,"M","M","$","?","M"],"character_chosen":"BEAKED_THE_CULTIST","items_purchased":[],"campfire_rested":0,"item_purchase_floors":[],"current_hp_per_floor":[50,50,50,50,50,50,50,45,45,50,27,36,44,50,50,25,55,55,18,18,18,13,13],"gold":52,"neow_bonus":"THREE_CARDS","is_daily":false,"chose_seed":false,"campfire_upgraded":0,"win_rate":0.0,"timestamp":1610474449,"path_taken":["M","M","?","M","?","E","$","M","T","M","E","M","M","M","R","BOSS","M","M","$","?","?"],"items_purchased_type":[],"build_version":"2020-12-22","purchased_purges":4,"victory":false,"max_hp_per_floor":[50,50,50,50,50,50,50,50,50,50,50,50,50,50,50,50,55,55,55,55,55,55,55],"card_choices":[{"not_picked":["beaked:TuckingFeathers","beaked:Cower"],"picked":"beaked:Foresight","floor":0},{"not_picked":["beaked:Cower","beaked:StunningBlow"],"picked":"beaked:Insight","floor":1},{"not_picked":["beaked:Cower","beaked:CursingBlood","beaked:RuinSticks"],"picked":"SKIP","floor":2},{"not_picked":["beaked:TuckingFeathers","beaked:Cower","ReplayTheSpireMod:RavenHex"],"picked":"SKIP","floor":4},{"not_picked":["beaked:Recite","beaked:CursingBlood"],"picked":"beaked:StickSmack","floor":5},{"not_picked":["beaked:BloodForTheGods","beaked:DigDeeper"],"picked":"beaked:Overpower","floor":6},{"not_picked":["beaked:HuntressSpirit","beaked:WarriorSpirit"],"picked":"beaked:Foresight","floor":8},{"not_picked":["beaked:SurvivalInstinct","ReplayTheSpireMod:RavenHex","beaked:Tweet"],"picked":"SKIP","floor":10},{"not_picked":["beaked:VolatileMisfortune","beaked:DigDeep","beaked:CheekyTricks"],"picked":"SKIP","floor":11},{"not_picked":["beaked:Resilience","beaked:DesperateSwing","beaked:Overexert"],"picked":"SKIP","floor":12},{"not_picked":["beaked:Brace","beaked:SurvivalInstinct","beaked:Flinch"],"picked":"SKIP","floor":13},{"not_picked":["beaked:Cower","beaked:BloodForTheGods","beaked:Daydream"],"picked":"SKIP","floor":14},{"not_picked":["beaked:Tradeoff","beaked:Tweet+1","beaked:Insight"],"picked":"SKIP","floor":18},{"not_picked":["beaked:MaddeningMurmurs","beaked:Hexing"],"picked":"beaked:Struggle","floor":19}],"player_experience":852524,"relics_obtained":[{"floor":6,"key":"halation:SelfBoilingWater"},{"floor":11,"key":"CCEMRelics:WhiteRose"}],"event_choices":[{"damage_healed":0,"gold_gain":0,"player_choice":"Cursed","damage_taken":0,"max_hp_gain":0,"max_hp_loss":0,"event_name":"Wheel of Change","floor":3,"gold_loss":0,"cards_obtained":["Decay"]},{"damage_healed":0,"gold_gain":0,"player_choice":"Gave Potion","damage_taken":0,"relics_obtained":["hubris:Metronome"],"max_hp_gain":0,"max_hp_loss":0,"event_name":"WeMeetAgain","floor":21,"gold_loss":0}],"is_beta":false,"boss_relics":[{"not_picked":["Fusion Hammer","hubris:Stopwatch"],"picked":"Tiny House"}],"items_purged_floors":[7,7,20,20],"is_endless":false,"potions_floor_spawned":[4,8,10,13,14],"killed_by":"3 Cultists","ascension_level":0}}