{"host":"dhr6iszse2qz12e2","time":1610465521,"event":{"mods":["100% Spire Juice","2.2 Compatiblity","A Magickal Journey","Act Like it!","BaseMod","Bestiary","Better Note","BetterRewards","Colored Map","Downfall","Gensokyo","Hermit","Hubris","Infinite Spire","Marisa????????","Minty Spire (QoL Compilation)","Permanent Neow","Quick Restart","Reimu??????","Replay The Spire","Shop Mod","StSLib","Td1madao Mod","The Administrix","The Animator","The Bug Knight","The Cursed","The Gatherer","The Hierophant","The IronCluck","The Jungle","The Servant 0.9.4","everything is the same but u backflip on backflip","slay the spire mod where everything is the same but ironclad has a cowboy hat","??????REMEMod"],"gold_per_floor":[112,127,140,158,83,83,83],"floor_reached":6,"playtime":492,"items_purged":["Strike_C"],"score":38,"play_id":"942b2185-9056-4281-8482-f18e90bf5af1","local_time":"20210112173201","is_ascension_mode":false,"campfire_choices":[],"circlet_count":0,"master_deck":["Moonworks:SubspaceTunnel+1","Strike_C","Strike_C","Strike_C","Defend_C","Defend_C","Defend_C","Knight Kick","Chip","Defend System","New Defend Magic"],"relics":["Apod","REME_ComplimentaryCards"],"acts_visited":["Exordium"],"potions_floor_usage":[6],"damage_taken":[{"damage":10,"enemies":"Small Slimes","floor":1,"turns":3},{"damage":3,"enemies":"Cultist","floor":2,"turns":4},{"damage":4,"enemies":"Jaw Worm","floor":3,"turns":6},{"damage":7,"enemies":"Large Slime","floor":4,"turns":7},{"damage":48,"enemies":"3 Sentries","floor":6,"turns":9}],"seed_played":"1053481690913750362","potions_obtained":[{"floor":2,"key":"Weak Potion"},{"floor":3,"key":"Dexterity Potion"},{"floor":4,"key":"SmokeBomb"}],"is_trial":false,"path_per_floor":["M","M","M","M","$","E"],"character_chosen":"TD1MADAO_CLASS","items_purchased":[],"campfire_rested":0,"item_purchase_floors":[],"current_hp_per_floor":[60,57,53,46,46,0,0],"gold":83,"neow_bonus":"REMOVE_CARD","is_daily":false,"chose_seed":false,"campfire_upgraded":0,"win_rate":0.0,"timestamp":1610465521,"path_taken":["M","M","M","M","$","E"],"items_purchased_type":[],"build_version":"2020-12-22","purchased_purges":1,"victory":false,"max_hp_per_floor":[70,70,70,70,70,70,70],"card_choices":[{"not_picked":["Sudden Beat","Fire Up","Resistance"],"picked":"SKIP","floor":1},{"not_picked":["Cooling Song","Pod Fire"],"picked":"Defend System","floor":2},{"not_picked":["Lunge","Preloading"],"picked":"New Defend Magic","floor":3},{"not_picked":["Paralysis","Lunge","Fixing"],"picked":"SKIP","floor":4}],"player_experience":461789,"relics_obtained":[],"event_choices":[],"is_beta":false,"boss_relics":[],"items_purged_floors":[5],"is_endless":false,"potions_floor_spawned":[2,3,4],"killed_by":"3 Sentries","ascension_level":0}}