{"host":"25fn74ijs2305xd4","time":1610469669,"event":{"mods":["AchievementEnabler","BaseMod","Colored Map","Colored Powertips","Dark Map","Minty Spire (QoL Compilation)","Relic Stats","StSLib"],"gold_per_floor":[113,127,202,221,231,231,258,258,258,258,33,45,45,45,45,45,45],"floor_reached":16,"playtime":423,"items_purged":[],"score":120,"play_id":"a120f697-63a8-43c8-9560-42e4fa8b9819","local_time":"20210112174109","is_ascension_mode":true,"campfire_choices":[{"data":"Ball Lightning","floor":6,"key":"SMITH"},{"floor":8,"key":"REST"},{"data":"Conserve Battery","floor":10,"key":"SMITH"},{"data":"Glacier","floor":15,"key":"SMITH"}],"circlet_count":0,"master_deck":["Strike_B","Strike_B","Strike_B","Strike_B","Defend_B","Defend_B","Defend_B","Defend_B","Zap","Dualcast","Ball Lightning+1","Coolheaded","Cold Snap","Conserve Battery+1","Go for the Eyes+1","Capacitor","Glacier+1"],"relics":["Cracked Core","Molten Egg 2","Meat on the Bone","OrangePellets","Ornamental Fan"],"acts_visited":["Exordium"],"potions_floor_usage":[5,7],"damage_taken":[{"damage":7,"enemies":"Small Slimes","floor":1,"turns":2},{"damage":12,"enemies":"Jaw Worm","floor":2,"turns":3},{"damage":1,"enemies":"2 Louse","floor":4,"turns":2},{"damage":4,"enemies":"Looter","floor":5,"turns":3},{"damage":19,"enemies":"3 Sentries","floor":7,"turns":7},{"damage":9,"enemies":"2 Fungi Beasts","floor":12,"turns":2},{"damage":41,"enemies":"Slime Boss","floor":16,"turns":9}],"seed_played":"-2287515349805245809","potions_obtained":[{"floor":1,"key":"PowerPotion"},{"floor":4,"key":"PowerPotion"},{"floor":7,"key":"FearPotion"}],"is_trial":false,"path_per_floor":["M","M","?","M","M","R","E","R","T","R","$","M","?","?","R","B"],"character_chosen":"DEFECT","items_purchased":["OrangePellets","Capacitor"],"campfire_rested":1,"item_purchase_floors":[11,11],"current_hp_per_floor":[75,63,52,51,47,47,28,52,52,52,52,43,40,40,40,0,0],"gold":45,"neow_bonus":"TEN_PERCENT_HP_BONUS","is_daily":false,"chose_seed":false,"campfire_upgraded":3,"win_rate":0.0,"timestamp":1610469669,"path_taken":["M","M","?","M","M","R","E","R","T","R","$","M","?","?","R","BOSS"],"items_purchased_type":["Relic","Card"],"build_version":"2020-12-22","purchased_purges":0,"victory":false,"max_hp_per_floor":[82,82,82,82,82,82,82,82,82,82,82,82,82,82,82,82,82],"relic_stats":{"OrangePellets":[0],"counters":[7,28],"Ornamental Fan":[12],"obtain_stats":[{"OrangePellets":11,"Ornamental Fan":13,"Molten Egg 2":7,"Cracked Core":0,"Meat on the Bone":9},{"OrangePellets":5,"Ornamental Fan":6,"Molten Egg 2":5,"Cracked Core":0,"Meat on the Bone":5},{"OrangePellets":17,"Ornamental Fan":19,"Molten Egg 2":17,"Cracked Core":0,"Meat on the Bone":17}],"Meat on the Bone":0},"card_choices":[{"not_picked":["Sunder","Chaos"],"picked":"Ball Lightning","floor":1},{"not_picked":["Barrage","Steam"],"picked":"Coolheaded","floor":2},{"not_picked":["Gash","Turbo"],"picked":"Cold Snap","floor":4},{"not_picked":["Steam","Scrape"],"picked":"Conserve Battery","floor":5},{"not_picked":["Stack","Steam Power"],"picked":"Go for the Eyes+1","floor":7},{"not_picked":["Genetic Algorithm","Darkness"],"picked":"Glacier","floor":12}],"player_experience":52314,"relics_obtained":[{"floor":7,"key":"Molten Egg 2"},{"floor":9,"key":"Meat on the Bone"}],"event_choices":[{"damage_healed":0,"gold_gain":75,"player_choice":"Gather Gold","damage_taken":11,"max_hp_gain":0,"max_hp_loss":0,"event_name":"World of Goop","floor":3,"gold_loss":0},{"damage_healed":0,"gold_gain":0,"player_choice":"Success","damage_taken":3,"relics_obtained":["Ornamental Fan"],"max_hp_gain":0,"max_hp_loss":0,"event_name":"Scrap Ooze","floor":13,"gold_loss":0},{"damage_healed":0,"gold_gain":0,"player_choice":"Ignored","damage_taken":0,"max_hp_gain":0,"max_hp_loss":0,"event_name":"Liars Game","floor":14,"gold_loss":0}],"is_beta":false,"boss_relics":[],"items_purged_floors":[],"is_endless":false,"potions_floor_spawned":[1,4,7],"killed_by":"Slime Boss","ascension_level":4}}