{"host":"nkolxg4se00n20yf","time":1610458905,"event":{"mods":["BaseMod","CatGirl Mod","Chen","Colored Map","Colored Powertips","Downfall","Friendly Minions","Infinite Spire","Kiyohime????","Marisa????????","Minty Spire (QoL Compilation)","StSLib","Td1madao Mod","The Administrix","The Cursed","The Exalted","The Hierophant","The Servant 0.9.4"],"gold_per_floor":[113,113,176,192,202,230,246,246,272,302,316,350,350,367,367,367,367],"floor_reached":16,"playtime":704,"items_purged":[],"score":235,"play_id":"c510e5c2-7571-46ca-9446-8aebc64a9d25","local_time":"20210112144145","is_ascension_mode":true,"campfire_choices":[{"floor":8,"key":"REST"},{"floor":15,"key":"REST"}],"circlet_count":0,"master_deck":["AscendersBane","Strike_B","Strike_B","Strike_B","Defend_B","Defend_B","Defend_B","Defend_B","Zap","Dualcast","The Bomb","Defragment","Decay","hexamod:Haunted","infinitespire:Oblivion","Rebound","Stack","Fission","Beam Cell","Genetic Algorithm","Leap","Auto Shields","Leap","Gash","BootSequence"],"relics":["Cracked Core","Anchor","Vajra","Dream Catcher","infinitespire:PuzzleCube"],"acts_visited":["Exordium"],"potions_floor_usage":[10,11,16],"damage_taken":[{"damage":2,"enemies":"2 Louse","floor":1,"turns":3},{"damage":7,"enemies":"Jaw Worm","floor":4,"turns":3},{"damage":0,"enemies":"Small Slimes","floor":5,"turns":3},{"damage":7,"enemies":"Gremlin Nob","floor":6,"turns":3},{"damage":0,"enemies":"Red Slaver","floor":7,"turns":3},{"damage":44,"enemies":"3 Sentries","floor":10,"turns":6},{"damage":0,"enemies":"Lots of Slimes","floor":11,"turns":1},{"damage":0,"enemies":"Lagavulin","floor":12,"turns":5},{"damage":0,"enemies":"3 Louse","floor":14,"turns":2},{"damage":34,"enemies":"Hexaghost","floor":16,"turns":9}],"seed_played":"-2648113374154648993","potions_obtained":[{"floor":1,"key":"PotionOfCapacity"},{"floor":4,"key":"SkillPotion"},{"floor":10,"key":"Explosive Potion"}],"is_trial":false,"path_per_floor":["M","?","?","M","M","E","M","R","T","E","M","E","?","M","R","B"],"character_chosen":"DEFECT","items_purchased":[],"campfire_rested":2,"item_purchase_floors":[],"current_hp_per_floor":[48,48,48,41,41,34,34,56,56,12,12,12,12,12,34,0,0],"gold":367,"neow_bonus":"RANDOM_COLORLESS_2","is_daily":false,"chose_seed":false,"campfire_upgraded":0,"win_rate":0.0,"timestamp":1610458905,"path_taken":["M","?","?","M","M","E","M","R","T","E","M","E","?","?","R","BOSS"],"items_purchased_type":[],"build_version":"2020-12-22","purchased_purges":0,"victory":false,"max_hp_per_floor":[75,75,75,75,75,75,75,75,75,75,75,75,75,75,75,75,75],"card_choices":[{"not_picked":["Sadistic Nature","Panache"],"picked":"The Bomb","floor":0},{"not_picked":["Auto Shields","Hologram"],"picked":"Defragment","floor":1},{"not_picked":["infinitespire:Collect","infinitespire:DeathsTouch"],"picked":"infinitespire:Oblivion","floor":2},{"not_picked":["Sweeping Beam","Defragment"],"picked":"Rebound","floor":4},{"not_picked":["Barrage","Turbo"],"picked":"Stack","floor":5},{"not_picked":["Streamline","Hyperbeam"],"picked":"Fission","floor":6},{"not_picked":["Hello World","Static Discharge"],"picked":"Beam Cell","floor":7},{"not_picked":["Sunder","Beam Cell"],"picked":"Genetic Algorithm","floor":10},{"not_picked":["Streamline","Undo"],"picked":"Leap","floor":11},{"not_picked":["Cold Snap","Static Discharge"],"picked":"Auto Shields","floor":12},{"not_picked":["Cold Snap","Hologram"],"picked":"Gash","floor":14},{"not_picked":["Coolheaded","Skim"],"picked":"BootSequence","floor":15}],"player_experience":1112084,"relics_obtained":[{"floor":6,"key":"Anchor"},{"floor":9,"key":"Vajra"},{"floor":10,"key":"Dream Catcher"},{"floor":12,"key":"infinitespire:PuzzleCube"}],"event_choices":[{"damage_healed":0,"gold_gain":63,"player_choice":"Gained Gold","damage_taken":0,"max_hp_gain":0,"max_hp_loss":0,"event_name":"Golden Wing","floor":3,"gold_loss":0},{"damage_healed":0,"gold_gain":0,"cards_transformed":["Strike_B"],"player_choice":"Transformed","damage_taken":0,"max_hp_gain":0,"max_hp_loss":0,"event_name":"Transmorgrifier","floor":13,"gold_loss":0,"cards_obtained":["Leap"]}],"is_beta":false,"boss_relics":[],"items_purged_floors":[],"is_endless":false,"potions_floor_spawned":[1,4,7,10],"killed_by":"Hexaghost","ascension_level":12}}