{"host":"fjaupvxe7fzqrf4j","time":1610431221,"event":{"mods":["ATMod(°¢èªMod)","BaseMod","Minty Spire (QoL Compilation)","StSLib"],"gold_per_floor":[118,43,43,43,59,90,124,157,157,189,189,215,243,313,313,388,388,406,416,416,64,64,99,128,128,153,153,182,216,249,280,280,351,351,361,380,223,223,50,375,402,432,432,432,458,492,514,557,569,581,593,605,617,3,31,31],"floor_reached":57,"playtime":1695,"items_purged":["SignatureMove","FlyingSleeves"],"score":5143,"play_id":"029271c8-26d7-4b6e-81f4-af21441782bd","local_time":"20210112140021","daily_mods":["SealedDeck","Heirloom","Time Dilation","Flight","Elite Swarm"],"is_ascension_mode":true,"campfire_choices":[{"data":"Adaptation","floor":11.0,"key":"SMITH"},{"data":"Scrawl","floor":15.0,"key":"SMITH"},{"data":"Consecrate","floor":25.0,"key":"PURGE"},{"data":"FollowUp","floor":27.0,"key":"PURGE"},{"data":"Conclude+1","floor":32.0,"key":"PURGE"},{"data":"BowlingBash+1","floor":44.0,"key":"PURGE"},{"floor":49,"key":"RECALL"},{"data":"DevaForm","floor":53,"key":"SMITH"}],"circlet_count":0,"master_deck":["AscendersBane","Prostrate+1","Crescendo+1","ClearTheMind+1","FearNoEvil+1","AT_CaressingTears+1","Adaptation+1","Vault+1","DeusExMachina+1","LessonLearned+1","Scrawl+1","Scrawl+1","TalkToTheHand+1","Tantrum+1","WheelKick+1","EmptyMind+1","AT_DivineConfetti+1","Brilliance+1","Ragnarok+1","DevaForm+1","CurseOfTheBell","InnerPeace+1","TalkToTheHand+1","Adaptation+1","MentalFortress+1"],"relics":["PureWater","AT_ATBox","AT_Manta","Thread and Needle","TungstenRod","Happy Flower","Bird Faced Urn","Bottled Lightning","AT_SeraphEmbrace","Peace Pipe","HornCleat","Sozu","Nilry\u0027s Codex","Orrery","Bag of Preparation","Oddly Smooth Stone","Mercury Hourglass","Vajra","GoldenEye","Calling Bell","AT_BellDemon","Eternal Feather","Du-Vu Doll","Ancient Tea Set","Yang","ClockworkSouvenir","Darkstone Periapt","DollysMirror","Old Coin","Damaru","Torii","Juzu Bracelet","Turnip","Nunchaku","White Beast Statue","Frozen Egg 2","Calipers","AT_BellowingDragoncrestRing","MawBank","Incense Burner","InkBottle","AT_ImmortalShieldbow","Bottled Flame","Letter Opener","Blood Vial"],"acts_visited":["Exordium","TheCity","TheBeyond","TheEnding"],"potions_floor_usage":[56],"damage_taken":[{"damage":4.0,"enemies":"2 Louse","floor":1.0,"turns":2.0},{"damage":0.0,"enemies":"Cultist","floor":5.0,"turns":2.0},{"damage":0.0,"enemies":"Gremlin Nob","floor":6.0,"turns":2.0},{"damage":0.0,"enemies":"Lagavulin","floor":7.0,"turns":3.0},{"damage":15.0,"enemies":"3 Sentries","floor":8.0,"turns":2.0},{"damage":0.0,"enemies":"Gremlin Nob","floor":10.0,"turns":2.0},{"damage":11.0,"enemies":"Lagavulin","floor":12.0,"turns":4.0},{"damage":0.0,"enemies":"Gremlin Nob","floor":13.0,"turns":2.0},{"damage":0.0,"enemies":"Slime Boss","floor":16.0,"turns":2.0},{"damage":0.0,"enemies":"Chosen","floor":18.0,"turns":1.0},{"damage":0.0,"enemies":"Shell Parasite","floor":19.0,"turns":1.0},{"damage":0.0,"enemies":"Slavers","floor":23.0,"turns":1.0},{"damage":0.0,"enemies":"Gremlin Leader","floor":24.0,"turns":1.0},{"damage":0.0,"enemies":"Book of Stabbing","floor":28.0,"turns":2.0},{"damage":0.0,"enemies":"Gremlin Leader","floor":29.0,"turns":2.0},{"damage":0.0,"enemies":"Slavers","floor":30.0,"turns":1.0},{"damage":0.0,"enemies":"Book of Stabbing","floor":31.0,"turns":1.0},{"damage":0.0,"enemies":"Collector","floor":33.0,"turns":2.0},{"damage":0.0,"enemies":"Orb Walker","floor":35.0,"turns":1.0},{"damage":0.0,"enemies":"3 Darklings","floor":36.0,"turns":2.0},{"damage":0.0,"enemies":"Giant Head","floor":40.0,"turns":1.0},{"damage":0.0,"enemies":"Reptomancer","floor":41.0,"turns":3.0},{"damage":0.0,"enemies":"Nemesis","floor":42.0,"turns":2.0},{"damage":0.0,"enemies":"Giant Head","floor":45.0,"turns":1.0},{"damage":0,"enemies":"Reptomancer","floor":46,"turns":1},{"damage":0,"enemies":"4 Shapes","floor":47,"turns":1},{"damage":0,"enemies":"Nemesis","floor":48,"turns":1},{"damage":0,"enemies":"Donu and Deca","floor":50,"turns":1},{"damage":0,"enemies":"Time Eater","floor":51,"turns":2},{"damage":0,"enemies":"Shield and Spear","floor":55,"turns":1},{"damage":0,"enemies":"The Heart","floor":56,"turns":4}],"seed_played":"4222133529952949522","potions_obtained":[{"floor":4.0,"key":"DistilledChaos"},{"floor":4.0,"key":"SpeedPotion"}],"is_trial":true,"path_per_floor":["M","$","?","?","M","E","E","E","T","E","R","E","E","T","R","B",null,"M","M","?","$","?","E","E","R","T","R","E","E","E","E","R","B",null,"M","M","$","T","$","E","E","E","T","R","E","E","M","E","R","B","B",null,"R","$","E","B",null],"character_chosen":"WATCHER","items_purchased":["Orrery","EmptyMind","ClockworkSouvenir","DollysMirror","MentalFortress+1","Bottled Flame","Letter Opener"],"campfire_rested":0,"item_purchase_floors":[21,21,37,39,54,54,54],"current_hp_per_floor":[57,57,57,57,57,57,57,48,48,50,50,41,43,43,43,45,62,64,66,49,49,49,49,51,51,51,51,53,55,55,55,55,57,65,67,68,68,68,68,68,68,68,68,68,68,68,68,68,68,68,68,68,68,68,68,68],"gold":31,"neow_bonus":"","is_daily":false,"chose_seed":false,"campfire_upgraded":3,"win_rate":0.0,"timestamp":1610431221,"path_taken":["M","$","?","?","?","E","E","E","T","E","R","E","E","?","R","BOSS","M","M","?","$","?","E","E","R","T","R","E","E","E","E","R","BOSS","M","M","$","?","$","E","E","E","T","R","E","E","M","E","R","BOSS","BOSS","R","$","E","BOSS"],"items_purchased_type":["Relic","Card","Relic","Relic","Card","Relic","Relic"],"build_version":"2020-12-22","purchased_purges":2,"victory":true,"max_hp_per_floor":[68,68,68,68,68,68,68,68,68,68,68,68,68,68,68,68,68,68,68,68,68,68,68,68,68,68,68,68,68,68,68,68,68,68,68,68,68,68,68,68,68,68,68,68,68,68,68,68,68,68,68,68,68,68,68,68],"card_choices":[{"not_picked":["Consecrate","FollowUp"],"picked":"Conclude","floor":1.0},{"not_picked":["FlyingSleeves","Crescendo"],"picked":"Adaptation","floor":5.0},{"not_picked":["AT_IrregularMenstruation","Establishment"],"picked":"Vault","floor":6.0},{"not_picked":["Omniscience","Vault"],"picked":"DeusExMachina","floor":7.0},{"not_picked":["AT_IrregularMenstruation","DeusExMachina","Omniscience"],"picked":"SKIP","floor":8.0},{"not_picked":["AT_MachinaRedman","SpiritShield","AT_IrregularMenstruation"],"picked":"SKIP","floor":10.0},{"not_picked":["Judgement","Alpha"],"picked":"LessonLearned","floor":12.0},{"not_picked":["DeusExMachina","SpiritShield"],"picked":"Scrawl","floor":13.0},{"not_picked":["LessonLearned","ConjureBlade"],"picked":"Scrawl","floor":16.0},{"not_picked":["CrushJoints","JustLucky","CarveReality"],"picked":"SKIP","floor":18.0},{"not_picked":["Weave","BattleHymn"],"picked":"TalkToTheHand+1","floor":19.0},{"not_picked":["CrushJoints","AT_DivineConfetti"],"picked":"Tantrum","floor":21.0},{"not_picked":["Perseverance+1","FearNoEvil"],"picked":"WheelKick","floor":21.0},{"not_picked":["AT_IrregularMenstruation","AT_ChampionKick"],"picked":"Brilliance","floor":23.0},{"not_picked":["AT_IrregularMenstruation","Scrawl"],"picked":"Ragnarok","floor":24.0},{"not_picked":["AT_IrregularMenstruation","Vault","LessonLearned"],"picked":"SKIP","floor":28.0},{"not_picked":["Blasphemy","AT_IrregularMenstruation","Brilliance"],"picked":"SKIP","floor":29.0},{"not_picked":["Alpha","Vault","MasterReality"],"picked":"SKIP","floor":30.0},{"not_picked":["MasterReality","Establishment"],"picked":"DevaForm","floor":31.0},{"not_picked":["BowlingBash+1","WheelKick"],"picked":"InnerPeace+1","floor":35.0},{"not_picked":["EmptyBody","AT_ChampionKick"],"picked":"TalkToTheHand","floor":36.0},{"not_picked":["Brilliance","MasterReality","Judgement"],"picked":"SKIP","floor":40.0},{"not_picked":["Judgement","DeusExMachina","Devotion"],"picked":"SKIP","floor":41.0},{"not_picked":["AT_IrregularMenstruation","Scrawl","ConjureBlade"],"picked":"SKIP","floor":42.0},{"not_picked":["Judgement","MasterReality+1","Wish"],"picked":"SKIP","floor":45},{"not_picked":["AT_MachinaRedman","Scrawl","Vault"],"picked":"SKIP","floor":46},{"not_picked":["Halt","WindmillStrike","Prostrate"],"picked":"SKIP","floor":47},{"not_picked":["Wish","AT_MachinaRedman","AT_ChampionKick"],"picked":"SKIP","floor":48},{"not_picked":["ConjureBlade","AT_ChampionKick","AT_RealColorLess+1"],"picked":"SKIP","floor":55}],"player_experience":406999,"relics_obtained":[{"floor":6.0,"key":"Thread and Needle"},{"floor":7.0,"key":"TungstenRod"},{"floor":8.0,"key":"Happy Flower"},{"floor":9.0,"key":"Bird Faced Urn"},{"floor":10.0,"key":"Bottled Lightning"},{"floor":12.0,"key":"AT_ArchangelStaff"},{"floor":13.0,"key":"Peace Pipe"},{"floor":14.0,"key":"HornCleat"},{"floor":20.0,"key":"Nilry\u0027s Codex"},{"floor":23.0,"key":"Bag of Preparation"},{"floor":24.0,"key":"Oddly Smooth Stone"},{"floor":28.0,"key":"Mercury Hourglass"},{"floor":30.0,"key":"Vajra"},{"floor":31.0,"key":"GoldenEye"},{"floor":34.0,"key":"AT_BellDemon"},{"floor":34.0,"key":"Eternal Feather"},{"floor":34.0,"key":"Du-Vu Doll"},{"floor":35.0,"key":"Ancient Tea Set"},{"floor":36.0,"key":"Yang"},{"floor":38.0,"key":"Darkstone Periapt"},{"floor":40.0,"key":"Old Coin"},{"floor":40.0,"key":"Damaru"},{"floor":41.0,"key":"Torii"},{"floor":41.0,"key":"Juzu Bracelet"},{"floor":42.0,"key":"Turnip"},{"floor":42.0,"key":"Nunchaku"},{"floor":43.0,"key":"White Beast Statue"},{"floor":45,"key":"Frozen Egg 2"},{"floor":45,"key":"Calipers"},{"floor":46,"key":"AT_BellowingDragoncrestRing"},{"floor":46,"key":"MawBank"},{"floor":47,"key":"Incense Burner"},{"floor":48,"key":"InkBottle"},{"floor":48,"key":"AT_ImmortalShieldbow"},{"floor":55,"key":"Blood Vial"}],"event_choices":[{"damage_healed":0.0,"max_hp_gain":0.0,"max_hp_loss":0.0,"gold_gain":0.0,"event_name":"Liars Game","player_choice":"Ignored","floor":3.0,"gold_loss":0.0,"damage_taken":0.0},{"damage_healed":0.0,"max_hp_gain":0.0,"max_hp_loss":0.0,"gold_gain":0.0,"event_name":"Lab","player_choice":"Got Potions","floor":4.0,"gold_loss":0.0,"damage_taken":0.0},{"damage_healed":0.0,"max_hp_gain":0.0,"max_hp_loss":0.0,"gold_gain":0.0,"event_name":"Cursed Tome","player_choice":"Obtained Book","floor":20.0,"gold_loss":0.0,"damage_taken":21.0},{"damage_healed":0.0,"max_hp_gain":0.0,"max_hp_loss":0.0,"gold_gain":0.0,"cards_transformed":["EmptyFist"],"event_name":"Transmorgrifier","player_choice":"Transformed","floor":22.0,"gold_loss":0.0,"damage_taken":0.0,"cards_obtained":["AT_DivineConfetti"]}],"is_beta":false,"boss_relics":[{"not_picked":["Tiny House","AT_MortalBlade"],"picked":"Sozu"},{"not_picked":["SacredBark","Cursed Key"],"picked":"Calling Bell"}],"items_purged_floors":[2,21],"is_endless":false,"potions_floor_spawned":[5,6,10,12,13,18,23,30,36,41,42,45,46,47,48,55],"ascension_level":20}}