{"host":"o7j6aatxjwpw1421","time":1610463330,"event":{"mods":["2.2 Compatiblity","AchievementEnabler","BaseMod","Colored Map","DeckTracker","Highlight Path","Keyboard Shortcuts","Minty Spire (QoL Compilation)","Permanent Neow","Quick Restart","StSLib","SuperFastMode","everything is the same but u backflip on backflip"],"gold_per_floor":[360,285,300,144,156,188,188,221,221,221,232,266,266,341,341,341,341],"floor_reached":16,"playtime":595,"items_purged":["Strike_R"],"score":230,"play_id":"3c657f4c-8922-4d3d-98f3-d7838429d8ef","local_time":"20210112235530","is_ascension_mode":true,"campfire_choices":[{"data":"Blood for Blood","floor":7.0,"key":"SMITH"},{"floor":13,"key":"REST"},{"floor":15,"key":"REST"}],"circlet_count":0,"master_deck":["AscendersBane","Strike_R","Strike_R","Strike_R","Defend_R","Defend_R","Defend_R","Defend_R","Bash","Pommel Strike","Blood for Blood+1","Impervious","Disarm","Body Slam","Bludgeon"],"relics":["Burning Blood","HornCleat","Singing Bowl","White Beast Statue","Dream Catcher"],"acts_visited":["Exordium"],"potions_floor_usage":[12],"damage_taken":[{"damage":14.0,"enemies":"2 Louse","floor":1.0,"turns":5.0},{"damage":1.0,"enemies":"Cultist","floor":3.0,"turns":3.0},{"damage":4.0,"enemies":"Jaw Worm","floor":5.0,"turns":5.0},{"damage":20.0,"enemies":"3 Sentries","floor":6.0,"turns":8.0},{"damage":21.0,"enemies":"Lagavulin","floor":8.0,"turns":7.0},{"damage":14.0,"enemies":"Exordium Thugs","floor":11.0,"turns":6.0},{"damage":40,"enemies":"3 Sentries","floor":12,"turns":10},{"damage":47,"enemies":"Hexaghost","floor":16,"turns":11}],"seed_played":"-8575238347103494808","potions_obtained":[{"floor":5.0,"key":"ColorlessPotion"},{"floor":6.0,"key":"DuplicationPotion"},{"floor":11.0,"key":"BloodPotion"},{"floor":12,"key":"Explosive Potion"}],"is_trial":false,"path_per_floor":["M","?","M","$","M","E","R","E","T","?","M","E","R","?","R","B"],"character_chosen":"IRONCLAD","items_purchased":["Impervious"],"campfire_rested":2,"item_purchase_floors":[4],"current_hp_per_floor":[60,60,65,65,67,53,53,38,38,38,32,15,40,29,55,8,8],"gold":341,"neow_bonus":"TWO_FIFTY_GOLD","is_daily":false,"chose_seed":false,"campfire_upgraded":1,"win_rate":0.0,"timestamp":1610463330,"path_taken":["M","?","M","$","M","E","R","E","T","?","?","E","R","?","R","BOSS"],"items_purchased_type":["Card"],"build_version":"2020-12-22","purchased_purges":1,"victory":false,"max_hp_per_floor":[75,75,75,75,75,75,75,75,75,75,77,79,81,81,83,83,83],"card_choices":[{"not_picked":["Clash","Sword Boomerang"],"picked":"Pommel Strike","floor":1.0},{"not_picked":["Sword Boomerang","Clash"],"picked":"Blood for Blood","floor":3.0},{"not_picked":["Iron Wave","Heavy Blade"],"picked":"Disarm","floor":5.0},{"not_picked":["Flex","Cleave"],"picked":"Body Slam","floor":6.0},{"not_picked":["Cleave","Havoc"],"picked":"Bludgeon","floor":8.0},{"not_picked":["Flex","Headbutt","Body Slam"],"picked":"Singing Bowl","floor":11.0},{"not_picked":["Body Slam","Brutality","Rage"],"picked":"Singing Bowl","floor":12},{"not_picked":["Disarm","Flex","Carnage"],"picked":"Singing Bowl","floor":13},{"not_picked":["Pommel Strike","Sword Boomerang","Intimidate"],"picked":"Singing Bowl","floor":15}],"player_experience":500183,"relics_obtained":[{"floor":6.0,"key":"HornCleat"},{"floor":8.0,"key":"Singing Bowl"},{"floor":9.0,"key":"White Beast Statue"},{"floor":12,"key":"Dream Catcher"}],"event_choices":[{"cards_removed":["Decay"],"damage_healed":0.0,"max_hp_gain":0.0,"max_hp_loss":0.0,"gold_gain":0.0,"event_name":"The Cleric","player_choice":"Card Removal","floor":2.0,"gold_loss":75.0,"damage_taken":0.0},{"cards_removed":["Strike_R"],"damage_healed":0.0,"max_hp_gain":0.0,"max_hp_loss":0.0,"gold_gain":0.0,"event_name":"Purifier","player_choice":"Purged","floor":10.0,"gold_loss":0.0,"damage_taken":0.0},{"damage_healed":0,"gold_gain":75,"player_choice":"Gather Gold","damage_taken":11,"max_hp_gain":0,"max_hp_loss":0,"event_name":"World of Goop","floor":14,"gold_loss":0}],"is_beta":false,"boss_relics":[],"items_purged_floors":[4],"is_endless":false,"potions_floor_spawned":[5,6,11,12],"killed_by":"Hexaghost","ascension_level":19}}