{"host":"bf9sa99gaumonoeu","time":1610470776,"event":{"mods":["AchievementEnabler","Act Like it!","BaseMod","Better Sensory Stone","Colored Map","Colored Powertips","Fox Events","Friendly Minions","Gensokyo","GifTheSpireLib","Googly Eyes","Hallownest","Hermit","Hubris","Jorbs\u0027s Wanderer Trilogy","KinomotoSakuraMod(????)","Koishi","Lobotomy","Marisa????????","Minty Spire (QoL Compilation)","Rare Cards Sparkle","Reimu??????","Relic Stats","Remilia??????","Replay The Spire","StSLib","The Administrix","The Animator","The Bug Knight","The Construct","The Cursed","The Disciple","The Hierophant","The Mystic","The Necromancer","The Poker Player","The Runesmith","The Senshi","The Servant 0.9.4","TheLocksmith","Yakumo Yukari mod","thorton"],"gold_per_floor":[119,142,174,184,211,211,211,263,290,290,290,270,25,54,54,127,127,145,186,186,69,81,81,109,109,134,134,49,82,7,7,7,7,7],"floor_reached":33,"playtime":2027,"items_purged":[],"score":464,"play_id":"9d80e819-6e20-411a-ade9-2f02d9ba318b","local_time":"20210112145936","is_ascension_mode":true,"campfire_choices":[{"data":"animator:MisaKurobane","floor":6,"key":"SMITH"},{"data":"animator:Saitama","floor":10,"key":"SMITH"},{"floor":15,"key":"REST"},{"floor":23,"key":"REST"},{"floor":25,"key":"REST"},{"data":"animator:AcuraShin","floor":32,"key":"SMITH"}],"circlet_count":0,"master_deck":["AscendersBane","animator:Strike_Elsword","animator:Defend_Elsword","animator:Strike","animator:Strike","animator:Strike","animator:Defend","animator:Defend","animator:Chung","animator:Raven","animator:MisaKurobane+1","animator:Saitama+1","animator:Rena","animator:Elsword","animator:Ciel","ReplayTheSpireMod:Splinters","animator:Elesis+2","animator:AcuraShin+1","animator:Shigure+1","animator:Ara","animator:Tatsumaki","animator:Ain","animator:SwordMaiden"],"relics":["animator:LivingPicture","animator:TheMissingPiece","hubris:CrystalStatue","animator:ShionDessert","Matryoshka","Mummified Hand","Replay:Bottled Eggs","Runesmith:UraniumAnvil","animator:CerealBox","hubris:DeckOfHolding","Art of War","Replay:Rubber Ducky","Bronze Scales","Replay:Ringing Soul"],"acts_visited":["Exordium","TheCity"],"potions_floor_usage":[14,19,24,29],"damage_taken":[{"damage":4,"enemies":"Small Slimes","floor":1,"turns":3},{"damage":2,"enemies":"Jaw Worm","floor":2,"turns":4},{"damage":0,"enemies":"2 Louse","floor":3,"turns":3},{"damage":1,"enemies":"Exordium Thugs","floor":4,"turns":7},{"damage":9,"enemies":"Blue Slaver","floor":5,"turns":4},{"damage":17,"enemies":"Gremlin Nob","floor":14,"turns":5},{"damage":29,"enemies":"Slime Boss","floor":16,"turns":10},{"damage":7,"enemies":"Spheric Guardian","floor":18,"turns":4},{"damage":9,"enemies":"2 Thieves","floor":19,"turns":5},{"damage":12,"enemies":"Cultist and Chosen","floor":22,"turns":6},{"damage":47,"enemies":"animator:HornedBat","floor":24,"turns":5},{"damage":28,"enemies":"Gremlin Leader","floor":29,"turns":5},{"damage":47,"enemies":"Champ","floor":33,"turns":7}],"seed_played":"-2986584041883191781","potions_obtained":[{"floor":1,"key":"Strength Potion"},{"floor":2,"key":"Elixir"},{"floor":5,"key":"DuplicationPotion"},{"floor":14,"key":"LifebloodPotion"},{"floor":22,"key":"Swift Potion"},{"floor":24,"key":"PowerPotion"}],"is_trial":false,"path_per_floor":["M","M","M","M","M","R","?","?","T","R","T","?","$","E","R","B",null,"M","M","?","$","M","R","E","R","T","?","?","E","?","?","R","B"],"character_chosen":"THE_ANIMATOR","items_purchased":["Mummified Hand","animator:CerealBox"],"campfire_rested":3,"item_purchase_floors":[13,21],"current_hp_per_floor":[55,53,53,53,44,44,44,44,44,44,44,44,44,28,48,19,56,49,40,28,28,37,59,14,36,36,61,61,36,36,36,36,0,0],"gold":7,"neow_bonus":"RANDOM_COLORLESS","is_daily":false,"chose_seed":false,"campfire_upgraded":3,"win_rate":0.0,"timestamp":1610470776,"path_taken":["M","M","M","M","M","R","?","?","T","R","?","?","$","E","R","BOSS","M","M","?","$","M","R","E","R","T","?","?","E","?","?","R","BOSS"],"items_purchased_type":["Relic","Relic"],"build_version":"2020-12-22","purchased_purges":0,"victory":false,"max_hp_per_floor":[66,66,66,67,67,67,67,67,67,67,67,67,67,68,68,68,68,68,68,73,73,74,74,76,76,76,76,76,79,79,79,79,79,79],"relic_stats":{"counters":[13,68],"Mummified Hand":[1],"Bronze Scales":[27],"Art of War":[0],"obtain_stats":[{"animator:ShionDessert":9,"hubris:CrystalStatue":8,"animator:TheMissingPiece":0,"animator:CerealBox":21,"Replay:Rubber Ducky":26,"Replay:Ringing Soul":29,"Matryoshka":11,"Mummified Hand":13,"Bronze Scales":28,"Runesmith:UraniumAnvil":17,"hubris:DeckOfHolding":24,"animator:LivingPicture":0,"Art of War":26,"Replay:Bottled Eggs":14},{"animator:ShionDessert":5,"hubris:CrystalStatue":5,"animator:TheMissingPiece":0,"animator:CerealBox":9,"Replay:Rubber Ducky":11,"Replay:Ringing Soul":12,"Matryoshka":5,"Mummified Hand":5,"Bronze Scales":11,"Runesmith:UraniumAnvil":7,"hubris:DeckOfHolding":11,"animator:LivingPicture":0,"Art of War":11,"Replay:Bottled Eggs":6},{"animator:ShionDessert":21,"hubris:CrystalStatue":21,"animator:TheMissingPiece":0,"animator:CerealBox":45,"Replay:Rubber Ducky":56,"Replay:Ringing Soul":61,"Matryoshka":21,"Mummified Hand":21,"Bronze Scales":56,"Runesmith:UraniumAnvil":36,"hubris:DeckOfHolding":56,"animator:LivingPicture":0,"Art of War":56,"Replay:Bottled Eggs":26}]},"card_choices":[{"not_picked":["animator:Zero","animator:MamizouFutatsuiwa"],"picked":"animator:MisaKurobane","floor":0},{"not_picked":["animator:Azekura","animator:Layla","animator:Raven"],"picked":"SKIP","floor":1},{"not_picked":["animator:Mitsuba","animator:Guy"],"picked":"animator:Saitama","floor":2},{"not_picked":["animator:Ara","animator:Guy"],"picked":"animator:Rena","floor":3},{"not_picked":["animator:Chung","animator:Ciel"],"picked":"animator:Elsword","floor":4},{"not_picked":["animator:Togame","animator:Genos"],"picked":"animator:Ciel","floor":5},{"not_picked":["animator:Mitsuba","animator:HiiragiShinya"],"picked":"animator:Elesis","floor":14},{"not_picked":["animator:Shizu","animator:Guren"],"picked":"animator:AcuraShin","floor":16},{"not_picked":["animator:Millim","animator:Tatsumaki"],"picked":"animator:Shigure+1","floor":18},{"not_picked":["animator:Elsword","animator:Raven"],"picked":"animator:Ara","floor":19},{"not_picked":["animator:Priestess","animator:DwarfShaman"],"picked":"animator:Tatsumaki","floor":22},{"not_picked":["animator:Tatsumaki","animator:Shigure"],"picked":"animator:Ain","floor":24},{"not_picked":["animator:HighElfArcher","animator:Geryuganshoop"],"picked":"animator:SwordMaiden","floor":29}],"player_experience":922117,"relics_obtained":[{"floor":8,"key":"hubris:CrystalStatue"},{"floor":9,"key":"animator:ShionDessert"},{"floor":11,"key":"Matryoshka"},{"floor":14,"key":"Replay:Bottled Eggs"},{"floor":24,"key":"hubris:DeckOfHolding"},{"floor":26,"key":"Art of War"},{"floor":26,"key":"Replay:Rubber Ducky"},{"floor":29,"key":"Replay:Ringing Soul"}],"event_choices":[{"damage_healed":0,"gold_gain":0,"player_choice":"Ignored","damage_taken":0,"max_hp_gain":0,"max_hp_loss":0,"event_name":"Shining Light","floor":7,"gold_loss":0},{"damage_healed":0,"gold_gain":0,"player_choice":"Bought 1 Potion","damage_taken":0,"max_hp_gain":0,"max_hp_loss":0,"event_name":"The Woman in Blue","floor":12,"gold_loss":0},{"damage_healed":0,"gold_gain":0,"player_choice":"Shed Blood","damage_taken":17,"max_hp_gain":5,"max_hp_loss":0,"event_name":"Forgotten Altar","floor":20,"gold_loss":0},{"damage_healed":25,"gold_gain":0,"player_choice":"Heal","damage_taken":0,"max_hp_gain":0,"max_hp_loss":0,"event_name":"The Library","floor":27,"gold_loss":0},{"damage_healed":0,"gold_gain":0,"player_choice":"Obtained Relic","damage_taken":0,"relics_obtained":["Bronze Scales"],"max_hp_gain":0,"max_hp_loss":0,"event_name":"Addict","floor":28,"gold_loss":85},{"cards_removed":["animator:Defend"],"damage_healed":0,"gold_gain":0,"player_choice":"Gave Gold","damage_taken":0,"max_hp_gain":0,"max_hp_loss":0,"event_name":"Beggar","floor":30,"gold_loss":75}],"is_beta":false,"boss_relics":[{"not_picked":["Replay:Bronze Core","hubris:HollowSoul"],"picked":"Runesmith:UraniumAnvil"}],"items_purged_floors":[],"is_endless":false,"potions_floor_spawned":[1,2,5,14,22,24],"killed_by":"Champ","ascension_level":13}}