{"host":"m99pr52ak2jwx2yo","time":1610439842,"event":{"mods":["BaseMod","Better Match","BetterRewards","Colored Map","Friendly Minions","Hermit","Hubris","Kiyohime£¨?ýï£©","Marisa£¨Ùöéë¡¡Øª×âÞÞ£©","Minty Spire (QoL Compilation)","Prisma Mod","Relic Stats","StSLib","SuperFastMode","Td1madao Mod","The Animator","The Cursed"],"gold_per_floor":[119,133,133,133,133,133,58,92,92,104,4,24,24,36,36,136,136,154,154,4,15,27,27,27,27,27],"floor_reached":25,"playtime":1095,"items_purged":["Defend_R","Defend_R"],"score":261,"play_id":"d7f68253-215c-4735-ad96-4a099c50de5d","local_time":"20210112172402","is_ascension_mode":true,"campfire_choices":[{"floor":6,"key":"RECALL"},{"floor":15,"key":"REST"},{"floor":24,"key":"REST"}],"circlet_count":0,"master_deck":["Strike_R","Strike_R","Strike_R","Strike_R","Strike_R","Bash","Rage","Clash","Fiend Fire","Seeing Red+1","Sever Soul","Anger","Berserk","Clash+1"],"relics":["Runic Cube","hubris:MysteriousPyramids","Toxic Egg 2","GremlinMask","SlaversCollar","Orichalcum"],"acts_visited":["Exordium","TheCity"],"potions_floor_usage":[16,16,16,22,22],"damage_taken":[{"damage":13,"enemies":"Jaw Worm","floor":1,"turns":4},{"damage":6,"enemies":"2 Louse","floor":2,"turns":3},{"damage":21,"enemies":"Lagavulin","floor":8,"turns":5},{"damage":0,"enemies":"Small Slimes","floor":10,"turns":2},{"damage":11,"enemies":"Looter","floor":12,"turns":2},{"damage":17,"enemies":"Lots of Slimes","floor":14,"turns":3},{"damage":30,"enemies":"Hexaghost","floor":16,"turns":6},{"damage":6,"enemies":"Chosen","floor":18,"turns":3},{"damage":10,"enemies":"Spheric Guardian","floor":21,"turns":3},{"damage":32,"enemies":"3 Cultists","floor":22,"turns":5},{"damage":44,"enemies":"Book of Stabbing","floor":25,"turns":3}],"seed_played":"1278253108456050002","potions_obtained":[{"floor":1,"key":"HeartOfIron"},{"floor":8,"key":"LiquidBronze"},{"floor":12,"key":"Strength Potion"},{"floor":16,"key":"AttackPotion"},{"floor":18,"key":"DuplicationPotion"}],"is_trial":false,"path_per_floor":["M","M","?","?","?","R","$","E","T","M","$","M","?","M","R","B",null,"M","?","$","M","M","$","R","E"],"character_chosen":"IRONCLAD","items_purchased":["Orichalcum"],"campfire_rested":2,"item_purchase_floors":[20],"current_hp_per_floor":[59,53,53,46,80,80,80,59,59,59,59,48,48,31,55,25,66,60,60,60,50,18,18,42,0,0],"gold":27,"neow_bonus":"BOSS_RELIC","is_daily":false,"chose_seed":false,"campfire_upgraded":0,"win_rate":0.0,"timestamp":1610439842,"path_taken":["M","M","?","?","?","R","$","E","T","M","$","?","?","?","R","BOSS","M","?","$","M","M","$","R","E"],"items_purchased_type":["Relic"],"build_version":"2020-12-22","purchased_purges":2,"victory":false,"max_hp_per_floor":[80,80,80,80,80,80,80,80,80,80,80,80,80,80,80,80,80,80,80,80,80,80,80,80,80,80],"relic_stats":{"counters":[11,39],"Orichalcum":[30],"obtain_stats":[{"SlaversCollar":17,"GremlinMask":13,"hubris:MysteriousPyramids":8,"Toxic Egg 2":9,"Orichalcum":20,"Burning Blood":0,"Runic Cube":0},{"SlaversCollar":7,"GremlinMask":5,"hubris:MysteriousPyramids":3,"Toxic Egg 2":3,"Orichalcum":8,"Burning Blood":0,"Runic Cube":0},{"SlaversCollar":25,"GremlinMask":16,"hubris:MysteriousPyramids":12,"Toxic Egg 2":12,"Orichalcum":28,"Burning Blood":0,"Runic Cube":0}],"Runic Cube":[30]},"card_choices":[{"not_picked":["Burning Pact","Iron Wave"],"picked":"Rage","floor":1},{"not_picked":["Headbutt","Flex"],"picked":"Clash","floor":2},{"not_picked":["Clothesline","True Grit"],"picked":"Fiend Fire","floor":8},{"not_picked":["Body Slam","Armaments+1"],"picked":"Seeing Red+1","floor":10},{"not_picked":["hubris:ReadiedAction+1","Blood for Blood"],"picked":"Sever Soul","floor":12},{"not_picked":["Feel No Pain","Combust"],"picked":"Anger","floor":14},{"not_picked":["Feed","Corruption"],"picked":"Berserk","floor":16},{"not_picked":["Whirlwind","Heavy Blade","True Grit+1"],"picked":"SKIP","floor":18},{"not_picked":["Dropkick","hubris:CleavingFinish","Wild Strike"],"picked":"SKIP","floor":21},{"not_picked":["Cleave+1","Clothesline"],"picked":"Clash+1","floor":22}],"player_experience":102648,"relics_obtained":[{"floor":8,"key":"hubris:MysteriousPyramids"},{"floor":9,"key":"Toxic Egg 2"}],"event_choices":[{"cards_removed":["Defend_R"],"damage_healed":0,"gold_gain":0,"player_choice":"Forget","damage_taken":0,"max_hp_gain":0,"max_hp_loss":0,"event_name":"Living Wall","floor":3,"gold_loss":0},{"cards_removed":["Defend_R"],"damage_healed":0,"gold_gain":0,"player_choice":"Card Removal","damage_taken":7,"max_hp_gain":0,"max_hp_loss":0,"event_name":"Golden Wing","floor":4,"gold_loss":0},{"damage_healed":34,"gold_gain":0,"player_choice":"Full Heal","damage_taken":0,"max_hp_gain":0,"max_hp_loss":0,"event_name":"Wheel of Change","floor":5,"gold_loss":0},{"damage_healed":0,"gold_gain":0,"player_choice":"Trade","damage_taken":0,"relics_obtained":["GremlinMask"],"max_hp_gain":0,"max_hp_loss":0,"event_name":"FaceTrader","floor":13,"gold_loss":0},{"damage_healed":0,"gold_gain":0,"player_choice":"Ignored","damage_taken":0,"max_hp_gain":0,"max_hp_loss":0,"event_name":"Vampires","floor":19,"gold_loss":0}],"is_beta":false,"boss_relics":[{"not_picked":["Mark of Pain","Velvet Choker"],"picked":"SlaversCollar"}],"items_purged_floors":[7,11],"is_endless":false,"potions_floor_spawned":[1,8,12,16,18],"killed_by":"Book of Stabbing","ascension_level":6}}