{"host":"2hlhnd4tei6r1t0s","time":1610447289,"event":{"mods":["100% Spire Juice","ATMod(阿瑾Mod)","Act Like it!","Arknights The Spire","Aspiration","Astrologer","Bard","BaseMod","Conspire","Decade(王小明)","Dota2Spire","Downfall","Energized Spire","Evolution","Gensokyo","Gremlin Mod","Hallownest","Hermit","HumanHunterMod(怪物杀人mod)","Jedi Mod","Jorbs\u0027s Wanderer Trilogy","KinomotoSakuraMod(木之本樱)","Koishi","Luminous","Mari Mod (Legacy)","Mari\u0027s V1 Patch","Minty Spire (QoL Compilation)","MostiFishMod","Nova Terra(诺娃・泰拉)","Pale of the Ancients","Potionbrewer","Prisma Mod","Quick Restart","Reimu（博丽灵梦）","Replay The Spire","Robot Space Explorer","RumiaBox-露米娅的神秘盒子","Spicy Shops","StSLib","TestMod","The Administrix","The Alterego","The Animator","The Blackbeard","The Construct","The Cursed","The Forsaken","The Gatherer","The Hayseed","The Marked","The Mystic","The Poker Player","The Runesmith","The Saiyan","The Showman","TheHeartMod","TheWitcher","Uncapped","WarShipGirlsR/战舰少女R mod","Yakumo Yukari mod","Yuyuko","[IsaacMod]以撒尖塔","[地精首领爬塔]The Maniac","noobMod","vexMod","【功能Mod】混沌之环修复补丁","【功能Mod】聪明的最终Boss","【遗物卡牌】REMEMod","残留之物"],"gold_per_floor":[116,1215752192,1215752212,1215752232,1215752232,1215752232,1215752251,1215752262,1215752289,1215752321,1215751424,1215751424,1215749106,1215749119,1215749119,1215749222,1215749222,1215749238,1215749238,1215749238,1215749255,1215747777,1215747810,1215747810,1215747725,1215747794,1215747804,1215746595,1215746595,1215746595,1215746610,1215746610,1215746715,1215746715,1215746728,1215746799,1215746799,1215746799],"floor_reached":37,"playtime":1649,"items_purged":["Writhe","jedi:thedog","theForsaken:PlagueCurse","theMarked:Defend"],"score":762,"play_id":"a5a90ca4-6ddf-4a81-a281-6cfbae87b05b","local_time":"20210112182809","is_ascension_mode":false,"campfire_choices":[{"data":"AT_ChampionStep","floor":6,"key":"SMITH"},{"data":"maniac:StormOfTime","floor":24,"key":"SMITH"},{"data":"REME_Shoggoth","floor":29,"key":"SMITH"},{"data":"Perfected Strike","floor":32,"key":"SMITH"}],"circlet_count":0,"master_deck":["theMarked:Strike+1","theMarked:Strike+1","theMarked:Strike+1","theMarked:Strike+1","theMarked:Strike+1","theMarked:Defend","theMarked:Defend","theMarked:SoldierOfQuellstein","EpicFetus","AT_ChampionStep+1","PrismaMod:IllyaInstallAvenger","theMarked:SwordAndMagic","theMarked:Aftermath","theMarked:ContemptForTheProud","theMarked:SwordAndMagic","theMarked:Indomitable","theMarked:ElectricStrings","theMarked:SwordAndMagic","theMarked:ChainLightning","theMarked:BanishingWave","testmod-LimitFlipper","theMarked:EternalStudent","theMarked:ChainLightning+1","theMarked:ShockingTouch","hermit:WideOpen","theMarked:Static","maniac:StormOfTime+1","theMarked:StartUp","theMarked:MuscleMemory","theMarked:Parry","PrismaMod:MiyuUberAOEAttack","bard:Balestra","REME_Shoggoth+1","Luminous:Light_Disperse+1","theMarked:ShockingTouch+1","theMarked:Parkour","theForsaken:SolarFlare","sneckomod:DiceBoulder","theMarked:ElectricStrings","theMarked:SwordAndMagic+1","theMarked:Overcharge","Twin Strike","blackbeard:RearmingStrike","TheCursedMod:TacticalStrike","Slimebound:LeechingTouch","PokerPlayerMod:HeartStrike","Perfected Strike+1","blackbeard:Shrapnel","stsjorbsmod:Withdraw","theMarked:SummonStrength","theHeart:TentacleWhip"],"relics":["theMarked:ArtifactOfAir","EVO:Axolotl","ice","testmod-TestBox","DaveBox","HushsDoor","AT_ATBox","MoneyPower","GreenFoldingFan","testmod-EnergyCheck","NeowsBlessing","SynthV:TestCard","aspiration:SeaSaltIceCream","REME_ComplimentaryCards","theForsaken:Gavel","theForsaken:PlagueMask","Dota2Spire:ArmletOfMordiggian","Torii","GnawedLeaf","Tiny Chest","AT_ArchangelStaff","jedi:heavyjacket","PrismaticShard","conspire:DecoderRing","Dota2Spire:CrimsonGuard","MetatronsCube","REME_HandOfSuture","TimeFreeze","Bottled Flame","conspire:RoyalGoblet","GuppysTail","REME_ComplimentaryCards","conspire:DeflatedDodgeball","Strange Spoon","StrikeDummy","conspire:Dentures","ReplayTheSpireMod:Ninjato","Lantern","BFFS","Smiling Mask","Strawberry","Dota2Spire:OrchidMalevolence","MostiFishMod:AdaptiveDefenses","TheAbacus","conspire:TopHat","testmod-ObsoleteBoomerang","Gremlin Food","Replay:Bottled Eggs","energizedSpire:RedRose","MegaBlast","Mercury Hourglass"],"acts_visited":["Exordium","TheCity","TheBeyond"],"potions_floor_usage":[],"damage_taken":[{"damage":2,"enemies":"conspire:RoseBush","floor":1,"turns":1},{"damage":2,"enemies":"Hiden Room Battle","floor":2,"turns":1},{"damage":2,"enemies":"Cultist","floor":3,"turns":1},{"damage":2,"enemies":"Jaw Worm","floor":4,"turns":1},{"damage":2,"enemies":"Red Slaver","floor":7,"turns":1},{"damage":2,"enemies":"Looter","floor":8,"turns":1},{"damage":2,"enemies":"Replay:BlueRogue","floor":10,"turns":1},{"damage":2,"enemies":"Blue Slaver","floor":14,"turns":1},{"damage":2,"enemies":"Slime Boss","floor":16,"turns":1},{"damage":4,"enemies":"Chosen","floor":18,"turns":1},{"damage":2,"enemies":"2 Thieves","floor":21,"turns":1},{"damage":2,"enemies":"Replay:Snechameleon","floor":23,"turns":1},{"damage":2,"enemies":"Snake Plant","floor":27,"turns":1},{"damage":2,"enemies":"Snecko","floor":31,"turns":1},{"damage":2,"enemies":"conspire:MysteriousRune","floor":33,"turns":1},{"damage":5,"enemies":"3 Darklings","floor":35,"turns":1}],"seed_played":"6156160277888089756","potions_obtained":[{"floor":1,"key":"Elixir"},{"floor":3,"key":"ColorlessPotion"},{"floor":4,"key":"Dota2Spire:HealingSalve"},{"floor":21,"key":"FairyPotion"}],"is_trial":false,"path_per_floor":["M","?","M","M","?","R","M","M","T","E","$","?","$","M","R","B",null,"M","?","T","M","$","E","R","?","T","M","$","R","?","M","R","B",null,"M","T","M"],"character_chosen":"THE_DEFAULT","items_purchased":["GnawedLeaf","Tiny Chest","AT_ArchangelStaff","jedi:heavyjacket","theMarked:ChainLightning","theMarked:BanishingWave","testmod-LimitFlipper","conspire:DecoderRing","Dota2Spire:CrimsonGuard","MetatronsCube","REME_HandOfSuture","TimeFreeze","theMarked:EternalStudent","theMarked:ChainLightning+1","theMarked:ShockingTouch","Bottled Flame","GuppysTail","theMarked:StartUp","theMarked:MuscleMemory","theMarked:Parry","Strange Spoon","StrikeDummy","conspire:Dentures","ReplayTheSpireMod:Ninjato","Lantern","BFFS","theMarked:ShockingTouch+1","theMarked:Parkour","MostiFishMod:AdaptiveDefenses","TheAbacus","conspire:TopHat","testmod-ObsoleteBoomerang","Gremlin Food","theMarked:ElectricStrings","theMarked:SwordAndMagic+1","theMarked:Overcharge","Replay:Bottled Eggs","MegaBlast","theMarked:SummonStrength"],"campfire_rested":0,"item_purchase_floors":[11,11,11,11,11,11,11,13,13,13,13,13,13,13,13,13,17,17,17,17,22,22,22,22,22,22,22,22,28,28,28,28,28,28,28,28,28,34,34],"current_hp_per_floor":[70,70,70,70,70,70,70,70,70,70,70,70,70,70,70,70,45,45,45,45,45,45,45,45,52,52,52,52,52,52,52,52,52,8,8,8,0,0],"gold":1215746799,"neow_bonus":"THREE_ENEMY_KILL","is_daily":false,"chose_seed":false,"campfire_upgraded":4,"win_rate":0.0,"timestamp":1610447289,"path_taken":["M","?","M","M","?","R","?","M","T","E","$","?","$","?","R","BOSS","M","?","?","M","$","E","R","?","T","?","$","R","?","M","R","BOSS","M","?","M"],"items_purchased_type":["Relic","Relic","Relic","Relic","Card","Card","Card","Relic","Relic","Relic","Relic","Relic","Card","Card","Card","Relic","Relic","Card","Card","Card","Relic","Relic","Relic","Relic","Relic","Relic","Card","Card","Relic","Relic","Relic","Relic","Relic","Card","Card","Card","Relic","Relic","Card"],"build_version":"2020-12-22","purchased_purges":4,"victory":false,"max_hp_per_floor":[70,70,70,70,70,70,70,70,70,70,70,70,70,70,70,70,45,45,45,45,45,45,45,45,52,52,52,52,52,52,52,52,52,8,8,8,8,8],"card_choices":[{"not_picked":[],"picked":"EpicFetus","floor":0},{"not_picked":["theMarked:HeightenedSenses","theMarked:RepellingDischarge"],"picked":"theMarked:SwordAndMagic","floor":1},{"not_picked":["theMarked:ResourceFulStrike","theMarked:TwofoldDefense","theMarked:HeightenedSenses","theMarked:PowerFlow"],"picked":"theMarked:Aftermath","floor":2},{"not_picked":["theMarked:WastefulAttack","theMarked:Frustration","theMarked:MaelstromOfLightning","theMarked:TwofoldDefense"],"picked":"theMarked:ContemptForTheProud","floor":3},{"not_picked":["theMarked:Reabsorb","theMarked:WastefulDefense","theMarked:ContemptForTheProud","theMarked:ThrowWeapon"],"picked":"theMarked:SwordAndMagic","floor":4},{"not_picked":["theMarked:EmpowerWeapon","theMarked:SelfDefenseTraining","theMarked:ResourceFulStrike","theMarked:Panic"],"picked":"theMarked:Indomitable","floor":7},{"not_picked":["theMarked:RepellingDischarge","theMarked:EmpowerWeapon","theMarked:WardOff","theMarked:AttractMetal"],"picked":"theMarked:ElectricStrings","floor":8},{"not_picked":["theMarked:Parkour","theMarked:TunnelVision","theMarked:ContemptForTheProud","theMarked:RepellingDischarge"],"picked":"theMarked:SwordAndMagic","floor":10},{"not_picked":["sneckomod:Nope","theForsaken:PowerUp","bard:LingeringPerformance","ats:Flexible Camouflage"],"picked":"hermit:WideOpen","floor":14},{"not_picked":["Moonworks:SubspaceTunnel","hexamod:EmpoweringStance","theHeart:PrecisionCut","MostiFishMod:FireWorks"],"picked":"maniac:StormOfTime","floor":16},{"not_picked":["MariMod:Mari_Closure+1","ClowCardTheShot","theHeart:PainfulStabs","Twin Strike"],"picked":"PrismaMod:MiyuUberAOEAttack","floor":18},{"not_picked":["MariMod:Mari_Golden_Glint","theHeart:OxygenRichBlood","ReplayTheSpireMod:Shiv Toss","rmod:victimresponsibility"],"picked":"Luminous:Light_Disperse+1","floor":21},{"not_picked":["Moonworks:BeyondHell","Fondling of Papilio+1","Slimebound:Dissolve+1","AT_ArcaneSupremacy+1"],"picked":"theForsaken:SolarFlare","floor":23},{"not_picked":["potionbrewer:HazardousMaterials","sneckomod:UnknownClassSAIYAN_CARD_COLOR","testmod-Dream","MariMod:Mari_Mic_Check"],"picked":"sneckomod:DiceBoulder","floor":27},{"not_picked":["blackbeard:Toast","theMarked:EmpowerWeapon+1","Gremlin:DaggerDance","SnafuTest:WorldMap"],"picked":"blackbeard:Shrapnel","floor":31},{"not_picked":["alterego_mod:STier","SnafuTest:LeadingCharge","Infinite Reviving","animator:Eve"],"picked":"stsjorbsmod:Withdraw","floor":33},{"not_picked":["theForsaken:StoreUp","theForsaken:ShieldBash","RobotSpaceExplorer:StunGrenade","Blade_Beat+1"],"picked":"theHeart:TentacleWhip","floor":35}],"player_experience":70702,"relics_obtained":[{"floor":1,"key":"SynthV:TestCard"},{"floor":2,"key":"aspiration:SeaSaltIceCream"},{"floor":2,"key":"theForsaken:Gavel"},{"floor":9,"key":"Dota2Spire:ArmletOfMordiggian"},{"floor":10,"key":"Torii"},{"floor":20,"key":"conspire:DeflatedDodgeball"},{"floor":23,"key":"Smiling Mask"},{"floor":26,"key":"Dota2Spire:OrchidMalevolence"},{"floor":36,"key":"Mercury Hourglass"}],"event_choices":[{"damage_healed":0,"gold_gain":0,"player_choice":"Fight","damage_taken":0,"max_hp_gain":0,"max_hp_loss":0,"event_name":"HidenRoomEvent","floor":2,"gold_loss":0},{"damage_healed":0,"gold_gain":0,"player_choice":"Obtain Plague Curse","damage_taken":0,"max_hp_gain":0,"max_hp_loss":0,"event_name":"Plague Doctor","floor":5,"gold_loss":0,"cards_obtained":["theForsaken:PlagueCurse"]},{"damage_healed":0,"gold_gain":0,"player_choice":"Swap Relic","damage_taken":0,"relics_obtained":["REME_ComplimentaryCards"],"max_hp_gain":0,"max_hp_loss":0,"event_name":"给自己的盒子","floor":19,"relics_lost":["REME_ComplimentaryCards"],"gold_loss":0},{"damage_healed":0,"gold_gain":0,"player_choice":"Obtained Relic","damage_taken":0,"relics_obtained":["Strawberry"],"max_hp_gain":0,"max_hp_loss":0,"event_name":"Addict","floor":25,"gold_loss":85}],"is_beta":false,"boss_relics":[{"not_picked":["JellyFishMachine","testmod-Nine"],"picked":"conspire:RoyalGoblet"},{"not_picked":[]},{"not_picked":["testmod-IncinerationGenerator","RedLine:ReiMu"],"picked":"energizedSpire:RedRose"},{"not_picked":[]}],"items_purged_floors":[11,13,17,22],"is_endless":false,"potions_floor_spawned":[1,3,4,10,16,18,21,35],"killed_by":"3 Shapes","ascension_level":0}}