{"host":"08z5bj28eube4vug","time":1610460457,"event":{"mods":["2.2 Compatiblity","Abigail Mod","Act Like it!","BaseMod","Beaked The Cultist","Bestiary","Friendly Minions","Gensokyo","GungeonMod","Hallownest","Kiyohime????","Koishi","Lobotomy","Marisa????????","Minty Spire (QoL Compilation)","Prisma Mod","Remilia??????","Replay The Spire","StSLib","Td1madao Mod","The Alterego","The Bug Knight","The Jungle","The Sage","The Senshi","The Servant 0.9.4","Waifu the Spire","WarShipGirlsR/????R mod","Yuri Mod"],"gold_per_floor":[111,286,297,237,15,48,48,48,71,71,103,103,136,148,148,148,148],"floor_reached":16,"playtime":589,"items_purged":[],"score":157,"play_id":"1c765e2f-4a0e-4f70-b001-d0ace66617a1","local_time":"20210112170737","is_ascension_mode":true,"campfire_choices":[{"data":"MasterSpark","floor":7,"key":"SMITH"},{"data":"UpSweep","floor":10,"key":"SMITH"},{"floor":12,"key":"REST"},{"data":"SporeBomb","floor":15,"key":"SMITH"}],"circlet_count":0,"master_deck":["Strike_MRS","Strike_MRS","Strike_MRS","Strike_MRS","Defend_MRS","Defend_MRS","Defend_MRS","Defend_MRS","MasterSpark+1","UpSweep+1","MillisecondPulsars+1","Doubt","PropBag+1","SporeBomb+1","MilkyWay"],"relics":["MiniHakkero","Blood Vial","Guide Book","DemoMod:JetPack","theSenshi:SailorFukuRelic","HollowMod:PaleOreRelic","Bronze Scales","Letter Opener"],"acts_visited":["Exordium"],"potions_floor_usage":[6,16],"damage_taken":[{"damage":3,"enemies":"2 Louse","floor":1,"turns":3},{"damage":14,"enemies":"Small Slimes","floor":3,"turns":3},{"damage":6,"enemies":"3 Sentries","floor":6,"turns":9},{"damage":17,"enemies":"Gremlin Nob","floor":11,"turns":4},{"damage":40,"enemies":"3 Sentries","floor":13,"turns":6},{"damage":7,"enemies":"Jaw Worm","floor":14,"turns":3},{"damage":18,"enemies":"Hexaghost","floor":16,"turns":7}],"seed_played":"4061065316609179357","potions_obtained":[{"floor":1,"key":"DemoMod:LeadSkinPotion"},{"floor":14,"key":"Fire Potion"}],"is_trial":false,"path_per_floor":["M","?","M","?","$","E","R","$","T","R","E","R","E","M","R","B"],"character_chosen":"MARISA","items_purchased":["PropBag","Guide Book"],"campfire_rested":1,"item_purchase_floors":[5,5],"current_hp_per_floor":[67,67,55,55,55,51,51,51,51,51,36,58,20,15,15,0,0],"gold":148,"neow_bonus":"RANDOM_COMMON_RELIC","is_daily":false,"chose_seed":false,"campfire_upgraded":3,"win_rate":0.0,"timestamp":1610460457,"path_taken":["M","?","M","?","$","E","R","$","T","R","E","R","E","M","R","BOSS"],"items_purchased_type":["Card","Relic"],"build_version":"2020-12-22","purchased_purges":0,"victory":false,"max_hp_per_floor":[75,75,75,75,75,75,75,75,75,75,75,75,75,75,75,75,75],"card_choices":[{"not_picked":["GravityBeat","AsteroidBelt"],"picked":"MillisecondPulsars","floor":1},{"not_picked":["WitchLeyline","IllusionStar","OneTimeOff"],"picked":"SKIP","floor":3},{"not_picked":["GrandCross","NonDirectionalLaser","LuminesStrike"],"picked":"SKIP","floor":6},{"not_picked":["GravityBeat","MysteriousBeam"],"picked":"SporeBomb","floor":11},{"not_picked":["ChargeUpSpray","ManaConvection"],"picked":"MilkyWay","floor":13},{"not_picked":["DC","ShootTheMoon","EarthLightRay"],"picked":"SKIP","floor":14}],"player_experience":779132,"relics_obtained":[{"floor":6,"key":"DemoMod:JetPack"},{"floor":9,"key":"theSenshi:SailorFukuRelic"},{"floor":11,"key":"HollowMod:PaleOreRelic"},{"floor":13,"key":"Bronze Scales"}],"event_choices":[{"damage_healed":0,"gold_gain":175,"player_choice":"AGREE","damage_taken":0,"max_hp_gain":0,"max_hp_loss":0,"event_name":"Liars Game","floor":2,"gold_loss":0,"cards_obtained":["Doubt"]}],"is_beta":false,"boss_relics":[],"items_purged_floors":[],"is_endless":false,"potions_floor_spawned":[1,14],"killed_by":"Hexaghost","ascension_level":7}}