{"host":"i21o3ayfb6i2uabp","time":1610431179,"event":{"mods":["2.2 Compatiblity","A Magickal Journey","AchievementEnabler","Act Like it!","AlwaysNeverKeys","Aspiration","Bartender","BaseMod","Beaked The Cultist","Better Altar","Better Match","Better Note","Better Third Choice","Better-Laid Plans","BetterRewards","CCEM","CapriCore","ChefMod","Clawfect","Clockwork Mod","Colored Map","Colored Powertips","Conjunction","Conspire","DNKmod","Defuse TimeMaze Blight","Disable Question Mark Monsters","Displayed Cursed Tome","Energized Spire","Evolution","Fiend Mod","Fireblade Mod","Friendly Minions","GifTheSpireLib","Grow up Mod","Halation","Hallownest","Hermit","HexUI Lib","Hubris","Infinite Spire","Jorbs\u0027s Wanderer Trilogy","Key Reminder","Kratos Character Expansion","Lobotomy","LobotomyExtend","Mad Scientist","Marked Mod","Minty Spire (QoL Compilation)","Nova Terra(??·??)","Permanent Neow","Prisma Mod","QueenMod","Quick Restart","Railgun Mod","Rare Cards Sparkle","Relic Stats","Remilia_Scarlet Moed?????·?????3.3.5","Remove Card Discount Mod","Replay The Spire","Retaliation","RumiaBox-????????","SOS???????","Shade Mod","Small Relic Pack","Spicy Shops","Spikes Relics","StSLib","Stuff the Spire","SuperFastMode","The Alterego","The Cursed","The Druid","The Immortal","The Kombatant","The Marked","The Vixen","TheHeartMod","TheHero","TheVacant","TheWitcher","Trackpad","Transform Curses","Uncapped","vexMod"],"gold_per_floor":[1017,1049,1081,203,278,278,278,313,359,359,417,417,67,116,116,249,249,249,277,311,348,348,348,368,368,368,293,293,306,306,326,326,382,382,402,444,380,239,239,289,289,289,289,332,360,379,379,422,422,558,558,558],"floor_reached":51,"playtime":3210,"items_purged":["VitalstarL"],"score":779,"play_id":"8fde1127-4673-4a51-9913-d520122717c2","local_time":"20210111215939","is_ascension_mode":false,"campfire_choices":[{"floor":7,"key":"RECALL"},{"data":"Redorb","floor":10,"key":"SMITH"},{"data":"theDruid:Mutilate","floor":12,"key":"SMITH"},{"data":"infinitespire:Punishment","floor":23,"key":"SMITH"},{"data":"Swordcombo","floor":25,"key":"SMITH"},{"data":"Greenorb","floor":32,"key":"SMITH"},{"floor":41,"key":"REST"},{"data":"hubris:EnhanceAbility","floor":47,"key":"SMITH"},{"data":"Attack_b","floor":49,"key":"SMITH"}],"circlet_count":0,"master_deck":["Attack_a","Attack_a","Attack_b+1","Shoot","Provocation","Defend_Dante","Defend_Dante","Defend_Dante","Redorb+1","EbonyIvory","Chargeshoot","CoyoteA","relicPack:TruthCard","theDruid:Mutilate+1","GoldRush+1","PrismaMod:IllyaInstallArcher","Holywater","Rebellion+1","Rebellion+1","Swordcombo","Swordcombo+1","Swordmaster","Lucifer","BeastUppercut","beaked:Ceremony+1","LucifercomboB","infinitespire:Punishment+1","beaked:BraceForImpact","theVacant:VacantStarterStrike","beaked:Hexing","Greenorb+1","Darkslayer","BeastUppercut+1","CoyoteA","Millionstab","Crow Ritual","hubris:EnhanceAbility+1","Madness","beaked:Insight+1","Millionstab","beaked:VigorBurst+1","Millionstab+1","Gilgamesh","beaked:VolatileMisfortune"],"relics":["SSS","Combocheck","EVO:Axolotl","LetterFromLob","Thread and Needle","halation:SelfBoilingWater","Membership Card","CCEMRelics:JestersCrown","relicPack:EdsArm","CrustySpines","StuffTheSpire:Rhapsscallions","Blue Doll","halation:NonexistentMirror","Lantern","aspiration:BeakedSkillbook","Replay:Bottled Steam","beaked:MawFillet","SpikesRelics:DaevaFist","Protect_Vest","infinitespire:PuzzleCube","hubris:Towel","CCEMRelics:DissonantTune","energizedSpire:SpiderWeb"],"acts_visited":["Exordium","TheCity","TheBeyond","Hallownest:Greenpath"],"potions_floor_usage":[],"damage_taken":[{"damage":0,"enemies":"Jaw Worm","floor":1,"turns":3},{"damage":10,"enemies":"conspire:RoseBush","floor":2,"turns":3},{"damage":0,"enemies":"2 Louse","floor":3,"turns":2},{"damage":2,"enemies":"3 Sentries","floor":8,"turns":4},{"damage":31,"enemies":"conspire:MimicChest","floor":11,"turns":5},{"damage":7,"enemies":"Red Slaver","floor":14,"turns":3},{"damage":1,"enemies":"Slime Boss","floor":16,"turns":3},{"damage":1,"enemies":"Spheric Guardian","floor":19,"turns":2},{"damage":1,"enemies":"Shell Parasite","floor":20,"turns":2},{"damage":8,"enemies":"Snake Plant","floor":21,"turns":2},{"damage":3,"enemies":"Shelled Parasite and Fungi","floor":24,"turns":2},{"damage":10,"enemies":"conspire:HollyBat","floor":29,"turns":6},{"damage":3,"enemies":"Sentry and Sphere","floor":31,"turns":3},{"damage":11,"enemies":"conspire:MysteriousRune","floor":33,"turns":4},{"damage":31,"enemies":"3 Shapes","floor":35,"turns":4},{"damage":2,"enemies":"3 Darklings","floor":36,"turns":3},{"damage":31,"enemies":"Writhing Mass","floor":37,"turns":4},{"damage":94,"enemies":"Nightmare","floor":40,"turns":7},{"damage":6,"enemies":"Jaw Worm Horde","floor":44,"turns":4},{"damage":13,"enemies":"Sphere and 2 Shapes","floor":45,"turns":2},{"damage":5,"enemies":"Spire Growth","floor":46,"turns":3},{"damage":30,"enemies":"Maw","floor":48,"turns":5},{"damage":90,"enemies":"Donu and Deca","floor":50,"turns":7}],"seed_played":"-7370789737906122253","potions_obtained":[{"floor":2,"key":"FairyPotion"},{"floor":14,"key":"Swift Potion"},{"floor":16,"key":"Fire Potion"},{"floor":24,"key":"BlessingOfTheForge"}],"is_trial":false,"path_per_floor":["M","M","M","$","?","?","R","E","T","R","?","R","$","M","R_BF","B",null,"M","M","M","M","AVR","R","M","R","T","?","?","M","?","M","R","B",null,"M","M","M","$","?","NM","R","?","T","M","M","M","R","M","R","B",null],"character_chosen":"DANTE","items_purchased":["Chargeshoot","CoyoteA","Thread and Needle","halation:SelfBoilingWater","Membership Card","CCEMRelics:JestersCrown","Millionstab","Blue Doll","halation:NonexistentMirror","Lantern","Rebellion+1","Swordcombo","Swordmaster","SpikesRelics:DaevaFist","Protect_Vest","Millionstab"],"campfire_rested":1,"item_purchase_floors":[4,4,4,4,4,4,4,13,13,13,13,13,13,38,38,38],"current_hp_per_floor":[130,130,140,150,149,159,169,178,188,198,180,190,200,203,268,277,288,298,307,316,318,328,338,345,355,365,375,385,385,395,402,412,416,458,447,455,434,444,444,372,528,538,548,554,556,567,577,571,581,510,623,623],"gold":558,"neow_bonus":"TEN_PERCENT_HP_BONUS","is_daily":false,"chose_seed":false,"campfire_upgraded":7,"win_rate":0.0,"timestamp":1610431179,"path_taken":["M","M","M","$","?","?","R","E","T","R","?","R","$","M","R_BF","BOSS","M","M","M","M","AVR","R","M","R","T","?","?","M","?","?","R","BOSS","M","M","M","?","?","NM","R","?","T","M","?","M","R","?","R","BOSS"],"items_purchased_type":["Card","Card","Relic","Relic","Relic","Relic","Card","Relic","Relic","Card","Card","Card","Card","Relic","Relic","Card"],"build_version":"2020-12-22","purchased_purges":1,"victory":false,"max_hp_per_floor":[130,140,150,160,170,175,185,195,205,215,228,238,248,258,268,278,288,298,308,318,328,338,348,358,368,378,388,398,408,418,428,438,448,458,468,478,488,498,508,518,528,538,548,558,573,583,593,603,613,623,623,623],"relic_stats":{"counters":[23,83],"obtain_stats":[{"Lantern":13,"StuffTheSpire:Rhapsscallions":11,"Thread and Needle":4,"Blue Doll":13,"Protect_Vest":38,"EVO:Axolotl":0,"hubris:Towel":42,"energizedSpire:SpiderWeb":51,"halation:SelfBoilingWater":4,"Combocheck":0,"relicPack:EdsArm":6,"keyreminder:keyreminder":7,"halation:NonexistentMirror":13,"SSS":0,"CCEMRelics:DissonantTune":43,"beaked:MawFillet":34,"LetterFromLob":2,"SpikesRelics:DaevaFist":38,"Membership Card":4,"aspiration:BeakedSkillbook":17,"CCEMRelics:JestersCrown":4,"CrustySpines":8,"infinitespire:PuzzleCube":40,"Replay:Bottled Steam":26},{"Lantern":5,"StuffTheSpire:Rhapsscallions":5,"Thread and Needle":3,"Blue Doll":5,"Protect_Vest":17,"EVO:Axolotl":0,"hubris:Towel":18,"energizedSpire:SpiderWeb":23,"halation:SelfBoilingWater":3,"Combocheck":0,"relicPack:EdsArm":3,"keyreminder:keyreminder":3,"halation:NonexistentMirror":5,"SSS":0,"CCEMRelics:DissonantTune":18,"beaked:MawFillet":14,"LetterFromLob":2,"SpikesRelics:DaevaFist":17,"Membership Card":3,"aspiration:BeakedSkillbook":7,"CCEMRelics:JestersCrown":3,"CrustySpines":4,"infinitespire:PuzzleCube":18,"Replay:Bottled Steam":11},{"Lantern":17,"StuffTheSpire:Rhapsscallions":17,"Thread and Needle":8,"Blue Doll":17,"Protect_Vest":55,"EVO:Axolotl":0,"hubris:Towel":62,"energizedSpire:SpiderWeb":83,"halation:SelfBoilingWater":8,"Combocheck":0,"relicPack:EdsArm":8,"keyreminder:keyreminder":8,"halation:NonexistentMirror":17,"SSS":0,"CCEMRelics:DissonantTune":62,"beaked:MawFillet":44,"LetterFromLob":6,"SpikesRelics:DaevaFist":55,"Membership Card":8,"aspiration:BeakedSkillbook":23,"CCEMRelics:JestersCrown":8,"CrustySpines":12,"infinitespire:PuzzleCube":62,"Replay:Bottled Steam":31}]},"card_choices":[{"not_picked":["BeastUppercut","Honeycombofire"],"picked":"EbonyIvory","floor":1},{"not_picked":["Whiteorb","Airhike"],"picked":"LucifercomboC","floor":2},{"not_picked":["SSScard","Honeycombofire"],"picked":"Greenorb","floor":3},{"not_picked":["LucifercomboC","Millionkick"],"picked":"Hightime","floor":8},{"not_picked":["Shock","Millionkick"],"picked":"Holywater","floor":11},{"not_picked":["DT","VitalstarS"],"picked":"Lucifer","floor":14},{"not_picked":["Purpleorb","Weaponreturn"],"picked":"VitalstarL","floor":16},{"not_picked":["beaked:Evade","beaked:Insight+1","beaked:Poke"],"picked":"BeastUppercut","floor":19},{"not_picked":["VitalstarM","beaked:WarriorEssence","beaked:DigDeep"],"picked":"beaked:Ceremony+1","floor":20},{"not_picked":["beaked:DigDeeper+1","beaked:MimicHuntress","Gunslinger"],"picked":"LucifercomboB","floor":21},{"not_picked":["DevilstarL","Straight+1","beaked:Foresight"],"picked":"beaked:BraceForImpact","floor":24},{"not_picked":["beaked:DigDeeper","beaked:Flinch","Chargeshoot2"],"picked":"beaked:Hexing","floor":29},{"not_picked":["beaked:Resilience+1","ReplayTheSpireMod:RavenHex","LucifercomboA+1"],"picked":"Greenorb","floor":31},{"not_picked":["Blueorb","Trickster","beaked:VolatileMisfortune"],"picked":"Darkslayer","floor":33},{"not_picked":["beaked:Poke+1","Dash1","beaked:TuckingFeathers"],"picked":"BeastUppercut+1","floor":35},{"not_picked":["Ecstasy","beaked:CursingBlood","beaked:Resilience+1"],"picked":"CoyoteA","floor":36},{"not_picked":["Dash1+1","Fullhouse","beaked:Resilience","VitalstarL"],"picked":"SKIP","floor":37},{"not_picked":["Trip","Enlightenment","conspire:Banana"],"picked":"Crow Ritual","floor":39},{"not_picked":["Replay:Sssssssssstrike","Discovery","Chrysalis"],"picked":"hubris:EnhanceAbility","floor":39},{"not_picked":["hubris:Insight","Replay:Sssssssssshield","Panache"],"picked":"Madness","floor":39},{"not_picked":["beaked:MimicMachine","BeastUppercut","beaked:Tradeoff"],"picked":"beaked:Insight+1","floor":40},{"not_picked":["Dash1+1","CoyoteA","beaked:TuckingFeathers"],"picked":"Millionstab","floor":44},{"not_picked":["beaked:WarriorEssence","beaked:Devastation","beaked:Windmill+1"],"picked":"beaked:VigorBurst+1","floor":45},{"not_picked":["beaked:WindBringer+1","beaked:Flinch+1","beaked:Poke+1"],"picked":"Millionstab+1","floor":46},{"not_picked":["DevilstarS","VitalstarS","beaked:BounceBack"],"picked":"Gilgamesh","floor":48},{"not_picked":["VitalstarL","Darkslayer","beaked:Brainwash"],"picked":"beaked:VolatileMisfortune","floor":50}],"player_experience":187055,"relics_obtained":[{"floor":2,"key":"LetterFromLob"},{"floor":8,"key":"CrustySpines"},{"floor":11,"key":"StuffTheSpire:Rhapsscallions"},{"floor":26,"key":"Replay:Bottled Steam"},{"floor":40,"key":"infinitespire:PuzzleCube"},{"floor":43,"key":"CCEMRelics:DissonantTune"}],"event_choices":[{"damage_healed":0,"gold_gain":75,"player_choice":"Gold","damage_taken":11,"max_hp_gain":0,"max_hp_loss":0,"event_name":"betterThird:BetterGoop","floor":5,"gold_loss":0},{"damage_healed":0,"gold_gain":0,"player_choice":"3","damage_taken":0,"max_hp_gain":0,"max_hp_loss":0,"event_name":"betterMatch:BetterMatch","floor":27,"gold_loss":0,"cards_obtained":[]},{"cards_removed":["Holywater"],"damage_healed":0,"gold_gain":0,"player_choice":"Take \u0026 Give","damage_taken":0,"max_hp_gain":0,"max_hp_loss":0,"event_name":"betterNote:BetterNote","floor":28,"gold_loss":0,"cards_obtained":["theVacant:VacantStarterStrike"]},{"damage_healed":0,"gold_gain":0,"player_choice":"Ignored","damage_taken":0,"max_hp_gain":0,"max_hp_loss":0,"event_name":"Ghosts","floor":30,"gold_loss":0},{"damage_healed":0,"gold_gain":0,"player_choice":"Memory 3","damage_taken":10,"max_hp_gain":0,"max_hp_loss":0,"event_name":"SensoryStone","floor":39,"gold_loss":0}],"is_beta":false,"boss_relics":[{"not_picked":["hubris:Stopwatch","Philosopher\u0027s Stone"],"picked":"aspiration:BeakedSkillbook"},{"not_picked":["trackpad:StolenKidneys","Replay:Drink Me"],"picked":"beaked:MawFillet"},{"not_picked":["hubris:ScarierMask","halation:SmartPhone"],"picked":"energizedSpire:SpiderWeb"}],"items_purged_floors":[38],"is_endless":true,"potions_floor_spawned":[2,14,16,24,29,36,40,44,46],"ascension_level":0}}