{"host":"9vk21r6l9dtkpvh9","time":1610476591,"event":{"mods":["100% Spire Juice","2.2 Compatiblity","AchievementEnabler","Act Like it!","Astrologer","Bartender","BaseMod","Better Altar","Better Match","Better Note","Better Sensory Stone","Better Skull","Better Third Choice","BetterRewards","CapriCore","CatGirl Mod","Colored Map","Colored Powertips","Conspire","DeckTracker","Downfall","Energized Spire","Gensokyo","GifTheSpireLib","Hermit","Hubris","Infinite Spire","Jorbs\u0027s Wanderer Trilogy","Koishi","LagranYue(???·?)","Luminous","Mad Scientist","Marisa????????","Mimic Mod","Minty Spire (QoL Compilation)","Potionbrewer","Rare Cards Sparkle","Relic Stats","Replay The Spire","SOS???????","Shade Mod","Spicy Shops","StSLib","SuperFastMode","Td1madao Mod","The Animator","The Forsaken","The Gatherer","The Hierophant","The Immortal","The Jungle","The Marked","The Mystic","The Necromancer","The Runesmith","The Senshi","The Servant 0.9.4","The Valiant","The Wild Card","TheBandit","TheSwordswoman","TheWitcher","WarShipGirlsR/????R mod","vexMod","???Mod??????Boss"],"gold_per_floor":[114,132,152,152,170,170,170],"floor_reached":6,"playtime":457,"items_purged":["hubris:Despair"],"score":38,"play_id":"453bff7c-b7e1-4415-b7c9-12a30488b016","local_time":"20210112133631","is_ascension_mode":false,"campfire_choices":[],"circlet_count":0,"master_deck":["astrologer:Strike","astrologer:Strike","astrologer:Strike","astrologer:Strike","astrologer:Defend","astrologer:Defend","astrologer:Defend","astrologer:Defend","astrologer:NorthStar","astrologer:TheFool","astrologer:StarOfChange","expansioncontent:StudyTheSpire","astrologer:Moonlight","astrologer:SpaceDust","astrologer:Cataclysm","astrologer:ShootingStar"],"relics":["astrologer:SkyMirror","LagranYue:RandomDrawCardRelic","ReplayTheSpireMod:CursedCoin","hubris:DeckOfHolding"],"acts_visited":["Exordium"],"potions_floor_usage":[],"damage_taken":[{"damage":0,"enemies":"Cultist","floor":1,"turns":4},{"damage":10,"enemies":"Jaw Worm","floor":2,"turns":4},{"damage":0,"enemies":"Small Slimes","floor":3,"turns":3},{"damage":12,"enemies":"3 Louse","floor":5,"turns":2},{"damage":78,"enemies":"Gremlin Nob","floor":6,"turns":5}],"seed_played":"-1418497409938080410","potions_obtained":[{"floor":1,"key":"SpeedPotion"},{"floor":2,"key":"potionbrewer:QuicksilverPotion"},{"floor":3,"key":"Doom Potion"}],"is_trial":false,"path_per_floor":["M","M","M","?","M","E"],"character_chosen":"ASTROLOGER","items_purchased":["ReplayTheSpireMod:CursedCoin","astrologer:StarOfChange","hubris:DeckOfHolding","expansioncontent:StudyTheSpire"],"campfire_rested":0,"item_purchase_floors":[0,0,0,0],"current_hp_per_floor":[63,53,53,57,45,0,0],"gold":170,"neow_bonus":"","is_daily":false,"chose_seed":false,"campfire_upgraded":0,"win_rate":0.0,"timestamp":1610476591,"path_taken":["M","?","M","?","M","E"],"items_purchased_type":["Relic","Card","Relic","Card"],"build_version":"2020-12-22","purchased_purges":1,"victory":false,"max_hp_per_floor":[70,70,70,70,70,70,70],"relic_stats":{"counters":[27,143],"obtain_stats":[{"Potion Belt":31,"LagranYue:RandomDrawCardRelic":0,"ReplayTheSpireMod:CursedCoin":0,"energizedSpire:SpiderWeb":17,"hubris:Towel":37,"vexMod:Dragonfruit":31,"vexMod:InvisibilityCloak":25,"Matryoshka":11,"Sundial":23,"Snecko Eye":34,"hubris:DeckOfHolding":0,"astrologer:SkyMirror":0,"hubris:BundleOfHerbs":6,"hubris:TenFootPole":26,"FossilizedHelix":9,"infinitespire:PuzzleCube":14},{"Potion Belt":17,"LagranYue:RandomDrawCardRelic":0,"ReplayTheSpireMod:CursedCoin":22,"energizedSpire:SpiderWeb":11,"hubris:Towel":20,"vexMod:Dragonfruit":17,"vexMod:InvisibilityCloak":15,"Matryoshka":8,"Sundial":14,"Snecko Eye":18,"hubris:DeckOfHolding":22,"astrologer:SkyMirror":0,"hubris:BundleOfHerbs":5,"hubris:TenFootPole":15,"FossilizedHelix":6,"infinitespire:PuzzleCube":10},{"Potion Belt":88,"LagranYue:RandomDrawCardRelic":0,"ReplayTheSpireMod:CursedCoin":125,"energizedSpire:SpiderWeb":48,"hubris:Towel":109,"vexMod:Dragonfruit":88,"vexMod:InvisibilityCloak":74,"Matryoshka":29,"Sundial":68,"Snecko Eye":98,"hubris:DeckOfHolding":125,"astrologer:SkyMirror":0,"hubris:BundleOfHerbs":18,"hubris:TenFootPole":74,"FossilizedHelix":19,"infinitespire:PuzzleCube":38}]},"card_choices":[{"not_picked":["astrologer:Eclipse","astrologer:FrozenStar"],"picked":"astrologer:Moonlight","floor":1},{"not_picked":["astrologer:TheEmpress","astrologer:Divination"],"picked":"astrologer:SpaceDust","floor":2},{"not_picked":["astrologer:FrozenStar","astrologer:ReadTheStars"],"picked":"astrologer:Cataclysm","floor":3},{"not_picked":["astrologer:SolarFlare","astrologer:Conjunction"],"picked":"astrologer:ShootingStar","floor":5}],"player_experience":663033,"relics_obtained":[],"event_choices":[{"damage_healed":4,"gold_gain":0,"player_choice":"LEAVE ","damage_taken":0,"relics_obtained":[],"max_hp_gain":0,"max_hp_loss":0,"event_name":"betterSkull:BetterSkull","floor":4,"gold_loss":0,"cards_upgraded":[]}],"is_beta":false,"boss_relics":[],"items_purged_floors":[0],"is_endless":false,"potions_floor_spawned":[1,2,3],"killed_by":"Gremlin Nob","ascension_level":0}}