{"host":"njruw0b0uprlitpx","time":1610411770,"event":{"mods":["2.2 Compatiblity","Bartender","BaseMod","Better Altar","Better Match","Better Note","Better Sensory Stone","Better Skull","Better Third Choice","BetterRewards","Block Reminder","Colored Map","Colored Powertips","Energized Spire","Jedi Mod","Keyboard Shortcuts","Magitek Elite","Minty Spire (QoL Compilation)","Quick Restart","Rare Cards Sparkle","Relic Stats","Replay The Spire","SacredBarkPlus","Spicy Shops","StSLib","SuperFastMode","The Blackbeard","The Bug Knight","The Construct","The Dragon Tamer","The Mystic","The Necromancer","The Runesmith","Wandering Minibosses"],"gold_per_floor":[114,453,473,492,36,62,76,76,122,222,234,309,309,344,344,449,449,459,459,472,472,23,23,36,70,96,114,125,125,152,165,165,270,270,287,287,348,127,141,141,141,141,141,161,187,198,4,54,104,104,104,104],"floor_reached":53,"playtime":3532,"items_purged":["Defend_W","Strike_W","Strike_W","Defend_W","Injury","Defend_W","Languid","Spreading Infection"],"score":1207,"play_id":"da4e2b86-40ae-40f7-8bf8-600c5c7d65d5","local_time":"20210111183610","is_ascension_mode":false,"campfire_choices":[{"data":"1","floor":8,"key":"LIFT"},{"data":"2","floor":13,"key":"LIFT"},{"data":"3","floor":15,"key":"LIFT"},{"data":"Slay_Living","floor":23,"key":"SMITH"},{"data":"Blood_Is_Power","floor":29,"key":"SMITH"},{"data":"Specialist","floor":32,"key":"SMITH"},{"data":"Siphon_Strength","floor":40,"key":"SMITH"},{"data":"Cloudkill","floor":43,"key":"SMITH"},{"data":"Requiem","floor":51,"key":"SMITH"}],"circlet_count":0,"master_deck":["Strike_W","Strike_W","Defend_W","Negative_Energy_Arrows","Bone_Wall","Thousand_Bone_Knives","Bone_Shift","jedi:forcepush","Negative_Energy_Burst+1","Bone_Shift+1","jedi:LeechingStrike","Master of Strategy+1","Midas Touch+1","Blood_Curse+1","Slay_Living+1","Blood_Shield","Specialist+1","Detonate_Bones","Blood_Is_Power+1","Grasp_Heart","Cloudkill+1","Necrotic_Claws","HollowMod:SlysStrikes+1","Spectral_Walk","Strike_from_Beyond","Siphon_Strength+1","Acid_Javelin","Vampiric_Strike+1","Necrotic_Claws","Life_Tap","Blood_Is_Power","Shade_Step","Blood_Wake","Stop_Heart","Strike_from_Beyond","Summon_Undead","Summon_Undead","Uncharnel+1","Requiem+1","Violent_Necrosis"],"relics":["Vampire_Amulet","TungstenRod","Matryoshka","Genji_Glove","Ice Cream","Membership Card","jedi:purplefairy","Gremlin Horn","Replay:Mystery Machine","Medical Kit","Orichalcum","ReplayTheSpireMod:ShopPack","Torii","Girya","War Paint","Toolbox","Toy Ornithopter","Vajra","Guard_Bracelet","The Courier","Runic Dome","Prayer Wheel","Gambling Chip","Replay:WaspNest","Singing Bowl","Bottled Tornado","jedi:HeartOfTheCards","Tintinnabulum","ReplayFunnel","Oddly Smooth Stone","Centennial Puzzle","ReplayTheSpireMod:CursedCoin","Lantern","Strange Spoon","Cursed Key","PreservedInsect","Whetstone","ClockworkSouvenir","Lee\u0027s Waffle","Bird Faced Urn","Calipers"],"acts_visited":["Exordium","TheCity","TheBeyond"],"potions_floor_usage":[11,14,16,16,31,33,33,33,50,52,52],"damage_taken":[{"damage":0,"enemies":"Small Slimes","floor":1,"turns":1},{"damage":0,"enemies":"Cultist","floor":3,"turns":2},{"damage":0,"enemies":"2 Louse","floor":4,"turns":1},{"damage":6,"enemies":"Lagavulin","floor":6,"turns":3},{"damage":2,"enemies":"Exordium Thugs","floor":7,"turns":1},{"damage":2,"enemies":"Large Slime","floor":11,"turns":2},{"damage":1,"enemies":"3 Sentries","floor":14,"turns":3},{"damage":1,"enemies":"Hexaghost","floor":16,"turns":4},{"damage":1,"enemies":"Chosen","floor":18,"turns":2},{"damage":1,"enemies":"Spheric Guardian","floor":20,"turns":2},{"damage":3,"enemies":"Centurion and Healer","floor":24,"turns":2},{"damage":0,"enemies":"Replay:Snechameleon","floor":25,"turns":2},{"damage":1,"enemies":"Snecko","floor":27,"turns":2},{"damage":1,"enemies":"3 Cultists","floor":28,"turns":2},{"damage":0,"enemies":"Slavers","floor":30,"turns":1},{"damage":1,"enemies":"Centurion and Healer","floor":31,"turns":2},{"damage":2,"enemies":"Collector","floor":33,"turns":4},{"damage":1,"enemies":"3 Shapes","floor":35,"turns":2},{"damage":17,"enemies":"3 Darklings","floor":39,"turns":3},{"damage":1,"enemies":"Jaw Worm Horde","floor":44,"turns":2},{"damage":3,"enemies":"Transient","floor":46,"turns":5},{"damage":21,"enemies":"Mind Bloom Boss Battle","floor":48,"turns":3},{"damage":20,"enemies":"2 Orb Walkers","floor":49,"turns":2},{"damage":0,"enemies":"Maw","floor":50,"turns":1},{"damage":7,"enemies":"Awakened One","floor":52,"turns":5}],"seed_played":"-9144964447654862118","potions_obtained":[{"floor":1,"key":"Elixir"},{"floor":16,"key":"Fire Potion"},{"floor":20,"key":"Dexterity Potion"},{"floor":25,"key":"Swift Potion"},{"floor":30,"key":"AttackPotion"},{"floor":31,"key":"Energy Potion"},{"floor":37,"key":"Toxic Potion"},{"floor":44,"key":"PowerPotion"},{"floor":48,"key":"SmokeBomb"}],"is_trial":false,"path_per_floor":["M","?","M","M","$","E","M","R","T","?","M","?","R","E","R","B",null,"M","?","M","?","$","R","M","E","T","M","M","R","E","M","R","B",null,"M","?","?","$","M","R","PTL","PTL","R","M","T","M","$","?","?","M","R","B",null],"character_chosen":"NECROMANCER","items_purchased":["Thousand_Bone_Knives","Bone_Shift","Matryoshka","jedi:forcepush","Genji_Glove","Negative_Energy_Burst","Bone_Shift+1","Membership Card","Gremlin Horn","Replay:Mystery Machine","Venom Potion","Medical Kit","Orichalcum","ReplayTheSpireMod:ShopPack","Girya","War Paint","Toolbox","Strength Potion","Specialist","Gambling Chip","Replay:WaspNest","Singing Bowl","Bottled Tornado","ReplayTheSpireMod:CursedCoin","Lantern","Strange Spoon","jedi:wingpotion","jedi:holywater","DistilledChaos","Strike_from_Beyond","Summon_Undead","Whetstone","ClockworkSouvenir","Lee\u0027s Waffle"],"campfire_rested":0,"item_purchase_floors":[0,0,0,0,0,0,0,0,0,0,0,0,0,0,5,5,5,5,5,22,22,22,22,38,38,38,38,38,38,38,38,47,47,47],"current_hp_per_floor":[75,46,48,52,52,54,56,56,56,56,61,51,51,75,75,75,75,75,75,75,75,75,75,75,75,75,75,77,77,77,79,79,79,79,81,81,85,85,74,80,81,82,84,91,91,93,100,83,80,86,88,102],"gold":104,"neow_bonus":"","is_daily":false,"chose_seed":false,"campfire_upgraded":6,"win_rate":0.0,"timestamp":1610411770,"path_taken":["M","?","M","M","$","E","?","R","T","?","?","?","R","E","R","BOSS","M","?","?","?","$","R","?","E","T","M","?","R","E","M","R","BOSS","M","?","?","$","M","R","PTL","PTL","R","M","T","M","$","?","?","M","R","BOSS"],"items_purchased_type":["Card","Card","Relic","Card","Relic","Card","Card","Relic","Relic","Relic","Potion","Relic","Relic","Relic","Relic","Relic","Relic","Potion","Card","Relic","Relic","Relic","Relic","Relic","Relic","Relic","Potion","Potion","Potion","Card","Card","Relic","Relic","Relic"],"build_version":"2020-12-22","purchased_purges":8,"victory":true,"max_hp_per_floor":[75,75,75,75,75,75,75,75,75,75,75,75,75,75,75,75,75,75,75,75,75,75,75,75,75,75,75,77,77,77,79,79,79,79,81,81,85,85,89,89,89,89,89,91,91,93,100,102,102,102,102,102],"relic_stats":{"Lee\u0027s Waffle":7,"Gremlin Horn":[20,20],"Torii":28,"Singing Bowl":20,"counters":[223,729],"PreservedInsect":0,"Whetstone":["Vampiric_Strike","Negative_Energy_Burst"],"Orichalcum":[150],"War Paint":["Master of Strategy","Midas Touch"],"Medical Kit":[1],"Cursed Key":3,"Strange Spoon":[25],"Centennial Puzzle":[18],"Gambling Chip":[14],"Bird Faced Urn":[28],"Prayer Wheel":9,"obtain_stats":[{"Golden Egg":5,"jedi:zontanonomicon":29,"Spirit Poop":36,"Whetstone":12,"Ginger":0,"Bottled Tornado":9,"Sling":0,"Boot":26,"Ring of Searing":4,"Old Coin":31,"jedi:shrinkray":5,"Blood Vial":7,"Replay:Ringing Soul":16,"theForsaken:HumbleEgg":25,"jedi:firstaidkit":27,"Sundial":14,"Ribbon":0,"Fusion Hammer":36,"HandDrill":40,"Replay:Wax Seal":26,"Replay:Bottled Steam":19,"Pear":19,"Counterbalance":2,"Blue Candle":48,"Velvet Choker":17,"Eternal Feather":26,"Akabeko":28,"Runic Dome":34,"Bird Faced Urn":46,"Snecko Eye":17,"Tintinnabulum":9,"Kintsugi":17,"StrikeDummy":50,"Unceasing Top":39,"Abe\u0027s Treasure":34,"Lantern":2,"Torii":0,"Singing Bowl":22,"Painkiller Herb":17,"Blue Doll":21,"Bag of Preparation":39,"Replay:Multitool":41,"jedi:archwizardhat":10,"Cursed Key":36,"Power_Wrist":0,"Ancient Tea Set":6,"Pet Ghost":29,"Replay:Rubber Ducky":47,"Cleaning_Rag":28,"Matryoshka":0,"Ring of Fangs":2,"Toolbox":5,"WingedGreaves":10,"energizedSpire:HugeHouse":34,"Replay:Bottled Eggs":8,"InkBottle":47,"Potion Belt":14,"Lee\u0027s Waffle":47,"Golden Idol":5,"jedi:purplefairy":0,"jedi:gremlinknob":21,"Thread and Needle":0,"PreservedInsect":19,"The Courier":25,"Protect_Vest":11,"jedi:crownofsimplicity":50,"Frozen Egg 2":40,"energizedSpire:SpiderWeb":17,"energizedSpire:DeadBattery":34,"Replay:Arrowhead":39,"Ornamental Fan":43,"Orrery":0,"Garlic":36,"Art of War":43,"Bottled Lightning":12,"ReplayTheSpireMod:Ring of Challenge":2,"ReplayTheSpireMod:Onyx Gauntlets":17,"wanderingMiniBosses:Inkheart":30,"Toy Ornithopter":6,"Ice Cream":38,"Divine Protection":45,"Calipers":49,"Gremlin Horn":13,"CeramicFish":11,"Vajra":12,"jedi:command_rare":21,"Centennial Puzzle":37,"DollysMirror":23,"jedi:paperlyon":19,"Strawberry":40,"Philosopher\u0027s Stone":19,"Prayer Wheel":40,"Vampire_Amulet":0,"Iron Hammer":41,"Toxic Egg 2":10,"Girya":39,"Happy Flower":39,"ReplayTheSpireMod:CursedCoin":19,"Replay:Grab Bag":19,"Choco_Feather":0,"Astrolabe":19,"Oddly Smooth Stone":45,"Replay:Kaleidoscope":2,"War Paint":33,"jedi:HeartOfTheCards":33,"Du-Vu Doll":6,"jedi:heavyjacket":45,"Replay:Baseball":26,"jedi:hotpepper":17,"ReplayTheSpireMod:Shallot":26,"Shuriken":11,"Bronze Scales":26,"Simple Rune":24,"Onion Ring":29,"ReplayTheSpireMod:TigerMarble":9,"Grinning Jar":50,"Meat on the Bone":12,"Pocketwatch":0,"ReplayFunnel":26,"ReplayTheSpireMod:Ring of Exchange":0,"Mango":0,"Incense Burner":0,"Juzu Bracelet":0,"jedi:Pinwheel":9,"Replay:Mystery Machine":38,"theForsaken:Gavel":0,"PrismaticShard":11,"ClockworkSouvenir":0,"Replay:Bandana":24,"Nunchaku":8,"Chameleon Ring":31,"Mummified Hand":0,"theForsaken:Kindling":0,"Pantograph":12,"Gambling Chip":41,"jedi:matchstick":42,"Genji_Glove":0,"jedi:cryingmask":2,"Red Mask":33,"Replay:Bottled Snecko":48,"Runic Pyramid":19,"Gremlin Food":0,"BargainBundle":39,"ReplayTheSpireMod:Ninjato":0,"Replay:Towering Pillar of Hats":0,"Guide Book":37,"Replay:WaspNest":39,"Odd Mushroom":8,"Orichalcum":28,"Medical Kit":0,"White Beast Statue":40,"Calling Bell":19,"Strange Spoon":0,"CaptainsWheel":0,"jedi:kaleidoscope":31,"jedi:ominousloannote":39,"ChewingGum":19,"Gem_Box":36,"Membership Card":0,"Guard_Bracelet":26,"jedi:arcanewood":30,"FossilizedHelix":19,"TungstenRod":0,"ReplayTheSpireMod:ShopPack":5},{"Golden Egg":98,"jedi:zontanonomicon":11,"Spirit Poop":60,"Whetstone":141,"Ginger":174,"Bottled Tornado":47,"Sling":20,"Boot":32,"Ring of Searing":69,"Old Coin":109,"jedi:shrinkray":119,"Blood Vial":140,"Replay:Ringing Soul":4,"theForsaken:HumbleEgg":107,"jedi:firstaidkit":11,"Sundial":27,"Ribbon":95,"Fusion Hammer":13,"HandDrill":90,"Replay:Wax Seal":55,"Replay:Bottled Steam":5,"Pear":144,"Counterbalance":1,"Blue Candle":153,"Velvet Choker":28,"Eternal Feather":10,"Akabeko":11,"Runic Dome":59,"Bird Faced Urn":196,"Snecko Eye":51,"Tintinnabulum":99,"Kintsugi":51,"StrikeDummy":19,"Unceasing Top":61,"Abe\u0027s Treasure":130,"Lantern":96,"Torii":198,"Singing Bowl":208,"Painkiller Herb":76,"Blue Doll":144,"Bag of Preparation":15,"Replay:Multitool":194,"jedi:archwizardhat":72,"Cursed Key":35,"Power_Wrist":95,"Ancient Tea Set":177,"Pet Ghost":57,"Replay:Rubber Ducky":153,"Cleaning_Rag":188,"Matryoshka":43,"Ring of Fangs":44,"Toolbox":201,"WingedGreaves":48,"energizedSpire:HugeHouse":149,"Replay:Bottled Eggs":3,"InkBottle":18,"Potion Belt":50,"Lee\u0027s Waffle":153,"Golden Idol":139,"jedi:purplefairy":138,"jedi:gremlinknob":163,"Thread and Needle":174,"PreservedInsect":5,"The Courier":187,"Protect_Vest":121,"jedi:crownofsimplicity":42,"Frozen Egg 2":134,"energizedSpire:SpiderWeb":143,"energizedSpire:DeadBattery":215,"Replay:Arrowhead":37,"Ornamental Fan":91,"Orrery":95,"Garlic":111,"Art of War":170,"Bottled Lightning":49,"ReplayTheSpireMod:Ring of Challenge":44,"ReplayTheSpireMod:Onyx Gauntlets":51,"wanderingMiniBosses:Inkheart":34,"Toy Ornithopter":202,"Ice Cream":15,"Divine Protection":16,"Calipers":221,"Gremlin Horn":74,"CeramicFish":72,"Vajra":49,"jedi:command_rare":163,"Centennial Puzzle":216,"DollysMirror":8,"jedi:paperlyon":162,"Strawberry":90,"Philosopher\u0027s Stone":5,"Prayer Wheel":193,"Vampire_Amulet":0,"Iron Hammer":169,"Toxic Egg 2":25,"Girya":169,"Happy Flower":15,"ReplayTheSpireMod:CursedCoin":29,"Replay:Grab Bag":5,"Choco_Feather":67,"Astrolabe":162,"Oddly Smooth Stone":92,"Replay:Kaleidoscope":139,"War Paint":34,"jedi:HeartOfTheCards":86,"Du-Vu Doll":46,"jedi:heavyjacket":40,"Replay:Baseball":83,"jedi:hotpepper":124,"ReplayTheSpireMod:Shallot":146,"Shuriken":99,"Bronze Scales":55,"Simple Rune":82,"Onion Ring":128,"ReplayTheSpireMod:TigerMarble":3,"Grinning Jar":154,"Meat on the Bone":26,"Pocketwatch":118,"ReplayFunnel":210,"ReplayTheSpireMod:Ring of Exchange":95,"Mango":95,"Incense Burner":67,"Juzu Bracelet":138,"jedi:Pinwheel":178,"Replay:Mystery Machine":191,"theForsaken:Gavel":95,"PrismaticShard":99,"ClockworkSouvenir":95,"Replay:Bandana":32,"Nunchaku":71,"Chameleon Ring":129,"Mummified Hand":118,"theForsaken:Kindling":155,"Pantograph":4,"Gambling Chip":38,"jedi:matchstick":39,"Genji_Glove":67,"jedi:cryingmask":156,"Red Mask":12,"Replay:Bottled Snecko":93,"Runic Pyramid":5,"Gremlin Food":20,"BargainBundle":15,"ReplayTheSpireMod:Ninjato":43,"Replay:Towering Pillar of Hats":43,"Guide Book":60,"Replay:WaspNest":169,"Odd Mushroom":47,"Orichalcum":164,"Medical Kit":198,"White Beast Statue":62,"Calling Bell":5,"Strange Spoon":95,"CaptainsWheel":67,"jedi:kaleidoscope":58,"jedi:ominousloannote":61,"ChewingGum":5,"Gem_Box":87,"Membership Card":95,"Guard_Bracelet":107,"jedi:arcanewood":166,"FossilizedHelix":5,"TungstenRod":155,"ReplayTheSpireMod:ShopPack":119},{"Golden Egg":312,"jedi:zontanonomicon":45,"Spirit Poop":232,"Whetstone":447,"Ginger":562,"Bottled Tornado":205,"Sling":82,"Boot":140,"Ring of Searing":248,"Old Coin":344,"jedi:shrinkray":369,"Blood Vial":443,"Replay:Ringing Soul":13,"theForsaken:HumbleEgg":340,"jedi:firstaidkit":45,"Sundial":110,"Ribbon":307,"Fusion Hammer":54,"HandDrill":291,"Replay:Wax Seal":224,"Replay:Bottled Steam":19,"Pear":455,"Counterbalance":3,"Blue Candle":492,"Velvet Choker":118,"Eternal Feather":41,"Akabeko":45,"Runic Dome":231,"Bird Faced Urn":656,"Snecko Eye":217,"Tintinnabulum":314,"Kintsugi":217,"StrikeDummy":76,"Unceasing Top":233,"Abe\u0027s Treasure":407,"Lantern":309,"Torii":670,"Singing Bowl":691,"Painkiller Herb":263,"Blue Doll":455,"Bag of Preparation":61,"Replay:Multitool":649,"jedi:archwizardhat":252,"Cursed Key":160,"Power_Wrist":307,"Ancient Tea Set":573,"Pet Ghost":226,"Replay:Rubber Ducky":492,"Cleaning_Rag":621,"Matryoshka":193,"Ring of Fangs":196,"Toolbox":674,"WingedGreaves":208,"energizedSpire:HugeHouse":476,"Replay:Bottled Eggs":11,"InkBottle":72,"Potion Belt":213,"Lee\u0027s Waffle":492,"Golden Idol":440,"jedi:purplefairy":438,"jedi:gremlinknob":531,"Thread and Needle":562,"PreservedInsect":19,"The Courier":615,"Protect_Vest":377,"jedi:crownofsimplicity":186,"Frozen Egg 2":421,"energizedSpire:SpiderWeb":453,"energizedSpire:DeadBattery":706,"Replay:Arrowhead":168,"Ornamental Fan":294,"Orrery":307,"Garlic":350,"Art of War":552,"Bottled Lightning":209,"ReplayTheSpireMod:Ring of Challenge":196,"ReplayTheSpireMod:Onyx Gauntlets":217,"wanderingMiniBosses:Inkheart":153,"Toy Ornithopter":677,"Ice Cream":61,"Divine Protection":65,"Calipers":723,"Gremlin Horn":256,"CeramicFish":252,"Vajra":209,"jedi:command_rare":531,"Centennial Puzzle":708,"DollysMirror":32,"jedi:paperlyon":527,"Strawberry":291,"Philosopher\u0027s Stone":19,"Prayer Wheel":642,"Vampire_Amulet":0,"Iron Hammer":549,"Toxic Egg 2":101,"Girya":549,"Happy Flower":61,"ReplayTheSpireMod:CursedCoin":124,"Replay:Grab Bag":19,"Choco_Feather":246,"Astrolabe":527,"Oddly Smooth Stone":296,"Replay:Kaleidoscope":440,"War Paint":153,"jedi:HeartOfTheCards":283,"Du-Vu Doll":202,"jedi:heavyjacket":180,"Replay:Baseball":275,"jedi:hotpepper":388,"ReplayTheSpireMod:Shallot":462,"Shuriken":314,"Bronze Scales":224,"Simple Rune":273,"Onion Ring":399,"ReplayTheSpireMod:TigerMarble":11,"Grinning Jar":497,"Meat on the Bone":107,"Pocketwatch":367,"ReplayFunnel":695,"ReplayTheSpireMod:Ring of Exchange":307,"Mango":307,"Incense Burner":246,"Juzu Bracelet":438,"jedi:Pinwheel":576,"Replay:Mystery Machine":635,"theForsaken:Gavel":307,"PrismaticShard":314,"ClockworkSouvenir":307,"Replay:Bandana":140,"Nunchaku":250,"Chameleon Ring":402,"Mummified Hand":367,"theForsaken:Kindling":502,"Pantograph":13,"Gambling Chip":171,"jedi:matchstick":176,"Genji_Glove":246,"jedi:cryingmask":504,"Red Mask":48,"Replay:Bottled Snecko":301,"Runic Pyramid":19,"Gremlin Food":82,"BargainBundle":61,"ReplayTheSpireMod:Ninjato":193,"Replay:Towering Pillar of Hats":193,"Guide Book":232,"Replay:WaspNest":549,"Odd Mushroom":205,"Orichalcum":532,"Medical Kit":670,"White Beast Statue":235,"Calling Bell":19,"Strange Spoon":307,"CaptainsWheel":246,"jedi:kaleidoscope":228,"jedi:ominousloannote":233,"ChewingGum":19,"Gem_Box":287,"Membership Card":307,"Guard_Bracelet":340,"jedi:arcanewood":539,"FossilizedHelix":19,"TungstenRod":502,"ReplayTheSpireMod:ShopPack":369}],"TungstenRod":132,"Toy Ornithopter":22},"card_choices":[{"not_picked":["Thinking Ahead","Magnetism"],"picked":"jedi:LeechingStrike","floor":0},{"not_picked":["Impatience","Replay:Parry"],"picked":"Master of Strategy","floor":0},{"not_picked":["Impatience","Replay:Sssssssssshield"],"picked":"Midas Touch","floor":0},{"not_picked":["Bone_Spikes","Consume_Illness"],"picked":"Blood_Curse","floor":1},{"not_picked":["Uncharnel","Blood_Whip"],"picked":"Slay_Living","floor":3},{"not_picked":["Negative_Energy_Javelin","Consume_Illness"],"picked":"Blood_Shield","floor":4},{"not_picked":["Blood_Whip","Finger_Of_Death"],"picked":"Detonate_Bones","floor":6},{"not_picked":["Chill_Blood","Blood_Whip"],"picked":"Blood_Is_Power","floor":7},{"not_picked":["Finger_Of_Death","Life_Tap"],"picked":"Grasp_Heart","floor":11},{"not_picked":["Slay_Living","Detonate_Bones","Consume_Illness"],"picked":"SKIP","floor":14},{"not_picked":["Requiem","Skeleton_Dragon"],"picked":"Cloudkill","floor":16},{"not_picked":["Deaths_Shadow+1","Chill_Blood"],"picked":"Necrotic_Claws","floor":18},{"not_picked":["Blood_for_Blood","Scare"],"picked":"Spectral_Walk","floor":20},{"not_picked":["Consume_Illness","Negative_Energy_Javelin"],"picked":"Strike_from_Beyond","floor":24},{"not_picked":["Finger_Of_Death","Negative_Energy_Bomb"],"picked":"Siphon_Strength","floor":24},{"not_picked":["Bone_Spikes","Scare"],"picked":"Acid_Javelin","floor":25},{"not_picked":["Consume_Illness","Negative_Energy_Javelin+1"],"picked":"Vampiric_Strike","floor":27},{"not_picked":["Epidemic","Negative_Energy_Javelin"],"picked":"Necrotic_Claws","floor":27},{"not_picked":["Finger_Of_Death+1","Death_Knell","Exploit+1"],"picked":"Singing Bowl","floor":28},{"not_picked":["Toxic_Smoke_Screen","Negative_Energy_Javelin"],"picked":"Life_Tap","floor":28},{"not_picked":["Consume_Illness","Negative_Energy_Sphere+1"],"picked":"Blood_Is_Power","floor":30},{"not_picked":["Negative_Energy_Mist","Strike_from_Beyond","Thousand_Bone_Knives+1"],"picked":"Singing Bowl","floor":31},{"not_picked":["Vampiric_Strike+1","Negative_Energy_Shield"],"picked":"Shade_Step","floor":31},{"not_picked":["Skeleton_Dragon","Negative_Energy_Bomb"],"picked":"Blood_Wake","floor":33},{"not_picked":["Necrotic_Claws","Blood_Curse","Toxic_Smoke_Screen"],"picked":"Singing Bowl","floor":35},{"not_picked":["Chill_Blood","Negative_Energy_Javelin+1"],"picked":"Stop_Heart","floor":35},{"not_picked":["Negative_Energy_Mist+1","Bone_Armory+1","Finger_Of_Death+1"],"picked":"Singing Bowl","floor":37},{"not_picked":["Death_Knell","Bone_Spikes+1","Epidemic"],"picked":"Singing Bowl","floor":37},{"not_picked":["Deaths_Shadow","Negative_Energy_Shield+1","Finger_Of_Death"],"picked":"Singing Bowl","floor":39},{"not_picked":["Bone_Armor","Bone_Spikes","Vampiric_Strike"],"picked":"Singing Bowl","floor":39},{"not_picked":["Bones_to_Steel","Blood_for_Blood","Death_March_Dance+1"],"picked":"Singing Bowl","floor":44},{"not_picked":["Blood_Curse+1","Summon_Undead_Army+1"],"picked":"Uncharnel+1","floor":44},{"not_picked":["Epidemic+1","Negative_Energy_Javelin"],"picked":"Requiem","floor":46},{"not_picked":["Bone_Prison+1","Blood_Whip","Bone_Armor"],"picked":"Singing Bowl","floor":46},{"not_picked":["Necrotic_Claws+1","Bone_Armor","Vampiric_Strike+1"],"picked":"Singing Bowl","floor":48},{"not_picked":["Negative_Energy_Sphere","Vampiric_Strike+1"],"picked":"Violent_Necrosis","floor":49}],"player_experience":1732605,"relics_obtained":[{"floor":6,"key":"Toy Ornithopter"},{"floor":9,"key":"Vajra"},{"floor":9,"key":"Guard_Bracelet"},{"floor":14,"key":"The Courier"},{"floor":25,"key":"jedi:HeartOfTheCards"},{"floor":26,"key":"Tintinnabulum"},{"floor":26,"key":"ReplayFunnel"},{"floor":30,"key":"Oddly Smooth Stone"},{"floor":37,"key":"Centennial Puzzle"},{"floor":45,"key":"PreservedInsect"},{"floor":48,"key":"Bird Faced Urn"},{"floor":49,"key":"Calipers"}],"event_choices":[{"damage_healed":0,"gold_gain":339,"player_choice":"GO GO GO UP ","damage_taken":39,"relics_obtained":[],"max_hp_gain":0,"max_hp_loss":0,"event_name":"betterSkull:BetterSkull","floor":2,"gold_loss":0,"cards_upgraded":["Blood_Curse"]},{"damage_healed":0,"gold_gain":100,"player_choice":"Pray","damage_taken":0,"max_hp_gain":0,"max_hp_loss":0,"event_name":"Golden Shrine","floor":10,"gold_loss":0},{"damage_healed":0,"gold_gain":75,"player_choice":"Gold","damage_taken":11,"max_hp_gain":0,"max_hp_loss":0,"event_name":"betterThird:BetterGoop","floor":12,"gold_loss":0},{"cards_removed":["Blood_Is_Power"],"damage_healed":0,"gold_gain":0,"player_choice":"Take \u0026 Give","damage_taken":0,"max_hp_gain":0,"max_hp_loss":0,"event_name":"betterNote:BetterNote","floor":19,"gold_loss":0,"cards_obtained":["HollowMod:SlysStrikes"]},{"damage_healed":0,"gold_gain":0,"player_choice":"Ignored","damage_taken":0,"max_hp_gain":0,"max_hp_loss":0,"event_name":"Tomb of Lord Red Mask","floor":36,"gold_loss":0},{"damage_healed":0,"gold_gain":0,"player_choice":"Fight","damage_taken":0,"max_hp_gain":0,"max_hp_loss":0,"event_name":"MindBloom","floor":48,"gold_loss":0},{"damage_healed":0,"gold_gain":0,"player_choice":"Fight","damage_taken":0,"max_hp_gain":0,"max_hp_loss":0,"event_name":"Mysterious Sphere","floor":49,"gold_loss":0}],"is_beta":false,"boss_relics":[{"not_picked":["Busted Crown","Honey Jar"],"picked":"Runic Dome"},{"not_picked":["Ring of Chaos","Sozu"],"picked":"energizedSpire:DeadBattery"}],"items_purged_floors":[0,0,0,5,22,38,47,47],"is_endless":false,"potions_floor_spawned":[1,6,16,20,25,30,31,39,44,48],"ascension_level":0}}