{"host":"odz7g4gpgch153rb","time":1610471356,"event":{"mods":["AchievementEnabler","BaseMod","Better Match","Better Third Choice","BetterRewards","GifTheSpireLib","Infinite Spire","Jedi Mod","Minty Spire (QoL Compilation)","Quick Restart","Replay The Spire","Spikes Relics","StSLib","Stuff the Spire","The Blue Laboratory","Trackpad"],"gold_per_floor":[109,156,156,104,29,63,75,102,102,102,137,137,153,165,165,242,242,254,211,211,261,0,27,27,55,55,70,70,70,80,106,106,183,183,201,201,253,263,105,105,0,0,68,68,68,68,88,105,105,105],"floor_reached":51,"playtime":3084,"items_purged":["Strike_B","Strike_B"],"score":1401,"play_id":"e9b2bbb1-cfe0-457b-a83a-ba45cee83185","local_time":"20210112120916","is_ascension_mode":true,"campfire_choices":[{"data":"Dualcast","floor":10,"key":"SMITH"},{"floor":15,"key":"REST"},{"data":"StuffTheSpire:Synthwave","floor":24,"key":"SMITH"},{"data":"StuffTheSpire:CelestialWarden","floor":29,"key":"SMITH"},{"data":"Zap","floor":32,"key":"SMITH"},{"data":"Defend_B","floor":40,"key":"SMITH"},{"data":"Defend_B","floor":42,"key":"SMITH"},{"data":"Defend_B","floor":44,"key":"SMITH"},{"data":"Defend_B","floor":46,"key":"SMITH"},{"data":"Capacitor","floor":49,"key":"SMITH"}],"circlet_count":0,"master_deck":["AscendersBane","Defend_B+1","Defend_B+1","Defend_B+1","Defend_B+1","Zap+1","Dualcast+1","StuffTheSpire:CelestialWarden+1","StuffTheSpire:Plugnplay","Electrodynamics","StuffTheSpire:Synthwave+1","Ball Lightning","Electrodynamics","Sweeping Beam+1","infinitespire:Starlight","Rip and Tear+1","Capacitor+1","Core Surge"],"relics":["Cracked Core","NeowsBlessing","Replay:Ringing Soul","Mummified Hand","Solar Panel","Singing Bowl","trackpad:Mousetrap","Ring of Chaos","PreservedInsect","jedi:laserpointer","trackpad:ByrdBGone","infinitespire:Joker Card","StuffTheSpire:Rhapsscallions","trackpad:StolenKidneys","infinitespire:Beetle Shell","Prayer Wheel","Strawberry","Red Mask","Question Card"],"acts_visited":["Exordium","TheCity","TheBeyond"],"potions_floor_usage":[8,18,50],"damage_taken":[{"damage":0,"enemies":"Cultist","floor":1,"turns":1},{"damage":0,"enemies":"Gremlin Nob","floor":6,"turns":1},{"damage":0,"enemies":"Small Slimes","floor":7,"turns":2},{"damage":34,"enemies":"3 Sentries","floor":8,"turns":9},{"damage":13,"enemies":"Lagavulin","floor":11,"turns":6},{"damage":4,"enemies":"2 Louse","floor":13,"turns":2},{"damage":0,"enemies":"Large Slime","floor":14,"turns":4},{"damage":28,"enemies":"The Guardian","floor":16,"turns":14},{"damage":11,"enemies":"Shell Parasite","floor":18,"turns":3},{"damage":7,"enemies":"Gremlin Leader","floor":23,"turns":5},{"damage":0,"enemies":"Replay:Snechameleon","floor":25,"turns":3},{"damage":0,"enemies":"Chosen","floor":27,"turns":3},{"damage":0,"enemies":"Snake Plant","floor":30,"turns":2},{"damage":19,"enemies":"Slavers","floor":31,"turns":3},{"damage":162,"enemies":"Champ","floor":33,"turns":11},{"damage":0,"enemies":"Orb Walker","floor":35,"turns":2},{"damage":3,"enemies":"2 Orb Walkers","floor":37,"turns":3},{"damage":0,"enemies":"3 Darklings","floor":38,"turns":2},{"damage":0,"enemies":"Jaw Worm Horde","floor":47,"turns":2},{"damage":11,"enemies":"Transient","floor":48,"turns":6},{"damage":79,"enemies":"Time Eater","floor":50,"turns":10}],"seed_played":"-2105336115201292845","potions_obtained":[{"floor":6,"key":"Elixir"},{"floor":14,"key":"SteroidPotion"},{"floor":16,"key":"jedi:coolantleak"},{"floor":23,"key":"FairyPotion"},{"floor":27,"key":"Elixir"},{"floor":33,"key":"blueLaboratory:CoolantVial"}],"is_trial":false,"path_per_floor":["M","T","?","?","$","E","M","E","T","R","E","?","M","M","R","B",null,"M","$","?","?","$","E","R","E","T","M","$","R","M","E","R","B",null,"M","AVR","?","M","$","R","?","R","T","R","?","R","M","M","R","B",null],"character_chosen":"DEFECT","items_purchased":["StuffTheSpire:Synthwave","PreservedInsect","Strawberry"],"campfire_rested":1,"item_purchase_floors":[19,22,39],"current_hp_per_floor":[64,64,64,64,64,64,67,33,33,33,26,26,26,30,54,35,71,68,71,71,71,71,72,72,81,81,89,89,89,97,91,91,16,84,91,94,109,120,127,127,127,127,127,127,127,127,130,134,134,75],"gold":105,"neow_bonus":"THREE_ENEMY_KILL","is_daily":false,"chose_seed":false,"campfire_upgraded":9,"win_rate":0.0,"timestamp":1610471356,"path_taken":["M","?","?","?","$","E","?","E","T","R","E","?","?","M","R","BOSS","M","$","?","?","$","E","R","E","T","M","?","R","M","E","R","BOSS","M","AVR","?","M","$","R","?","R","T","R","?","R","?","M","R","BOSS"],"items_purchased_type":["Card","Relic","Relic"],"build_version":"2020-12-22","purchased_purges":2,"victory":true,"max_hp_per_floor":[71,71,71,71,71,71,74,74,74,74,76,76,78,80,80,83,83,85,88,88,88,88,90,90,93,93,95,95,95,97,104,104,107,107,110,113,115,120,127,127,127,127,127,127,127,127,130,134,134,134],"card_choices":[{"not_picked":["Coolheaded","Stack","Hologram"],"picked":"SKIP","floor":1},{"not_picked":["StuffTheSpire:BrainWave","StuffTheSpire:Vigor"],"picked":"StuffTheSpire:CelestialWarden","floor":3},{"not_picked":["Skim","Reprogram","Gash"],"picked":"SKIP","floor":6},{"not_picked":["Redo","Gash"],"picked":"StuffTheSpire:Plugnplay","floor":7},{"not_picked":["Sweeping Beam","Go for the Eyes","jedi:blockon"],"picked":"SKIP","floor":8},{"not_picked":["Crystallizer","Aggregate","Stack"],"picked":"Singing Bowl","floor":11},{"not_picked":["Coolheaded","Time Bomb","Streamline"],"picked":"Singing Bowl","floor":13},{"not_picked":["ReplayTheSpireMod:Reroute Power","ReplayTheSpireMod:GoodbyeWorld","Genetic Algorithm"],"picked":"Singing Bowl","floor":14},{"not_picked":["StuffTheSpire:LaunchingStrike","Creative AI"],"picked":"Electrodynamics","floor":16},{"not_picked":["FTL","StuffTheSpire:LoadUp","Consume"],"picked":"Singing Bowl","floor":18},{"not_picked":["Compile Driver","Stack","Gash"],"picked":"Singing Bowl","floor":23},{"not_picked":["jedi:BurstLightning","Biased Cognition"],"picked":"Ball Lightning","floor":25},{"not_picked":["Redo","Double Energy","Barrage"],"picked":"Singing Bowl","floor":27},{"not_picked":["Compile Driver","Hologram","Leap"],"picked":"Singing Bowl","floor":30},{"not_picked":["Chaos","StuffTheSpire:LoadUp","Turbo"],"picked":"Singing Bowl","floor":31},{"not_picked":["jedi:gatheringstorm","StuffTheSpire:Purify"],"picked":"Electrodynamics","floor":33},{"not_picked":["Conserve Battery+1","BasicCrystalCard"],"picked":"Sweeping Beam+1","floor":35},{"not_picked":["Steam","Go for the Eyes","Leap"],"picked":"Singing Bowl","floor":37},{"not_picked":["Barrage+1","Go for the Eyes","BasicCrystalCard"],"picked":"Singing Bowl","floor":38},{"not_picked":["BasicCrystalCard","Redo"],"picked":"Rip and Tear+1","floor":38},{"not_picked":["jedi:blockon","BasicCrystalCard","jedi:BurstLightning"],"picked":"Capacitor","floor":47},{"not_picked":["Beam Cell","Go for the Eyes+1","Streamline"],"picked":"Core Surge","floor":47},{"not_picked":["BasicCrystalCard","Beam Cell","StuffTheSpire:Rend+1","Streamline"],"picked":"Singing Bowl","floor":48},{"not_picked":["Panic Button","Chaos","jedi:BurstFrost","Steam"],"picked":"Singing Bowl","floor":48}],"player_experience":1036890,"relics_obtained":[{"floor":2,"key":"Toy Ornithopter"},{"floor":6,"key":"Mummified Hand"},{"floor":8,"key":"Solar Panel"},{"floor":9,"key":"Singing Bowl"},{"floor":11,"key":"trackpad:Mousetrap"},{"floor":23,"key":"jedi:laserpointer"},{"floor":25,"key":"trackpad:ByrdBGone"},{"floor":26,"key":"infinitespire:Joker Card"},{"floor":31,"key":"StuffTheSpire:Rhapsscallions"},{"floor":37,"key":"Prayer Wheel"},{"floor":43,"key":"Question Card"}],"event_choices":[{"damage_healed":0,"gold_gain":0,"player_choice":"Paid Gold","damage_taken":0,"relics_obtained":["Replay:Ringing Soul"],"max_hp_gain":0,"max_hp_loss":0,"event_name":"WeMeetAgain","floor":4,"gold_loss":52},{"cards_removed":["Strike_B"],"damage_healed":0,"gold_gain":0,"player_choice":"Purged","damage_taken":0,"max_hp_gain":0,"max_hp_loss":0,"event_name":"Purifier","floor":12,"gold_loss":0},{"damage_healed":0,"gold_gain":50,"player_choice":"Steal","damage_taken":0,"max_hp_gain":0,"max_hp_loss":0,"event_name":"betterThird:BetterNest","floor":21,"gold_loss":0},{"damage_healed":0,"gold_gain":0,"player_choice":"Fight","damage_taken":0,"max_hp_gain":0,"max_hp_loss":0,"event_name":"Mysterious Sphere","floor":37,"gold_loss":0},{"damage_healed":0,"gold_gain":0,"player_choice":"Paid","damage_taken":0,"relics_obtained":["Red Mask"],"max_hp_gain":0,"max_hp_loss":0,"event_name":"Tomb of Lord Red Mask","floor":41,"gold_loss":105}],"is_beta":false,"boss_relics":[{"not_picked":["infinitespire:Cupcake","Cursed Key"],"picked":"Ring of Chaos"},{"not_picked":["StuffTheSpire:RunicHypercube","Replay:Drink Me"],"picked":"trackpad:StolenKidneys"}],"items_purged_floors":[5,22],"is_endless":false,"potions_floor_spawned":[6,14,16,23,25,27,33,38,47],"ascension_level":17}}