{"host":"25beq07qjecnigqh","time":1610460797,"event":{"mods":["BaseMod","Minty Spire (QoL Compilation)"],"gold_per_floor":[112,112,132,142,142,171,185,210,233,264,264,277,306,319,319,419,419,438,537,75,86,86,119,119,119,143,143,172,189,189,221,221,322,322,341,0,0,18,18,49,49,49,49],"floor_reached":42,"playtime":2817,"items_purged":[],"score":563,"play_id":"84f19d57-22ab-46ac-b572-aebe95f4bb26","local_time":"20210112221317","is_ascension_mode":true,"campfire_choices":[{"data":"Carnage","floor":11,"key":"SMITH"},{"floor":15,"key":"REST"},{"data":"Armaments","floor":24,"key":"SMITH"},{"data":"Dual Wield","floor":27,"key":"SMITH"},{"data":"Blood for Blood","floor":30,"key":"SMITH"},{"floor":32,"key":"REST"},{"floor":41,"key":"REST"}],"circlet_count":0,"master_deck":["Strike_R","Strike_R+1","Strike_R","Strike_R+1","Strike_R+1","Defend_R","Defend_R","Defend_R","Bash","Fiend Fire","Twin Strike","Perfected Strike","Rage","Carnage+1","Whirlwind+1","Second Wind","Thunderclap","Sword Boomerang","Pummel","Reaper","Dual Wield+1","Armaments+1","Cleave+1","Clash","Infernal Blade+1","Blood for Blood+1","Clash","Corruption","Flex+1","Flex+1","Impatience","Madness"],"relics":["Burning Blood","Lantern","Oddly Smooth Stone","Red Skull","Whetstone","Prayer Wheel","Velvet Choker","Mango","Strawberry","Meat on the Bone","Bronze Scales","Orichalcum","Lizard Tail","Black Star","Red Mask","Boot","Mercury Hourglass"],"acts_visited":["Exordium","TheCity","TheBeyond"],"potions_floor_usage":[8,13,13,28,33,40,42],"damage_taken":[{"damage":0,"enemies":"2 Louse","floor":1,"turns":4},{"damage":1,"enemies":"Cultist","floor":3,"turns":3},{"damage":3,"enemies":"Small Slimes","floor":4,"turns":3},{"damage":26,"enemies":"Lagavulin","floor":6,"turns":5},{"damage":14,"enemies":"Blue Slaver","floor":7,"turns":3},{"damage":1,"enemies":"Gremlin Nob","floor":8,"turns":3},{"damage":12,"enemies":"3 Sentries","floor":10,"turns":4},{"damage":10,"enemies":"Lots of Slimes","floor":12,"turns":3},{"damage":8,"enemies":"Lagavulin","floor":13,"turns":5},{"damage":0,"enemies":"Large Slime","floor":14,"turns":4},{"damage":2,"enemies":"Slime Boss","floor":16,"turns":8},{"damage":19,"enemies":"Shell Parasite","floor":18,"turns":4},{"damage":4,"enemies":"Chosen","floor":21,"turns":4},{"damage":44,"enemies":"Gremlin Leader","floor":23,"turns":5},{"damage":27,"enemies":"Slavers","floor":28,"turns":4},{"damage":9,"enemies":"Snecko","floor":29,"turns":3},{"damage":33,"enemies":"Book of Stabbing","floor":31,"turns":4},{"damage":47,"enemies":"Collector","floor":33,"turns":5},{"damage":13,"enemies":"3 Shapes","floor":35,"turns":2},{"damage":8,"enemies":"Orb Walker","floor":38,"turns":2},{"damage":149,"enemies":"Giant Head","floor":40,"turns":10},{"damage":58,"enemies":"Reptomancer","floor":42,"turns":3}],"seed_played":"-8545795183564777459","potions_obtained":[{"floor":7,"key":"Weak Potion"},{"floor":8,"key":"SmokeBomb"},{"floor":10,"key":"Weak Potion"},{"floor":12,"key":"Regen Potion"},{"floor":21,"key":"PowerPotion"},{"floor":29,"key":"ColorlessPotion"},{"floor":33,"key":"Weak Potion"},{"floor":40,"key":"ElixirPotion"}],"is_trial":false,"path_per_floor":["M","?","M","M","?","E","M","E","T","E","R","M","E","M","R","B",null,"M","?","$","M","?","E","R","?","T","R","E","M","R","E","R","B",null,"M","?","?","M","?","E","R","E"],"character_chosen":"IRONCLAD","items_purchased":["Mango","Strawberry"],"campfire_rested":3,"item_purchase_floors":[20,20],"current_hp_per_floor":[80,64,69,72,72,52,44,49,49,43,43,39,51,57,80,80,80,67,67,88,94,94,63,63,63,63,63,63,60,60,49,79,62,101,94,94,94,92,92,24,54,0,0],"gold":49,"neow_bonus":"ONE_RANDOM_RARE_CARD","is_daily":false,"chose_seed":false,"campfire_upgraded":4,"win_rate":0.0,"timestamp":1610460797,"path_taken":["M","?","M","M","?","E","?","E","T","E","R","M","E","M","R","BOSS","M","?","$","M","?","E","R","?","T","R","E","M","R","E","R","BOSS","M","?","?","?","?","E","R","E"],"items_purchased_type":["Relic","Relic"],"build_version":"2020-12-22","purchased_purges":0,"victory":false,"max_hp_per_floor":[80,80,80,80,80,80,80,80,80,80,80,80,80,80,80,80,80,80,80,101,101,101,101,101,101,101,101,101,101,101,101,101,101,101,101,101,101,101,101,101,101,101,101],"card_choices":[{"not_picked":["Cleave","Disarm"],"picked":"Twin Strike","floor":1},{"not_picked":["Warcry","Shrug It Off"],"picked":"Perfected Strike","floor":3},{"not_picked":["Cleave","Pommel Strike"],"picked":"Rage","floor":4},{"not_picked":["Thunderclap","Rampage"],"picked":"Carnage","floor":6},{"not_picked":["Perfected Strike","Havoc"],"picked":"Whirlwind","floor":7},{"not_picked":["Perfected Strike","Disarm"],"picked":"Second Wind","floor":8},{"not_picked":["True Grit","Body Slam","Perfected Strike"],"picked":"SKIP","floor":10},{"not_picked":["Body Slam","Sever Soul"],"picked":"Thunderclap","floor":12},{"not_picked":["Warcry","Dark Embrace","Hemokinesis"],"picked":"SKIP","floor":13},{"not_picked":["Iron Wave","Thunderclap"],"picked":"Sword Boomerang","floor":14},{"not_picked":["Headbutt","Entrench"],"picked":"Pummel","floor":14},{"not_picked":["Bludgeon","Offering"],"picked":"Reaper","floor":16},{"not_picked":["Heavy Blade+1","Rampage+1"],"picked":"Dual Wield","floor":18},{"not_picked":["Anger","Wild Strike","Pummel"],"picked":"SKIP","floor":18},{"not_picked":["Twin Strike","Sentinel"],"picked":"Armaments","floor":21},{"not_picked":["Metallicize","Thunderclap"],"picked":"Cleave+1","floor":21},{"not_picked":["Armaments","Pommel Strike"],"picked":"Clash","floor":23},{"not_picked":["Headbutt","Combust","Body Slam"],"picked":"SKIP","floor":28},{"not_picked":["Perfected Strike","Iron Wave"],"picked":"Infernal Blade+1","floor":29},{"not_picked":["Twin Strike","Body Slam"],"picked":"Blood for Blood","floor":29},{"not_picked":["Exhume","Cleave+1"],"picked":"Clash","floor":31},{"not_picked":["Barricade","Feed"],"picked":"Corruption","floor":33},{"not_picked":["Feel No Pain+1","Shrug It Off+1"],"picked":"Flex+1","floor":35},{"not_picked":["Rage","Disarm+1"],"picked":"Flex+1","floor":35},{"not_picked":["Flame Barrier+1","Pommel Strike+1","Body Slam"],"picked":"SKIP","floor":38},{"not_picked":["Pummel+1","Whirlwind","Burning Pact"],"picked":"SKIP","floor":38},{"not_picked":["Deep Breath","Dark Shackles"],"picked":"Madness","floor":39},{"not_picked":["True Grit+1","Barricade","Sword Boomerang+1"],"picked":"SKIP","floor":40}],"player_experience":41135,"relics_obtained":[{"floor":6,"key":"Lantern"},{"floor":8,"key":"Oddly Smooth Stone"},{"floor":9,"key":"Red Skull"},{"floor":10,"key":"Whetstone"},{"floor":13,"key":"Prayer Wheel"},{"floor":23,"key":"Meat on the Bone"},{"floor":26,"key":"Bronze Scales"},{"floor":28,"key":"Orichalcum"},{"floor":31,"key":"Lizard Tail"},{"floor":40,"key":"Boot"},{"floor":40,"key":"Mercury Hourglass"}],"event_choices":[{"damage_healed":0,"gold_gain":0,"player_choice":"Entered Light","damage_taken":16,"max_hp_gain":0,"max_hp_loss":0,"event_name":"Shining Light","floor":2,"gold_loss":0,"cards_upgraded":["Strike_R","Strike_R"]},{"cards_removed":["Defend_R"],"damage_healed":0,"gold_gain":0,"player_choice":"Purged","damage_taken":0,"max_hp_gain":0,"max_hp_loss":0,"event_name":"Purifier","floor":5,"gold_loss":0},{"damage_healed":0,"gold_gain":99,"player_choice":"Stole From Cult","damage_taken":0,"max_hp_gain":0,"max_hp_loss":0,"event_name":"Nest","floor":19,"gold_loss":0},{"damage_healed":0,"gold_gain":0,"player_choice":"Ignored","damage_taken":0,"max_hp_gain":0,"max_hp_loss":0,"event_name":"Vampires","floor":22,"gold_loss":0},{"damage_healed":0,"gold_gain":0,"player_choice":"Ignored","damage_taken":0,"max_hp_gain":0,"max_hp_loss":0,"event_name":"Beggar","floor":25,"gold_loss":0},{"damage_healed":0,"gold_gain":0,"player_choice":"Paid","damage_taken":0,"relics_obtained":["Red Mask"],"max_hp_gain":0,"max_hp_loss":0,"event_name":"Tomb of Lord Red Mask","floor":36,"gold_loss":341},{"damage_healed":0,"gold_gain":0,"player_choice":"1 cards matched","damage_taken":0,"max_hp_gain":0,"max_hp_loss":0,"event_name":"Match and Keep!","floor":37,"gold_loss":0,"cards_obtained":["Impatience"]},{"damage_healed":0,"gold_gain":0,"player_choice":"Memory 1","damage_taken":0,"max_hp_gain":0,"max_hp_loss":0,"event_name":"SensoryStone","floor":39,"gold_loss":0}],"is_beta":false,"boss_relics":[{"not_picked":["Calling Bell","Astrolabe"],"picked":"Velvet Choker"},{"not_picked":["Fusion Hammer","Black Blood"],"picked":"Black Star"}],"items_purged_floors":[],"is_endless":false,"potions_floor_spawned":[7,8,10,12,21,29,33,40],"killed_by":"Reptomancer","ascension_level":1}}