{"host":"d5orsqx4lxgzjfwi","time":1610441644,"event":{"mods":["AchievementEnabler","BaseMod","Colored Map","Downfall","Hermit","Minty Spire (QoL Compilation)","Permanent Neow","Replay The Spire","StSLib","The Cursed","The Hierophant"],"gold_per_floor":[111,111,111,211,225,225,256,181,204,222,222,322,335,43,43,43,43],"floor_reached":16,"playtime":866,"items_purged":["Strike_G"],"score":118,"play_id":"120be1b3-8906-4010-b9c9-6c14ff618c09","local_time":"20210112025404","is_ascension_mode":true,"campfire_choices":[{"data":"Fluid Movement","floor":6,"key":"SMITH"},{"data":"Dagger Spray","floor":11,"key":"SMITH"},{"floor":15,"key":"REST"}],"circlet_count":0,"master_deck":["Strike_G","Strike_G","Strike_G","Strike_G","Defend_G","Defend_G","Defend_G","Defend_G","Defend_G","Survivor","Neutralize+1","Fluid Movement+1","Dagger Spray","Fluid Movement","Dagger Spray+1","Backflip","PiercingWail+1"],"relics":["Ring of the Snake","Golden Idol","Golden Egg","Replay:Mystery Machine","Replay:Bottled Snecko"],"acts_visited":["Exordium"],"potions_floor_usage":[16],"damage_taken":[{"damage":0,"enemies":"2 Louse","floor":1,"turns":5},{"damage":0,"enemies":"Small Slimes","floor":5,"turns":4},{"damage":24,"enemies":"3 Sentries","floor":7,"turns":9},{"damage":0,"enemies":"Cultist","floor":10,"turns":5},{"damage":0,"enemies":"Looter","floor":13,"turns":4},{"damage":52,"enemies":"Hexaghost","floor":16,"turns":18}],"seed_played":"-2739929583390614317","potions_obtained":[{"floor":1,"key":"SteroidPotion"},{"floor":7,"key":"Elixir"},{"floor":13,"key":"Weak Potion"}],"is_trial":false,"path_per_floor":["M","?","?","?","M","R","E","$","T","M","R","?","M","$","R","B"],"character_chosen":"THE_SILENT","items_purchased":["PiercingWail","Replay:Bottled Snecko"],"campfire_rested":1,"item_purchase_floors":[14,14],"current_hp_per_floor":[70,70,53,53,53,53,29,29,29,29,29,29,29,29,50,0,0],"gold":43,"neow_bonus":"UPGRADE_CARD","is_daily":false,"chose_seed":false,"campfire_upgraded":2,"win_rate":0.0,"timestamp":1610441644,"path_taken":["M","?","?","?","?","R","E","$","T","M","R","?","?","?","R","BOSS"],"items_purchased_type":["Card","Relic"],"build_version":"2020-12-22","purchased_purges":1,"victory":false,"max_hp_per_floor":[70,70,70,70,70,70,70,70,70,70,70,70,70,70,70,70,70],"card_choices":[{"not_picked":["Outmaneuver","Caltrops"],"picked":"Fluid Movement","floor":1},{"not_picked":["Outmaneuver","Slice"],"picked":"Dagger Spray","floor":5},{"not_picked":["Burst","Quick Slash"],"picked":"Fluid Movement","floor":7},{"not_picked":["Slice","Deadly Poison"],"picked":"Dagger Spray","floor":10},{"not_picked":["Acrobatics","ReplayTheSpireMod:Scrap Shanks"],"picked":"Backflip","floor":13}],"player_experience":208655,"relics_obtained":[{"floor":7,"key":"Golden Egg"},{"floor":9,"key":"Replay:Mystery Machine"}],"event_choices":[{"damage_healed":0,"gold_gain":0,"player_choice":"Leave","damage_taken":0,"max_hp_gain":0,"max_hp_loss":0,"event_name":"The Cleric","floor":2,"gold_loss":0},{"damage_healed":0,"gold_gain":0,"player_choice":"Take Damage","damage_taken":17,"relics_obtained":["Golden Idol"],"max_hp_gain":0,"max_hp_loss":0,"event_name":"Golden Idol","floor":3,"gold_loss":0},{"damage_healed":0,"gold_gain":100,"player_choice":"Pray","damage_taken":0,"max_hp_gain":0,"max_hp_loss":0,"event_name":"Golden Shrine","floor":4,"gold_loss":0},{"damage_healed":0,"gold_gain":100,"player_choice":"Gold","damage_taken":0,"max_hp_gain":0,"max_hp_loss":0,"event_name":"Wheel of Change","floor":12,"gold_loss":0}],"is_beta":false,"boss_relics":[],"items_purged_floors":[8],"is_endless":false,"potions_floor_spawned":[1,7,13],"killed_by":"Hexaghost","ascension_level":4}}