{"host":"61r95uy0hn86b9iu","time":1610414506,"event":{"mods":["AchievementEnabler","BaseMod","Better Vampires","BetterRewards","Colored Powertips","Hubris","Minty Spire (QoL Compilation)","Shop Mod","StSLib"],"gold_per_floor":[115,48,58,58,6,6,17,52,52,52,66,85,145,163,163,260,260,270,270,195,211,211,211,243,262,262,219,23,23,23],"floor_reached":29,"playtime":718,"items_purged":["Strike_B"],"score":365,"play_id":"9db99f62-e139-4154-baa6-a8d34dead8a0","local_time":"20210111192146","is_ascension_mode":true,"campfire_choices":[{"data":"Sunder","floor":6.0,"key":"SMITH"},{"floor":10.0,"key":"REST"},{"floor":15.0,"key":"REST"},{"floor":23.0,"key":"REST"}],"circlet_count":0,"master_deck":["AscendersBane","Strike_B","Strike_B","Defend_B","Defend_B","Defend_B","Defend_B","Zap","Dualcast","Sunder+1","Lockon","Darkness","Core Surge","Sweeping Beam","Coolheaded","Leap","FTL","Seek","Tempest+1","Darkness+1","Loop","Capacitor","HandOfGreed"],"relics":["Cracked Core","Bronze Scales","hubris:DeckOfHolding","Oddly Smooth Stone","Omamori","hubris:ChampionShield","Cables","Toy Ornithopter","MerchantsRug"],"acts_visited":["Exordium","TheCity"],"potions_floor_usage":[],"damage_taken":[{"damage":3.0,"enemies":"2 Louse","floor":1.0,"turns":3.0},{"damage":6.0,"enemies":"Cultist","floor":3.0,"turns":3.0},{"damage":10.0,"enemies":"Small Slimes","floor":7.0,"turns":2.0},{"damage":25.0,"enemies":"Lagavulin","floor":8.0,"turns":6.0},{"damage":8.0,"enemies":"Blue Slaver","floor":11.0,"turns":3.0},{"damage":6.0,"enemies":"Looter","floor":12.0,"turns":2.0},{"damage":20.0,"enemies":"3 Sentries","floor":13.0,"turns":5.0},{"damage":0.0,"enemies":"Exordium Wildlife","floor":14.0,"turns":3.0},{"damage":6.0,"enemies":"Hexaghost","floor":16.0,"turns":9.0},{"damage":6.0,"enemies":"Chosen","floor":18.0,"turns":4.0},{"damage":23.0,"enemies":"2 Thieves","floor":21.0,"turns":4.0},{"damage":23.0,"enemies":"Book of Stabbing","floor":24.0,"turns":4.0},{"damage":8.0,"enemies":"Snake Plant","floor":25.0,"turns":3.0},{"damage":13,"enemies":"Centurion and Healer","floor":29,"turns":1}],"seed_played":"-1101405475874261476","potions_obtained":[{"floor":8.0,"key":"Block Potion"},{"floor":11.0,"key":"EssenceOfDarkness"},{"floor":13.0,"key":"ColorlessPotion"},{"floor":21.0,"key":"FocusPotion"},{"floor":25.0,"key":"BlessingOfTheForge"}],"is_trial":false,"path_per_floor":["M","$","M","$","?","R","M","E","T","R","M","M","?","M","R","B",null,"M","?","?","M","T","R","E","M","T","$","$","M"],"character_chosen":"DEFECT","items_purchased":["Lockon","MerchantsRug","HandOfGreed"],"campfire_rested":3,"item_purchase_floors":[2,27,28],"current_hp_per_floor":[65,65,59,59,59,59,49,24,24,46,38,32,12,12,34,28,63,57,43,43,20,20,44,21,13,13,13,13,0,0],"gold":23,"neow_bonus":"RANDOM_COMMON_RELIC","is_daily":false,"chose_seed":false,"campfire_upgraded":1,"win_rate":0.0,"timestamp":1610414506,"path_taken":["M","$","M","$","?","R","M","E","T","R","?","M","?","M","R","BOSS","M","?","?","M","?","R","E","M","T","?","$","M"],"items_purchased_type":["Card","Relic","Card"],"build_version":"2020-12-22","purchased_purges":1,"victory":false,"max_hp_per_floor":[75,75,75,75,75,75,75,75,75,75,75,75,75,75,75,75,75,75,80,80,80,80,80,80,80,80,80,80,80,80],"card_choices":[{"not_picked":["Gash","Reprogram"],"picked":"Sunder","floor":1.0},{"not_picked":["Steam","Streamline"],"picked":"Darkness","floor":3.0},{"not_picked":["Recycle","Steam Power"],"picked":"Core Surge","floor":7.0},{"not_picked":["Creative AI","Gash"],"picked":"Sweeping Beam","floor":8.0},{"not_picked":["Cold Snap","Tempest"],"picked":"Coolheaded","floor":11.0},{"not_picked":["Streamline","Coolheaded"],"picked":"Leap","floor":12.0},{"not_picked":["Skim","Leap"],"picked":"FTL","floor":14.0},{"not_picked":["hubris:SpecializedCircuitry","hubris:DoWhile"],"picked":"Seek","floor":16.0},{"not_picked":["Go for the Eyes","Turbo+1"],"picked":"Tempest+1","floor":18.0},{"not_picked":["Coolheaded","Go for the Eyes"],"picked":"Darkness+1","floor":21.0},{"not_picked":["Compile Driver","Go for the Eyes"],"picked":"Loop","floor":24.0},{"not_picked":["Beam Cell","Go for the Eyes"],"picked":"Capacitor","floor":25.0}],"player_experience":3272880,"relics_obtained":[{"floor":8.0,"key":"hubris:DeckOfHolding"},{"floor":9.0,"key":"Oddly Smooth Stone"},{"floor":13.0,"key":"Omamori"},{"floor":22.0,"key":"Cables"},{"floor":24.0,"key":"Toy Ornithopter"}],"event_choices":[{"damage_healed":0.0,"max_hp_gain":0.0,"max_hp_loss":0.0,"gold_gain":0.0,"event_name":"WeMeetAgain","player_choice":"Paid Gold","floor":5.0,"gold_loss":52.0,"damage_taken":0.0,"relics_obtained":["StrikeDummy"]},{"damage_healed":0.0,"max_hp_gain":0.0,"max_hp_loss":0.0,"gold_gain":0.0,"event_name":"Dead Adventurer","player_choice":"Searched \u00271\u0027 times","floor":13.0,"gold_loss":0.0,"damage_taken":0.0},{"damage_healed":0.0,"max_hp_gain":5.0,"max_hp_loss":0.0,"gold_gain":0.0,"event_name":"Forgotten Altar","player_choice":"Shed Blood","floor":19.0,"gold_loss":0.0,"damage_taken":19.0},{"cards_removed":["Strike_B"],"damage_healed":0.0,"max_hp_gain":0.0,"max_hp_loss":0.0,"gold_gain":0.0,"event_name":"Beggar","player_choice":"Gave Gold","floor":20.0,"gold_loss":75.0,"damage_taken":0.0}],"is_beta":false,"boss_relics":[{"not_picked":["Snecko Eye","FrozenCore"],"picked":"hubris:Backtick"}],"items_purged_floors":[27],"is_endless":false,"potions_floor_spawned":[8,11,13,21,25],"killed_by":"Centurion and Healer","ascension_level":10}}