{"host":"h2gxemxa99wv6yfu","time":1610414148,"event":{"mods":["BaseMod","Block Reminder","Colored Powertips","Highlight Path","Minty Spire (QoL Compilation)","Permanent Neow","Quick Restart","Relic Stats"],"gold_per_floor":[118,293,293,141,158,158,191,210,234,234,246,256,269,219,219,317,317,333,343,357,18,35,35,50,50,50,149,149,176,201,213,213],"floor_reached":31,"playtime":849,"items_purged":["Vigilance","Strike_P"],"score":239,"play_id":"8392362a-cb09-4707-b6fe-f10f2ce6dfa2","local_time":"20210111191548","is_ascension_mode":false,"campfire_choices":[{"data":"Eruption","floor":6.0,"key":"SMITH"},{"data":"FlyingSleeves","floor":10.0,"key":"SMITH"},{"data":"BattleHymn","floor":15.0,"key":"SMITH"},{"data":"ClearTheMind","floor":23.0,"key":"SMITH"},{"data":"ClearTheMind","floor":25.0,"key":"SMITH"},{"data":"MasterReality","floor":28.0,"key":"SMITH"}],"circlet_count":0,"master_deck":["Strike_P","Strike_P","Strike_P","Defend_P+1","Defend_P","Defend_P+1","Eruption+1","ClearTheMind+1","BattleHymn+1","FlyingSleeves+1","ReachHeaven","CarveReality","MasterReality+1","FollowUp","Consecrate+1","ClearTheMind+1"],"relics":["Sozu","Happy Flower","Orichalcum","VioletLotus","Frozen Egg 2","War Paint","MawBank"],"acts_visited":["Exordium","TheCity"],"potions_floor_usage":[],"damage_taken":[{"damage":0.0,"enemies":"Small Slimes","floor":1.0,"turns":2.0},{"damage":3.0,"enemies":"Jaw Worm","floor":5.0,"turns":3.0},{"damage":17.0,"enemies":"3 Sentries","floor":7.0,"turns":5.0},{"damage":0.0,"enemies":"Cultist","floor":8.0,"turns":2.0},{"damage":0.0,"enemies":"Large Slime","floor":11.0,"turns":3.0},{"damage":0.0,"enemies":"3 Louse","floor":12.0,"turns":2.0},{"damage":0.0,"enemies":"Exordium Wildlife","floor":13.0,"turns":3.0},{"damage":39.0,"enemies":"Hexaghost","floor":16.0,"turns":5.0},{"damage":24.0,"enemies":"2 Thieves","floor":18.0,"turns":3.0},{"damage":8.0,"enemies":"Shell Parasite","floor":19.0,"turns":3.0},{"damage":5.0,"enemies":"Cultist and Chosen","floor":20.0,"turns":3.0},{"damage":6.0,"enemies":"Snecko","floor":22.0,"turns":3.0},{"damage":4.0,"enemies":"Sentry and Sphere","floor":24.0,"turns":3.0},{"damage":19.0,"enemies":"Shelled Parasite and Fungi","floor":30.0,"turns":3.0},{"damage":8,"enemies":"Centurion and Healer","floor":31,"turns":3}],"seed_played":"5020099323532909856","potions_obtained":[],"is_trial":false,"path_per_floor":["M","?","?","$","M","R","E","M","T","R","M","M","M","?","R","B",null,"M","M","M","$","M","R","M","R","T","?","R","T","M","M"],"character_chosen":"WATCHER","items_purchased":["BattleHymn","Frozen Egg 2"],"campfire_rested":0,"item_purchase_floors":[4,21],"current_hp_per_floor":[72,72,65,65,62,62,45,45,45,45,45,45,45,45,45,6,72,48,40,35,35,29,29,25,25,25,25,25,25,6,0,0],"gold":213,"neow_bonus":"BOSS_RELIC","is_daily":false,"chose_seed":false,"campfire_upgraded":6,"win_rate":0.0,"timestamp":1610414148,"path_taken":["M","?","?","?","M","R","E","?","T","R","M","M","M","?","R","BOSS","M","M","M","$","M","R","M","R","T","?","R","?","M","?"],"items_purchased_type":["Card","Relic"],"build_version":"2020-12-22","purchased_purges":2,"victory":false,"max_hp_per_floor":[72,72,72,72,72,72,72,72,72,72,72,72,72,72,72,72,72,72,72,72,72,72,72,72,72,72,72,72,72,72,72,72],"relic_stats":{"Sozu":9,"Happy Flower":[12],"counters":[15,46],"VioletLotus":[1],"Orichalcum":[78],"War Paint":["Defend_P","Defend_P"],"MawBank":24,"obtain_stats":[{"Sozu":0,"Happy Flower":7,"VioletLotus":17,"PureWater":0,"Orichalcum":9,"Frozen Egg 2":21,"War Paint":26,"MawBank":29},{"Sozu":0,"Happy Flower":3,"VioletLotus":8,"PureWater":0,"Orichalcum":4,"Frozen Egg 2":11,"War Paint":13,"MawBank":13},{"Sozu":0,"Happy Flower":10,"VioletLotus":25,"PureWater":0,"Orichalcum":12,"Frozen Egg 2":34,"War Paint":40,"MawBank":40}]},"card_choices":[{"not_picked":["Evaluate","DeceiveReality"],"picked":"ClearTheMind","floor":1.0},{"not_picked":["BowlingBash","Meditate","Perseverance"],"picked":"SKIP","floor":5.0},{"not_picked":["ConjureBlade","WaveOfTheHand"],"picked":"FlyingSleeves","floor":7.0},{"not_picked":["Evaluate","CrushJoints"],"picked":"ReachHeaven","floor":8.0},{"not_picked":["CutThroughFate","ReachHeaven","DeceiveReality"],"picked":"SKIP","floor":11.0},{"not_picked":["EmptyFist","Crescendo"],"picked":"CarveReality","floor":12.0},{"not_picked":["LikeWater","CutThroughFate","Brilliance"],"picked":"SKIP","floor":13.0},{"not_picked":["Judgement","ConjureBlade"],"picked":"MasterReality","floor":16.0},{"not_picked":["ClearTheMind","Consecrate"],"picked":"FollowUp","floor":18.0},{"not_picked":["Sanctity","Evaluate"],"picked":"Consecrate+1","floor":19.0},{"not_picked":["FlurryOfBlows","Consecrate","Brilliance"],"picked":"SKIP","floor":20.0},{"not_picked":["Crescendo","Perseverance"],"picked":"ClearTheMind","floor":22.0},{"not_picked":["ReachHeaven","Protect","Conclude"],"picked":"SKIP","floor":24.0},{"not_picked":["Vengeance","SashWhip+1","FearNoEvil"],"picked":"SKIP","floor":30.0}],"player_experience":6082,"relics_obtained":[{"floor":7.0,"key":"Happy Flower"},{"floor":9.0,"key":"Orichalcum"},{"floor":26.0,"key":"War Paint"},{"floor":29.0,"key":"MawBank"}],"event_choices":[{"damage_healed":0.0,"max_hp_gain":0.0,"max_hp_loss":0.0,"gold_gain":175.0,"event_name":"Liars Game","player_choice":"AGREE","floor":2.0,"gold_loss":0.0,"damage_taken":0.0,"cards_obtained":["Doubt"]},{"cards_removed":["Doubt"],"damage_healed":0.0,"max_hp_gain":0.0,"max_hp_loss":0.0,"gold_gain":0.0,"event_name":"Golden Wing","player_choice":"Card Removal","floor":3.0,"gold_loss":0.0,"damage_taken":7.0},{"cards_removed":["Defend_P"],"damage_healed":0.0,"max_hp_gain":0.0,"max_hp_loss":0.0,"gold_gain":0.0,"event_name":"The Cleric","player_choice":"Card Removal","floor":14.0,"gold_loss":50.0,"damage_taken":0.0},{"damage_healed":0.0,"max_hp_gain":0.0,"max_hp_loss":0.0,"gold_gain":99.0,"event_name":"Nest","player_choice":"Stole From Cult","floor":27.0,"gold_loss":0.0,"damage_taken":0.0}],"is_beta":false,"boss_relics":[{"not_picked":["Cursed Key","Fusion Hammer"],"picked":"VioletLotus"}],"items_purged_floors":[4,21],"is_endless":false,"potions_floor_spawned":[5,8,12,13,16,18,19,24,30],"killed_by":"Centurion and Healer","ascension_level":0}}