{"host":"bgyhjzqafgkxdxsh","time":1610429272,"event":{"mods":["BaseMod","Colored Map","Minty Spire (QoL Compilation)","Relic Stats","StSLib","everything is the same but u backflip on backflip"],"gold_per_floor":[115,131,144,160,160,186,246,246,246,261,296,296,2,31,31,132,132,149,161,4,4,18,18,18],"floor_reached":23,"playtime":1197,"items_purged":[],"score":313,"play_id":"1f21dcde-93ac-468a-a035-bc575e48c45f","local_time":"20210112152752","is_ascension_mode":true,"campfire_choices":[{"floor":8,"key":"REST"},{"data":"Eruption","floor":12,"key":"SMITH"},{"data":"Devotion","floor":15,"key":"SMITH"}],"circlet_count":0,"master_deck":["Strike_P","Strike_P","Strike_P","Defend_P","Defend_P+1","Defend_P","Defend_P+1","Eruption+1","Vigilance","Consecrate","Prostrate","SashWhip","WheelKick","CutThroughFate+1","Devotion+1","Halt","Omniscience","Evaluate","ThirdEye+1","Indignation"],"relics":["HolyWater","Bronze Scales","Molten Egg 2","Kunai","Gremlin Horn","OrangePellets","War Paint","Lee\u0027s Waffle"],"acts_visited":["Exordium","TheCity"],"potions_floor_usage":[7,10,14],"damage_taken":[{"damage":3,"enemies":"2 Louse","floor":1,"turns":2},{"damage":7,"enemies":"Small Slimes","floor":2,"turns":3},{"damage":0,"enemies":"Cultist","floor":3,"turns":3},{"damage":0,"enemies":"2 Fungi Beasts","floor":4,"turns":2},{"damage":29,"enemies":"3 Sentries","floor":6,"turns":9},{"damage":33,"enemies":"Lagavulin Event","floor":7,"turns":3},{"damage":0,"enemies":"Large Slime","floor":10,"turns":2},{"damage":18,"enemies":"Gremlin Nob","floor":11,"turns":3},{"damage":29,"enemies":"Lagavulin","floor":14,"turns":5},{"damage":0,"enemies":"Slime Boss","floor":16,"turns":7},{"damage":33,"enemies":"2 Thieves","floor":18,"turns":2},{"damage":0,"enemies":"3 Byrds","floor":19,"turns":3},{"damage":23,"enemies":"Centurion and Healer","floor":22,"turns":4},{"damage":67,"enemies":"Slavers","floor":23,"turns":3}],"seed_played":"3564693756353906065","potions_obtained":[{"floor":2,"key":"Explosive Potion"},{"floor":4,"key":"DuplicationPotion"},{"floor":10,"key":"Strength Potion"},{"floor":18,"key":"Explosive Potion"}],"is_trial":false,"path_per_floor":["M","M","M","M","?","E","?","R","T","M","E","R","$","E","R","B",null,"M","M","$","?","M","E"],"character_chosen":"WATCHER","items_purchased":["FairyPotion","OrangePellets","Strength Potion","Lee\u0027s Waffle"],"campfire_rested":1,"item_purchase_floors":[13,13,13,20],"current_hp_per_floor":[76,69,69,69,69,40,7,30,30,30,12,12,12,23,23,23,79,46,46,86,86,63,0,0],"gold":18,"neow_bonus":"TEN_PERCENT_HP_BONUS","is_daily":false,"chose_seed":false,"campfire_upgraded":2,"win_rate":0.0,"timestamp":1610429272,"path_taken":["M","M","M","M","?","E","?","R","T","M","E","R","$","E","R","BOSS","M","M","$","?","M","E"],"items_purchased_type":["Potion","Relic","Potion","Relic"],"build_version":"2020-12-22","purchased_purges":0,"victory":false,"max_hp_per_floor":[79,79,79,79,79,79,79,79,79,79,79,79,79,79,79,79,79,79,79,86,86,86,86,86],"relic_stats":{"OrangePellets":[0],"Lee\u0027s Waffle":40,"Gremlin Horn":[7,7],"counters":[14,51],"Bronze Scales":[99],"Kunai":[11],"War Paint":["Defend_P","Defend_P"],"obtain_stats":[{"OrangePellets":13,"Lee\u0027s Waffle":20,"Gremlin Horn":11,"Bronze Scales":6,"HolyWater":17,"Molten Egg 2":7,"Kunai":9,"PureWater":0,"War Paint":14},{"OrangePellets":8,"Lee\u0027s Waffle":12,"Gremlin Horn":8,"Bronze Scales":5,"HolyWater":10,"Molten Egg 2":6,"Kunai":6,"PureWater":0,"War Paint":9},{"OrangePellets":27,"Lee\u0027s Waffle":44,"Gremlin Horn":27,"Bronze Scales":19,"HolyWater":39,"Molten Egg 2":22,"Kunai":22,"PureWater":0,"War Paint":32}]},"card_choices":[{"not_picked":["Halt","FlurryOfBlows"],"picked":"Consecrate","floor":1},{"not_picked":["WindmillStrike","Consecrate"],"picked":"Prostrate","floor":2},{"not_picked":["MentalFortress","Perseverance"],"picked":"SashWhip","floor":3},{"not_picked":["ClearTheMind","Consecrate"],"picked":"WheelKick","floor":4},{"not_picked":["FollowUp","BowlingBash","Study"],"picked":"SKIP","floor":6},{"not_picked":["SashWhip+1","Worship"],"picked":"CutThroughFate+1","floor":7},{"not_picked":["Study","Swivel"],"picked":"Devotion","floor":10},{"not_picked":["Perseverance","EmptyFist+1"],"picked":"Halt","floor":11},{"not_picked":["CutThroughFate+1","Wireheading","SashWhip+1"],"picked":"SKIP","floor":14},{"not_picked":["Brilliance+1","Devotion"],"picked":"Omniscience","floor":16},{"not_picked":["PathToVictory","FlurryOfBlows+1"],"picked":"Evaluate","floor":18},{"not_picked":["PathToVictory","MentalFortress"],"picked":"ThirdEye+1","floor":19},{"not_picked":["FlyingSleeves+1","BattleHymn","BowlingBash+1"],"picked":"SKIP","floor":22}],"player_experience":459782,"relics_obtained":[{"floor":6,"key":"Bronze Scales"},{"floor":7,"key":"Molten Egg 2"},{"floor":9,"key":"Kunai"},{"floor":11,"key":"Gremlin Horn"},{"floor":14,"key":"War Paint"}],"event_choices":[{"damage_healed":0,"gold_gain":0,"player_choice":"Ignored","damage_taken":0,"max_hp_gain":0,"max_hp_loss":0,"event_name":"Liars Game","floor":5,"gold_loss":0},{"damage_healed":0,"gold_gain":30,"player_choice":"Searched \u00272\u0027 times","damage_taken":0,"max_hp_gain":0,"max_hp_loss":0,"event_name":"Dead Adventurer","floor":7,"gold_loss":0},{"damage_healed":0,"gold_gain":0,"cards_transformed":["Strike_P"],"player_choice":"Transformed","damage_taken":0,"max_hp_gain":0,"max_hp_loss":0,"event_name":"Transmorgrifier","floor":21,"gold_loss":0,"cards_obtained":["Indignation"]}],"is_beta":false,"boss_relics":[{"not_picked":["Ectoplasm","Runic Dome"],"picked":"HolyWater"}],"items_purged_floors":[],"is_endless":false,"potions_floor_spawned":[2,4,10,18],"killed_by":"Slavers","ascension_level":4}}