{"host":"newqdrzxfhh2im9e","time":1610481776,"event":{"mods":["AchievementEnabler","BaseMod","BetterRewards","Block Reminder","Colored Map","Jorbs\u0027s Wanderer Trilogy","Minty Spire (QoL Compilation)","Rare Cards Sparkle","Shop Mod","StSLib"],"gold_per_floor":[110,110,185,203,4,4,42,42,42,7,7,45,65,89,89,208,208,224,324,0,15,28,28,28,28],"floor_reached":24,"language":"ENG","playtime":566,"items_purged":[],"score":204,"play_id":"54754836-d688-4457-8a98-a8f2c382a1c0","local_time":"20210112120256","is_ascension_mode":false,"campfire_choices":[{"data":"BattleHymn","floor":6,"key":"SMITH"},{"floor":8,"key":"REST"},{"data":"Establishment","floor":15,"key":"SMITH"},{"data":"LessonLearned","floor":23,"key":"SMITH"}],"circlet_count":0,"master_deck":["Strike_P","Strike_P","Strike_P","Strike_P","Defend_P","Defend_P","Defend_P","Defend_P","Eruption","Vigilance","BattleHymn+1","Conclude","FearNoEvil","Establishment+1","Crescendo+1","Alpha+1","Perseverance+1","MentalFortress","LessonLearned+1"],"relics":["PureWater","Golden Idol","Anchor","Orichalcum","Toxic Egg 2","Happy Flower","Black Star","Pantograph"],"acts_visited":["Exordium","TheCity"],"potions_floor_usage":[7,16,16,22,24],"damage_taken":[{"damage":0,"enemies":"2 Louse","floor":1,"turns":2},{"damage":0,"enemies":"Small Slimes","floor":4,"turns":2},{"damage":18,"enemies":"3 Sentries","floor":7,"turns":4},{"damage":18,"enemies":"Lagavulin","floor":12,"turns":4},{"damage":1,"enemies":"Jaw Worm","floor":13,"turns":3},{"damage":2,"enemies":"Red Slaver","floor":14,"turns":3},{"damage":14,"enemies":"The Guardian","floor":16,"turns":5},{"damage":16,"enemies":"2 Thieves","floor":18,"turns":3},{"damage":4,"enemies":"Shell Parasite","floor":21,"turns":4},{"damage":11,"enemies":"Shelled Parasite and Fungi","floor":22,"turns":4},{"damage":48,"enemies":"Gremlin Leader","floor":24,"turns":2}],"seed_played":"7842236970659304979","potions_obtained":[{"floor":1,"key":"Ancient Potion"},{"floor":12,"key":"SteroidPotion"},{"floor":13,"key":"DuplicationPotion"},{"floor":18,"key":"Dexterity Potion"}],"is_trial":false,"path_per_floor":["M","?","?","M","$","R","E","R","T","?","$","E","M","M","R","B",null,"M","?","$","M","M","R","E"],"character_chosen":"WATCHER","items_purchased":["Anchor","Explosive Potion","Pantograph","MentalFortress"],"campfire_rested":1,"item_purchase_floors":[5,5,20,20],"current_hp_per_floor":[72,54,43,43,43,43,25,46,46,64,64,46,45,43,43,29,72,56,56,56,52,41,41,0,0],"gold":28,"neow_bonus":"THREE_CARDS","is_daily":false,"chose_seed":false,"campfire_upgraded":3,"win_rate":0.0,"timestamp":1610481776,"path_taken":["M","?","?","M","$","R","E","R","T","?","?","E","M","?","R","BOSS","M","?","$","M","M","R","E"],"items_purchased_type":["Relic","Potion","Relic","Card"],"build_version":"2020-12-22","purchased_purges":0,"victory":false,"max_hp_per_floor":[72,72,72,72,72,72,72,72,72,72,72,72,72,72,72,72,72,72,72,72,72,72,72,72,72],"card_choices":[{"not_picked":["Halt","Protect"],"picked":"BattleHymn","floor":0},{"not_picked":["EmptyFist","JustLucky"],"picked":"Conclude","floor":1},{"not_picked":["Protect","BowlingBash"],"picked":"FearNoEvil","floor":4},{"not_picked":["SashWhip","FollowUp","Nirvana"],"picked":"SKIP","floor":7},{"not_picked":["ClearTheMind+1","FollowUp"],"picked":"Establishment","floor":12},{"not_picked":["CutThroughFate","Conclude","SashWhip"],"picked":"SKIP","floor":13},{"not_picked":["EmptyBody+1","CutThroughFate"],"picked":"Crescendo+1","floor":14},{"not_picked":["DevaForm","Establishment"],"picked":"Alpha+1","floor":16},{"not_picked":["Fasting2","Halt+1"],"picked":"Perseverance+1","floor":18},{"not_picked":["FlyingSleeves","EmptyBody+1","SashWhip"],"picked":"SKIP","floor":21},{"not_picked":["Sanctity+1","Conclude"],"picked":"LessonLearned","floor":22}],"player_experience":727288,"relics_obtained":[{"floor":7,"key":"Orichalcum"},{"floor":9,"key":"Toxic Egg 2"},{"floor":12,"key":"Happy Flower"}],"event_choices":[{"damage_healed":0,"gold_gain":0,"player_choice":"Take Damage","damage_taken":18,"relics_obtained":["Golden Idol"],"max_hp_gain":0,"max_hp_loss":0,"event_name":"Golden Idol","floor":2,"gold_loss":0},{"damage_healed":0,"gold_gain":75,"player_choice":"Gather Gold","damage_taken":11,"max_hp_gain":0,"max_hp_loss":0,"event_name":"World of Goop","floor":3,"gold_loss":0},{"damage_healed":18,"gold_gain":0,"player_choice":"Healed","damage_taken":0,"max_hp_gain":0,"max_hp_loss":0,"event_name":"The Cleric","floor":10,"gold_loss":35},{"damage_healed":0,"gold_gain":100,"player_choice":"Pray","damage_taken":0,"max_hp_gain":0,"max_hp_loss":0,"event_name":"Golden Shrine","floor":19,"gold_loss":0}],"is_beta":false,"boss_relics":[{"not_picked":["Runic Pyramid","Busted Crown"],"picked":"Black Star"}],"items_purged_floors":[],"is_endless":false,"potions_floor_spawned":[1,12,13,18],"killed_by":"Gremlin Leader","ascension_level":0}}