{"host":"31s8hzukbhz1k6i6","time":1610481746,"event":{"mods":["AchievementEnabler","BaseMod","Bestiary","Colored Map","Filter the Spire","Minty Spire (QoL Compilation)","Relic Stats","ojb\u0027s Info Mod"],"gold_per_floor":[114,114,126,143,218,231,231,257,295,307,307],"floor_reached":10,"language":"ENG","playtime":390,"items_purged":[],"score":136,"play_id":"59ca76b5-4c04-4df3-bf36-74e317c04f6e","local_time":"20210112120226","is_ascension_mode":true,"campfire_choices":[{"data":"Bouncing Flask","floor":7,"key":"SMITH"}],"circlet_count":0,"master_deck":["AscendersBane","Strike_G","Strike_G","Strike_G","Strike_G","Strike_G","Defend_G","Defend_G","Defend_G","Defend_G","Defend_G","Survivor","Neutralize","Bouncing Flask+1","Poisoned Stab","Dagger Spray","Crippling Poison"],"relics":["Ring of the Snake","Boot","Vajra","MawBank","Akabeko"],"acts_visited":["Exordium"],"potions_floor_usage":[8,10],"damage_taken":[{"damage":5,"enemies":"Small Slimes","floor":1,"turns":5},{"damage":11,"enemies":"Cultist","floor":3,"turns":4},{"damage":0,"enemies":"2 Louse","floor":4,"turns":4},{"damage":4,"enemies":"2 Fungi Beasts","floor":6,"turns":4},{"damage":12,"enemies":"Lagavulin","floor":8,"turns":5},{"damage":22,"enemies":"3 Sentries","floor":10,"turns":4}],"seed_played":"-1098079350970578457","potions_obtained":[{"floor":4,"key":"Weak Potion"},{"floor":6,"key":"ColorlessPotion"}],"is_trial":false,"path_per_floor":["M","?","M","M","?","M","R","E","T","E"],"character_chosen":"THE_SILENT","items_purchased":[],"campfire_rested":0,"item_purchase_floors":[],"current_hp_per_floor":[54,54,43,43,32,28,28,16,16,0,0],"gold":307,"neow_bonus":"RANDOM_COMMON_RELIC","is_daily":false,"chose_seed":false,"campfire_upgraded":1,"win_rate":0.0,"timestamp":1610481746,"path_taken":["M","?","M","?","?","M","R","E","T","E"],"items_purchased_type":[],"build_version":"2020-12-22","purchased_purges":0,"victory":false,"max_hp_per_floor":[66,66,66,66,66,66,66,66,66,66,66],"relic_stats":{"counters":[6,26],"Boot":[12],"MawBank":24,"obtain_stats":[{"Vajra":2,"Boot":0,"MawBank":8,"Akabeko":9,"Ring of the Snake":0},{"Vajra":1,"Boot":0,"MawBank":5,"Akabeko":5,"Ring of the Snake":0},{"Vajra":5,"Boot":0,"MawBank":22,"Akabeko":22,"Ring of the Snake":0}],"Ring of the Snake":[12]},"card_choices":[{"not_picked":["Dodge and Roll","Bane"],"picked":"Underhanded Strike","floor":1},{"not_picked":["Skewer","Quick Slash"],"picked":"Bouncing Flask","floor":3},{"not_picked":["Terror","Outmaneuver"],"picked":"Poisoned Stab","floor":4},{"not_picked":["Riddle With Holes","PiercingWail"],"picked":"Dagger Spray","floor":6},{"not_picked":["Expertise","Underhanded Strike"],"picked":"Crippling Poison","floor":8}],"player_experience":179010,"relics_obtained":[{"floor":8,"key":"MawBank"},{"floor":9,"key":"Akabeko"}],"event_choices":[{"cards_removed":["Underhanded Strike"],"damage_healed":0,"gold_gain":0,"player_choice":"Gave Card","damage_taken":0,"relics_obtained":["Vajra"],"max_hp_gain":0,"max_hp_loss":0,"event_name":"WeMeetAgain","floor":2,"gold_loss":0},{"damage_healed":0,"gold_gain":75,"player_choice":"Gather Gold","damage_taken":11,"max_hp_gain":0,"max_hp_loss":0,"event_name":"World of Goop","floor":5,"gold_loss":0}],"is_beta":false,"boss_relics":[],"items_purged_floors":[],"is_endless":false,"potions_floor_spawned":[4,6],"killed_by":"3 Sentries","ascension_level":20}}