{"host":"c2trc3vegrhsdm46","time":1610424903,"event":{"mods":["2.2 Compatiblity","Bard","BaseMod","Better Match","Better Note","Better Sensory Stone","Better Skull","Better Third Choice","Colored Map","Colored Powertips","Infinite Spire","Minty Spire (QoL Compilation)","Replay The Spire","StSLib","Steal the Spire","The Wild Card"],"gold_per_floor":[115,115,133,150,161,196,217,243,269,269,217,217,228,192,192,288,288,299,299,310,322,322,350,361,361,386,463,563,563,603,637,637,655,655],"floor_reached":33,"playtime":1895,"items_purged":[],"score":302,"play_id":"78c8d61a-2b8e-4535-864e-2538924239e4","local_time":"20210111231503","is_ascension_mode":false,"campfire_choices":[{"floor":10,"key":"REST"},{"floor":15,"key":"REST"},{"data":"Armaments","floor":25,"key":"SMITH"},{"data":"Demon Form","floor":29,"key":"SMITH"},{"data":"Iron Wave","floor":32,"key":"SMITH"}],"circlet_count":0,"master_deck":["Strike_R","Strike_R","Strike_R","Strike_R","Defend_R","Defend_R","Defend_R","Defend_R","Bash","Feed","Anger","Demon Form+1","Clash","Anger","Pommel Strike","Shrug It Off","Armaments+1","Massacre","Armaments+1","Iron Wave","ReplayTheSpireMod:Strike From Hell+1","Clash","Iron Wave+1","Iron Wave"],"relics":["Burning Blood","infinitespire:PuzzleCube","Odd Mushroom","Lantern","Anchor","betterThird:SlimedRelic","Coffee Dripper","ReplayTheSpireMod:TigerMarble","Replay:Bandana","Paper Frog"],"acts_visited":["Exordium","TheCity"],"potions_floor_usage":[5,8,8,16,21,30,30,31,33],"damage_taken":[{"damage":0,"enemies":"Small Slimes","floor":1,"turns":3},{"damage":6,"enemies":"Jaw Worm","floor":3,"turns":4},{"damage":0,"enemies":"2 Louse","floor":4,"turns":3},{"damage":9,"enemies":"Exordium Thugs","floor":5,"turns":4},{"damage":22,"enemies":"Replay:BlueRogue","floor":6,"turns":4},{"damage":31,"enemies":"The Mushroom Lair","floor":7,"turns":4},{"damage":31,"enemies":"Lagavulin","floor":8,"turns":5},{"damage":7,"enemies":"Blue Slaver","floor":13,"turns":5},{"damage":63,"enemies":"Slime Boss","floor":16,"turns":12},{"damage":7,"enemies":"3 Byrds","floor":18,"turns":7},{"damage":24,"enemies":"Chosen","floor":20,"turns":7},{"damage":22,"enemies":"Snake Plant","floor":21,"turns":6},{"damage":36,"enemies":"Nightmare","floor":23,"turns":6},{"damage":12,"enemies":"Chosen and Byrds","floor":24,"turns":8},{"damage":24,"enemies":"3 Cultists","floor":30,"turns":6},{"damage":13,"enemies":"Snecko","floor":31,"turns":5},{"damage":14,"enemies":"Champ","floor":33,"turns":7}],"seed_played":"-8834296183520976580","potions_obtained":[{"floor":3,"key":"Fire Potion"},{"floor":4,"key":"Strength Potion"},{"floor":5,"key":"PowerPotion"},{"floor":8,"key":"Strength Potion"},{"floor":16,"key":"Languid Potion"},{"floor":20,"key":"LiquidBronze"},{"floor":21,"key":"LiquidBronze"},{"floor":22,"key":"HeartOfIron"},{"floor":31,"key":"HeartOfIron"}],"is_trial":false,"path_per_floor":["M","?","M","M","M","E","?","E","T","R","$","?","M","?","R","B",null,"M","?","M","M","?","NM","M","R","T","T","?","R","M","M","R","B"],"character_chosen":"IRONCLAD","items_purchased":["Armaments"],"campfire_rested":2,"item_purchase_floors":[11],"current_hp_per_floor":[83,83,86,89,89,73,51,26,26,54,54,54,56,45,74,17,98,101,101,83,67,67,41,35,35,35,35,35,35,20,13,13,0,0],"gold":655,"neow_bonus":"ONE_RANDOM_RARE_CARD","is_daily":false,"chose_seed":false,"campfire_upgraded":3,"win_rate":0.0,"timestamp":1610424903,"path_taken":["M","?","M","M","M","E","?","E","T","R","$","?","?","?","R","BOSS","M","?","M","M","?","NM","?","R","T","?","?","R","?","M","R","BOSS"],"items_purchased_type":["Card"],"build_version":"2020-12-22","purchased_purges":0,"victory":false,"max_hp_per_floor":[83,83,86,89,92,92,95,95,95,95,95,95,98,98,98,98,98,102,102,102,102,102,106,106,106,106,106,106,106,109,109,109,109,109],"card_choices":[{"not_picked":["Warcry","Iron Wave"],"picked":"Anger","floor":1},{"not_picked":["Sword Boomerang","Cleave","Sever Soul"],"picked":"SKIP","floor":3},{"not_picked":["Thunderclap","Headbutt"],"picked":"Demon Form","floor":4},{"not_picked":["Replay:Undeath\u0027s Touch","Heavy Blade"],"picked":"Clash","floor":5},{"not_picked":["Second Wind","Flex"],"picked":"Anger","floor":6},{"not_picked":["Thunderclap","Dropkick"],"picked":"Pommel Strike","floor":7},{"not_picked":["ReplayTheSpireMod:Strike From Hell","Thunderclap"],"picked":"Shrug It Off","floor":8},{"not_picked":["Sword Boomerang","Hemokinesis"],"picked":"Armaments","floor":13},{"not_picked":["True Grit","Replay:Undeath\u0027s Touch"],"picked":"Iron Wave","floor":18},{"not_picked":["Warcry","True Grit"],"picked":"ReplayTheSpireMod:Strike From Hell+1","floor":20},{"not_picked":["Twin Strike","Flex"],"picked":"Clash","floor":21},{"not_picked":["Pommel Strike","Headbutt+1"],"picked":"Iron Wave","floor":23},{"not_picked":["Massacre+1","Run Through","Thunderclap"],"picked":"SKIP","floor":24},{"not_picked":["True Grit","Run Through","Feed"],"picked":"SKIP","floor":30},{"not_picked":["Armaments","Thunderclap"],"picked":"Iron Wave","floor":31}],"player_experience":17310,"relics_obtained":[{"floor":6,"key":"infinitespire:PuzzleCube"},{"floor":7,"key":"Odd Mushroom"},{"floor":8,"key":"Lantern"},{"floor":9,"key":"Anchor"},{"floor":23,"key":"ReplayTheSpireMod:TigerMarble"},{"floor":26,"key":"Replay:Bandana"},{"floor":27,"key":"Paper Frog"}],"event_choices":[{"damage_healed":0,"gold_gain":0,"player_choice":"Leave","damage_taken":0,"max_hp_gain":0,"max_hp_loss":0,"event_name":"The Cleric","floor":2,"gold_loss":0},{"damage_healed":0,"gold_gain":0,"player_choice":"Fought Mushrooms","damage_taken":0,"max_hp_gain":0,"max_hp_loss":0,"event_name":"Mushrooms","floor":7,"gold_loss":0},{"damage_healed":0,"gold_gain":0,"cards_transformed":["Strike_R"],"player_choice":"Transformed","damage_taken":0,"max_hp_gain":0,"max_hp_loss":0,"event_name":"Transmorgrifier","floor":12,"gold_loss":0,"cards_obtained":["Massacre"]},{"damage_healed":0,"gold_gain":0,"player_choice":"Slimed","damage_taken":11,"max_hp_gain":0,"max_hp_loss":0,"event_name":"betterThird:BetterGoop","floor":14,"gold_loss":36},{"damage_healed":0,"gold_gain":0,"player_choice":"Upgraded","damage_taken":0,"max_hp_gain":0,"max_hp_loss":0,"event_name":"Upgrade Shrine","floor":19,"gold_loss":0,"cards_upgraded":["Armaments"]},{"damage_healed":0,"gold_gain":0,"player_choice":"Got Potions","damage_taken":0,"max_hp_gain":0,"max_hp_loss":0,"event_name":"Lab","floor":22,"gold_loss":0},{"damage_healed":0,"gold_gain":100,"player_choice":"Pray","damage_taken":0,"max_hp_gain":0,"max_hp_loss":0,"event_name":"Golden Shrine","floor":28,"gold_loss":0}],"is_beta":false,"boss_relics":[{"not_picked":["Fusion Hammer","Cursed Key"],"picked":"Coffee Dripper"}],"items_purged_floors":[],"is_endless":true,"potions_floor_spawned":[3,4,5,8,16,20,21,31],"killed_by":"Champ","ascension_level":0}}