{"host":"h9d5il8g1iqie9ys","time":1610448436,"event":{"mods":["BaseMod","Colored Powertips","Decade(???)","Hero for Fun","Luminous","Marisa????????","Minty Spire (QoL Compilation)","StSLib","The Administrix","The Animator","The Bug Knight","The Cursed","The Exalted","The Necromancer","The Poker Player","The Saiyan","The Servant 0.9.4","The Wild Card"],"gold_per_floor":[116,116,136,147,147,147,173,173,173,192,209,228,36,67,67,164,164,176,176,101,26,45,77,77,77,77,112,128,144,114,134,134,229,229,239,239,239,87,101,101,101,101],"floor_reached":40,"playtime":2081,"items_purged":["Writhe"],"score":461,"play_id":"eb20d328-04c2-4461-acde-0a1dddb3476d","local_time":"20210112174716","is_ascension_mode":false,"metric_token":1170,"campfire_choices":[{"floor":6,"key":"RECALL"},{"floor":8,"key":"REST"},{"floor":15,"key":"REST"},{"floor":24,"key":"REST"},{"floor":32,"key":"REST"}],"circlet_count":0,"master_deck":["PokerPlayerMod:Diamond1","PokerPlayerMod:Diamond2","PokerPlayerMod:Diamond3","PokerPlayerMod:Diamond4","PokerPlayerMod:Diamond5","PokerPlayerMod:Spade1","PokerPlayerMod:Spade2","PokerPlayerMod:Spade3","PokerPlayerMod:Spade4","PokerPlayerMod:Club1","PokerPlayerMod:Club2","PokerPlayerMod:Heart2","PokerPlayerMod:TrumpStrike","PokerPlayerMod:BadJoker+1","PokerPlayerMod:Mulligan+1","PokerPlayerMod:MagicTrick","PokerPlayerMod:Diamond4","PokerPlayerMod:Diamond8","PokerPlayerMod:Raise","PokerPlayerMod:Spade2","PokerPlayerMod:Sharpen+1","PokerPlayerMod:CloakAndDiamond","PokerPlayerMod:ClubShade+1","PokerPlayerMod:HiddenCard","PokerPlayerMod:Club8","PokerPlayerMod:Club2","PokerPlayerMod:Heart4","PokerPlayerMod:Spade10+","PokerPlayerMod:ThinkingTime","PokerPlayerMod:Heart8","PokerPlayerMod:RiskyBet","PokerPlayerMod:ClubDance","PokerPlayerMod:Diamond3","PokerPlayerMod:Club4","PokerPlayerMod:Heart10+","PokerPlayerMod:DiamondStrike","PokerPlayerMod:Trickery+1"],"relics":["PokerPlayerMod:DeckCase","Frozen Egg 2","Regal Pillow","Bromod:ArcaneMomentum","Peace Pipe","Black Star","Pen Nib","Ancient Tea Set","War Paint","Bronze Scales","Dream Catcher","Bromod:ArcaneEnergize","Omamori"],"acts_visited":["Exordium","TheCity","TheBeyond"],"potions_floor_usage":[16,16,23,23,23,23,33,33],"damage_taken":[{"damage":0,"enemies":"2 Louse","floor":1,"turns":2},{"damage":0,"enemies":"Cultist","floor":3,"turns":2},{"damage":7,"enemies":"Small Slimes","floor":4,"turns":2},{"damage":10,"enemies":"Gremlin Nob","floor":7,"turns":3},{"damage":9,"enemies":"Blue Slaver","floor":10,"turns":3},{"damage":17,"enemies":"Looter","floor":11,"turns":3},{"damage":5,"enemies":"Gremlin Gang","floor":12,"turns":3},{"damage":18,"enemies":"Lagavulin","floor":14,"turns":4},{"damage":16,"enemies":"Hexaghost","floor":16,"turns":6},{"damage":19,"enemies":"2 Thieves","floor":18,"turns":3},{"damage":3,"enemies":"Chosen","floor":22,"turns":4},{"damage":30,"enemies":"Book of Stabbing","floor":23,"turns":4},{"damage":3,"enemies":"HollowMod:Nosk","floor":27,"turns":8},{"damage":7,"enemies":"Snake Plant","floor":28,"turns":3},{"damage":21,"enemies":"Snecko","floor":29,"turns":5},{"damage":8,"enemies":"Sentry and Sphere","floor":31,"turns":4},{"damage":57,"enemies":"Collector","floor":33,"turns":10},{"damage":10,"enemies":"Orb Walker","floor":35,"turns":3},{"damage":0,"enemies":"3 Shapes","floor":39,"turns":3},{"damage":70,"enemies":"Giant Head","floor":40,"turns":7}],"seed_played":"-6531194314904113834","potions_obtained":[{"floor":1,"key":"SpeedPotion"},{"floor":4,"key":"SteroidPotion"},{"floor":7,"key":"BlessingOfTheForge"},{"floor":12,"key":"EntropicBrew"},{"floor":18,"key":"LiquidBronze"},{"floor":27,"key":"SteroidPotion"},{"floor":28,"key":"BlessingOfTheForge"},{"floor":30,"key":"Block Potion"},{"floor":30,"key":"Dexterity Potion"},{"floor":33,"key":"Dexterity Potion"}],"is_trial":false,"path_per_floor":["M","?","M","M","?","R","E","R","T","M","M","M","$","E","R","B",null,"M","?","$","?","M","E","R","?","T","E","M","M","?","M","R","B",null,"M","?","$","$","M","E"],"character_chosen":"THE_POKER_PLAYER","items_purchased":["PokerPlayerMod:ClubShade+1","Bromod:ArcaneMomentum","Omamori"],"campfire_rested":4,"item_purchase_floors":[13,13,38],"current_hp_per_floor":[52,52,52,45,45,45,35,50,50,43,30,29,29,15,45,36,52,37,37,37,37,36,18,48,48,48,52,48,43,43,44,52,21,52,42,42,42,42,52,0,0,0],"gold":101,"neow_bonus":"THREE_CARDS","is_daily":false,"chose_seed":false,"campfire_upgraded":0,"win_rate":0.0,"timestamp":1610448436,"path_taken":["M","?","M","M","?","R","E","R","T","M","M","?","?","E","R","BOSS","M","?","$","?","M","E","R","?","T","E","M","M","?","?","R","BOSS","M","?","?","$","M","E"],"items_purchased_type":["Card","Relic","Relic"],"build_version":"2020-12-22","purchased_purges":1,"victory":false,"max_hp_per_floor":[52,52,52,52,52,52,52,52,52,52,52,52,52,52,52,52,52,52,52,52,52,52,52,52,52,52,52,52,52,52,52,52,52,52,52,52,52,52,52,52,52,52],"card_choices":[{"not_picked":["PokerPlayerMod:CardBurn","PokerPlayerMod:FlyingCard"],"picked":"PokerPlayerMod:MagicTrick","floor":0},{"not_picked":["PokerPlayerMod:ClubStrike","PokerPlayerMod:Club7"],"picked":"PokerPlayerMod:Diamond4","floor":1},{"not_picked":["PokerPlayerMod:HotShotCut","PokerPlayerMod:Fold"],"picked":"PokerPlayerMod:CardBurn","floor":3},{"not_picked":["PokerPlayerMod:DartThrow","PokerPlayerMod:Harden"],"picked":"PokerPlayerMod:Diamond8","floor":4},{"not_picked":["PokerPlayerMod:Heart2","PokerPlayerMod:SpadeStrike"],"picked":"PokerPlayerMod:Raise","floor":7},{"not_picked":["PokerPlayerMod:DartThrow","PokerPlayerMod:Fold"],"picked":"PokerPlayerMod:Spade2","floor":10},{"not_picked":["PokerPlayerMod:HeartStrike","PokerPlayerMod:Diamond2"],"picked":"PokerPlayerMod:Sharpen+1","floor":11},{"not_picked":["PokerPlayerMod:Heart5","PokerPlayerMod:Diamond2"],"picked":"PokerPlayerMod:CloakAndDiamond","floor":12},{"not_picked":["PokerPlayerMod:Diamond2","PokerPlayerMod:Spade1"],"picked":"PokerPlayerMod:HiddenCard","floor":14},{"not_picked":["PokerPlayerMod:Spade8","PokerPlayerMod:Diamond8"],"picked":"PokerPlayerMod:Club8","floor":16},{"not_picked":["PokerPlayerMod:Club1","PokerPlayerMod:Diamond1"],"picked":"PokerPlayerMod:Club2","floor":18},{"not_picked":["PokerPlayerMod:Spade1","PokerPlayerMod:DartThrow"],"picked":"PokerPlayerMod:Heart4","floor":22},{"not_picked":["PokerPlayerMod:Fold","PokerPlayerMod:DiamondStrike"],"picked":"PokerPlayerMod:Spade10+","floor":23},{"not_picked":["PokerPlayerMod:Extraction","PokerPlayerMod:ClubStrike"],"picked":"PokerPlayerMod:Heart8","floor":27},{"not_picked":["PokerPlayerMod:Spade2","PokerPlayerMod:Club4"],"picked":"PokerPlayerMod:RiskyBet","floor":28},{"not_picked":["PokerPlayerMod:Club6","PokerPlayerMod:Fold"],"picked":"PokerPlayerMod:ClubDance","floor":29},{"not_picked":["PokerPlayerMod:Diamond2","PokerPlayerMod:DartThrow"],"picked":"PokerPlayerMod:Diamond3","floor":31},{"not_picked":["PokerPlayerMod:Diamond2","PokerPlayerMod:Club1"],"picked":"PokerPlayerMod:Club4","floor":32},{"not_picked":["PokerPlayerMod:Spade8","PokerPlayerMod:Club9"],"picked":"PokerPlayerMod:Heart10+","floor":33},{"not_picked":["PokerPlayerMod:Club2","PokerPlayerMod:Fold+1"],"picked":"PokerPlayerMod:ClubsClub","floor":35},{"not_picked":["PokerPlayerMod:DartThrow","PokerPlayerMod:Spade1"],"picked":"PokerPlayerMod:Trickery+1","floor":39}],"player_experience":197532,"relics_obtained":[{"floor":7,"key":"Frozen Egg 2"},{"floor":9,"key":"Regal Pillow"},{"floor":14,"key":"Peace Pipe"},{"floor":23,"key":"Ancient Tea Set"},{"floor":23,"key":"War Paint"},{"floor":27,"key":"Bronze Scales"},{"floor":27,"key":"Dream Catcher"}],"event_choices":[{"damage_healed":0,"gold_gain":0,"player_choice":"Leave","damage_taken":0,"max_hp_gain":0,"max_hp_loss":0,"event_name":"The Cleric","floor":2,"gold_loss":0},{"damage_healed":0,"gold_gain":0,"cards_transformed":["PokerPlayerMod:CardBurn"],"player_choice":"Transformed","damage_taken":0,"max_hp_gain":0,"max_hp_loss":0,"event_name":"Transmorgrifier","floor":5,"gold_loss":0,"cards_obtained":["PokerPlayerMod:Manipulation"]},{"damage_healed":0,"gold_gain":0,"player_choice":"Opened","damage_taken":0,"relics_obtained":["Pen Nib"],"max_hp_gain":0,"max_hp_loss":0,"event_name":"The Mausoleum","floor":19,"gold_loss":0,"cards_obtained":["Writhe"]},{"cards_removed":["PokerPlayerMod:Manipulation"],"damage_healed":0,"gold_gain":0,"player_choice":"Gave Gold","damage_taken":0,"max_hp_gain":0,"max_hp_loss":0,"event_name":"Beggar","floor":21,"gold_loss":75},{"damage_healed":0,"gold_gain":0,"player_choice":"Think Hard","damage_taken":0,"max_hp_gain":0,"max_hp_loss":0,"event_name":"PokerPlayerMod:Vampires","floor":25,"gold_loss":0,"cards_obtained":["PokerPlayerMod:ThinkingTime"]},{"damage_healed":0,"gold_gain":0,"player_choice":"Bought 2 Potions","damage_taken":0,"max_hp_gain":0,"max_hp_loss":0,"event_name":"The Woman in Blue","floor":30,"gold_loss":0},{"damage_healed":0,"gold_gain":0,"cards_transformed":["PokerPlayerMod:ClubsClub"],"player_choice":"Transformed","damage_taken":0,"max_hp_gain":0,"max_hp_loss":0,"event_name":"Transmorgrifier","floor":36,"gold_loss":0,"cards_obtained":["PokerPlayerMod:DiamondStrike"]}],"is_beta":false,"boss_relics":[{"not_picked":["Astrolabe","Velvet Choker"],"picked":"Black Star"},{"not_picked":["Bromod:ArcaneBarrier","Bromod:ArcaneGrace"],"picked":"Bromod:ArcaneEnergize"}],"items_purged_floors":[20],"is_endless":false,"potions_floor_spawned":[1,4,7,11,12,18,27,28,29,33],"killed_by":"Giant Head","ascension_level":0}}