{"host":"s794kqxf2n1qz2yr","time":1610447542,"event":{"mods":["100% Spire Juice","2.2 Compatiblity","AchievementEnabler","Aspiration","BaseMod","ChefMod","Downfall","Friendly Minions","Hermit","Hyrulean Relics","Minty Spire (QoL Compilation)","Permanent Neow","StSLib","The Animator"],"gold_per_floor":[114,114,47,47,58,58,91,67,67,84,101,115,125,125,125,225,225,243,256,81,94,111,111,128,128,178,196,196,216,13,27,27,27,27],"floor_reached":33,"playtime":2680,"items_purged":[],"score":303,"play_id":"a5bafd99-283c-4560-b65a-0fa3e7a3d487","local_time":"20210112103222","daily_mods":["SealedDeck"],"is_ascension_mode":false,"campfire_choices":[{"data":"sneckomod:DiceBlock","floor":6,"key":"SMITH"},{"data":"sneckomod:DiceBlock","floor":15,"key":"SMITH"},{"floor":23,"key":"REST"},{"floor":25,"key":"REST"},{"floor":32,"key":"REST"}],"circlet_count":0,"master_deck":["sneckomod:UnknownWeak","sneckomod:UnknownStrike","sneckomod:Unknown1Cost","sneckomod:Unknown1Cost","sneckomod:UnknownWeak+1","sneckomod:UnknownBlock","sneckomod:UnknownClassPURPLE+1","sneckomod:UnknownX+1","sneckomod:UnknownClassTHE_UNNAMED","sneckomod:DiceBlock+1","sneckomod:DiceBlock+1","sneckomod:UnknownClassPURPLE","sneckomod:UnknownUncommonAttack","sneckomod:DiceCrush","sneckomod:UnknownStrike","sneckomod:UnknownUncommonPower","sneckomod:UnknownUncommonSkill","sneckomod:DiceCrush","sneckomod:UnknownColorless","sneckomod:UnknownCommonAttack+1","sneckomod:UnknownUncommonAttack","sneckomod:Unknown3Cost","sneckomod:CheapStock","sneckomod:UnknownEthereal+1","sneckomod:UnknownUncommonPower","sneckomod:UnknownWeak+1","sneckomod:UnknownUncommonPower+1","sneckomod:UnknownRareSkill","sneckomod:Unknown1Cost","sneckomod:UnknownCommonAttack"],"relics":["sneckomod:SneckoSoul","CultistMask","InkBottle","Bottled Lightning","aspiration:PoetsPen_weak","Tiny Chest","aspiration:RitualStick"],"acts_visited":["Exordium","TheCity"],"potions_floor_usage":[12,13,19,27,33],"damage_taken":[{"damage":0,"enemies":"Jaw Worm","floor":1,"turns":4},{"damage":4,"enemies":"Small Slimes","floor":5,"turns":4},{"damage":9,"enemies":"3 Sentries","floor":7,"turns":4},{"damage":0,"enemies":"Cultist","floor":10,"turns":3},{"damage":0,"enemies":"Gremlin Gang","floor":11,"turns":6},{"damage":7,"enemies":"Large Slime","floor":12,"turns":6},{"damage":9,"enemies":"Lots of Slimes","floor":13,"turns":6},{"damage":30,"enemies":"The Guardian","floor":16,"turns":15},{"damage":27,"enemies":"3 Byrds","floor":18,"turns":7},{"damage":18,"enemies":"2 Thieves","floor":19,"turns":4},{"damage":25,"enemies":"Chosen and Byrds","floor":21,"turns":5},{"damage":8,"enemies":"Snake Plant","floor":22,"turns":3},{"damage":31,"enemies":"Cultist and Chosen","floor":24,"turns":6},{"damage":33,"enemies":"Shelled Parasite and Fungi","floor":27,"turns":4},{"damage":26,"enemies":"Chosen and Byrds","floor":29,"turns":6},{"damage":21,"enemies":"Snake Plant","floor":31,"turns":3},{"damage":85,"enemies":"Automaton","floor":33,"turns":6}],"seed_played":"1180027352137277314","potions_obtained":[{"floor":7,"key":"Energy Potion"},{"floor":11,"key":"Guardian:BlockOnCardUsePotion"},{"floor":12,"key":"Fire Potion"},{"floor":27,"key":"Fruit Juice"},{"floor":31,"key":"Explosive Potion"}],"is_trial":true,"path_per_floor":["M","?","$","?","M","R","E","$","T","M","M","M","M","?","R","B",null,"M","M","$","M","M","R","M","R","T","M","?","M","$","M","R","B"],"character_chosen":"THE_SNECKO","items_purchased":["sneckomod:UnknownClassPURPLE","sneckomod:UnknownStrike","sneckomod:Unknown3Cost","sneckomod:CheapStock","sneckomod:UnknownRareSkill","sneckomod:Unknown1Cost"],"campfire_rested":3,"item_purchase_floors":[3,8,20,20,30,30],"current_hp_per_floor":[99,79,80,80,81,81,72,73,73,74,74,68,79,79,79,50,105,79,80,81,56,63,95,65,98,98,71,71,46,48,28,64,0,0],"gold":27,"neow_bonus":"","is_daily":false,"chose_seed":false,"campfire_upgraded":2,"win_rate":0.0,"timestamp":1610447542,"path_taken":["M","?","$","?","?","R","E","$","T","M","M","M","?","?","R","BOSS","M","M","$","M","M","R","M","R","T","?","?","M","$","M","R","BOSS"],"items_purchased_type":["Card","Card","Card","Card","Card","Card"],"build_version":"2020-12-22","purchased_purges":0,"victory":false,"max_hp_per_floor":[99,99,100,100,101,101,101,102,102,103,103,104,104,104,104,105,105,106,107,108,108,109,109,110,110,110,116,116,117,119,120,120,120,120],"card_choices":[{"not_picked":["sneckomod:UnknownCommonAttack","sneckomod:Unknown1Cost"],"picked":"sneckomod:DiceBlock","floor":1},{"not_picked":["sneckomod:QuickMove","sneckomod:UnknownStrike"],"picked":"sneckomod:UnknownUncommonAttack","floor":5},{"not_picked":["sneckomod:SerpentMind","sneckomod:QuickBite"],"picked":"sneckomod:DiceCrush","floor":7},{"not_picked":["sneckomod:WideSting","sneckomod:UnknownClassTHE_CHAMP_GRAY"],"picked":"sneckomod:UnknownUncommonPower","floor":10},{"not_picked":["sneckomod:QuickBite","sneckomod:WideSting","sneckomod:QuickMove"],"picked":"SKIP","floor":11},{"not_picked":["sneckomod:UnknownCommonSkill","sneckomod:UnknownBlock"],"picked":"sneckomod:UnknownUncommonSkill","floor":12},{"not_picked":["sneckomod:SoulRoll","sneckomod:UnknownClassSLIMEBOUND"],"picked":"sneckomod:DiceCrush","floor":13},{"not_picked":["sneckomod:UnlimitedRolls","sneckomod:SoulExchange"],"picked":"sneckomod:UnknownColorless","floor":16},{"not_picked":["sneckomod:Unknown1Cost","sneckomod:DiceBoulder"],"picked":"sneckomod:UnknownCommonAttack+1","floor":18},{"not_picked":["sneckomod:UnknownClassSLIMEBOUND","sneckomod:Unknown1Cost"],"picked":"sneckomod:UnknownUncommonAttack","floor":19},{"not_picked":["sneckomod:WideSting","sneckomod:QuickMove","sneckomod:SoulRoll"],"picked":"SKIP","floor":21},{"not_picked":["sneckomod:UnknownWeak","sneckomod:UnknownClassSLIMEBOUND"],"picked":"sneckomod:UnknownEthereal+1","floor":22},{"not_picked":["sneckomod:WideSting","sneckomod:IronFang+1"],"picked":"sneckomod:UnknownUncommonPower","floor":24},{"not_picked":["sneckomod:Nope","sneckomod:SoulRoll"],"picked":"sneckomod:UnknownWeak+1","floor":27},{"not_picked":["sneckomod:UnknownVulnerable","sneckomod:QuickBite"],"picked":"sneckomod:UnknownUncommonPower+1","floor":29},{"not_picked":["sneckomod:RainOfDice+1","sneckomod:Restock"],"picked":"sneckomod:UnknownCommonAttack","floor":31}],"player_experience":355203,"relics_obtained":[{"floor":7,"key":"InkBottle"},{"floor":9,"key":"Bottled Lightning"},{"floor":26,"key":"Tiny Chest"}],"event_choices":[{"damage_healed":0,"gold_gain":0,"player_choice":"Entered Light","damage_taken":20,"max_hp_gain":0,"max_hp_loss":0,"event_name":"Shining Light","floor":2,"gold_loss":0,"cards_upgraded":["sneckomod:UnknownWeak","sneckomod:UnknownClassPURPLE"]},{"damage_healed":0,"gold_gain":0,"player_choice":"Trade","damage_taken":0,"relics_obtained":["CultistMask"],"max_hp_gain":0,"max_hp_loss":0,"event_name":"FaceTrader","floor":4,"gold_loss":0},{"damage_healed":0,"gold_gain":0,"player_choice":"Bought 0 Potions","damage_taken":0,"max_hp_gain":0,"max_hp_loss":0,"event_name":"The Woman in Blue","floor":14,"gold_loss":0}],"is_beta":false,"boss_relics":[{"not_picked":["aspiration:SilentSkillbook","aspiration:RunicSpoon"],"picked":"aspiration:PoetsPen_weak"}],"items_purged_floors":[],"is_endless":false,"potions_floor_spawned":[7,11,12,27,31],"killed_by":"Automaton","ascension_level":0}}