{"host":"pbf6u3tyx46snqc7","time":1610469597,"event":{"mods":["AchievementEnabler","BaseMod","Colored Map","Minty Spire (QoL Compilation)","Rare Cards Sparkle","SuperFastMode"],"gold_per_floor":[119,26,26,39,58,58,68,98,123,157,172,200,300,319,319,419,419,433,444,456,456,7,7,18,18,18,18,44,44,44,62,62,158,158,175,191,22,0,0,0,27,27,27],"floor_reached":42,"playtime":1702,"items_purged":["Feel No Pain"],"score":724,"play_id":"c27e200b-ed1f-4061-8717-01fc640c6943","local_time":"20210113013957","is_ascension_mode":true,"campfire_choices":[{"data":"Hemokinesis","floor":6.0,"key":"SMITH"},{"data":"Wild Strike","floor":15.0,"key":"SMITH"},{"data":"Corruption","floor":23.0,"key":"SMITH"},{"floor":25.0,"key":"RECALL"},{"data":"Evolve","floor":27.0,"key":"SMITH"},{"floor":30.0,"key":"REST"},{"floor":32.0,"key":"REST"},{"data":"Immolate","floor":40.0,"key":"SMITH"}],"circlet_count":0,"master_deck":["AscendersBane","Bash","Carnage","Rampage","Ghostly Armor","Shrug It Off","Hemokinesis+1","Wild Strike+1","Shrug It Off","Evolve+1","Immolate+1","Fire Breathing+1","Fiend Fire+1","Pommel Strike","Corruption+1","Wild Strike","Wild Strike","Immolate","Wild Strike","Havoc","Impervious","Fiend Fire","Intimidate","Double Tap","Feel No Pain","Rage","Second Wind","Sever Soul","Havoc+1","Dual Wield+1","Flash of Steel"],"relics":["Burning Blood","Lantern","Happy Flower","Pen Nib","Gremlin Horn","Sozu","Omamori","Orrery","Vajra","Ginger","Ancient Tea Set","Pandora\u0027s Box","Red Mask","Toy Ornithopter"],"acts_visited":["Exordium","TheCity","TheBeyond"],"potions_floor_usage":[],"damage_taken":[{"damage":0.0,"enemies":"Small Slimes","floor":1.0,"turns":3.0},{"damage":5.0,"enemies":"2 Louse","floor":4.0,"turns":2.0},{"damage":0.0,"enemies":"Cultist","floor":5.0,"turns":3.0},{"damage":2.0,"enemies":"2 Fungi Beasts","floor":7.0,"turns":2.0},{"damage":8.0,"enemies":"Lagavulin","floor":8.0,"turns":5.0},{"damage":20.0,"enemies":"Gremlin Nob","floor":10.0,"turns":4.0},{"damage":8.0,"enemies":"Lots of Slimes","floor":11.0,"turns":4.0},{"damage":4.0,"enemies":"3 Sentries","floor":12.0,"turns":3.0},{"damage":5.0,"enemies":"Large Slime","floor":14.0,"turns":4.0},{"damage":56.0,"enemies":"The Guardian","floor":16.0,"turns":8.0},{"damage":5.0,"enemies":"3 Byrds","floor":18.0,"turns":3.0},{"damage":0.0,"enemies":"2 Thieves","floor":19.0,"turns":2.0},{"damage":15.0,"enemies":"Centurion and Healer","floor":20.0,"turns":4.0},{"damage":6.0,"enemies":"Snake Plant","floor":24.0,"turns":2.0},{"damage":48.0,"enemies":"Book of Stabbing","floor":28.0,"turns":5.0},{"damage":4.0,"enemies":"Cultist and Chosen","floor":31.0,"turns":3.0},{"damage":32.0,"enemies":"Champ","floor":33.0,"turns":7.0},{"damage":6.0,"enemies":"Orb Walker","floor":35.0,"turns":3.0},{"damage":0.0,"enemies":"3 Shapes","floor":36.0,"turns":1.0},{"damage":50.0,"enemies":"Giant Head","floor":41.0,"turns":7.0},{"damage":50,"enemies":"Transient","floor":42,"turns":4}],"seed_played":"-5870226855130217667","potions_obtained":[{"floor":1.0,"key":"FearPotion"},{"floor":7.0,"key":"EssenceOfSteel"},{"floor":11.0,"key":"Fire Potion"},{"floor":12.0,"key":"Strength Potion"},{"floor":14.0,"key":"Energy Potion"},{"floor":16.0,"key":"Explosive Potion"}],"is_trial":false,"path_per_floor":["M","$","?","M","M","R","M","E","T","E","M","E","?","M","R","B",null,"M","M","M","?","$","R","M","R","T","R","E","?","R","M","R","B",null,"M","M","$","?","?","R","E","M"],"character_chosen":"IRONCLAD","items_purchased":["Shrug It Off","Hemokinesis","Omamori","Orrery","Vajra","Flash of Steel"],"campfire_rested":2,"item_purchase_floors":[2,2,22,22,22,37],"current_hp_per_floor":[72,72,72,72,72,72,72,70,70,56,54,56,56,57,57,7,56,57,63,54,54,54,54,54,54,54,54,12,12,33,35,56,30,62,62,68,68,68,68,68,24,0,0],"gold":27,"neow_bonus":"TRANSFORM_TWO_CARDS","is_daily":false,"chose_seed":false,"campfire_upgraded":5,"win_rate":0.0,"timestamp":1610469597,"path_taken":["M","$","?","M","M","R","M","E","T","E","M","E","?","M","R","BOSS","M","M","?","?","$","R","M","R","T","R","E","?","R","M","R","BOSS","M","?","$","?","?","R","E","M"],"items_purchased_type":["Card","Card","Relic","Relic","Relic","Card"],"build_version":"2020-12-22","purchased_purges":1,"victory":false,"max_hp_per_floor":[72,72,72,72,72,72,72,72,72,72,72,72,72,72,72,72,72,72,72,72,72,72,72,72,72,72,72,72,72,72,72,72,72,72,72,72,72,72,72,72,72,72,72],"card_choices":[{"not_picked":["Combust","Cleave"],"picked":"Ghostly Armor","floor":1.0},{"not_picked":["Perfected Strike","Warcry"],"picked":"Wild Strike","floor":4.0},{"not_picked":["Dark Embrace","Armaments"],"picked":"Shrug It Off","floor":5.0},{"not_picked":["Heavy Blade","Armaments"],"picked":"Evolve","floor":7.0},{"not_picked":["Sword Boomerang","Anger"],"picked":"Entrench","floor":8.0},{"not_picked":["Havoc","Thunderclap"],"picked":"Immolate","floor":10.0},{"not_picked":["Dark Embrace","Perfected Strike","Armaments"],"picked":"SKIP","floor":11.0},{"not_picked":["True Grit","Spot Weakness","Iron Wave"],"picked":"SKIP","floor":12.0},{"not_picked":["Clothesline","Wild Strike"],"picked":"Fire Breathing","floor":14.0},{"not_picked":["Berserk","Exhume"],"picked":"Fiend Fire","floor":16.0},{"not_picked":["Warcry","Heavy Blade"],"picked":"Pommel Strike","floor":18.0},{"not_picked":["Cleave","Sword Boomerang"],"picked":"Corruption","floor":19.0},{"not_picked":["Cleave","Twin Strike"],"picked":"Wild Strike","floor":20.0},{"not_picked":["Iron Wave","Cleave"],"picked":"Feel No Pain","floor":22.0},{"not_picked":["Inflame+1","Bloodletting+1"],"picked":"Wild Strike","floor":22.0},{"not_picked":["Body Slam","Warcry"],"picked":"Immolate","floor":22.0},{"not_picked":["Spot Weakness","Thunderclap+1","Heavy Blade+1"],"picked":"SKIP","floor":24.0},{"not_picked":["Thunderclap+1","Feed"],"picked":"Wild Strike","floor":28.0},{"not_picked":["Sword Boomerang","Clothesline"],"picked":"Havoc","floor":31.0},{"not_picked":["Berserk","Brutality"],"picked":"Impervious","floor":33.0},{"not_picked":["Flex","Pommel Strike+1"],"picked":"Havoc+1","floor":35.0},{"not_picked":["Headbutt","Feel No Pain+1"],"picked":"Dual Wield+1","floor":36.0},{"not_picked":["Feed","Pommel Strike","Battle Trance"],"picked":"SKIP","floor":41.0}],"player_experience":417224,"relics_obtained":[{"floor":8.0,"key":"Lantern"},{"floor":9.0,"key":"Happy Flower"},{"floor":10.0,"key":"Pen Nib"},{"floor":12.0,"key":"Gremlin Horn"},{"floor":26.0,"key":"Ginger"},{"floor":28.0,"key":"Ancient Tea Set"},{"floor":41.0,"key":"Toy Ornithopter"}],"event_choices":[{"damage_healed":0.0,"max_hp_gain":0.0,"max_hp_loss":0.0,"gold_gain":0.0,"event_name":"Liars Game","player_choice":"Ignored","floor":3.0,"gold_loss":0.0,"damage_taken":0.0},{"damage_healed":0.0,"max_hp_gain":0.0,"max_hp_loss":0.0,"gold_gain":100.0,"event_name":"Wheel of Change","player_choice":"Gold","floor":13.0,"gold_loss":0.0,"damage_taken":0.0},{"cards_removed":["Entrench"],"damage_healed":0.0,"max_hp_gain":0.0,"max_hp_loss":0.0,"gold_gain":0.0,"event_name":"Back to Basics","player_choice":"Elegance","floor":21.0,"gold_loss":0.0,"damage_taken":0.0},{"damage_healed":0.0,"max_hp_gain":0.0,"max_hp_loss":0.0,"gold_gain":0.0,"event_name":"Accursed Blacksmith","player_choice":"Forge","floor":29.0,"gold_loss":0.0,"damage_taken":0.0,"cards_upgraded":["Fire Breathing"]},{"damage_healed":0.0,"max_hp_gain":0.0,"max_hp_loss":0.0,"gold_gain":0.0,"event_name":"Tomb of Lord Red Mask","player_choice":"Paid","floor":38.0,"gold_loss":22.0,"damage_taken":0.0,"relics_obtained":["Red Mask"]},{"damage_healed":0.0,"max_hp_gain":0.0,"max_hp_loss":0.0,"gold_gain":0.0,"event_name":"Upgrade Shrine","player_choice":"Upgraded","floor":39.0,"gold_loss":0.0,"damage_taken":0.0,"cards_upgraded":["Fiend Fire"]}],"is_beta":false,"boss_relics":[{"not_picked":["Velvet Choker","SacredBark"],"picked":"Sozu"},{"not_picked":["Runic Pyramid","Philosopher\u0027s Stone"],"picked":"Pandora\u0027s Box"}],"items_purged_floors":[37],"is_endless":false,"potions_floor_spawned":[1,7,11,12,14,16,20,24,35,36],"killed_by":"Transient","ascension_level":10}}