{"host":"newqdrzxfhh2im9e","time":1610480477,"event":{"mods":["AchievementEnabler","BaseMod","BetterRewards","Block Reminder","Colored Map","Jorbs\u0027s Wanderer Trilogy","Minty Spire (QoL Compilation)","Rare Cards Sparkle","Shop Mod","StSLib"],"gold_per_floor":[113,124,22,40,40,66,66,82,134,154,187,199,199,299,299,403,403,403,420,437,437,437],"floor_reached":21,"language":"ENG","playtime":640,"items_purged":[],"score":218,"play_id":"5d19571e-3c68-4e11-a418-d4da43a189b3","local_time":"20210112114117","is_ascension_mode":false,"campfire_choices":[{"data":"Wallop","floor":7,"key":"SMITH"},{"floor":13,"key":"REST"},{"data":"Vault","floor":15,"key":"SMITH"}],"circlet_count":0,"master_deck":["Strike_P","Strike_P","Strike_P","Strike_P","Defend_P","Defend_P","Defend_P","Defend_P","Eruption","Vigilance","Vengeance","Wallop+1","Study","Vault+1","Vault","Conclude","LikeWater","Swivel","Sanctity","Devotion"],"relics":["PureWater","NeowsBlessing","Eternal Feather","Smiling Mask","Orichalcum","Busted Crown"],"acts_visited":["Exordium","TheCity"],"potions_floor_usage":[6,6,6,11,16,18,21],"damage_taken":[{"damage":0,"enemies":"Jaw Worm","floor":1,"turns":1},{"damage":0,"enemies":"Cultist","floor":2,"turns":1},{"damage":0,"enemies":"Small Slimes","floor":4,"turns":1},{"damage":0,"enemies":"3 Sentries","floor":6,"turns":3},{"damage":5,"enemies":"2 Fungi Beasts","floor":8,"turns":6},{"damage":10,"enemies":"Looter","floor":10,"turns":3},{"damage":22,"enemies":"Gremlin Nob","floor":11,"turns":5},{"damage":0,"enemies":"Large Slime","floor":12,"turns":3},{"damage":59,"enemies":"Slime Boss","floor":16,"turns":12},{"damage":0,"enemies":"3 Byrds","floor":18,"turns":1},{"damage":17,"enemies":"Chosen","floor":19,"turns":8},{"damage":53,"enemies":"Sentry and Sphere","floor":20,"turns":8},{"damage":6,"enemies":"Shelled Parasite and Fungi","floor":21,"turns":1}],"seed_played":"1618510277611976909","potions_obtained":[{"floor":4,"key":"Ambrosia"},{"floor":5,"key":"Swift Potion"},{"floor":5,"key":"AttackPotion"},{"floor":5,"key":"ColorlessPotion"},{"floor":6,"key":"FearPotion"},{"floor":11,"key":"SmokeBomb"},{"floor":12,"key":"Ancient Potion"},{"floor":20,"key":"LiquidMemories"}],"is_trial":false,"path_per_floor":["M","M","$","M","?","E","R","M","T","M","E","M","R","?","R","B",null,"M","M","M","M"],"character_chosen":"WATCHER","items_purchased":["Wallop","Study"],"campfire_rested":1,"item_purchase_floors":[3,3],"current_hp_per_floor":[72,72,72,72,72,72,72,67,67,57,35,35,65,65,72,13,72,72,55,2,0,0],"gold":437,"neow_bonus":"THREE_ENEMY_KILL","is_daily":false,"chose_seed":false,"campfire_upgraded":2,"win_rate":0.0,"timestamp":1610480477,"path_taken":["M","M","$","M","?","E","R","M","T","?","E","?","R","?","R","BOSS","M","M","?","M"],"items_purchased_type":["Card","Card"],"build_version":"2020-12-22","purchased_purges":0,"victory":false,"max_hp_per_floor":[72,72,72,72,72,72,72,72,72,72,72,72,72,72,72,72,72,72,72,72,72,72],"card_choices":[{"not_picked":["Consecrate","Crescendo"],"picked":"Vengeance","floor":1},{"not_picked":["EmptyBody","CrushJoints","Prostrate"],"picked":"SKIP","floor":2},{"not_picked":["CutThroughFate","ReachHeaven"],"picked":"Vault","floor":4},{"not_picked":["Evaluate","JustLucky"],"picked":"Vault","floor":6},{"not_picked":["EmptyFist","ThirdEye"],"picked":"Conclude","floor":8},{"not_picked":["Evaluate","Protect"],"picked":"LikeWater","floor":10},{"not_picked":["CrushJoints","MentalFortress"],"picked":"Swivel","floor":11},{"not_picked":["Vengeance","Crescendo"],"picked":"Sanctity","floor":12},{"not_picked":["SpiritShield","DevaForm"],"picked":"Devotion","floor":16},{"not_picked":["CutThroughFate"],"picked":"SKIP","floor":19},{"not_picked":["CrushJoints"],"picked":"SKIP","floor":20}],"player_experience":726082,"relics_obtained":[{"floor":6,"key":"Eternal Feather"},{"floor":9,"key":"Smiling Mask"},{"floor":11,"key":"Orichalcum"}],"event_choices":[{"damage_healed":0,"gold_gain":0,"player_choice":"Got Potions","damage_taken":0,"max_hp_gain":0,"max_hp_loss":0,"event_name":"Lab","floor":5,"gold_loss":0},{"damage_healed":0,"gold_gain":100,"player_choice":"Pray","damage_taken":0,"max_hp_gain":0,"max_hp_loss":0,"event_name":"Golden Shrine","floor":14,"gold_loss":0}],"is_beta":false,"boss_relics":[{"not_picked":["Snecko Eye","Black Star"],"picked":"Busted Crown"}],"items_purged_floors":[],"is_endless":false,"potions_floor_spawned":[4,6,11,12,20],"killed_by":"Shelled Parasite and Fungi","ascension_level":0}}