{"host":"b7j598ve05halrwk","time":1610429880,"event":{"mods":["2.2 Compatiblity","BaseMod","Block Reminder","DeckTracker","Minty Spire (QoL Compilation)","Relic Stats","Slay the Relics Exporter","StSLib","ojb\u0027s Better Paths Mod","ojb\u0027s Info Mod"],"gold_per_floor":[112,187,187,206,21,54,30,49,124,124,151,167,198,13,13,90,90,102,102,122,122,134,134,154,187,257,257,257,268,268,297,297,374,374,391,391,201,221,106,106,139,0,0,0,32,32,32,43,43,43,43,43,43,6,36,36],"floor_reached":57,"playtime":5717,"items_purged":["Strike_B"],"score":3253,"play_id":"e7d74c61-0985-4c5e-9c94-d1dc37ccc93c","local_time":"20210112003800","is_ascension_mode":true,"campfire_choices":[{"floor":10.0,"key":"REST"},{"data":"Seek","floor":15.0,"key":"SMITH"},{"data":"Capacitor","floor":23.0,"key":"SMITH"},{"data":"Coolheaded","floor":32.0,"key":"SMITH"},{"data":"Biased Cognition","floor":40.0,"key":"SMITH"},{"floor":46.0,"key":"RECALL"},{"data":"Hologram","floor":49.0,"key":"SMITH"},{"data":"Apotheosis","floor":53,"key":"SMITH"}],"circlet_count":0,"master_deck":["AscendersBane","Strike_B+1","Strike_B+1","Defend_B+1","Defend_B+1","Defend_B+1","Zap","Dualcast","Glacier","Hello World","Melter","FTL","Cold Snap","Ball Lightning","Steam","Glacier","Seek+1","Reinforced Body","Capacitor+1","Coolheaded+1","All For One","Coolheaded","Glacier","Scrape","Consume+1","Electrodynamics","Ghostly","Ghostly","Ghostly","Coolheaded+1","Biased Cognition+1","Consume+1","Dramatic Entrance+1","Apotheosis+1","Aggregate","Hologram+1","Barrage+1","White Noise","Steam Power+1","Skim+1","Defragment","Hologram+1"],"relics":["SacredBark","Oddly Smooth Stone","Potion Belt","Ornamental Fan","Snecko Eye","MealTicket","Molten Egg 2","Bird Faced Urn","Incense Burner","Runic Dome","Boot","Red Mask","Toxic Egg 2","Juzu Bracelet","Lantern"],"acts_visited":["Exordium","TheCity","TheBeyond","TheEnding"],"potions_floor_usage":[56,56,56,56],"damage_taken":[{"damage":2.0,"enemies":"Cultist","floor":1.0,"turns":4.0},{"damage":5.0,"enemies":"Small Slimes","floor":4.0,"turns":7.0},{"damage":28.0,"enemies":"3 Sentries","floor":6.0,"turns":11.0},{"damage":0.0,"enemies":"2 Louse","floor":8.0,"turns":2.0},{"damage":3.0,"enemies":"Lagavulin","floor":11.0,"turns":7.0},{"damage":0.0,"enemies":"2 Fungi Beasts","floor":12.0,"turns":4.0},{"damage":10.0,"enemies":"3 Sentries","floor":13.0,"turns":4.0},{"damage":0.0,"enemies":"The Guardian","floor":16.0,"turns":14.0},{"damage":0.0,"enemies":"Spheric Guardian","floor":18.0,"turns":1.0},{"damage":0.0,"enemies":"3 Byrds","floor":20.0,"turns":9.0},{"damage":0.0,"enemies":"Snecko","floor":22.0,"turns":6.0},{"damage":0.0,"enemies":"Sentry and Sphere","floor":24.0,"turns":5.0},{"damage":20.0,"enemies":"Slavers","floor":25.0,"turns":8.0},{"damage":0.0,"enemies":"Centurion and Healer","floor":29.0,"turns":7.0},{"damage":0.0,"enemies":"Gremlin Leader","floor":31.0,"turns":5.0},{"damage":0.0,"enemies":"Collector","floor":33.0,"turns":10.0},{"damage":0.0,"enemies":"3 Shapes","floor":35.0,"turns":6.0},{"damage":1.0,"enemies":"Orb Walker","floor":38.0,"turns":5.0},{"damage":2.0,"enemies":"Reptomancer","floor":41.0,"turns":7.0},{"damage":0.0,"enemies":"Giant Head","floor":45.0,"turns":9.0},{"damage":0.0,"enemies":"Sphere and 2 Shapes","floor":48.0,"turns":5.0},{"damage":9.0,"enemies":"Donu and Deca","floor":50.0,"turns":10.0},{"damage":0,"enemies":"Time Eater","floor":51,"turns":19},{"damage":0,"enemies":"Shield and Spear","floor":55,"turns":18},{"damage":46,"enemies":"The Heart","floor":56,"turns":13}],"seed_played":"-3441173208254463168","potions_obtained":[{"floor":1.0,"key":"FearPotion"},{"floor":6.0,"key":"Explosive Potion"},{"floor":12.0,"key":"Energy Potion"},{"floor":20.0,"key":"SpeedPotion"},{"floor":24.0,"key":"EssenceOfSteel"},{"floor":31.0,"key":"DistilledChaos"},{"floor":33.0,"key":"PowerPotion"},{"floor":35.0,"key":"PotionOfCapacity"},{"floor":45.0,"key":"LiquidMemories"},{"floor":48.0,"key":"FocusPotion"},{"floor":55,"key":"Regen Potion"}],"is_trial":false,"path_per_floor":["M","?","?","M","$","E","$","M","T","R","E","M","E","$","R","B",null,"M","?","M","?","M","R","M","E","T","?","?","M","T","E","R","B",null,"M","?","$","M","$","R","E","?","T","?","E","R","$","M","R","B","B",null,"R","$","E","B",null],"character_chosen":"DEFECT","items_purchased":["Fruit Juice","FTL","Ball Lightning","Capacitor","Coolheaded","Apotheosis","Hologram","Barrage+1","Defragment"],"campfire_rested":1,"item_purchase_floors":[5,5,7,14,14,37,39,39,54],"current_hp_per_floor":[62,51,51,46,46,28,28,28,28,52,49,49,39,39,39,39,71,71,71,71,52,52,52,52,32,32,32,32,32,32,38,38,40,40,40,30,40,40,40,40,40,40,40,40,40,40,40,40,40,40,40,40,40,40,40,35],"gold":36,"neow_bonus":"BOSS_RELIC","is_daily":false,"chose_seed":false,"campfire_upgraded":6,"win_rate":0.0,"timestamp":1610429880,"path_taken":["M","?","?","M","$","E","$","M","T","R","E","M","E","$","R","BOSS","M","?","M","?","M","R","?","E","T","?","?","M","?","E","R","BOSS","M","?","$","M","$","R","E","?","T","?","E","R","?","M","R","BOSS","BOSS","R","$","E","BOSS"],"items_purchased_type":["Potion","Card","Card","Card","Card","Card","Card","Card","Card"],"build_version":"2020-12-22","purchased_purges":1,"victory":true,"max_hp_per_floor":[71,71,71,71,71,81,81,81,81,81,81,81,81,81,81,81,81,81,81,81,81,81,81,81,81,81,81,40,40,40,40,40,40,40,40,40,40,40,40,40,40,40,40,40,40,40,40,40,40,40,40,40,40,40,40,40],"relic_stats":{"counters":[25,196],"Ornamental Fan":[208],"Bird Faced Urn":[26],"Snecko Eye":[292,301,308,323],"MealTicket":10,"Juzu Bracelet":0,"Boot":[34],"obtain_stats":[{"Potion Belt":11,"Lantern":55,"SacredBark":0,"Oddly Smooth Stone":6,"Incense Burner":31,"Juzu Bracelet":45,"Boot":41,"Runic Dome":34,"Ornamental Fan":13,"Bird Faced Urn":30,"Snecko Eye":17,"MealTicket":25,"Molten Egg 2":26,"Red Mask":42,"Toxic Egg 2":43,"Cracked Core":0},{"Potion Belt":5,"Lantern":24,"SacredBark":0,"Oddly Smooth Stone":3,"Incense Burner":15,"Juzu Bracelet":20,"Boot":19,"Runic Dome":16,"Ornamental Fan":7,"Bird Faced Urn":14,"Snecko Eye":8,"MealTicket":13,"Molten Egg 2":13,"Red Mask":19,"Toxic Egg 2":19,"Cracked Core":0},{"Potion Belt":31,"Lantern":183,"SacredBark":0,"Oddly Smooth Stone":22,"Incense Burner":94,"Juzu Bracelet":131,"Boot":122,"Runic Dome":104,"Ornamental Fan":39,"Bird Faced Urn":89,"Snecko Eye":53,"MealTicket":82,"Molten Egg 2":82,"Red Mask":122,"Toxic Egg 2":122,"Cracked Core":0}]},"card_choices":[{"not_picked":["Leap","Barrage"],"picked":"Glacier","floor":1.0},{"not_picked":["Coolheaded","Storm"],"picked":"Melter","floor":4.0},{"not_picked":["Coolheaded","Leap"],"picked":"Cold Snap","floor":6.0},{"not_picked":["Skim","Recycle"],"picked":"Steam","floor":8.0},{"not_picked":["Go for the Eyes","Storm"],"picked":"Glacier","floor":11.0},{"not_picked":["Hologram","Go for the Eyes"],"picked":"Seek","floor":12.0},{"not_picked":["Redo","Compile Driver"],"picked":"Reinforced Body","floor":13.0},{"not_picked":["Thunder Strike","Machine Learning"],"picked":"All For One","floor":16.0},{"not_picked":["Conserve Battery","Stack"],"picked":"Coolheaded","floor":18.0},{"not_picked":["Sweeping Beam","Turbo"],"picked":"Scrape","floor":20.0},{"not_picked":["White Noise+1","Turbo"],"picked":"Consume+1","floor":22.0},{"not_picked":["Melter","BootSequence"],"picked":"Electrodynamics","floor":24.0},{"not_picked":["Cold Snap","Go for the Eyes","Redo"],"picked":"SKIP","floor":25.0},{"not_picked":["Streamline+1","Go for the Eyes+1"],"picked":"Coolheaded+1","floor":29.0},{"not_picked":["Chaos","Coolheaded","Barrage+1"],"picked":"SKIP","floor":31.0},{"not_picked":["Multi-Cast","Fission"],"picked":"Biased Cognition","floor":33.0},{"not_picked":["Leap+1","Chill"],"picked":"Consume+1","floor":35.0},{"not_picked":["Trip","Secret Technique"],"picked":"Dramatic Entrance+1","floor":36.0},{"not_picked":["Steam","Gash+1"],"picked":"Aggregate","floor":38.0},{"not_picked":["Blizzard+1","Hello World"],"picked":"White Noise","floor":41.0},{"not_picked":["Steam+1","Turbo+1"],"picked":"Steam Power+1","floor":45.0},{"not_picked":["Auto Shields+1","Chill+1"],"picked":"Skim+1","floor":48.0},{"not_picked":["Auto Shields+1","Gash+1"],"picked":"Hologram+1","floor":55}],"player_experience":923359,"relics_obtained":[{"floor":6.0,"key":"Oddly Smooth Stone"},{"floor":11.0,"key":"Potion Belt"},{"floor":13.0,"key":"Ornamental Fan"},{"floor":25.0,"key":"MealTicket"},{"floor":26.0,"key":"Molten Egg 2"},{"floor":30.0,"key":"Bird Faced Urn"},{"floor":31.0,"key":"Incense Burner"},{"floor":41.0,"key":"Boot"},{"floor":43.0,"key":"Toxic Egg 2"},{"floor":45.0,"key":"Juzu Bracelet"},{"floor":55,"key":"Lantern"}],"event_choices":[{"damage_healed":0.0,"max_hp_gain":0.0,"max_hp_loss":0.0,"gold_gain":75.0,"event_name":"World of Goop","player_choice":"Gather Gold","floor":2.0,"gold_loss":0.0,"damage_taken":11.0},{"damage_healed":0.0,"max_hp_gain":0.0,"max_hp_loss":0.0,"gold_gain":0.0,"cards_transformed":["Defend_B"],"event_name":"Living Wall","player_choice":"Change","floor":3.0,"gold_loss":0.0,"damage_taken":0.0,"cards_obtained":["Hello World"]},{"damage_healed":0.0,"max_hp_gain":0.0,"max_hp_loss":0.0,"gold_gain":0.0,"event_name":"The Library","player_choice":"Read","floor":19.0,"gold_loss":0.0,"damage_taken":0.0,"cards_obtained":["Glacier"]},{"damage_healed":0.0,"max_hp_gain":0.0,"max_hp_loss":0.0,"gold_gain":0.0,"event_name":"Knowing Skull","player_choice":"POTION POTION ","floor":21.0,"potions_obtained":["PowerPotion","PowerPotion"],"gold_loss":0.0,"damage_taken":19.0,"cards_obtained":[]},{"damage_healed":0.0,"max_hp_gain":0.0,"max_hp_loss":0.0,"gold_gain":0.0,"event_name":"Back to Basics","player_choice":"Simplicity","floor":27.0,"gold_loss":0.0,"damage_taken":0.0,"cards_upgraded":["Strike_B","Strike_B","Strike_B","Defend_B","Defend_B","Defend_B"]},{"damage_healed":0.0,"max_hp_gain":0.0,"max_hp_loss":41.0,"gold_gain":0.0,"event_name":"Ghosts","player_choice":"Became a Ghost","floor":28.0,"gold_loss":0.0,"damage_taken":0.0,"cards_obtained":["Ghostly","Ghostly","Ghostly"]},{"damage_healed":0.0,"max_hp_gain":0.0,"max_hp_loss":0.0,"gold_gain":0.0,"event_name":"SensoryStone","player_choice":"Memory 3","floor":36.0,"gold_loss":0.0,"damage_taken":10.0},{"damage_healed":0.0,"max_hp_gain":0.0,"max_hp_loss":0.0,"gold_gain":0.0,"event_name":"Tomb of Lord Red Mask","player_choice":"Paid","floor":42.0,"gold_loss":139.0,"damage_taken":0.0,"relics_obtained":["Red Mask"]},{"cards_removed":["Strike_B"],"damage_healed":0.0,"max_hp_gain":0.0,"max_hp_loss":0.0,"gold_gain":0.0,"event_name":"Falling","player_choice":"Removed Attack","floor":44.0,"gold_loss":0.0,"damage_taken":0.0}],"is_beta":false,"boss_relics":[{"not_picked":["SlaversCollar","Inserter"],"picked":"Snecko Eye"},{"not_picked":["Busted Crown","Astrolabe"],"picked":"Runic Dome"}],"items_purged_floors":[14],"is_endless":false,"potions_floor_spawned":[1,6,12,20,24,31,33,35,45,48,55],"ascension_level":20}}