{"host":"Leo","time":1610412302,"event":{"mods":["Act Like it!","BaseMod","Challenge The Spire","Colored Map","Colored Powertips","Downfall","Energized Spire","Filter the Spire","Gensokyo","Hubris","Infinite Spire","KinomotoSakuraMod(ñÿîVñ{?)","KomeijiMod","MarisaÅiñ∂âJÅ@ñÇóùçπÅj","Minty Spire (QoL Compilation)","Pale of the Ancients","Prisma Mod","Quick Restart","Random Character Mod","Rare Cards Sparkle","Replay The Spire","StSLib","The Jungle","Waifu the Spire"],"gold_per_floor":[118,133,151,168,74,74,107,120,200,219,34,34,64,239,239,343,343,356,356,356,216,216,241,241,256,256,273,286,286,306,320,320,419,419,435,435,435],"floor_reached":36,"playtime":5640,"items_purged":[],"score":396,"play_id":"16ed4d74-bf3f-4a68-9b85-c269bebaf72a","local_time":"20210111194502","is_ascension_mode":false,"campfire_choices":[{"floor":6,"key":"REST"},{"data":"ClowCardTheSweet","floor":12,"key":"SMITH"},{"data":"ClowCardTheSweet","floor":15,"key":"SMITH"},{"floor":24,"key":"REST"},{"floor":29,"key":"REST"},{"floor":32,"key":"REST"}],"circlet_count":0,"master_deck":["SakuraCardTheSand+","SakuraCardTheShield+","ClowCardTheSword","ClowCardTheSword","ClowCardTheSword","ClowCardTheSword","ClowCardTheShield","ClowCardTheShield","SpellCardSeal","SpellCardRelease","ClowCardTheJump","ClowCardTheFlower+1","ClowCardTheSweet+1","ClowCardTheShadow","ClowCardTheFloat","ClowCardTheErase","ClowCardTheSweet+1","ClowCardTheTwin","ClowCardTheBubbles","ClowCardTheFloat","Doubt","ClowCardTheLight","ClowCardTheFreeze","ClowCardTheFight","ClowCardTheFight","ClowCardThePower","ClowCardTheSleep","ClowCardTheEarthy","ClowCardTheMaze","ClowCardTheFlower","ClowCardTheMove","ClowCardTheRain"],"relics":["KSMOD_SealedBook","KSMOD_SealedWand","Pet Ghost","Membership Card","PreservedInsect","energizedSpire:RedRose","TheAbacus","infinitespire:Beetle Shell","Iron Hammer","Sozu"],"acts_visited":["Exordium","TheCity","TheBeyond"],"potions_floor_usage":[7,25,27,27,33],"damage_taken":[{"damage":15,"enemies":"Jaw Worm","floor":1,"turns":4},{"damage":1,"enemies":"2 Louse","floor":2,"turns":3},{"damage":0,"enemies":"Small Slimes","floor":3,"turns":2},{"damage":15,"enemies":"Looter","floor":4,"turns":3},{"damage":12,"enemies":"3 Sentries","floor":7,"turns":11},{"damage":1,"enemies":"Red Slaver","floor":8,"turns":5},{"damage":14,"enemies":"3 Louse","floor":10,"turns":3},{"damage":35,"enemies":"Gremlin Nob","floor":13,"turns":7},{"damage":25,"enemies":"Hexaghost","floor":16,"turns":13},{"damage":13,"enemies":"Shell Parasite","floor":18,"turns":6},{"damage":50,"enemies":"Gremlin Leader","floor":23,"turns":9},{"damage":23,"enemies":"2 Thieves","floor":25,"turns":4},{"damage":19,"enemies":"Centurion and Healer","floor":27,"turns":7},{"damage":14,"enemies":"Snecko","floor":28,"turns":5},{"damage":16,"enemies":"Cultist and Chosen","floor":30,"turns":7},{"damage":20,"enemies":"Snake Plant","floor":31,"turns":4},{"damage":52,"enemies":"Automaton","floor":33,"turns":14},{"damage":7,"enemies":"3 Shapes","floor":35,"turns":3},{"damage":36,"enemies":"3 Darklings","floor":36,"turns":6}],"seed_played":"2899212074782964930","potions_obtained":[{"floor":3,"key":"hexamod:EctoCoolerPotion"},{"floor":7,"key":"sneckomod:MuddlingPotion"},{"floor":8,"key":"Strength Potion"},{"floor":13,"key":"Block Potion"},{"floor":18,"key":"Regen Potion"},{"floor":28,"key":"Fire Potion"},{"floor":30,"key":"Elixir"}],"is_trial":false,"path_per_floor":["M","M","M","M","$","R","E","M","T","M","$","R","E","?","R","B",null,"M","?","?","$","?","E","R","M","T","M","M","R","M","M","R","B",null,"M","M"],"character_chosen":"KINOMOTOSAKURA","items_purchased":["ClowCardTheErase","ClowCardTheSweet","Membership Card","ClowCardTheFloat","ClowCardTheFight","TheAbacus"],"campfire_rested":4,"item_purchase_floors":[5,5,11,11,21,21],"current_hp_per_floor":[55,54,54,44,44,65,63,70,70,61,61,61,48,48,48,43,70,67,67,67,67,51,21,42,19,19,25,21,42,40,30,51,9,70,67,40,40],"gold":435,"neow_bonus":"TRANSFORM_CARD","is_daily":false,"chose_seed":false,"campfire_upgraded":2,"win_rate":0.0,"timestamp":1610412302,"path_taken":["M","M","M","M","$","R","E","M","T","M","$","R","E","?","R","BOSS","M","?","?","$","?","E","R","M","T","M","M","R","M","M","R","BOSS","M","M"],"items_purchased_type":["Card","Card","Relic","Card","Card","Relic"],"build_version":"2020-11-17","purchased_purges":0,"victory":false,"max_hp_per_floor":[70,70,70,70,70,70,70,70,70,70,70,70,70,70,70,70,70,70,70,70,70,70,70,70,70,70,70,70,70,70,70,70,70,70,70,70,70],"card_choices":[{"not_picked":["ClowCardTheErase","ClowCardTheShadow"],"picked":"ClowCardTheFlower","floor":1},{"not_picked":["ClowCardTheLoop","ClowCardTheBubbles"],"picked":"ClowCardTheSweet","floor":2},{"not_picked":["ClowCardTheLittle","ClowCardTheLoop"],"picked":"ClowCardTheShadow","floor":3},{"not_picked":["ClowCardTheThrough","ClowCardTheIllusion"],"picked":"ClowCardTheFloat","floor":4},{"not_picked":["ClowCardTheThunder","ClowCardTheMirror"],"picked":"ClowCardTheTwin","floor":7},{"not_picked":["ClowCardTheShadow","ClowCardTheBubbles"],"picked":"ClowCardTheSand","floor":8},{"not_picked":["ClowCardTheShadow","ClowCardTheBig"],"picked":"ClowCardTheBubbles","floor":10},{"not_picked":["ClowCardTheWindy","ClowCardTheSilent","ClowCardTheLittle"],"picked":"SKIP","floor":13},{"not_picked":["ClowCardTheTime","ClowCardTheTwin"],"picked":"ClowCardTheLight","floor":16},{"not_picked":["ClowCardTheArrow","ClowCardTheVoice+1"],"picked":"ClowCardTheFreeze","floor":18},{"not_picked":["ClowCardTheStorm","ClowCardTheFly"],"picked":"ClowCardThePower","floor":23},{"not_picked":["ClowCardTheLoop","ClowCardThePower"],"picked":"ClowCardTheSleep","floor":25},{"not_picked":["ClowCardTheFirey+1","ClowCardTheArrow"],"picked":"ClowCardTheEarthy","floor":27},{"not_picked":["ClowCardTheSilent","ClowCardTheIllusion"],"picked":"ClowCardTheMaze","floor":28},{"not_picked":["ClowCardTheLight","ClowCardTheArrow"],"picked":"ClowCardTheFlower","floor":30},{"not_picked":["ClowCardTheFly","ClowCardTheChange"],"picked":"ClowCardTheMove","floor":31},{"not_picked":["ClowCardTheIllusion","ClowCardTheMirror"],"picked":"ClowCardTheRain","floor":35}],"player_experience":26408,"relics_obtained":[{"floor":7,"key":"Pet Ghost"},{"floor":13,"key":"PreservedInsect"},{"floor":23,"key":"infinitespire:Beetle Shell"},{"floor":26,"key":"Iron Hammer"}],"event_choices":[{"damage_healed":0,"gold_gain":175,"player_choice":"AGREE","damage_taken":0,"max_hp_gain":0,"max_hp_loss":0,"event_name":"Liars Game","floor":14,"gold_loss":0,"cards_obtained":["Doubt"]},{"damage_healed":0,"gold_gain":0,"player_choice":"Ignored","damage_taken":0,"max_hp_gain":0,"max_hp_loss":0,"event_name":"Vampires","floor":19,"gold_loss":0},{"damage_healed":0,"gold_gain":0,"player_choice":"Obtained Book","damage_taken":16,"max_hp_gain":0,"max_hp_loss":0,"event_name":"Cursed Tome","floor":22,"gold_loss":0}],"is_beta":true,"boss_relics":[{"not_picked":["Replay:Fungal Core","Empty Cage"],"picked":"energizedSpire:RedRose"},{"not_picked":["Honey Jar","Painkiller Herb"],"picked":"Sozu"}],"items_purged_floors":[],"is_endless":false,"potions_floor_spawned":[3,7,8,13,16,18,28,30,35],"killed_by":"3 Darklings","ascension_level":0}}