{"host":"ufl0k2so27eic2iy","time":1610455192,"event":{"mods":["BaseMod","Minty Spire (QoL Compilation)","StSLib","The Animator"],"gold_per_floor":[110,110,120,44,66,66,98,123,123,156,168,168,179,213,213,303,303,326,347,149,196,196,235,235,267,267,279,279,294,125,153,153,235,235,271,283,17,51,1,1,34,34,58,87,109,128,128,165,165,173,173,173,30,70,70,70],"floor_reached":55,"playtime":3347,"items_purged":["animator:Strike","Parasite","animator:Strike","animator:Strike"],"score":1398,"play_id":"7828a835-1fa7-4400-acff-29ecdffe7f44","local_time":"20210112123952","is_ascension_mode":true,"campfire_choices":[{"data":"animator:DolaSchwi","floor":6.0,"key":"SMITH"},{"data":"animator:DolaSchwi","floor":12.0,"key":"SMITH"},{"data":"animator:Arpeggio","floor":15.0,"key":"SMITH"},{"floor":24.0,"key":"REST"},{"floor":28.0,"key":"REST"},{"data":"animator:SuzuneAmano","floor":32.0,"key":"SMITH"},{"floor":40,"key":"RECALL"},{"data":"animator:ElricAlphonse","floor":42,"key":"SMITH"},{"floor":49,"key":"DIG"},{"floor":52,"key":"DIG"}],"circlet_count":0,"master_deck":["AscendersBane","animator:Strike_FullmetalAlchemist","animator:Defend_FullmetalAlchemist+1","animator:Defend+1","animator:Defend","animator:Defend","animator:ElricEdward","animator:ElricAlphonse+1","animator:DolaSchwi+1","animator:GuildGirl","animator:DolaCouronne","animator:Scar","animator:RoyMustang","animator:DolaSchwi+1","animator:KyokoSakura","animator:Arpeggio+1","animator:Envy","animator:SuzuneAmano+1","animator:MaesHughes+1","animator:WinryRockbell","animator:CowGirl+1","animator:DolaCouronne+1","animator:IzunaHatsuse","animator:SayakaMiki","animator:ElricEdward","animator:OrikoMikuni+1","animator:PinaCoLada+1","animator:PinaCoLada+1","animator:Fredrika","animator:Bozes+1","animator:DolaSchwi+1","animator:Arpeggio+1","animator:Arpeggio+1"],"relics":["animator:LivingPicture","animator:TheMissingPiece","War Paint","Gremlin Horn","Smiling Mask","Calipers","Potion Belt","Cursed Key","Toolbox","Akabeko","Eternal Feather","Frozen Egg 2","Vajra","Question Card","SlaversCollar","Omamori","Bag of Marbles","Bronze Scales","Shovel","Singing Bowl","Toy Ornithopter","Mummified Hand","Runic Capacitor","Happy Flower"],"acts_visited":["Exordium","TheCity","TheBeyond","TheEnding"],"potions_floor_usage":[38,45,50,55],"damage_taken":[{"damage":0.0,"enemies":"Cultist","floor":1.0,"turns":4.0},{"damage":5.0,"enemies":"2 Louse","floor":3.0,"turns":4.0},{"damage":0.0,"enemies":"Small Slimes","floor":5.0,"turns":4.0},{"damage":3.0,"enemies":"Blue Slaver","floor":7.0,"turns":3.0},{"damage":13.0,"enemies":"Large Slime","floor":8.0,"turns":4.0},{"damage":5.0,"enemies":"Lagavulin","floor":10.0,"turns":6.0},{"damage":0.0,"enemies":"Exordium Wildlife","floor":11.0,"turns":4.0},{"damage":0.0,"enemies":"2 Fungi Beasts","floor":13.0,"turns":2.0},{"damage":11.0,"enemies":"3 Sentries","floor":14.0,"turns":4.0},{"damage":14.0,"enemies":"Hexaghost","floor":16.0,"turns":8.0},{"damage":24.0,"enemies":"2 Thieves","floor":18.0,"turns":4.0},{"damage":2.0,"enemies":"Chosen","floor":19.0,"turns":4.0},{"damage":18.0,"enemies":"Snake Plant","floor":21.0,"turns":4.0},{"damage":1.0,"enemies":"animator:HornedBat","floor":23.0,"turns":4.0},{"damage":35.0,"enemies":"Book of Stabbing","floor":25.0,"turns":5.0},{"damage":0.0,"enemies":"3 Cultists","floor":27.0,"turns":3.0},{"damage":6.0,"enemies":"Shelled Parasite and Fungi","floor":29.0,"turns":6.0},{"damage":0.0,"enemies":"Gremlin Leader","floor":31.0,"turns":5.0},{"damage":32.0,"enemies":"Automaton","floor":33.0,"turns":9.0},{"damage":0.0,"enemies":"3 Shapes","floor":35.0,"turns":4.0},{"damage":17.0,"enemies":"3 Darklings","floor":36.0,"turns":5.0},{"damage":2,"enemies":"4 Shapes","floor":38,"turns":4},{"damage":17,"enemies":"Nemesis","floor":41,"turns":9},{"damage":0,"enemies":"Mind Bloom Boss Battle","floor":44,"turns":5},{"damage":0,"enemies":"Spire Growth","floor":45,"turns":4},{"damage":15,"enemies":"Sphere and 2 Shapes","floor":46,"turns":5},{"damage":0,"enemies":"Giant Head","floor":48,"turns":7},{"damage":26,"enemies":"Donu and Deca","floor":50,"turns":9},{"damage":33,"enemies":"Shield and Spear","floor":54,"turns":6},{"damage":49,"enemies":"The Heart","floor":55,"turns":2}],"seed_played":"-9013301288934828575","potions_obtained":[{"floor":5.0,"key":"SkillPotion"},{"floor":7.0,"key":"Regen Potion"},{"floor":8.0,"key":"Fire Potion"},{"floor":13.0,"key":"AttackPotion"},{"floor":25.0,"key":"PowerPotion"},{"floor":29.0,"key":"Explosive Potion"},{"floor":31.0,"key":"SpeedPotion"},{"floor":33.0,"key":"SkillPotion"},{"floor":41,"key":"LiquidBronze"},{"floor":44,"key":"Fruit Juice"},{"floor":45,"key":"Explosive Potion"}],"is_trial":false,"path_per_floor":["M","T","M","?","M","R","M","M","T","E","M","R","M","E","R","B",null,"M","M","$","M","?","E","R","E","T","M","R","M","$","E","R","B",null,"M","M","$","M","$","R","E","R","T","?","M","M","?","E","R","B",null,"R","$","E","B"],"character_chosen":"THE_ANIMATOR","items_purchased":["Toolbox","animator:ElricEdward","LiquidMemories","animator:PinaCoLada+1","Omamori","Runic Capacitor"],"campfire_rested":2,"item_purchase_floors":[20,30,30,37,37,53],"current_hp_per_floor":[54,54,49,49,49,49,46,34,34,44,44,44,44,33,33,19,51,27,26,26,8,8,7,37,2,2,2,35,29,29,29,44,16,48,48,31,31,30,30,48,31,49,49,49,54,39,39,39,57,36,58,65,65,32,0,0],"gold":70,"neow_bonus":"RANDOM_COMMON_RELIC","is_daily":false,"chose_seed":false,"campfire_upgraded":5,"win_rate":0.0,"timestamp":1610455192,"path_taken":["M","?","M","?","M","R","M","M","T","E","M","R","M","E","R","BOSS","M","M","$","M","?","E","R","E","T","M","R","M","$","E","R","BOSS","M","?","$","M","?","R","E","R","T","?","M","M","?","E","R","BOSS","R","$","E","BOSS"],"items_purchased_type":["Relic","Card","Potion","Card","Relic","Relic"],"build_version":"2020-12-22","purchased_purges":4,"victory":false,"max_hp_per_floor":[60,60,60,60,60,60,60,61,61,61,61,61,61,61,61,61,61,61,62,62,62,62,62,62,62,62,62,62,62,59,59,59,59,59,59,59,59,60,60,60,60,60,60,60,65,65,65,65,65,65,65,65,65,65,65,65],"card_choices":[{"not_picked":["animator:KyokoSakura","animator:Layla"],"picked":"animator:DolaSchwi","floor":1.0},{"not_picked":["animator:Layla","animator:FielNirvalen"],"picked":"animator:GuildGirl","floor":3.0},{"not_picked":["animator:ChlammyZell","animator:Gluttony"],"picked":"animator:DolaCouronne","floor":5.0},{"not_picked":["animator:ElricAlphonse","animator:Sloth"],"picked":"animator:Scar","floor":7.0},{"not_picked":["animator:YuiTsuruno","animator:ZankiKiguchi"],"picked":"animator:RoyMustang","floor":8.0},{"not_picked":["animator:HighElfArcher","animator:MamiTomoe","animator:Greed"],"picked":"SKIP","floor":10.0},{"not_picked":["animator:AcuraAkari","animator:HighElfArcher"],"picked":"animator:DolaSchwi","floor":11.0},{"not_picked":["animator:NagisaMomoe","animator:MadokaKaname"],"picked":"animator:KyokoSakura","floor":13.0},{"not_picked":["animator:RoryMercury","animator:YachiyoNanami"],"picked":"animator:Arpeggio","floor":14.0},{"not_picked":["animator:HomuraAkemi","animator:HigakiRinne"],"picked":"animator:Envy","floor":16.0},{"not_picked":["animator:Konayuki","animator:Emonzaemon"],"picked":"animator:SuzuneAmano","floor":18.0},{"not_picked":["animator:DwarfShaman","animator:Guy"],"picked":"animator:MaesHughes+1","floor":19.0},{"not_picked":["animator:MaesHughes","animator:ElricAlphonse"],"picked":"animator:WinryRockbell","floor":21.0},{"not_picked":["animator:Kuribayashi","animator:Layla"],"picked":"animator:CowGirl+1","floor":23.0},{"not_picked":["animator:OrikoMikuni","animator:AcuraTooru"],"picked":"animator:DolaCouronne+1","floor":25.0},{"not_picked":["animator:Azekura","animator:Fredrika"],"picked":"animator:IzunaHatsuse","floor":27.0},{"not_picked":["animator:OrikoMikuni","animator:SuzuneAmano"],"picked":"animator:SayakaMiki","floor":29.0},{"not_picked":["animator:ChaikaTrabant","animator:ChaikaBohdan"],"picked":"animator:OrikoMikuni+1","floor":31.0},{"not_picked":["animator:Father","animator:GoblinSlayer","animator:Shiro+1"],"picked":"animator:PinaCoLada+1","floor":33.0},{"not_picked":["animator:MamiTomoe","animator:Guy+1","animator:ElricAlphonse"],"picked":"animator:Gillette","floor":35.0},{"not_picked":["animator:Tet","animator:Shichika","animator:ZankiKiguchi+1","animator:UneriGinkaku"],"picked":"SKIP","floor":36.0},{"not_picked":["animator:Viivi","animator:Guy","animator:AcuraTooru"],"picked":"animator:Fredrika","floor":38},{"not_picked":["animator:RoyMustang","animator:Azekura+1","animator:Emonzaemon"],"picked":"animator:Bozes+1","floor":41},{"not_picked":["animator:NagisaMomoe","animator:RoryMercury","animator:Layla"],"picked":"animator:DolaSchwi+1","floor":44},{"not_picked":["animator:Layla+1","animator:UneriGinkaku","animator:OrikoMikuni","animator:DolaSchwi+1"],"picked":"SKIP","floor":45},{"not_picked":["animator:Layla","animator:MaesHughes","animator:PinaCoLada+1","animator:MamiTomoe"],"picked":"SKIP","floor":46},{"not_picked":["animator:RoryMercury","animator:Kuribayashi","animator:Bozes"],"picked":"animator:Arpeggio+1","floor":48},{"not_picked":["animator:ZankiKiguchi","animator:WinryRockbell+1","animator:DolaCouronne+1"],"picked":"animator:Arpeggio+1","floor":54}],"player_experience":2433766,"relics_obtained":[{"floor":2.0,"key":"Gremlin Horn"},{"floor":10.0,"key":"Calipers"},{"floor":14.0,"key":"Potion Belt"},{"floor":22.0,"key":"Akabeko"},{"floor":23.0,"key":"Eternal Feather"},{"floor":25.0,"key":"Frozen Egg 2"},{"floor":26.0,"key":"Vajra"},{"floor":31.0,"key":"Question Card"},{"floor":41,"key":"Bag of Marbles"},{"floor":43,"key":"Bronze Scales"},{"floor":44,"key":"Shovel"},{"floor":48,"key":"Singing Bowl"},{"floor":49,"key":"Toy Ornithopter"},{"floor":52,"key":"Mummified Hand"},{"floor":54,"key":"Happy Flower"}],"event_choices":[{"damage_healed":0.0,"max_hp_gain":0.0,"max_hp_loss":0.0,"gold_gain":0.0,"event_name":"WeMeetAgain","player_choice":"Paid Gold","floor":4.0,"gold_loss":76.0,"damage_taken":0.0,"relics_obtained":["Smiling Mask"]},{"damage_healed":0.0,"max_hp_gain":0.0,"max_hp_loss":0.0,"gold_gain":0.0,"event_name":"Wheel of Change","player_choice":"Relic","floor":22.0,"gold_loss":0.0,"damage_taken":0.0},{"damage_healed":0,"gold_gain":0,"player_choice":"Fight","damage_taken":0,"max_hp_gain":0,"max_hp_loss":0,"event_name":"MindBloom","floor":44,"gold_loss":0},{"cards_removed":["animator:Gillette"],"damage_healed":0,"gold_gain":0,"player_choice":"Removed Attack","damage_taken":0,"max_hp_gain":0,"max_hp_loss":0,"event_name":"Falling","floor":47,"gold_loss":0}],"is_beta":false,"boss_relics":[{"not_picked":["Mark of Pain","Tiny House"],"picked":"Cursed Key"},{"not_picked":["Runic Dome","Calling Bell"],"picked":"SlaversCollar"}],"items_purged_floors":[20,30,37,39],"is_endless":false,"potions_floor_spawned":[5,7,8,13,25,29,31,33,41,44,45],"killed_by":"The Heart","ascension_level":15}}