{"host":"684z1xpuwaoqmmh1","time":1610417933,"event":{"mods":["Bard","BaseMod","Downfall","Hermit","Jorbs\u0027s Wanderer Trilogy","Marisa????????","Minty Spire (QoL Compilation)","Robot Space Explorer","Shade Mod","StSLib","The Hierophant","The Marked","The Mystic"],"gold_per_floor":[113,128,143,158,158,187,187,112,112,142,160,189,364,376,376,481,481,493,493,504,520,549,579,579,610,610,610,183,197,226,237,237,333,333,348,360,360,38,48,78,78,128,128,157,170,170,170,198,198,198,198,198,11,44,44],"floor_reached":56,"playtime":2874,"items_purged":["theMarked:Strike"],"score":1597,"play_id":"f1546d1e-4518-4fb9-b662-0a019b2750a4","local_time":"20210112041853","is_ascension_mode":true,"campfire_choices":[{"data":"theMarked:SummonStrength","floor":7,"key":"SMITH"},{"data":"theMarked:RogueSparks","floor":15,"key":"SMITH"},{"data":"theMarked:SummonStrength","floor":24,"key":"SMITH"},{"data":"theMarked:AttractMetal","floor":27,"key":"SMITH"},{"data":"theMarked:Standoff","floor":32,"key":"SMITH"},{"floor":41,"key":"RECALL"},{"floor":49,"key":"REST"},{"floor":52,"key":"REST"}],"circlet_count":0,"master_deck":["theMarked:Strike","theMarked:Strike","theMarked:Strike","theMarked:Strike","theMarked:Defend","theMarked:Defend","theMarked:Defend","theMarked:Defend","theMarked:SoldierOfQuellstein","theMarked:Standoff","theMarked:ResourceFulStrike","theMarked:LightningStrikesTwice","theMarked:RogueSparks+1","theMarked:SummonStrength+1","theMarked:KeepCalmAndFightOn","theMarked:WastefulAttack","Doubt","theMarked:RepellingDischarge","theMarked:SummonStrength+1","theMarked:Standoff+1","theMarked:AttractMetal+1","theMarked:Indomitable","theMarked:BindingBlade","theMarked:BanishingWave","theMarked:HeritageOfTheMarked","theMarked:ShockingTouch","theMarked:SelfDefenseTraining+1","theMarked:WastefulDefense+1","theMarked:Snap","theMarked:MysticalArsenal+1","theMarked:WastefulDefense","expansioncontent:SuperHexaguard","theMarked:DeterminationOfTheMarked","theMarked:BanishingWave","theMarked:SuspiciousRaven","theMarked:WardOff","theMarked:HeritageOfTheMarked"],"relics":["theMarked:ArtifactOfAir","Bronze Scales","Eternal Feather","Lizard Tail","Gambling Chip","Happy Flower","StrikeDummy","theMarked:Eyepatch","MutagenicStrength","Red Mask","Mummified Hand","Boot","Pear","Du-Vu Doll","FossilizedHelix","Fusion Hammer","Membership Card","HornCleat","Singing Bowl","TungstenRod","Incense Burner","Akabeko","Bag of Marbles","Strawberry","Centennial Puzzle","Oddly Smooth Stone"],"acts_visited":["Exordium","TheCity","TheBeyond","TheEnding"],"potions_floor_usage":[6,11,12,21,22,22,26,30,39,44,55,55],"damage_taken":[{"damage":2,"enemies":"Jaw Worm","floor":1,"turns":4},{"damage":0,"enemies":"Small Slimes","floor":2,"turns":3},{"damage":0,"enemies":"2 Louse","floor":3,"turns":3},{"damage":2,"enemies":"Looter","floor":4,"turns":3},{"damage":17,"enemies":"3 Sentries","floor":6,"turns":6},{"damage":0,"enemies":"Lagavulin","floor":10,"turns":7},{"damage":3,"enemies":"Large Slime","floor":11,"turns":4},{"damage":23,"enemies":"Gremlin Nob","floor":12,"turns":4},{"damage":7,"enemies":"Red Slaver","floor":14,"turns":4},{"damage":5,"enemies":"Hexaghost","floor":16,"turns":8},{"damage":8,"enemies":"Spheric Guardian","floor":18,"turns":4},{"damage":23,"enemies":"2 Thieves","floor":20,"turns":4},{"damage":16,"enemies":"Snake Plant","floor":21,"turns":5},{"damage":2,"enemies":"Masked Bandits","floor":22,"turns":3},{"damage":35,"enemies":"Book of Stabbing","floor":23,"turns":8},{"damage":17,"enemies":"Gremlin Leader","floor":25,"turns":6},{"damage":3,"enemies":"Chosen and Byrds","floor":29,"turns":5},{"damage":3,"enemies":"Book of Stabbing","floor":30,"turns":4},{"damage":12,"enemies":"Centurion and Healer","floor":31,"turns":5},{"damage":7,"enemies":"Automaton","floor":33,"turns":6},{"damage":10,"enemies":"3 Darklings","floor":35,"turns":5},{"damage":0,"enemies":"Orb Walker","floor":36,"turns":3},{"damage":2,"enemies":"4 Shapes","floor":39,"turns":6},{"damage":22,"enemies":"Reptomancer","floor":40,"turns":5},{"damage":0,"enemies":"Mind Bloom Boss Battle","floor":42,"turns":5},{"damage":0,"enemies":"Nemesis","floor":44,"turns":3},{"damage":0,"enemies":"Spire Growth","floor":45,"turns":5},{"damage":0,"enemies":"Giant Head","floor":48,"turns":6},{"damage":83,"enemies":"Awakened One","floor":50,"turns":10},{"damage":11,"enemies":"Shield and Spear","floor":54,"turns":5},{"damage":57,"enemies":"The Heart","floor":55,"turns":11}],"seed_played":"4286420831652301030","potions_obtained":[{"floor":1,"key":"Energy Potion"},{"floor":2,"key":"SkillPotion"},{"floor":4,"key":"SkillPotion"},{"floor":6,"key":"Fruit Juice"},{"floor":11,"key":"Strength Potion"},{"floor":20,"key":"champ:CounterPotion"},{"floor":21,"key":"Block Potion"},{"floor":23,"key":"Fruit Juice"},{"floor":30,"key":"PowerPotion"},{"floor":31,"key":"PowerPotion"},{"floor":36,"key":"Swift Potion"},{"floor":42,"key":"DuplicationPotion"}],"is_trial":false,"path_per_floor":["M","M","M","M","?","E","R","$","T","E","M","E","?","M","R","B",null,"M","?","M","M","?","E","R","E","T","R","$","M","E","M","R","B",null,"M","M","?","$","M","E","R","?","T","E","M","?","T","E","R","B",null,"R","$","E","B",null],"character_chosen":"THE_DEFAULT","items_purchased":["theMarked:HeritageOfTheMarked","Du-Vu Doll","theMarked:ShockingTouch","Membership Card","HornCleat","theMarked:DeterminationOfTheMarked","theMarked:BanishingWave","Strawberry","theMarked:HeritageOfTheMarked","Centennial Puzzle"],"campfire_rested":2,"item_purchase_floors":[28,28,28,38,38,38,38,53,53,53],"current_hp_per_floor":[68,68,68,66,59,42,51,51,51,51,53,30,30,23,32,27,75,67,67,44,28,26,37,49,32,47,59,59,56,53,41,56,49,90,80,80,80,80,78,58,76,78,78,78,78,78,78,80,91,8,91,91,98,89,32],"gold":44,"neow_bonus":"RANDOM_COMMON_RELIC","is_daily":false,"chose_seed":false,"campfire_upgraded":5,"win_rate":0.0,"timestamp":1610417933,"path_taken":["M","M","M","M","?","E","R","$","T","E","M","E","?","M","R","BOSS","M","?","M","M","?","E","R","E","T","R","$","M","E","M","R","BOSS","M","M","?","$","M","E","R","?","T","E","M","?","?","E","R","BOSS","R","$","E","BOSS"],"items_purchased_type":["Card","Relic","Card","Relic","Relic","Card","Card","Relic","Card","Relic"],"build_version":"2020-12-22","purchased_purges":1,"victory":true,"max_hp_per_floor":[70,70,70,70,70,70,70,70,70,70,75,75,75,75,75,75,75,75,75,75,75,75,75,75,75,90,90,90,90,90,90,90,90,90,90,90,90,90,90,92,92,94,94,94,94,89,89,91,91,91,91,91,98,100,100],"card_choices":[{"not_picked":["theMarked:BanishingStrike","theMarked:WardOff"],"picked":"theMarked:Standoff","floor":1},{"not_picked":["theMarked:WastefulDefense","theMarked:Frustration"],"picked":"theMarked:ResourceFulStrike","floor":2},{"not_picked":["theMarked:Frustration","theMarked:SwordAndMagic"],"picked":"theMarked:LightningStrikesTwice","floor":3},{"not_picked":["theMarked:BanishingWave","theMarked:ResourceFulStrike"],"picked":"theMarked:RogueSparks","floor":4},{"not_picked":["theMarked:MysticalArsenal","theMarked:HeightenedSenses"],"picked":"theMarked:SummonStrength","floor":6},{"not_picked":["theMarked:EnhanceMovement","theMarked:CreepingChasm"],"picked":"theMarked:KeepCalmAndFightOn","floor":10},{"not_picked":["theMarked:LightningStrikesTwice","theMarked:EmpowerWeapon","theMarked:Static"],"picked":"SKIP","floor":11},{"not_picked":["theMarked:KeepCalmAndFightOn","theMarked:TwofoldDefense"],"picked":"theMarked:WastefulAttack","floor":12},{"not_picked":["theMarked:Parkour","theMarked:ReduceFriction"],"picked":"theMarked:RepellingDischarge","floor":14},{"not_picked":["theMarked:ThrowWeapon","theMarked:Levitate"],"picked":"theMarked:SummonStrength","floor":16},{"not_picked":["theMarked:WastefulAttack+1","theMarked:WastefulDefense+1"],"picked":"theMarked:Standoff","floor":18},{"not_picked":["theMarked:BanishingStrike+1","theMarked:HeightenedSenses"],"picked":"theMarked:AttractMetal","floor":20},{"not_picked":["theMarked:ResourceFulStrike","theMarked:StartUp"],"picked":"theMarked:Indomitable","floor":21},{"not_picked":["theMarked:SwordAndMagic","theMarked:WardOff"],"picked":"theMarked:BindingBlade","floor":23},{"not_picked":["theMarked:EmpowerWeapon+1","theMarked:LightningStrikesTwice"],"picked":"theMarked:BanishingWave","floor":25},{"not_picked":["theMarked:Static","theMarked:ChainLightning+1"],"picked":"theMarked:SelfDefenseTraining+1","floor":29},{"not_picked":["theMarked:Seal","theMarked:ThrowWeapon","theMarked:SelfDefenseTraining"],"picked":"SKIP","floor":30},{"not_picked":["theMarked:PowerFlow+1","theMarked:HeightenedSenses"],"picked":"theMarked:WastefulDefense+1","floor":31},{"not_picked":["theMarked:ChannelForce","theMarked:SoldierForm"],"picked":"theMarked:Snap","floor":33},{"not_picked":["theMarked:TwofoldDefense+1","theMarked:Indomitable"],"picked":"theMarked:MysticalArsenal+1","floor":35},{"not_picked":["theMarked:Static+1","theMarked:EmpowerWeapon"],"picked":"theMarked:WastefulDefense","floor":36},{"not_picked":["Swift Strike","Purity"],"picked":"expansioncontent:SuperHexaguard","floor":37},{"not_picked":["theMarked:Seal","theMarked:Generate","theMarked:ChainLightning"],"picked":"SKIP","floor":39},{"not_picked":["theMarked:Improvise+1","theMarked:RepellingDischarge","theMarked:CreepingChasm"],"picked":"Singing Bowl","floor":40},{"not_picked":["theMarked:SwordAndMagic+1","theMarked:ResourceFulStrike","theMarked:Improvise"],"picked":"Singing Bowl","floor":42},{"not_picked":["theMarked:Frustration+1","theMarked:Electrify"],"picked":"theMarked:SuspiciousRaven","floor":44},{"not_picked":["theMarked:BanishingStrike","theMarked:ChainLightning+1"],"picked":"theMarked:WardOff","floor":45},{"not_picked":["theMarked:SwordAndMagic+1","theMarked:ParalyzingBlade","theMarked:Seal+1"],"picked":"Singing Bowl","floor":48},{"not_picked":["theMarked:BanishingWave","theMarked:ContemptForTheProud","theMarked:CreepingChasm+1"],"picked":"Singing Bowl","floor":54}],"player_experience":2499270,"relics_obtained":[{"floor":6,"key":"Lizard Tail"},{"floor":9,"key":"Gambling Chip"},{"floor":10,"key":"Happy Flower"},{"floor":12,"key":"StrikeDummy"},{"floor":22,"key":"Red Mask"},{"floor":23,"key":"Mummified Hand"},{"floor":25,"key":"Boot"},{"floor":26,"key":"Pear"},{"floor":30,"key":"FossilizedHelix"},{"floor":40,"key":"Singing Bowl"},{"floor":42,"key":"TungstenRod"},{"floor":44,"key":"Incense Burner"},{"floor":47,"key":"Akabeko"},{"floor":48,"key":"Bag of Marbles"},{"floor":54,"key":"Oddly Smooth Stone"}],"event_choices":[{"damage_healed":0,"gold_gain":0,"player_choice":"Success","damage_taken":7,"relics_obtained":["Eternal Feather"],"max_hp_gain":0,"max_hp_loss":0,"event_name":"Scrap Ooze","floor":5,"gold_loss":0},{"damage_healed":0,"gold_gain":175,"player_choice":"AGREE","damage_taken":0,"max_hp_gain":0,"max_hp_loss":0,"event_name":"Liars Game","floor":13,"gold_loss":0,"cards_obtained":["Doubt"]},{"damage_healed":0,"gold_gain":0,"player_choice":"Inject Mutagens","damage_taken":0,"relics_obtained":["MutagenicStrength"],"max_hp_gain":0,"max_hp_loss":0,"event_name":"Drug Dealer","floor":19,"gold_loss":0},{"damage_healed":0,"gold_gain":0,"player_choice":"Fought Bandits","damage_taken":0,"max_hp_gain":0,"max_hp_loss":0,"event_name":"Masked Bandits","floor":22,"gold_loss":0},{"damage_healed":0,"gold_gain":0,"player_choice":"Memory 1","damage_taken":0,"max_hp_gain":0,"max_hp_loss":0,"event_name":"SensoryStone","floor":37,"gold_loss":0},{"damage_healed":0,"gold_gain":0,"player_choice":"Fight","damage_taken":0,"max_hp_gain":0,"max_hp_loss":0,"event_name":"MindBloom","floor":42,"gold_loss":0},{"damage_healed":0,"gold_gain":0,"player_choice":"Max HP","damage_taken":0,"max_hp_gain":0,"max_hp_loss":5,"event_name":"Winding Halls","floor":46,"gold_loss":0}],"is_beta":false,"boss_relics":[{"not_picked":["Philosopher\u0027s Stone","Pandora\u0027s Box"],"picked":"theMarked:Eyepatch"},{"not_picked":["sneckomod:SneckoTalon","Calling Bell"],"picked":"Fusion Hammer"}],"items_purged_floors":[8],"is_endless":false,"potions_floor_spawned":[1,2,4,6,11,20,21,23,30,31,36,42],"ascension_level":2}}