{"host":"rolltorest","time":1610410956,"event":{"mods":["BaseMod","Minty Spire (QoL Compilation)","Relic Stats","Slay the Relics Exporter","StSLib","The Bladedancer"],"gold_per_floor":[118,118,138,116,66,66,93,93,93,123,123,42,42,61,61,140,140,156,156,225,185,200,232,232,266,289,289,300,335,404,423,423,502,502,514,544,612,662,681,709,709,771,771,806,856,906,638,672,672,672,672,672,107,142,142],"floor_reached":56,"playtime":2224,"items_purged":["blademaster:Strike","blademaster:Strike"],"score":2169,"play_id":"7da8ad50-0250-487e-9964-c01fb3f5fc7c","local_time":"20210111162236","is_ascension_mode":true,"campfire_choices":[{"data":"blademaster:Quickstep","floor":6,"key":"SMITH"},{"data":"blademaster:RagingBlow","floor":8,"key":"SMITH"},{"data":"blademaster:HighVoltage","floor":11,"key":"SMITH"},{"data":"blademaster:Blindside","floor":13,"key":"SMITH"},{"data":"blademaster:ThunderSlash","floor":15,"key":"SMITH"},{"data":"blademaster:AirSlash","floor":24,"key":"SMITH"},{"data":"blademaster:ThunderSlash","floor":27,"key":"SMITH"},{"floor":32,"key":"REST"},{"data":"blademaster:Blockade","floor":41,"key":"SMITH"},{"floor":49,"key":"RECALL"},{"data":"blademaster:FlockOfBlades","floor":52,"key":"SMITH"}],"circlet_count":0,"master_deck":["AscendersBane","blademaster:Strike+1","blademaster:Defend","blademaster:Defend","blademaster:Defend","blademaster:RagingBlow+1","blademaster:HighVoltage+1","blademaster:ThunderSlash+1","blademaster:FuriousStrike","blademaster:Quickstep+1","blademaster:BladeCross","blademaster:Cut","blademaster:Blindside+1","blademaster:Discharge","blademaster:ThreePointStrike+1","blademaster:ThunderSlash+1","blademaster:DragonStrike+1","blademaster:Slice+1","blademaster:AirSlash+1","blademaster:Safeguard+1","blademaster:Cut","blademaster:LightningDraw","blademaster:Breeze","blademaster:Blockade+1","blademaster:FlockOfBlades+1","blademaster:Bloodbath+1","blademaster:SlyStabs","blademaster:Havoc","blademaster:Thrust","blademaster:FuryOfTheElements","blademaster:Frontflip+1","blademaster:ParryingStrike","Panache"],"relics":["blademaster:DancersAmulet","Nunchaku","Strawberry","Du-Vu Doll","MealTicket","Black Star","SsserpentHead","Mango","Eternal Feather","Ornamental Fan","Bird Faced Urn","Bronze Scales","Orichalcum","Bag of Preparation","Busted Crown","Lantern","PreservedInsect","Calipers","Juzu Bracelet","Art of War","Unceasing Top","Akabeko","War Paint","Oddly Smooth Stone","HornCleat","Whetstone"],"acts_visited":["Exordium","TheCity","TheBeyond","TheEnding"],"potions_floor_usage":[16,23,23,23,25,35],"damage_taken":[{"damage":1,"enemies":"Small Slimes","floor":1,"turns":3},{"damage":6,"enemies":"Jaw Worm","floor":3,"turns":6},{"damage":34,"enemies":"Lagavulin","floor":7,"turns":7},{"damage":15,"enemies":"3 Sentries","floor":10,"turns":6},{"damage":0,"enemies":"Cultist","floor":14,"turns":2},{"damage":27,"enemies":"Slime Boss","floor":16,"turns":13},{"damage":20,"enemies":"Spheric Guardian","floor":18,"turns":4},{"damage":12,"enemies":"Chosen","floor":20,"turns":4},{"damage":13,"enemies":"Centurion and Healer","floor":22,"turns":7},{"damage":10,"enemies":"Slavers","floor":23,"turns":3},{"damage":22,"enemies":"Gremlin Leader","floor":25,"turns":4},{"damage":0,"enemies":"3 Cultists","floor":28,"turns":4},{"damage":21,"enemies":"Book of Stabbing","floor":29,"turns":3},{"damage":0,"enemies":"Cultist and Chosen","floor":30,"turns":3},{"damage":10,"enemies":"Sentry and Sphere","floor":31,"turns":4},{"damage":15,"enemies":"Collector","floor":33,"turns":6},{"damage":24,"enemies":"3 Shapes","floor":35,"turns":6},{"damage":0,"enemies":"Orb Walker","floor":37,"turns":2},{"damage":0,"enemies":"Transient","floor":39,"turns":5},{"damage":16,"enemies":"Nemesis","floor":40,"turns":3},{"damage":13,"enemies":"3 Darklings","floor":42,"turns":3},{"damage":0,"enemies":"Giant Head","floor":44,"turns":3},{"damage":6,"enemies":"Reptomancer","floor":48,"turns":3},{"damage":13,"enemies":"Donu and Deca","floor":50,"turns":5},{"damage":96,"enemies":"Shield and Spear","floor":54,"turns":4},{"damage":3,"enemies":"The Heart","floor":55,"turns":5}],"seed_played":"3811076089591743018","potions_obtained":[{"floor":14,"key":"Regen Potion"},{"floor":16,"key":"SkillPotion"},{"floor":22,"key":"EntropicBrew"},{"floor":25,"key":"SteroidPotion"},{"floor":28,"key":"Fire Potion"},{"floor":35,"key":"Swift Potion"},{"floor":38,"key":"Swift Potion"}],"is_trial":false,"path_per_floor":["M","?","M","$","?","R","E","R","T","E","R","$","R","M","R","B",null,"M","?","M","?","M","E","R","E","T","R","M","E","M","M","R","B",null,"M","?","M","?","M","E","R","M","T","E","?","?","$","E","R","B",null,"R","$","E","B",null],"character_chosen":"THE_BLADEMASTER","items_purchased":["blademaster:Quickstep","blademaster:Blindside","Art of War","blademaster:Frontflip","War Paint","Panache","Oddly Smooth Stone"],"campfire_rested":1,"item_purchase_floors":[4,12,47,47,53,53,53],"current_hp_per_floor":[63,68,62,62,62,62,35,35,35,20,20,35,35,35,35,23,68,48,48,36,36,23,27,39,17,17,29,31,12,14,6,50,39,83,63,63,65,65,73,61,79,72,72,78,97,97,97,97,97,92,96,97,97,11,24],"gold":142,"neow_bonus":"RANDOM_COMMON_RELIC","is_daily":false,"chose_seed":false,"campfire_upgraded":9,"win_rate":0.0,"timestamp":1610410956,"path_taken":["M","?","M","?","?","R","E","R","T","E","R","?","R","?","R","BOSS","M","?","?","?","M","E","R","E","T","R","M","E","?","M","R","BOSS","M","?","?","?","M","E","R","?","T","E","?","?","$","E","R","BOSS","R","$","E","BOSS"],"items_purchased_type":["Card","Card","Relic","Card","Relic","Card","Relic"],"build_version":"2020-12-18","purchased_purges":2,"victory":true,"max_hp_per_floor":[71,76,76,76,76,76,83,83,83,83,83,83,83,83,83,83,83,83,83,83,83,83,97,97,97,97,97,97,97,97,97,97,97,97,97,97,97,97,97,97,97,97,97,97,97,97,97,97,97,97,97,97,97,97,97],"relic_stats":{"counters":[26,118],"Eternal Feather":58,"PreservedInsect":268,"Bag of Preparation":[26],"Juzu Bracelet":1,"Whetstone":["blademaster:Strike","blademaster:Slice"],"Orichalcum":[12],"War Paint":["blademaster:Safeguard","blademaster:Frontflip"],"SsserpentHead":450,"Nunchaku":[38],"Busted Crown":40,"Ornamental Fan":[240],"Bird Faced Urn":[58],"Bronze Scales":[163],"MealTicket":15,"Black Star":7,"Art of War":[0],"obtain_stats":[{"Lantern":40,"Calipers":44,"blademaster:BonusFuryPerk":7,"Mango":23,"Bag of Preparation":29,"Juzu Bracelet":44,"Whetstone":54,"SsserpentHead":19,"Nunchaku":0,"HornCleat":54,"Strawberry":7,"MealTicket":10,"blademaster:FinisherDrawCardPerk":10,"blademaster:ComboEveryTurnPerk":54,"blademaster:BleedingLaceratePerk":48,"blademaster:StrongPerk":25,"Oddly Smooth Stone":53,"Eternal Feather":23,"PreservedInsect":40,"blademaster:OnAttackedChargePerk":23,"Orichalcum":29,"War Paint":53,"Akabeko":48,"Du-Vu Doll":9,"Busted Crown":34,"Ornamental Fan":25,"blademaster:FuryEveryTurnPerk":29,"Bird Faced Urn":25,"Bronze Scales":26,"blademaster:BleedingMoreDamagePerk":40,"Black Star":17,"blademaster:StanceHealPerk":44,"Art of War":47,"blademaster:DancersAmulet":0,"Unceasing Top":48},{"Lantern":20,"Calipers":22,"blademaster:BonusFuryPerk":3,"Mango":10,"Bag of Preparation":13,"Juzu Bracelet":22,"Whetstone":25,"SsserpentHead":7,"Nunchaku":0,"HornCleat":25,"Strawberry":3,"MealTicket":4,"blademaster:FinisherDrawCardPerk":4,"blademaster:ComboEveryTurnPerk":25,"blademaster:BleedingLaceratePerk":23,"blademaster:StrongPerk":11,"Oddly Smooth Stone":24,"Eternal Feather":10,"PreservedInsect":20,"blademaster:OnAttackedChargePerk":10,"Orichalcum":13,"War Paint":24,"Akabeko":23,"Du-Vu Doll":3,"Busted Crown":16,"Ornamental Fan":11,"blademaster:FuryEveryTurnPerk":13,"Bird Faced Urn":11,"Bronze Scales":11,"blademaster:BleedingMoreDamagePerk":20,"Black Star":6,"blademaster:StanceHealPerk":22,"Art of War":22,"blademaster:DancersAmulet":0,"Unceasing Top":23},{"Lantern":95,"Calipers":101,"blademaster:BonusFuryPerk":16,"Mango":55,"Bag of Preparation":66,"Juzu Bracelet":101,"Whetstone":113,"SsserpentHead":41,"Nunchaku":0,"HornCleat":113,"Strawberry":16,"MealTicket":22,"blademaster:FinisherDrawCardPerk":22,"blademaster:ComboEveryTurnPerk":113,"blademaster:BleedingLaceratePerk":104,"blademaster:StrongPerk":59,"Oddly Smooth Stone":109,"Eternal Feather":55,"PreservedInsect":95,"blademaster:OnAttackedChargePerk":55,"Orichalcum":66,"War Paint":109,"Akabeko":104,"Du-Vu Doll":16,"Busted Crown":79,"Ornamental Fan":59,"blademaster:FuryEveryTurnPerk":66,"Bird Faced Urn":59,"Bronze Scales":59,"blademaster:BleedingMoreDamagePerk":95,"Black Star":37,"blademaster:StanceHealPerk":101,"Art of War":101,"blademaster:DancersAmulet":0,"Unceasing Top":104}],"Unceasing Top":[0]},"card_choices":[{"not_picked":["blademaster:ChargingUp","blademaster:Thrust"],"picked":"blademaster:ThunderSlash","floor":1},{"not_picked":["blademaster:Quickstep","blademaster:DaggerAndCloak"],"picked":"blademaster:FuriousStrike","floor":3},{"not_picked":["blademaster:Rupture","blademaster:Momentum"],"picked":"blademaster:BladeCross","floor":7},{"not_picked":["blademaster:DaggerAndCloak","blademaster:Flurry"],"picked":"blademaster:Cut","floor":10},{"not_picked":["blademaster:EyeOfTheStorm","blademaster:CombatPrep"],"picked":"blademaster:Discharge","floor":14},{"not_picked":["blademaster:Blindside","blademaster:RagingBlow"],"picked":"blademaster:ThreePointStrike","floor":16},{"not_picked":["blademaster:Meditate","blademaster:Havoc"],"picked":"blademaster:ThunderSlash","floor":18},{"not_picked":["blademaster:ChargingUp","blademaster:Meditate"],"picked":"blademaster:DragonStrike+1","floor":20},{"not_picked":["blademaster:Rupture+1","blademaster:Flurry"],"picked":"blademaster:Slice","floor":22},{"not_picked":["blademaster:CloudOfSteel","blademaster:AwakeningDefend"],"picked":"blademaster:AirSlash","floor":23},{"not_picked":["blademaster:DaggerAndCloak+1","blademaster:ParryingStrike"],"picked":"blademaster:Safeguard","floor":25},{"not_picked":["blademaster:DaggerAndCloak","blademaster:AncestralHealing"],"picked":"blademaster:Cut","floor":28},{"not_picked":["blademaster:FuriousStrike","blademaster:EyeOfTheStorm"],"picked":"blademaster:LightningDraw","floor":29},{"not_picked":["blademaster:CombatPrep","blademaster:FuriousStrike"],"picked":"blademaster:Breeze","floor":30},{"not_picked":["blademaster:Thrust","blademaster:Sharpen+1"],"picked":"blademaster:Blockade","floor":31},{"not_picked":["blademaster:UnrelentingWind","blademaster:FuryOfTheElements"],"picked":"blademaster:FlockOfBlades","floor":33},{"not_picked":["blademaster:BladeCross+1"],"picked":"SKIP","floor":35},{"not_picked":[],"picked":"blademaster:Bloodbath+1","floor":37},{"not_picked":[],"picked":"blademaster:SlyStabs","floor":39},{"not_picked":[],"picked":"blademaster:Havoc","floor":40},{"not_picked":["blademaster:AspectOfLightning"],"picked":"SKIP","floor":42},{"not_picked":["blademaster:DancingEdge"],"picked":"SKIP","floor":44},{"not_picked":[],"picked":"blademaster:ParryingStrike","floor":48},{"not_picked":["blademaster:Thrust"],"picked":"SKIP","floor":54}],"player_experience":1755764,"relics_obtained":[{"floor":7,"key":"Strawberry"},{"floor":7,"key":"blademaster:BonusFuryPerk"},{"floor":9,"key":"Du-Vu Doll"},{"floor":10,"key":"MealTicket"},{"floor":10,"key":"blademaster:FinisherDrawCardPerk"},{"floor":23,"key":"Mango"},{"floor":23,"key":"blademaster:OnAttackedChargePerk"},{"floor":23,"key":"Eternal Feather"},{"floor":25,"key":"Ornamental Fan"},{"floor":25,"key":"blademaster:StrongPerk"},{"floor":25,"key":"Bird Faced Urn"},{"floor":26,"key":"Bronze Scales"},{"floor":29,"key":"Orichalcum"},{"floor":29,"key":"Bag of Preparation"},{"floor":29,"key":"blademaster:FuryEveryTurnPerk"},{"floor":40,"key":"Lantern"},{"floor":40,"key":"blademaster:BleedingMoreDamagePerk"},{"floor":40,"key":"PreservedInsect"},{"floor":44,"key":"Calipers"},{"floor":44,"key":"blademaster:StanceHealPerk"},{"floor":44,"key":"Juzu Bracelet"},{"floor":48,"key":"Unceasing Top"},{"floor":48,"key":"blademaster:BleedingLaceratePerk"},{"floor":48,"key":"Akabeko"},{"floor":54,"key":"blademaster:ComboEveryTurnPerk"},{"floor":54,"key":"HornCleat"},{"floor":54,"key":"Whetstone"}],"event_choices":[{"damage_healed":0,"gold_gain":0,"player_choice":"Donut","damage_taken":0,"max_hp_gain":5,"max_hp_loss":0,"event_name":"Big Fish","floor":2,"gold_loss":0},{"cards_removed":["blademaster:Defend"],"damage_healed":0,"gold_gain":0,"player_choice":"Card Removal","damage_taken":0,"max_hp_gain":0,"max_hp_loss":0,"event_name":"The Cleric","floor":5,"gold_loss":50},{"damage_healed":0,"gold_gain":0,"player_choice":"Trade","damage_taken":0,"relics_obtained":["SsserpentHead"],"max_hp_gain":0,"max_hp_loss":0,"event_name":"FaceTrader","floor":19,"gold_loss":0},{"cards_removed":["blademaster:Strike"],"damage_healed":0,"gold_gain":0,"player_choice":"Upgrade and Remove","damage_taken":0,"max_hp_gain":0,"max_hp_loss":0,"event_name":"Designer","floor":21,"gold_loss":90,"cards_upgraded":["blademaster:ThreePointStrike"]},{"damage_healed":0,"gold_gain":0,"player_choice":"Bought 1 Potion","damage_taken":0,"max_hp_gain":0,"max_hp_loss":0,"event_name":"The Woman in Blue","floor":36,"gold_loss":0},{"damage_healed":0,"gold_gain":0,"player_choice":"Got Potions","damage_taken":0,"max_hp_gain":0,"max_hp_loss":0,"event_name":"Lab","floor":38,"gold_loss":0},{"damage_healed":19,"gold_gain":0,"player_choice":"Full Heal","damage_taken":0,"max_hp_gain":0,"max_hp_loss":0,"event_name":"Wheel of Change","floor":45,"gold_loss":0},{"damage_healed":0,"gold_gain":0,"player_choice":"2 cards matched","damage_taken":0,"max_hp_gain":0,"max_hp_loss":0,"event_name":"Match and Keep!","floor":46,"gold_loss":0,"cards_obtained":["blademaster:Thrust","blademaster:FuryOfTheElements"]}],"is_beta":true,"boss_relics":[{"not_picked":["Ectoplasm","Snecko Eye"],"picked":"Black Star"},{"not_picked":["Calling Bell","SacredBark"],"picked":"Busted Crown"}],"items_purged_floors":[47,53],"is_endless":false,"potions_floor_spawned":[14,16,22,25,28,29,35,37,44,54],"ascension_level":14}}