{"host":"86c6vgocyjlprmyx","time":1610414707,"event":{"mods":["BaseMod","Downfall","Hermit","Minty Spire (QoL Compilation)","Quick Restart","Replay The Spire","Shade Mod","StSLib","The Cursed","The Hierophant"],"gold_per_floor":[117,129,54,19,36,36,63,76,130,130,143,156,156,180,180,284,284,300,127,152,152,170,200,200,216,216,17,57,77,142,152,152,257,257,275,300,331,331,351,351,383,402,402],"floor_reached":42,"playtime":7644,"items_purged":["hermit:Strike_Hermit","hermit:Strike_Hermit","hermit:Strike_Hermit"],"score":600,"play_id":"9e7086e2-0664-45a3-bb3e-dac7c1a02b0c","local_time":"20210112022507","is_ascension_mode":true,"campfire_choices":[{"data":"hermit:HighCaliber","floor":6.0,"key":"SMITH"},{"data":"hermit:GhostlyPresence","floor":15.0,"key":"SMITH"},{"data":"hermit:Quickdraw","floor":24.0,"key":"SMITH"},{"data":"1","floor":32.0,"key":"LIFT"},{"data":"hermit:TakeAim","floor":40,"key":"SMITH"}],"circlet_count":0,"master_deck":["hermit:Defend_Hermit","hermit:Defend_Hermit","hermit:Defend_Hermit","hermit:Snapshot","hermit:Covet","hermit:HighCaliber+1","hermit:Quickdraw+1","hermit:Quickdraw","hermit:Enervate","hermit:Scavenge","hermit:GhostlyPresence+1","hermit:HighCaliber","Parasite","hermit:Coalescence","hermit:Dissolve","hermit:Coalescence","hermit:TakeAim+1","hermit:TakeCover","hermit:FlashPowder+1","hermit:Quickdraw","hermit:FlashPowder+1","hermit:GoldenBullet","hermit:DeadOrAlive","hermit:TakeAim","hermit:Ricochet+1","hermit:Deadeye","hermit:RoundhouseKick","hermit:Misfire+1","hermit:Glare+1","hermit:Malice+1","hermit:Horror","hermit:Dive+1","hermit:Headshot+1"],"relics":["hermit:Momento","Divine Protection","Replay:Mystery Machine","ReplayTheSpireMod:TigerMarble","Honey Jar","Garlic","Girya","Pocketwatch","MealTicket","SacredBark","ReplayTheSpireMod:Ring of Addiction","Toy Ornithopter","White Beast Statue","Ring of Fangs","Lantern"],"acts_visited":["Exordium","TheCity","TheBeyond"],"potions_floor_usage":[39,41,42,42,42,42],"damage_taken":[{"damage":0.0,"enemies":"Small Slimes","floor":1.0,"turns":4.0},{"damage":2.0,"enemies":"2 Louse","floor":2.0,"turns":2.0},{"damage":0.0,"enemies":"Jaw Worm","floor":5.0,"turns":2.0},{"damage":39.0,"enemies":"Lagavulin","floor":7.0,"turns":8.0},{"damage":1.0,"enemies":"Exordium Wildlife","floor":8.0,"turns":3.0},{"damage":0.0,"enemies":"2 Fungi Beasts","floor":11.0,"turns":3.0},{"damage":0.0,"enemies":"Lots of Slimes","floor":12.0,"turns":4.0},{"damage":0.0,"enemies":"Exordium Thugs","floor":14.0,"turns":3.0},{"damage":44.0,"enemies":"Hexaghost","floor":16.0,"turns":12.0},{"damage":0.0,"enemies":"Chosen","floor":18.0,"turns":5.0},{"damage":1.0,"enemies":"Shell Parasite","floor":20.0,"turns":6.0},{"damage":2.0,"enemies":"Snake Plant","floor":22.0,"turns":7.0},{"damage":0.0,"enemies":"Replay:Snechameleon","floor":23.0,"turns":7.0},{"damage":0.0,"enemies":"Shelled Parasite and Fungi","floor":25.0,"turns":11.0},{"damage":0.0,"enemies":"Book of Stabbing","floor":28.0,"turns":10.0},{"damage":0.0,"enemies":"Centurion and Healer","floor":29.0,"turns":15.0},{"damage":0.0,"enemies":"Replay:Snechameleon","floor":30.0,"turns":9.0},{"damage":0.0,"enemies":"Snecko","floor":31.0,"turns":5.0},{"damage":29.0,"enemies":"Automaton","floor":33.0,"turns":14.0},{"damage":0,"enemies":"3 Darklings","floor":35,"turns":4},{"damage":4,"enemies":"Orb Walker","floor":36,"turns":3},{"damage":18,"enemies":"3 Darklings","floor":37,"turns":7},{"damage":8,"enemies":"Maw","floor":39,"turns":10},{"damage":35,"enemies":"Reptomancer","floor":41,"turns":8},{"damage":39,"enemies":"Spire Growth","floor":42,"turns":6}],"seed_played":"-523208898753652390","potions_obtained":[{"floor":1.0,"key":"SteroidPotion"},{"floor":2.0,"key":"Elixir"},{"floor":7.0,"key":"FearPotion"},{"floor":14.0,"key":"Block Potion"},{"floor":20.0,"key":"sneckomod:MuddlingPotion"},{"floor":29.0,"key":"PowerPotion"},{"floor":30.0,"key":"SpeedPotion"},{"floor":33.0,"key":"Milkshake"},{"floor":35,"key":"Weak Potion"},{"floor":38,"key":"FearPotion"},{"floor":39,"key":"Explosive Potion"},{"floor":41,"key":"ColorlessPotion"},{"floor":42,"key":"SpeedPotion"}],"is_trial":false,"path_per_floor":["M","M","$","?","M","R","E","M","T","?","M","M","?","M","R","B",null,"M","$","M","?","M","E","R","M","T","$","E","M","E","M","R","B",null,"M","M","M","?","M","R","E","M"],"character_chosen":"HERMIT","items_purchased":["hermit:TakeAim","hermit:GoldenBullet"],"campfire_rested":0,"item_purchase_floors":[19,27],"current_hp_per_floor":[54,52,52,70,70,70,31,30,30,27,27,27,45,45,45,1,75,75,75,74,74,72,72,72,72,72,72,72,72,72,72,72,43,75,75,71,53,53,50,50,20,1,1],"gold":402,"neow_bonus":"REMOVE_TWO","is_daily":false,"chose_seed":false,"campfire_upgraded":4,"win_rate":0.0,"timestamp":1610414707,"path_taken":["M","M","$","?","M","R","E","M","T","?","M","M","?","M","R","BOSS","BOSS","M","$","M","?","M","E","R","M","T","$","E","M","E","M","R","BOSS","M","M","M","?","M","R","E","M"],"items_purchased_type":["Card","Card"],"build_version":"2020-12-22","purchased_purges":3,"victory":false,"max_hp_per_floor":[75,75,75,75,75,75,75,75,75,75,75,75,75,75,75,75,75,75,75,75,75,75,75,75,75,75,75,75,75,75,75,75,75,75,75,75,75,75,75,75,75,75,75],"card_choices":[{"not_picked":["hermit:Gestalt","hermit:Horror"],"picked":"hermit:HighCaliber","floor":1.0},{"not_picked":["hermit:Desperado","hermit:CalledShot"],"picked":"hermit:Quickdraw","floor":2.0},{"not_picked":["hermit:Grudge","hermit:ShadowCloak"],"picked":"hermit:Quickdraw","floor":5.0},{"not_picked":["hermit:Adapt","hermit:WideOpen"],"picked":"hermit:Enervate","floor":7.0},{"not_picked":["hermit:Glare","hermit:WideOpen"],"picked":"hermit:Scavenge","floor":8.0},{"not_picked":["hermit:Manifest","hermit:Brawl"],"picked":"hermit:GhostlyPresence","floor":11.0},{"not_picked":["hermit:HoleUp","hermit:Grudge"],"picked":"hermit:HighCaliber","floor":12.0},{"not_picked":["hermit:Feint","hermit:HoleUp"],"picked":"hermit:Coalescence","floor":14.0},{"not_picked":["hermit:Adapt","hermit:Roughhouse"],"picked":"hermit:Dissolve","floor":16.0},{"not_picked":["hermit:LoneWolf","hermit:Scavenge+1","hermit:Enervate"],"picked":"hermit:Coalescence","floor":18.0},{"not_picked":["hermit:Grudge","hermit:HoleUp","hermit:Manifest"],"picked":"hermit:TakeCover","floor":20.0},{"not_picked":["hermit:Coalescence","hermit:Glare","hermit:LoneWolf"],"picked":"hermit:FlashPowder+1","floor":22.0},{"not_picked":["hermit:Reprieve","hermit:FullyLoaded","hermit:RoundhouseKick"],"picked":"hermit:Quickdraw","floor":23.0},{"not_picked":["hermit:Gestalt","hermit:Snipe+1","hermit:Spite+1"],"picked":"hermit:FlashPowder+1","floor":25.0},{"not_picked":["hermit:Dive","hermit:Showdown","hermit:Shortfuse"],"picked":"hermit:DeadOrAlive","floor":28.0},{"not_picked":["hermit:BodyArmor","hermit:Scavenge","hermit:FullyLoaded"],"picked":"hermit:TakeAim","floor":29.0},{"not_picked":["hermit:Snipe","hermit:Deadeye","hermit:LowProfile"],"picked":"hermit:Ricochet+1","floor":30.0},{"not_picked":["hermit:Spite","hermit:Cheat","hermit:Malice"],"picked":"hermit:Deadeye","floor":31.0},{"not_picked":["hermit:HighNoon","hermit:Gambit","hermit:Reprieve"],"picked":"hermit:RoundhouseKick","floor":33.0},{"not_picked":["hermit:Ricochet+1","hermit:LoneWolf+1","hermit:GhostlyPresence+1"],"picked":"hermit:Misfire+1","floor":35},{"not_picked":["hermit:LuckOfTheDraw","hermit:GoldenBullet","hermit:CursedWeapon+1"],"picked":"hermit:Glare+1","floor":36},{"not_picked":["hermit:TakeAim","hermit:Vantage+1","hermit:NoHoldsBarred+1"],"picked":"hermit:Malice+1","floor":37},{"not_picked":["hermit:ItchyTrigger+1","hermit:TrackingShot","hermit:Determination+1"],"picked":"hermit:Horror","floor":39},{"not_picked":["hermit:Deadeye","hermit:OverwhelmingPower","hermit:Roulette+1"],"picked":"hermit:Dive+1","floor":41},{"not_picked":["hermit:LuckOfTheDraw+1","hermit:Shortfuse","hermit:Coalescence+1"],"picked":"hermit:Headshot+1","floor":42}],"player_experience":206770,"relics_obtained":[{"floor":7.0,"key":"Divine Protection"},{"floor":9.0,"key":"Replay:Mystery Machine"},{"floor":23.0,"key":"Garlic"},{"floor":26.0,"key":"Girya"},{"floor":28.0,"key":"Pocketwatch"},{"floor":30.0,"key":"MealTicket"},{"floor":38,"key":"ReplayTheSpireMod:Ring of Addiction"},{"floor":38,"key":"Toy Ornithopter"},{"floor":38,"key":"White Beast Statue"},{"floor":38,"key":"Ring of Fangs"},{"floor":41,"key":"Lantern"}],"event_choices":[{"damage_healed":18.0,"max_hp_gain":0.0,"max_hp_loss":0.0,"gold_gain":0.0,"event_name":"The Cleric","player_choice":"Healed","floor":4.0,"gold_loss":35.0,"damage_taken":0.0},{"damage_healed":0.0,"max_hp_gain":0.0,"max_hp_loss":0.0,"gold_gain":0.0,"event_name":"Scrap Ooze","player_choice":"Success","floor":10.0,"gold_loss":0.0,"damage_taken":3.0,"relics_obtained":["ReplayTheSpireMod:TigerMarble"]},{"damage_healed":18.0,"max_hp_gain":0.0,"max_hp_loss":0.0,"gold_gain":0.0,"event_name":"Mushrooms","player_choice":"Healed and dodged fight","floor":13.0,"gold_loss":0.0,"damage_taken":0.0,"cards_obtained":["Parasite"]},{"damage_healed":0.0,"max_hp_gain":0.0,"max_hp_loss":0.0,"gold_gain":0.0,"event_name":"Vampires","player_choice":"Ignored","floor":21.0,"gold_loss":0.0,"damage_taken":0.0}],"is_beta":false,"boss_relics":[{"not_picked":["Runic Pyramid","Kintsugi"],"picked":"Honey Jar"},{"not_picked":["hermit:DentedPlate","Empty Cage"],"picked":"SacredBark"}],"items_purged_floors":[3,19,27],"is_endless":false,"potions_floor_spawned":[1,2,7,12,14,20,29,30,33,35,39,41,42],"killed_by":"Spire Growth","ascension_level":1}}