{"host":"y087t2reloz9bi43","time":1610412138,"event":{"mods":["2.2 Compatiblity","AchievementEnabler","Aspiration","BaseMod","Beaked The Cultist","Bestiary","Better Note","Better Vampires","BetterRewards","ChefMod","Colored Map","Colored Powertips","Conspire","Downfall","Ekko","Fireblade Mod","Friendly Minions","GifTheSpireLib","Halation","Hermit","Hubris","Infinite Spire","Jedi Mod","JesterMod","Jorbs\u0027s Wanderer Trilogy","Mad Scientist","Marisa????????","Mimic Mod","Minty Spire (QoL Compilation)","Permanent Neow","Rare Cards Sparkle","Relic Stats","Replay The Spire","Robot Space Explorer","Shade Mod","Shop Mod","StSLib","The Blackbeard","The Bug Knight","The Construct","The Cursed","The Hierophant","The Jungle","The Marked","The Mystic","The Necromancer","The Runesmith","The Servant 0.9.4","TheHeartMod","TheHero","TheVacant","Uncapped","everything is the same but u backflip on backflip","vexMod"],"gold_per_floor":[109,123,48,63,63,63,92,92,92,110,155,172,172,198,198,295,295,307,149,181,181,197,232,274,274,301,123,147,147,147,168,168,270,270,286,477,510,526,264,264,264,264,297,297,297,326,368,368,371,371,371,20,65,89],"floor_reached":56,"playtime":5603,"items_purged":["Amnesia","animeID:DefendMH","animeID:DefendMH","animeID:DefendMH","animeID:ToruHagakure"],"score":1311,"play_id":"c698d7c1-8bd6-4640-92a2-7410fcfded15","local_time":"20210112004218","is_ascension_mode":false,"campfire_choices":[{"data":"animeID:HowitzerImpact","floor":6,"key":"SMITH"},{"data":"animeID:DetroitDelaware","floor":8,"key":"SMITH"},{"data":"animeID:Mezo","floor":15,"key":"SMITH"},{"data":"animeID:Eri","floor":25,"key":"SMITH"},{"data":"animeID:Crystallize","floor":29,"key":"SMITH"},{"data":"animeID:FullCowl","floor":32,"key":"SMITH"},{"data":"animeID:PresentMic","floor":40,"key":"SMITH"},{"floor":44,"key":"RECALL"},{"data":"animeID:Chisaki","floor":49,"key":"SMITH"},{"data":"animeID:MirioTogata","floor":49,"key":"SMITH"},{"data":"animeID:MirioTogata","floor":52,"key":"SMITH"},{"data":"animeID:MirioTogata","floor":52,"key":"SMITH"}],"circlet_count":0,"master_deck":["animeID:Deku+1","animeID:Bakugo","animeID:Smash","animeID:Smash","animeID:Smash","animeID:Smash","animeID:DetroitSmash","animeID:HowitzerImpact+1","animeID:DetroitDelaware+1","animeID:Mezo+1","animeID:MirioTogata+1","animeID:Mezo","animeID:RecoveryGirl","animeID:MirioTogata+1","animeID:DelawareSmash","animeID:MirioTogata+1","animeID:ToruHagakure","animeID:Deku","animeID:Eri+1","animeID:FullCowl+1","animeID:Crystallize+1","animeID:DetroitSmash+1","animeID:Ojiro","animeID:PresentMic+1","animeID:ToruHagakure","animeID:DetroitSmash+1","animeID:DetroitSmash+1","animeID:Crystallize+1","conspire:Banana+1","animeID:DelawareSmash","infinitespire:Punishment","animeID:Chisaki+1","animeID:DelawareSmash","animeID:DelawareSmash"],"relics":["animeID:HeroCostume","Runic Dome","vexMod:ConsolationPrize","jedi:gremlinknob","aspiration:TomeofQuesting","conspire:RoyalGoblet","Blood Vial","Pantograph","aspiration:PoetsPen","jedi:Pinwheel","hubris:Teleporter","halation:PenCase","aspiration:SecretTechniqueScroll","Mercury Hourglass","Replay:Towering Pillar of Hats","Lee\u0027s Waffle","aspiration:ChemicalBlood"],"acts_visited":["Exordium","TheCity","TheBeyond","TheEnding"],"potions_floor_usage":[14,16,37,38,55,55],"damage_taken":[{"damage":0,"enemies":"2 Louse","floor":1,"turns":2},{"damage":1,"enemies":"Cultist","floor":2,"turns":3},{"damage":5,"enemies":"Small Slimes","floor":4,"turns":2},{"damage":35,"enemies":"HollowMod:MossKnight","floor":7,"turns":12},{"damage":3,"enemies":"conspire:2 RoseBushes","floor":10,"turns":3},{"damage":18,"enemies":"Replay:BlueRogue","floor":11,"turns":4},{"damage":0,"enemies":"Blue Slaver","floor":12,"turns":1},{"damage":0,"enemies":"Lagavulin","floor":14,"turns":2},{"damage":1,"enemies":"Slime Boss","floor":16,"turns":5},{"damage":1,"enemies":"Shell Parasite","floor":18,"turns":5},{"damage":16,"enemies":"3 Byrds","floor":20,"turns":5},{"damage":4,"enemies":"Centurion and Healer","floor":22,"turns":5},{"damage":3,"enemies":"HollowMod:Nosk","floor":23,"turns":9},{"damage":26,"enemies":"Snake Plant","floor":24,"turns":5},{"damage":14,"enemies":"conspire:HollyBat","floor":28,"turns":7},{"damage":5,"enemies":"Shelled Parasite and Fungi","floor":31,"turns":4},{"damage":6,"enemies":"Automaton","floor":33,"turns":9},{"damage":7,"enemies":"3 Shapes","floor":35,"turns":3},{"damage":1,"enemies":"conspire:MimicChest","floor":37,"turns":5},{"damage":4,"enemies":"3 Darklings","floor":38,"turns":5},{"damage":0,"enemies":"Spire Growth","floor":43,"turns":8},{"damage":0,"enemies":"HollowMod:StalkingDevout","floor":46,"turns":4},{"damage":12,"enemies":"Spire Growth","floor":47,"turns":5},{"damage":3,"enemies":"hubris:GrandSnecko","floor":50,"turns":5},{"damage":20,"enemies":"Shield and Spear","floor":54,"turns":4},{"damage":24,"enemies":"NeowBoss","floor":55,"turns":5}],"seed_played":"-3776609786040525083","potions_obtained":[{"floor":7,"key":"Elixir"},{"floor":11,"key":"Toxic Potion"},{"floor":12,"key":"Energy Potion"},{"floor":14,"key":"jedi:StrikingPotion"},{"floor":22,"key":"Dexterity Potion"},{"floor":24,"key":"FearPotion"},{"floor":33,"key":"SkillPotion"},{"floor":38,"key":"Fire Potion"}],"is_trial":false,"path_per_floor":["M","M","$","M","?","R","E","R","T","M","E","M","?","E","R","B",null,"M","$","M","?","M","E","M","R","T","$","M","R","T","M","R","B",null,"M","?","?","M","$","R","?","?","MIM","R","AVR","E","MIM","R","B",null,"R","$","E","B",null],"character_chosen":"THE_HERO","items_purchased":["animeID:MirioTogata","animeID:Crystallize","conspire:Banana","animeID:DelawareSmash","Lee\u0027s Waffle","animeID:DelawareSmash"],"campfire_rested":0,"item_purchase_floors":[19,27,39,39,53,53],"current_hp_per_floor":[75,74,74,70,70,70,45,45,45,44,28,30,55,55,55,62,75,75,75,67,67,71,75,59,59,59,59,73,73,73,72,72,75,75,73,43,58,68,68,68,68,68,81,81,81,85,89,89,97,97,97,104,100,110],"gold":89,"neow_bonus":"CURSED_BOSS_RELIC","is_daily":false,"chose_seed":false,"campfire_upgraded":11,"win_rate":0.0,"timestamp":1610412138,"path_taken":["M","M","$","M","?","R","E","R","T","?","E","?","?","E","R","BOSS","M","$","M","?","M","E","M","R","T","?","M","R","?","?","R","BOSS","M","?","?","M","$","R","?","?","MIM","R","AVR","E","?","R","BOSS","R","$","E","BOSS"],"items_purchased_type":["Card","Card","Card","Card","Relic","Card"],"build_version":"2020-12-22","purchased_purges":5,"victory":true,"max_hp_per_floor":[75,75,75,75,75,75,75,75,75,75,75,75,75,75,75,75,75,75,75,75,75,75,75,75,75,75,75,75,75,75,75,75,75,75,75,75,75,75,75,75,75,71,81,81,81,85,93,93,97,97,97,104,114,116],"relic_stats":{"Blood Vial":10,"Lee\u0027s Waffle":7,"counters":[26,127],"Pantograph":21,"obtain_stats":[{"Lee\u0027s Waffle":53,"hubris:Teleporter":43,"conspire:RoyalGoblet":17,"Replay:Towering Pillar of Hats":47,"vexMod:ConsolationPrize":7,"jedi:gremlinknob":9,"aspiration:TomeofQuesting":11,"aspiration:SecretTechniqueScroll":45,"jedi:Pinwheel":37,"Mercury Hourglass":46,"Blood Vial":23,"Runic Dome":0,"aspiration:PoetsPen":34,"Pantograph":30,"halation:PenCase":45,"animeID:HeroCostume":0,"aspiration:ChemicalBlood":54},{"Lee\u0027s Waffle":24,"hubris:Teleporter":21,"conspire:RoyalGoblet":9,"Replay:Towering Pillar of Hats":23,"vexMod:ConsolationPrize":4,"jedi:gremlinknob":4,"aspiration:TomeofQuesting":6,"aspiration:SecretTechniqueScroll":21,"jedi:Pinwheel":19,"Mercury Hourglass":22,"Blood Vial":13,"Runic Dome":0,"aspiration:PoetsPen":17,"Pantograph":15,"halation:PenCase":21,"animeID:HeroCostume":0,"aspiration:ChemicalBlood":25},{"Lee\u0027s Waffle":118,"hubris:Teleporter":104,"conspire:RoyalGoblet":34,"Replay:Towering Pillar of Hats":113,"vexMod:ConsolationPrize":19,"jedi:gremlinknob":19,"aspiration:TomeofQuesting":26,"aspiration:SecretTechniqueScroll":104,"jedi:Pinwheel":91,"Mercury Hourglass":108,"Blood Vial":58,"Runic Dome":0,"aspiration:PoetsPen":83,"Pantograph":70,"halation:PenCase":104,"animeID:HeroCostume":0,"aspiration:ChemicalBlood":122}],"Mercury Hourglass":[57]},"card_choices":[{"not_picked":["animeID:Dabi","animeID:GranTorino"],"picked":"animeID:DetroitSmash","floor":1},{"not_picked":["animeID:Tsuyu","animeID:Tamaki"],"picked":"animeID:ToruHagakure","floor":2},{"not_picked":["animeID:RecoveryGirl","animeID:Iida"],"picked":"animeID:HowitzerImpact","floor":4},{"not_picked":["animeID:TetsuTetsu","animeID:DetroitSmash"],"picked":"animeID:DetroitDelaware","floor":7},{"not_picked":["animeID:Bakugo","animeID:Tsuyu"],"picked":"animeID:Mezo","floor":10},{"not_picked":["animeID:Mina","animeID:Kirishima"],"picked":"animeID:MirioTogata","floor":11},{"not_picked":["animeID:Twice","animeID:ToruHagakure"],"picked":"animeID:Mezo","floor":12},{"not_picked":["animeID:Mineta","animeID:Muscular"],"picked":"animeID:RecoveryGirl","floor":14},{"not_picked":["animeID:PresentMic","animeID:Endeavor"],"picked":"animeID:MirioTogata","floor":16},{"not_picked":["animeID:Aoyama","animeID:Kaminari"],"picked":"animeID:DelawareSmash","floor":18},{"not_picked":["animeID:Uraraka","animeID:DetroitSmash"],"picked":"animeID:ToruHagakure","floor":20},{"not_picked":["animeID:DelawareSmash","animeID:Aoyama"],"picked":"animeID:Deku","floor":22},{"not_picked":["animeID:Momo","animeID:Kendo+1"],"picked":"animeID:Eri","floor":23},{"not_picked":["animeID:Tamaki","animeID:Mezo+1"],"picked":"animeID:FullCowl","floor":24},{"not_picked":["animeID:Twice","animeID:Tengai"],"picked":"animeID:DetroitSmash+1","floor":28},{"not_picked":["animeID:SkinnyGum","animeID:NightEye"],"picked":"animeID:Ojiro","floor":31},{"not_picked":["animeID:RedRiot","animeID:Hawks"],"picked":"animeID:PresentMic","floor":33},{"not_picked":["animeID:Tengai","animeID:Mina+1"],"picked":"animeID:ToruHagakure","floor":35},{"not_picked":["animeID:Tomura+1","animeID:Hatsume+1"],"picked":"animeID:DetroitSmash+1","floor":36},{"not_picked":["animeID:Mezo","animeID:Ojiro"],"picked":"animeID:DetroitSmash+1","floor":37},{"not_picked":["animeID:Tengai","animeID:Mineta"],"picked":"animeID:Crystallize+1","floor":38},{"not_picked":["animeID:Ojiro","animeID:Kirishima"],"picked":"animeID:Chisaki","floor":46},{"not_picked":["animeID:TodorokiShoto","animeID:Tsuyu"],"picked":"animeID:DelawareSmash","floor":54}],"player_experience":404225,"relics_obtained":[{"floor":7,"key":"vexMod:ConsolationPrize"},{"floor":9,"key":"jedi:gremlinknob"},{"floor":11,"key":"aspiration:TomeofQuesting"},{"floor":23,"key":"Blood Vial"},{"floor":30,"key":"Pantograph"},{"floor":37,"key":"jedi:Pinwheel"},{"floor":43,"key":"hubris:Teleporter"},{"floor":46,"key":"Mercury Hourglass"},{"floor":47,"key":"Replay:Towering Pillar of Hats"},{"floor":54,"key":"aspiration:ChemicalBlood"}],"event_choices":[{"damage_healed":0,"gold_gain":0,"player_choice":"Forge","damage_taken":0,"max_hp_gain":0,"max_hp_loss":0,"event_name":"Accursed Blacksmith","floor":5,"gold_loss":0,"cards_upgraded":["animeID:Deku"]},{"damage_healed":25,"gold_gain":0,"player_choice":"Banana","damage_taken":0,"max_hp_gain":0,"max_hp_loss":0,"event_name":"Big Fish","floor":13,"gold_loss":0},{"cards_removed":["animeID:DefendMH"],"damage_healed":0,"gold_gain":0,"player_choice":"Offered Basic","damage_taken":0,"max_hp_gain":0,"max_hp_loss":0,"event_name":"Bonfire Elementals","floor":21,"gold_loss":0},{"damage_healed":0,"gold_gain":0,"player_choice":"Max HP","damage_taken":0,"max_hp_gain":0,"max_hp_loss":4,"event_name":"Winding Halls","floor":42,"gold_loss":0}],"is_beta":false,"boss_relics":[{"not_picked":["hubris:ScarierMask","conspire:RunicOctahedron"],"picked":"conspire:RoyalGoblet"},{"not_picked":["halation:Prosthetics","ChewingGum"],"picked":"aspiration:PoetsPen"}],"items_purged_floors":[3,27,39,45,53],"is_endless":false,"potions_floor_spawned":[7,11,12,14,22,24,33,38],"ascension_level":0}}