{"host":"ekha54jsiuuqgn65","time":1610469603,"event":{"mods":["BaseMod","Colored Map","Conspire","Lobotomy","LobotomyExtend","Minty Spire (QoL Compilation)","Quick Restart","Replay The Spire","StSLib","SuperFastMode","The Marked","[IsaacMod]ÒÔÈö¼âËþ","vexMod","¡¾ÒÅÎï¿¨ÅÆ¡¿REMEMod"],"gold_per_floor":[113,128,145,177,197,227,127,127,152,152,170,22,42,66,66,161,161,180,155,185,186,186],"floor_reached":21,"playtime":907,"items_purged":[],"score":231,"play_id":"fe64bdad-1b66-4ad6-94db-cba7415acffb","local_time":"20210113004003","is_ascension_mode":false,"campfire_choices":[{"floor":8,"key":"RECALL"},{"data":"REME_ACTH","floor":15,"key":"SMITH"}],"circlet_count":0,"master_deck":["Strike_R","Strike_R","Strike_R","Strike_R","Strike_R","Defend_R","Defend_R","Defend_R","Defend_R","Bash","BloodyBrimstone","REME_ACTH+1","Pommel Strike","OSAHOGD","MeatLantern","Reaper","Immolate","Wellcheers","BeautyBeast","Perfected Strike","OldLady","Perfected Strike","Woodsman","conspire:SpireCoStock","conspire:SpireCoStock","Perfected Strike","HeroicMonk","Offering","Scarecrow","Hemokinesis","REME_TheLastStrike","PunishingBird","Headbutt+1","Feel No Pain+1","BigBird"],"relics":["Burning Blood","HushsDoor","REME_ComplimentaryCards","CogitoBucket","MoneyPower","LetterFromLob","ReplayTheSpireMod:Spearhead","HornCleat","Replay:Baseball","ResearcherNote","Lantern","Honey Jar","Damocles","Garlic","Red Mask","Replay:Kaleidoscope"],"acts_visited":["Exordium","TheCity"],"potions_floor_usage":[6,6,6],"damage_taken":[{"damage":11,"enemies":"Jaw Worm","floor":1,"turns":2},{"damage":6,"enemies":"2 Louse","floor":2,"turns":2},{"damage":3,"enemies":"Small Slimes","floor":3,"turns":2},{"damage":9,"enemies":"conspire:MimicChest","floor":4,"turns":3},{"damage":1,"enemies":"Exordium Thugs","floor":5,"turns":3},{"damage":0,"enemies":"Gremlin Nob","floor":6,"turns":2},{"damage":10,"enemies":"Looter","floor":11,"turns":3},{"damage":5,"enemies":"Blue Slaver","floor":13,"turns":1},{"damage":12,"enemies":"Exordium Wildlife","floor":14,"turns":2},{"damage":41,"enemies":"The Guardian","floor":16,"turns":7},{"damage":24,"enemies":"2 Thieves","floor":18,"turns":4},{"damage":0,"enemies":"Masked Bandits","floor":20,"turns":1},{"damage":22,"enemies":"3 Byrds","floor":21,"turns":2}],"seed_played":"173099349234783973","potions_obtained":[{"floor":1,"key":"Reflective Coating"},{"floor":3,"key":"DistilledChaos"},{"floor":4,"key":"PowerPotion"}],"is_trial":false,"path_per_floor":["M","M","M","?","M","E","?","R","T","E","M","$","M","M","R","B",null,"M","?","?","M"],"character_chosen":"IRONCLAD","items_purchased":["Lantern","Damocles"],"campfire_rested":0,"item_purchase_floors":[12,17],"current_hp_per_floor":[75,74,71,68,68,68,68,68,68,68,65,65,65,65,65,36,52,46,46,30,0,0],"gold":186,"neow_bonus":"","is_daily":false,"chose_seed":false,"campfire_upgraded":1,"win_rate":0.0,"timestamp":1610469603,"path_taken":["M","M","M","?","M","E","?","R","T","E","M","$","M","?","R","BOSS","M","?","?","M"],"items_purchased_type":["Card","Relic"],"build_version":"2020-12-22","purchased_purges":0,"victory":false,"max_hp_per_floor":[77,74,71,68,68,68,68,68,68,68,65,65,65,65,65,62,52,52,52,52,52,52],"card_choices":[{"not_picked":[],"picked":"BloodyBrimstone","floor":0},{"not_picked":["Heavy Blade","Shrug It Off"],"picked":"Pommel Strike","floor":1},{"not_picked":["HappyTeddy","BeautyBeast"],"picked":"OSAHOGD","floor":1},{"not_picked":["ShyLook","Scorched"],"picked":"MeatLantern","floor":2},{"not_picked":["ReplayTheSpireMod:Strike From Hell","Cleave"],"picked":"Reaper","floor":2},{"not_picked":["Clothesline","Flex"],"picked":"Immolate","floor":3},{"not_picked":["BeautyBeast","Porccubus"],"picked":"Wellcheers","floor":3},{"not_picked":["Murderer","VoidDream"],"picked":"BeautyBeast","floor":4},{"not_picked":["Armaments","Headbutt"],"picked":"Perfected Strike","floor":4},{"not_picked":["UniverseFragment","SpiderBud"],"picked":"OldLady","floor":5},{"not_picked":["Pommel Strike","Sword Boomerang","Dark Embrace"],"picked":"SKIP","floor":5},{"not_picked":["Pommel Strike","Sword Boomerang","Dark Embrace"],"picked":"SKIP","floor":5},{"not_picked":["Anger","Headbutt"],"picked":"Perfected Strike","floor":6},{"not_picked":["SpiderBud","ShyLook"],"picked":"Woodsman","floor":6},{"not_picked":["Headbutt","Seeing Red"],"picked":"Perfected Strike","floor":11},{"not_picked":["CrumblingArmor","Bloodbath","Variant"],"picked":"Singing Bowl","floor":11},{"not_picked":["LaLuna","ShyLook"],"picked":"HeroicMonk","floor":11},{"not_picked":["Armaments","Clothesline"],"picked":"Offering","floor":13},{"not_picked":["BigBadWolf","Yin"],"picked":"Scarecrow","floor":13},{"not_picked":["ReplayTheSpireMod:LeadingStrike","Thunderclap"],"picked":"Hemokinesis","floor":14},{"not_picked":["Rudolta","GalaxyChild"],"picked":"Yin","floor":14},{"not_picked":["REME_Fury","conspire:HitWhereItHurts"],"picked":"REME_TheLastStrike","floor":16},{"not_picked":["Scorched","MHz"],"picked":"PunishingBird","floor":18},{"not_picked":["Run Through+1","Replay:Undeath\u0027s Touch","ReplayTheSpireMod:Strike From Hell"],"picked":"Headbutt+1","floor":18},{"not_picked":["Run Through+1","Pommel Strike","Abandon"],"picked":"Feel No Pain+1","floor":20},{"not_picked":["NakedNest","QueenBee"],"picked":"BigBird","floor":20}],"player_experience":13393,"relics_obtained":[{"floor":1,"key":"LetterFromLob"},{"floor":4,"key":"ReplayTheSpireMod:Spearhead"},{"floor":6,"key":"HornCleat"},{"floor":9,"key":"Replay:Baseball"},{"floor":18,"key":"Garlic"},{"floor":20,"key":"Red Mask"},{"floor":20,"key":"Replay:Kaleidoscope"}],"event_choices":[{"damage_healed":0,"gold_gain":0,"player_choice":"Invest 2","damage_taken":0,"max_hp_gain":0,"max_hp_loss":0,"event_name":"conspire:Investor","floor":7,"gold_loss":0},{"damage_healed":0,"gold_gain":0,"player_choice":"Fought Bandits","damage_taken":0,"max_hp_gain":0,"max_hp_loss":0,"event_name":"Masked Bandits","floor":20,"gold_loss":0}],"is_beta":false,"boss_relics":[{"not_picked":["Ooze Armor","Ectoplasm"],"picked":"Honey Jar"},{"not_picked":[]}],"items_purged_floors":[],"is_endless":false,"potions_floor_spawned":[1,3,4,5],"killed_by":"3 Byrds","ascension_level":0}}