{"host":"odz7g4gpgch153rb","time":1610478247,"event":{"mods":["AchievementEnabler","BaseMod","Better Match","Better Third Choice","BetterRewards","GifTheSpireLib","Infinite Spire","Jedi Mod","Minty Spire (QoL Compilation)","Quick Restart","Replay The Spire","Spikes Relics","StSLib","Stuff the Spire","The Blue Laboratory","Trackpad"],"gold_per_floor":[114,114,132,132,57,92,17,17,67,67,105,105,130,130,130],"floor_reached":14,"playtime":577,"items_purged":["Strike_G"],"score":236,"play_id":"ce9627dc-e387-45dc-b2a1-94f37cd3e56a","local_time":"20210112140407","is_ascension_mode":true,"campfire_choices":[{"data":"Tools of the Trade","floor":8,"key":"SMITH"},{"data":"Blade Dance","floor":10,"key":"SMITH"}],"circlet_count":0,"master_deck":["AscendersBane","Strike_G","Strike_G","Strike_G","Defend_G","Defend_G","Defend_G","Defend_G","Defend_G","Survivor","Neutralize+1","Blade Dance+1","Tools of the Trade+1"],"relics":["Ring of the Snake","NeowsBlessing","Golden Idol","Garlic","Ancient Tea Set","jedi:cryingmask"],"acts_visited":["Exordium"],"potions_floor_usage":[],"damage_taken":[{"damage":0,"enemies":"2 Louse","floor":1,"turns":1},{"damage":0,"enemies":"Cultist","floor":3,"turns":1},{"damage":0,"enemies":"Lagavulin","floor":6,"turns":1},{"damage":17,"enemies":"3 Sentries","floor":11,"turns":12},{"damage":0,"enemies":"Small Slimes","floor":13,"turns":4},{"damage":31,"enemies":"Gremlin Nob","floor":14,"turns":3}],"seed_played":"-7667255897808865416","potions_obtained":[],"is_trial":false,"path_per_floor":["M","?","M","?","?","E","$","R","T","R","E","?","M","E"],"character_chosen":"THE_SILENT","items_purchased":[],"campfire_rested":0,"item_purchase_floors":[],"current_hp_per_floor":[59,59,59,36,36,36,36,36,36,36,19,29,29,0,0],"gold":130,"neow_bonus":"THREE_ENEMY_KILL","is_daily":false,"chose_seed":false,"campfire_upgraded":2,"win_rate":0.0,"timestamp":1610478247,"path_taken":["M","?","?","?","?","E","$","R","T","R","E","?","?","E"],"items_purchased_type":[],"build_version":"2020-12-22","purchased_purges":1,"victory":false,"max_hp_per_floor":[66,66,66,66,66,66,66,66,66,66,66,66,66,66,66],"card_choices":[{"not_picked":["StuffTheSpire:Injection","Fluid Movement","Concentrate"],"picked":"SKIP","floor":1},{"not_picked":["Dodge and Roll","Deflect"],"picked":"Blade Dance","floor":3},{"not_picked":["StuffTheSpire:Sprint","Choke"],"picked":"Tools of the Trade","floor":6},{"not_picked":["Well Laid Plans","jedi:collectorvenom","Dagger Spray"],"picked":"SKIP","floor":11},{"not_picked":["Outmaneuver","Deadly Poison","Sucker Punch"],"picked":"SKIP","floor":13}],"player_experience":1044338,"relics_obtained":[{"floor":6,"key":"Garlic"},{"floor":9,"key":"Ancient Tea Set"},{"floor":11,"key":"jedi:cryingmask"}],"event_choices":[{"damage_healed":0,"gold_gain":0,"player_choice":"Upgraded","damage_taken":0,"max_hp_gain":0,"max_hp_loss":0,"event_name":"Upgrade Shrine","floor":2,"gold_loss":0,"cards_upgraded":["Neutralize"]},{"damage_healed":0,"gold_gain":0,"player_choice":"Take Damage","damage_taken":23,"relics_obtained":["Golden Idol"],"max_hp_gain":0,"max_hp_loss":0,"event_name":"Golden Idol","floor":4,"gold_loss":0},{"cards_removed":["Strike_G"],"damage_healed":0,"gold_gain":0,"player_choice":"Card Removal","damage_taken":0,"max_hp_gain":0,"max_hp_loss":0,"event_name":"The Cleric","floor":5,"gold_loss":75}],"is_beta":false,"boss_relics":[],"items_purged_floors":[7],"is_endless":false,"potions_floor_spawned":[3,6],"killed_by":"Gremlin Nob","ascension_level":19}}