{"host":"sc0o2qwpf9j16a4i","time":1610459895,"event":{"mods":["AchievementEnabler","BaseMod","BetterRewards","Block Reminder","Colored Map","Colored Powertips","Custom Start","Highlight Path","Minty Spire (QoL Compilation)","Relic Stats"],"gold_per_floor":[111,124,124,142,160,192,203,203,280,305,305,305,305,330,330,407,407,419,21,21,38,38,67,67,67,67],"floor_reached":25,"playtime":764,"items_purged":[],"score":578,"play_id":"c56590fc-70cf-4cd7-920b-430b8d0a5364","local_time":"20210112155815","is_ascension_mode":true,"campfire_choices":[{"floor":8.0,"key":"REST"},{"floor":11.0,"key":"REST"},{"floor":15.0,"key":"REST"},{"floor":24.0,"key":"REST"}],"circlet_count":0,"master_deck":["AscendersBane","Strike_P+1","Strike_P+1","Strike_P+1","Defend_P+1","Defend_P+1","Defend_P+1","Defend_P+1","Eruption","Vigilance","TalkToTheHand","Wallop","TalkToTheHand+1","ReachHeaven","Devotion","BowlingBash","Study","Crescendo","Brilliance","Protect","MentalFortress","ClearTheMind","Decay","LessonLearned"],"relics":["Fusion Hammer","Pen Nib","Kunai","Ginger","Bronze Scales","VioletLotus","Mummified Hand","Yang"],"acts_visited":["Exordium","TheCity"],"potions_floor_usage":[],"damage_taken":[{"damage":0.0,"enemies":"Jaw Worm","floor":1.0,"turns":5.0},{"damage":0.0,"enemies":"2 Louse","floor":2.0,"turns":2.0},{"damage":0.0,"enemies":"Small Slimes","floor":4.0,"turns":4.0},{"damage":3.0,"enemies":"Exordium Wildlife","floor":5.0,"turns":4.0},{"damage":13.0,"enemies":"Lagavulin","floor":6.0,"turns":8.0},{"damage":0.0,"enemies":"3 Louse","floor":7.0,"turns":3.0},{"damage":24.0,"enemies":"Gremlin Nob","floor":10.0,"turns":4.0},{"damage":18.0,"enemies":"3 Sentries","floor":14.0,"turns":8.0},{"damage":0.0,"enemies":"Slime Boss","floor":16.0,"turns":4.0},{"damage":27.0,"enemies":"Spheric Guardian","floor":18.0,"turns":4.0},{"damage":13.0,"enemies":"2 Thieves","floor":21.0,"turns":4.0},{"damage":13.0,"enemies":"Gremlin Leader","floor":23.0,"turns":5.0},{"damage":28,"enemies":"Slavers","floor":25,"turns":2}],"seed_played":"3396484635071937730","potions_obtained":[{"floor":1.0,"key":"DistilledChaos"},{"floor":2.0,"key":"Fire Potion"},{"floor":14.0,"key":"Ancient Potion"},{"floor":18.0,"key":"EssenceOfSteel"}],"is_trial":false,"path_per_floor":["M","M","?","M","M","E","M","R","T","E","R","?","?","E","R","B",null,"M","$","?","M","?","E","R","E"],"character_chosen":"WATCHER","items_purchased":["Mummified Hand","MentalFortress","ClearTheMind"],"campfire_rested":4,"item_purchase_floors":[19,19,19],"current_hp_per_floor":[61,61,54,54,51,38,38,58,58,34,54,34,34,16,36,36,60,33,33,33,20,20,7,27,0,0],"gold":67,"neow_bonus":"BOSS_RELIC","is_daily":false,"chose_seed":false,"campfire_upgraded":0,"win_rate":0.0,"timestamp":1610459895,"path_taken":["M","M","?","M","M","E","M","R","T","E","R","?","?","E","R","BOSS","M","$","?","M","?","E","R","E"],"items_purchased_type":["Relic","Card","Card"],"build_version":"2020-12-22","purchased_purges":0,"victory":false,"max_hp_per_floor":[68,68,68,68,68,68,68,68,68,68,68,68,68,68,68,68,68,68,68,68,68,68,68,68,68,68],"relic_stats":{"counters":[13,57],"Mummified Hand":[9],"Bronze Scales":[42],"Yang":[2],"Pen Nib":[6],"VioletLotus":[3],"Kunai":[8],"Ginger":[0],"obtain_stats":[{"Mummified Hand":19,"Bronze Scales":14,"Yang":23,"Fusion Hammer":0,"Pen Nib":6,"VioletLotus":17,"Kunai":9,"Ginger":10,"PureWater":0},{"Mummified Hand":10,"Bronze Scales":8,"Yang":12,"Fusion Hammer":0,"Pen Nib":5,"VioletLotus":9,"Kunai":6,"Ginger":7,"PureWater":0},{"Mummified Hand":46,"Bronze Scales":38,"Yang":55,"Fusion Hammer":0,"Pen Nib":23,"VioletLotus":42,"Kunai":26,"Ginger":30,"PureWater":0}]},"card_choices":[{"not_picked":["Pray","Prostrate"],"picked":"TalkToTheHand","floor":1.0},{"not_picked":["FollowUp","Crescendo"],"picked":"Wallop","floor":2.0},{"not_picked":["Prostrate","SandsOfTime"],"picked":"TalkToTheHand","floor":4.0},{"not_picked":["PathToVictory","JustLucky"],"picked":"ReachHeaven","floor":5.0},{"not_picked":["ConjureBlade","SashWhip"],"picked":"Devotion","floor":6.0},{"not_picked":["Vengeance","Adaptation"],"picked":"BowlingBash","floor":7.0},{"not_picked":["Pray","ReachHeaven"],"picked":"Study","floor":10.0},{"not_picked":["Judgement","JustLucky"],"picked":"Crescendo","floor":14.0},{"not_picked":["DeusExMachina","Blasphemy"],"picked":"Brilliance","floor":16.0},{"not_picked":["PathToVictory","Halt"],"picked":"Protect","floor":18.0},{"not_picked":["Weave","WreathOfFlame","PathToVictory"],"picked":"SKIP","floor":21.0},{"not_picked":["EmptyFist","Tantrum"],"picked":"LessonLearned","floor":23.0}],"player_experience":598472,"relics_obtained":[{"floor":6.0,"key":"Pen Nib"},{"floor":9.0,"key":"Kunai"},{"floor":10.0,"key":"Ginger"},{"floor":14.0,"key":"Bronze Scales"},{"floor":23.0,"key":"Yang"}],"event_choices":[{"cards_removed":["Strike_P"],"damage_healed":0.0,"max_hp_gain":0.0,"max_hp_loss":0.0,"gold_gain":0.0,"event_name":"Golden Wing","player_choice":"Card Removal","floor":3.0,"gold_loss":0.0,"damage_taken":7.0},{"damage_healed":0.0,"max_hp_gain":0.0,"max_hp_loss":0.0,"gold_gain":0.0,"event_name":"Shining Light","player_choice":"Entered Light","floor":12.0,"gold_loss":0.0,"damage_taken":20.0,"cards_upgraded":["Strike_P","TalkToTheHand"]},{"damage_healed":0.0,"max_hp_gain":0.0,"max_hp_loss":0.0,"gold_gain":0.0,"event_name":"Dead Adventurer","player_choice":"Searched \u00271\u0027 times","floor":13.0,"gold_loss":0.0,"damage_taken":0.0},{"damage_healed":0.0,"max_hp_gain":0.0,"max_hp_loss":0.0,"gold_gain":0.0,"event_name":"Back to Basics","player_choice":"Simplicity","floor":20.0,"gold_loss":0.0,"damage_taken":0.0,"cards_upgraded":["Strike_P","Strike_P","Defend_P","Defend_P","Defend_P","Defend_P"]},{"damage_healed":0.0,"max_hp_gain":0.0,"max_hp_loss":0.0,"gold_gain":0.0,"event_name":"Forgotten Altar","player_choice":"Smashed Altar","floor":22.0,"gold_loss":0.0,"damage_taken":0.0,"cards_obtained":["Decay"]}],"is_beta":false,"boss_relics":[{"not_picked":["Cursed Key","Pandora\u0027s Box"],"picked":"VioletLotus"}],"items_purged_floors":[],"is_endless":false,"potions_floor_spawned":[1,2,14,18],"killed_by":"Slavers","ascension_level":20}}