{"host":"tom9euzqew4po1rs","time":1610467797,"event":{"mods":["BaseMod","Minty Spire (QoL Compilation)","Quick Restart","Rare Cards Sparkle","Replay The Spire","StSLib","The Animator","The Cursed"],"gold_per_floor":[121,147,147,167,178,178,178,195,195,224,224,253,253,278,278,389,389,408,408,101,114,114,114,124,42,42,42,55,55,55,69,69,164,164,196,212,312,331,343,343,29,48,48,10,10,10,20,20,20,20,20,20,377,427,482,563,563,79,166,166,166],"floor_reached":60,"playtime":6560,"items_purged":[],"score":760,"play_id":"2ccd03f8-c92c-478c-97d7-e78ec0570518","local_time":"20210112110957","is_ascension_mode":false,"campfire_choices":[{"data":"animator:Geryuganshoop","floor":6,"key":"SMITH"},{"floor":11,"key":"RECALL"},{"floor":13,"key":"REST"},{"data":"animator:Pride","floor":15,"key":"SMITH"},{"data":"animator:Eris","floor":23,"key":"SMITH"},{"data":"animator:Darkness","floor":27,"key":"SMITH"},{"data":"animator:Zero","floor":29,"key":"SMITH"},{"floor":40,"key":"REST"},{"floor":46,"key":"REST"},{"floor":49,"key":"REST"},{"data":"animator:Geryuganshoop","floor":52,"key":"SMITH"}],"circlet_count":0,"master_deck":["animator:Aqua+1","animator:Geryuganshoop+1","animator:MetalKnight+1","animator:MetalKnight","animator:Kuribayashi","animator:YunYun","animator:Pride","animator:Yoichi","animator:MetalKnight+1","animator:ElricAlphonse","animator:Envy+1","animator:Shichika+1","animator:Shichika+1","animator:RoyMustang","animator:Zero+1","animator:Darkness+1","Replay:Hysterical Blindness","animator:Kuribayashi+1","animator:Canti","animator:WinryRockbell","animator:ZankiKiguchi","animator:PinaCoLada","animator:Scar","animator:Millim+2","animator:Sloth","animator:Sonic","animator:MumenRider","animator:Gluttony","animator:Geryuganshoop+1","animator:Azekura","animator:Shigure","animator:Kaijin","animator:ElricEdward","animator:Verdia","animator:Mitsurugi","animator:Nanami+1","animator:Emilia","animator:Mitsuba+1"],"relics":["animator:TheEgnaroPiece","animator:LivingPicture","animator:TheMissingPiece","animator:AncientMedallion"],"acts_visited":["Exordium","TheCity","TheBeyond","TheEnding","EYB:TheUnnamedReign"],"potions_floor_usage":[2,5,10,10,10,12,16,18,28,33,35,39,42,47,55,60],"damage_taken":[{"damage":1,"enemies":"Jaw Worm","floor":1,"turns":8},{"damage":2,"enemies":"Cultist","floor":2,"turns":6},{"damage":0,"enemies":"Small Slimes","floor":4,"turns":6},{"damage":18,"enemies":"Exordium Thugs","floor":5,"turns":6},{"damage":13,"enemies":"Large Slime","floor":8,"turns":9},{"damage":4,"enemies":"Lagavulin","floor":10,"turns":7},{"damage":4,"enemies":"Looter","floor":12,"turns":3},{"damage":16,"enemies":"Gremlin Nob","floor":14,"turns":5},{"damage":0,"enemies":"Fading Forest","floor":16,"turns":11},{"damage":0,"enemies":"Chosen","floor":18,"turns":7},{"damage":0,"enemies":"Spheric Guardian","floor":21,"turns":3},{"damage":10,"enemies":"Centurion and Healer","floor":24,"turns":6},{"damage":9,"enemies":"Snake Plant","floor":28,"turns":5},{"damage":0,"enemies":"Sentry and Sphere","floor":31,"turns":4},{"damage":33,"enemies":"Automaton","floor":33,"turns":10},{"damage":16,"enemies":"3 Shapes","floor":35,"turns":3},{"damage":0,"enemies":"Orb Walker","floor":36,"turns":4},{"damage":54,"enemies":"Spire Growth","floor":38,"turns":5},{"damage":18,"enemies":"Sphere and 2 Shapes","floor":39,"turns":4},{"damage":13,"enemies":"3 Darklings","floor":42,"turns":4},{"damage":24,"enemies":"4 Shapes","floor":47,"turns":3},{"damage":67,"enemies":"Awakened One","floor":50,"turns":11},{"damage":0,"enemies":"animator:UNNAMED_HAT","floor":54,"turns":14},{"damage":39,"enemies":"animator:TRIPLE_SHAPES_WEAK","floor":55,"turns":10},{"damage":53,"enemies":"animator:LARGE_CRYSTAL","floor":59,"turns":7},{"damage":53,"enemies":"animator:UNNAMED_CULTIST_2","floor":60,"turns":8}],"seed_played":"-2841536397111261039","potions_obtained":[{"floor":1,"key":"SkillPotion"},{"floor":4,"key":"BlessingOfTheForge"},{"floor":8,"key":"EntropicBrew"},{"floor":10,"key":"Weak Potion"},{"floor":16,"key":"PowerPotion"},{"floor":24,"key":"animator:FalseLifePotion"},{"floor":31,"key":"DistilledChaos"},{"floor":33,"key":"Strength Potion"},{"floor":38,"key":"Energy Potion"},{"floor":39,"key":"Reflective Coating"},{"floor":42,"key":"Strength Potion"},{"floor":54,"key":"animator:FalseLifePotion"},{"floor":59,"key":"animator:FalseLifePotion"}],"is_trial":false,"path_per_floor":["M","M","?","M","M","R","?","M","T","E","R","M","R","E","R","B",null,"M","?","$","M","?","R","M","$","T","R","M","R","T","M","R","B",null,"M","M","?","M","M","R","$","M","T","$","$","R","M","?","R","B",null,"R","??","M","M","T","?","$","M","M"],"character_chosen":"THE_ANIMATOR","items_purchased":["Art of War","animator:RoyMustang","animator:Zero","animator:Canti","Bird Faced Urn","animator:Kaijin","animator:AncientMedallion","animator:AncientMedallion"],"campfire_rested":4,"item_purchase_floors":[20,20,20,25,41,44,58,58],"current_hp_per_floor":[72,72,72,73,58,58,58,49,49,48,48,47,69,56,56,69,74,74,74,74,74,74,74,73,73,73,73,72,72,72,74,74,41,74,70,74,74,24,15,37,37,36,36,36,36,58,47,47,69,19,75,75,86,87,58,58,58,58,27,0,0],"gold":166,"neow_bonus":"TEN_PERCENT_HP_BONUS","is_daily":false,"chose_seed":false,"campfire_upgraded":6,"win_rate":0.0,"timestamp":1610467797,"path_taken":["M","M","?","M","?","R","?","M","T","E","R","M","R","E","R","BOSS","M","?","$","M","?","R","M","$","T","R","M","R","?","M","R","BOSS","M","M","?","?","M","R","$","M","T","?","$","R","M","?","R","BOSS","R","??","M","M","T","?","$","M","M"],"items_purchased_type":["Relic","Card","Card","Card","Relic","Card","Relic","Relic"],"build_version":"2020-12-22","purchased_purges":0,"victory":false,"max_hp_per_floor":[72,72,72,73,73,73,73,74,74,74,74,74,74,74,74,74,74,74,74,74,74,74,74,74,74,74,74,74,74,74,74,74,74,74,74,74,74,74,74,74,74,75,75,75,75,75,75,75,75,75,75,75,86,87,87,87,87,87,87,87,87],"card_choices":[{"not_picked":["animator:YaoHaDucy","animator:Vesta"],"picked":"animator:Darkness","floor":1},{"not_picked":["animator:GazelDwargon","animator:Genos"],"picked":"animator:Geryuganshoop","floor":2},{"not_picked":["animator:MumenRider","animator:Yoichi"],"picked":"animator:MetalKnight","floor":4},{"not_picked":["animator:Tatsumaki","animator:Sonic"],"picked":"animator:MetalKnight","floor":5},{"not_picked":["animator:Gluttony","animator:Aqua"],"picked":"animator:YunYun","floor":8},{"not_picked":["animator:LeleiLaLalena","animator:KrulTepes"],"picked":"animator:Pride","floor":10},{"not_picked":["animator:Millim","animator:Sonic"],"picked":"animator:Yoichi","floor":12},{"not_picked":["animator:Tatsumaki","animator:Genos"],"picked":"animator:MetalKnight","floor":14},{"not_picked":["animator:Hans","animator:Envy"],"picked":"animator:Eris","floor":16},{"not_picked":["animator:Souei","animator:YaoHaDucy"],"picked":"animator:Shichika+1","floor":18},{"not_picked":["animator:Vanir+1","animator:Shion+1"],"picked":"animator:Darkness+1","floor":21},{"not_picked":["animator:Vanir","animator:Hakurou"],"picked":"animator:Kuribayashi+1","floor":24},{"not_picked":["animator:ElricAlphonse","animator:Sloth"],"picked":"animator:WinryRockbell","floor":28},{"not_picked":["animator:YunYun","animator:Shinoa"],"picked":"animator:ZankiKiguchi","floor":31},{"not_picked":["animator:Wiz","animator:Rimuru"],"picked":"animator:PinaCoLada","floor":33},{"not_picked":["animator:CrowleyEusford+1","animator:Hakurou+1"],"picked":"animator:MumenRider+1","floor":35},{"not_picked":["animator:YunYun+1","animator:TsurugaMeisai"],"picked":"animator:Gluttony+1","floor":36},{"not_picked":["animator:MumenRider","animator:Melzalgald"],"picked":"animator:Geryuganshoop","floor":38},{"not_picked":["animator:Envy","animator:Shuna+1"],"picked":"animator:Azekura","floor":39},{"not_picked":["animator:Shinoa+1","animator:MaesHughes"],"picked":"animator:Shigure","floor":42},{"not_picked":["animator:Melzalgald","animator:SilverFang+1"],"picked":"animator:ElricEdward","floor":47},{"not_picked":["animator:Verdia","animator:Megumin"],"picked":"animator:Mitsurugi","floor":54},{"not_picked":["animator:LeleiLaLalena","animator:Verdia+1"],"picked":"animator:Nanami+1","floor":55},{"not_picked":["animator:Kira","animator:Urushihara"],"picked":"animator:Emilia","floor":57},{"not_picked":["animator:YunYun","animator:Nanami"],"picked":"animator:Mitsuba+1","floor":59}],"player_experience":104245,"relics_obtained":[{"floor":10,"key":"Replay:Rubber Ducky"},{"floor":14,"key":"Matryoshka"},{"floor":26,"key":"Pet Ghost"},{"floor":26,"key":"Replay:Bottled Flurry"},{"floor":30,"key":"animator:ShionDessert"},{"floor":30,"key":"ReplayTheSpireMod:Ninjato"},{"floor":43,"key":"Gremlin Horn"},{"floor":53,"key":"animator:TheEgnaroPiece"},{"floor":56,"key":"animator:AncientMedallion"}],"event_choices":[{"damage_healed":0,"gold_gain":0,"player_choice":"Upgraded","damage_taken":0,"max_hp_gain":0,"max_hp_loss":0,"event_name":"Upgrade Shrine","floor":3,"gold_loss":0,"cards_upgraded":["animator:Aqua"]},{"damage_healed":0,"gold_gain":0,"cards_transformed":["animator:Strike"],"player_choice":"Transformed","damage_taken":0,"max_hp_gain":0,"max_hp_loss":0,"event_name":"Transmorgrifier","floor":7,"gold_loss":0,"cards_obtained":["animator:Kuribayashi"]},{"damage_healed":0,"gold_gain":0,"player_choice":"Simplicity","damage_taken":0,"max_hp_gain":0,"max_hp_loss":0,"event_name":"Back to Basics","floor":19,"gold_loss":0,"cards_upgraded":["animator:Strike_Konosuba","animator:Defend_Konosuba","animator:Defend","animator:Defend"]},{"damage_healed":0,"gold_gain":100,"player_choice":"Pray","damage_taken":0,"max_hp_gain":0,"max_hp_loss":0,"event_name":"Golden Shrine","floor":37,"gold_loss":0},{"cards_removed":["animator:Darkness"],"damage_healed":0,"gold_gain":0,"player_choice":"Gave Card","damage_taken":0,"relics_obtained":["Replay:PocketPolymizer"],"max_hp_gain":0,"max_hp_loss":0,"event_name":"WeMeetAgain","floor":48,"gold_loss":0},{"damage_healed":0,"gold_gain":0,"player_choice":"Memory 1","damage_taken":0,"max_hp_gain":0,"max_hp_loss":0,"event_name":"SensoryStone","floor":57,"gold_loss":0}],"is_beta":false,"boss_relics":[{"not_picked":["Coffee Dripper","Runic Dome"],"picked":"Astrolabe"},{"not_picked":["Fusion Hammer","Busted Crown"],"picked":"Pandora\u0027s Box"}],"items_purged_floors":[],"is_endless":false,"potions_floor_spawned":[1,4,8,10,16,24,31,33,38,39,42,54,59],"killed_by":"animator:UNNAMED_CULTIST_2","ascension_level":0}}