{"host":"2hea6pl5vmah38iy","time":1610483913,"event":{"mods":["AchievementEnabler","BaseMod","Colored Map","DeckTracker","Keyboard Shortcuts","Minty Spire (QoL Compilation)","Rare Cards Sparkle","StSLib","SuperFastMode","everything is the same but u backflip on backflip"],"gold_per_floor":[19,33,33,33,33,74,74,94,94,110,125,200,125,138,138,229,229,249,272,295,295,314,314,204,235,235,235,58,99,117,140,140,234,234,252,267,336,336,83,83,104,140,140,164,64,88,88,109,109,109,109,109,40,76,76,76],"floor_reached":55,"language":"KOR","playtime":3171,"items_purged":["Strike_B","Strike_B"],"score":1174,"play_id":"8c562e7a-ea30-4266-91bb-12b862f5108d","local_time":"20210113053833","is_ascension_mode":true,"campfire_choices":[{"data":"Zap","floor":7.0,"key":"SMITH"},{"data":"Blizzard","floor":15.0,"key":"SMITH"},{"floor":23,"key":"REST"},{"data":"Defragment","floor":27,"key":"SMITH"},{"data":"Apotheosis","floor":32,"key":"SMITH"},{"floor":40,"key":"RECALL"},{"floor":49,"key":"REST"},{"data":"Double Energy","floor":52,"key":"SMITH"}],"circlet_count":0,"master_deck":["AscendersBane","Defend_B","Defend_B","Defend_B","Defend_B","Zap+1","Dualcast","Hologram","Cold Snap","Glacier","Undo","Blizzard+1","Machine Learning","Chill","Defragment+1","FTL","Apotheosis+1","Coolheaded","Seek","Coolheaded+1","Double Energy+1","Madness","Madness","Consume","Loop","Core Surge"],"relics":["FrozenCore","Incense Burner","Golden Idol","Art of War","Letter Opener","Eternal Feather","Inserter","Red Mask","Kunai","Bag of Preparation","Bird Faced Urn","Bottled Lightning","Pen Nib","Sundial"],"acts_visited":["Exordium","TheCity","TheBeyond","TheEnding"],"potions_floor_usage":[16,16,20,22,31,37,37,41,54,54],"damage_taken":[{"damage":1.0,"enemies":"Cultist","floor":1.0,"turns":3.0},{"damage":0.0,"enemies":"Small Slimes","floor":2.0,"turns":2.0},{"damage":19.0,"enemies":"Gremlin Nob","floor":6.0,"turns":4.0},{"damage":0.0,"enemies":"Jaw Worm","floor":8.0,"turns":4.0},{"damage":14.0,"enemies":"3 Louse","floor":10.0,"turns":3.0},{"damage":0.0,"enemies":"Large Slime","floor":11.0,"turns":6.0},{"damage":0.0,"enemies":"Exordium Wildlife","floor":14.0,"turns":3.0},{"damage":2,"enemies":"Hexaghost","floor":16,"turns":14},{"damage":18,"enemies":"3 Byrds","floor":18,"turns":6},{"damage":7,"enemies":"Shell Parasite","floor":19,"turns":7},{"damage":17,"enemies":"Cultist and Chosen","floor":20,"turns":9},{"damage":9,"enemies":"Snecko","floor":22,"turns":9},{"damage":0,"enemies":"Masked Bandits","floor":25,"turns":5},{"damage":4,"enemies":"Book of Stabbing","floor":29,"turns":7},{"damage":0,"enemies":"Centurion and Healer","floor":30,"turns":9},{"damage":11,"enemies":"Shelled Parasite and Fungi","floor":31,"turns":6},{"damage":22,"enemies":"Champ","floor":33,"turns":12},{"damage":7,"enemies":"3 Darklings","floor":35,"turns":7},{"damage":1,"enemies":"3 Shapes","floor":36,"turns":4},{"damage":15,"enemies":"2 Orb Walkers","floor":37,"turns":6},{"damage":4,"enemies":"Transient","floor":41,"turns":5},{"damage":13,"enemies":"Reptomancer","floor":42,"turns":9},{"damage":0,"enemies":"4 Shapes","floor":44,"turns":3},{"damage":0,"enemies":"Spire Growth","floor":46,"turns":6},{"damage":2,"enemies":"Maw","floor":48,"turns":7},{"damage":4,"enemies":"Donu and Deca","floor":50,"turns":9},{"damage":53,"enemies":"Shield and Spear","floor":54,"turns":8},{"damage":16,"enemies":"The Heart","floor":55,"turns":2}],"seed_played":"4005405788042242334","potions_obtained":[{"floor":1.0,"key":"Strength Potion"},{"floor":2.0,"key":"PotionOfCapacity"},{"floor":16,"key":"Weak Potion"},{"floor":19,"key":"Block Potion"},{"floor":25,"key":"AttackPotion"},{"floor":29,"key":"Fire Potion"},{"floor":33,"key":"EssenceOfSteel"},{"floor":35,"key":"Block Potion"},{"floor":37,"key":"Swift Potion"},{"floor":44,"key":"GamblersBrew"},{"floor":46,"key":"LiquidMemories"}],"is_trial":false,"path_per_floor":["M","M","?","?","$","E","R","M","T","M","M","?","?","M","R","B",null,"M","M","M","?","M","R","$","?","T","R","$","E","M","M","R","B",null,"M","M","?","?","$","R","M","E","T","M","$","M","?","M","R","B",null,"R","$","E","B"],"character_chosen":"DEFECT","items_purchased":["Defragment","Apotheosis","Bottled Lightning","Loop"],"campfire_rested":2,"item_purchase_floors":[24,28,39,53],"current_hp_per_floor":[63,63,63,58,58,39,39,39,39,25,25,14,14,14,23,21,53,35,28,11,11,2,30,30,30,30,39,39,35,35,24,33,11,51,44,43,28,28,28,40,38,29,29,31,31,35,23,25,56,56,62,64,64,13,0,0],"gold":76,"neow_bonus":"ONE_RARE_RELIC","is_daily":false,"chose_seed":false,"campfire_upgraded":5,"win_rate":0.0,"timestamp":1610483913,"path_taken":["M","M","?","?","?","E","R","M","T","M","M","?","?","?","R","BOSS","M","M","M","?","M","R","$","?","T","R","$","E","M","M","R","BOSS","M","M","?","?","$","R","M","E","T","M","$","M","?","M","R","BOSS","R","$","E","BOSS"],"items_purchased_type":["Card","Card","Relic","Card"],"build_version":"2020-12-22","purchased_purges":2,"victory":false,"max_hp_per_floor":[71,71,64,64,64,64,64,64,64,64,64,64,64,64,64,64,64,64,64,64,64,64,64,64,64,64,64,64,64,64,64,64,64,64,64,64,64,64,64,64,64,64,64,64,64,64,64,64,64,64,64,64,64,64,64,64],"card_choices":[{"not_picked":["Fusion","Streamline"],"picked":"Hologram","floor":1.0},{"not_picked":["Ball Lightning","Conserve Battery"],"picked":"Cold Snap","floor":2.0},{"not_picked":["Streamline","Conserve Battery"],"picked":"Glacier","floor":6.0},{"not_picked":["White Noise","Streamline","Leap"],"picked":"SKIP","floor":8.0},{"not_picked":["Beam Cell","Doom and Gloom"],"picked":"Undo","floor":10.0},{"not_picked":["Steam","Hologram","Lockon"],"picked":"SKIP","floor":11.0},{"not_picked":["Hologram","Cold Snap"],"picked":"Blizzard","floor":14.0},{"not_picked":["Hyperbeam","Rainbow"],"picked":"Machine Learning","floor":16},{"not_picked":["Undo","Storm+1","Steam"],"picked":"SKIP","floor":18},{"not_picked":["Redo","Capacitor"],"picked":"Chill","floor":19},{"not_picked":["Steam","Compile Driver","Conserve Battery"],"picked":"SKIP","floor":20},{"not_picked":["Stack","All For One","Barrage"],"picked":"SKIP","floor":22},{"not_picked":["Genetic Algorithm","Barrage"],"picked":"FTL","floor":25},{"not_picked":["Redo","Aggregate"],"picked":"Coolheaded","floor":29},{"not_picked":["Lockon","Rebound","Ball Lightning"],"picked":"SKIP","floor":30},{"not_picked":["Compile Driver","Conserve Battery","Streamline"],"picked":"SKIP","floor":31},{"not_picked":["Core Surge","Multi-Cast"],"picked":"Seek","floor":33},{"not_picked":["Barrage","Hologram","Leap"],"picked":"SKIP","floor":35},{"not_picked":["Turbo","Ball Lightning"],"picked":"Coolheaded+1","floor":36},{"not_picked":["Streamline+1","Leap+1","Ball Lightning"],"picked":"SKIP","floor":41},{"not_picked":["Leap","Blizzard"],"picked":"Double Energy","floor":42},{"not_picked":["Conserve Battery","Hello World","Steam"],"picked":"SKIP","floor":44},{"not_picked":["Conserve Battery","Darkness","Creative AI"],"picked":"SKIP","floor":46},{"not_picked":["Streamline","Gash"],"picked":"Consume","floor":48},{"not_picked":["Go for the Eyes","Sweeping Beam"],"picked":"Core Surge","floor":54}],"player_experience":473530,"relics_obtained":[{"floor":6.0,"key":"Letter Opener"},{"floor":9.0,"key":"Eternal Feather"},{"floor":25,"key":"Red Mask"},{"floor":26,"key":"Kunai"},{"floor":29,"key":"Bag of Preparation"},{"floor":37,"key":"Bird Faced Urn"},{"floor":42,"key":"Pen Nib"},{"floor":54,"key":"Sundial"}],"event_choices":[{"damage_healed":0.0,"max_hp_gain":0.0,"max_hp_loss":7.0,"gold_gain":0.0,"event_name":"Golden Idol","player_choice":"Lose Max HP","floor":3.0,"gold_loss":0.0,"damage_taken":0.0,"relics_obtained":["Golden Idol"]},{"damage_healed":0.0,"max_hp_gain":0.0,"max_hp_loss":0.0,"gold_gain":0.0,"event_name":"Scrap Ooze","player_choice":"Success","floor":4.0,"gold_loss":0.0,"damage_taken":5.0,"relics_obtained":["Art of War"]},{"damage_healed":0.0,"max_hp_gain":0.0,"max_hp_loss":0.0,"gold_gain":75.0,"event_name":"World of Goop","player_choice":"Gather Gold","floor":12.0,"gold_loss":0.0,"damage_taken":11.0},{"cards_removed":["Strike_B"],"damage_healed":0.0,"max_hp_gain":0.0,"max_hp_loss":0.0,"gold_gain":0.0,"event_name":"The Cleric","player_choice":"Card Removal","floor":13.0,"gold_loss":75.0,"damage_taken":0.0},{"cards_removed":["Strike_B"],"damage_healed":0,"gold_gain":0,"player_choice":"Elegance","damage_taken":0,"max_hp_gain":0,"max_hp_loss":0,"event_name":"Back to Basics","floor":21,"gold_loss":0},{"damage_healed":0,"gold_gain":0,"player_choice":"Fought Bandits","damage_taken":0,"max_hp_gain":0,"max_hp_loss":0,"event_name":"Masked Bandits","floor":25,"gold_loss":0},{"damage_healed":0,"gold_gain":0,"player_choice":"Fight","damage_taken":0,"max_hp_gain":0,"max_hp_loss":0,"event_name":"Mysterious Sphere","floor":37,"gold_loss":0},{"damage_healed":0,"gold_gain":0,"player_choice":"Memory 1","damage_taken":0,"max_hp_gain":0,"max_hp_loss":0,"event_name":"SensoryStone","floor":38,"gold_loss":0},{"damage_healed":0,"gold_gain":0,"player_choice":"Embrace Madness","damage_taken":12,"max_hp_gain":0,"max_hp_loss":0,"event_name":"Winding Halls","floor":47,"gold_loss":0,"cards_obtained":["Madness","Madness"]}],"is_beta":false,"boss_relics":[{"not_picked":["Pandora\u0027s Box","Runic Dome"],"picked":"Inserter"},{"not_picked":["Philosopher\u0027s Stone","Busted Crown"],"picked":"FrozenCore"}],"items_purged_floors":[24,45],"is_endless":false,"potions_floor_spawned":[1,2,11,16,19,25,29,33,35,37,44,46],"killed_by":"The Heart","ascension_level":15}}