{"host":"qijhzzkmbgiiyux7","time":1610474476,"event":{"mods":["BaseMod","Downfall","Hermit","Minty Spire (QoL Compilation)","Replay The Spire","StSLib","The Cursed"],"gold_per_floor":[119,27,44,57,71,71,71,71,86,86,109,122,149,72,89,89,89,189,189,189,144,144,144,144,144,144,144,144,144,144,144,144,144],"floor_reached":32,"playtime":7776,"items_purged":[],"score":252,"play_id":"32605ccc-dc53-46f7-a87a-27e2f8197e87","local_time":"20210112210116","is_ascension_mode":false,"campfire_choices":[{"data":"Backstab","floor":8,"key":"SMITH"},{"data":"Blade Dance","floor":10,"key":"SMITH"},{"data":"ReplayTheSpireMod:Scrap Shanks","floor":17,"key":"SMITH"},{"floor":25,"key":"REST"}],"circlet_count":0,"master_deck":["Strike_G","Strike_G","Strike_G","Strike_G","Strike_G","Defend_G","Defend_G","Defend_G","Defend_G+1","Defend_G","Survivor","Neutralize","Bash","Defend_R","Skewer","Backstab+1","PiercingWail+1","Backflip","Acrobatics","Leg Sweep","Blade Dance+1","Flying Knee","ReplayTheSpireMod:Scrap Shanks+1","Toxin Wave","Die Die Die","Terror+1","Hidden Blade+1","Poisoned Stab","Dagger Throw","Skewer"],"relics":["Ring of the Snake","Mango","Replay:Wax Seal","War Paint","Ectoplasm","Bag of Preparation","Happy Flower","GremlinMask"],"acts_visited":["Exordium","TheCity"],"potions_floor_usage":[18,18,22,26],"damage_taken":[{"damage":1,"enemies":"Cultist","floor":1,"turns":5},{"damage":7,"enemies":"Jaw Worm","floor":3,"turns":3},{"damage":0,"enemies":"2 Louse","floor":4,"turns":2},{"damage":7,"enemies":"Large Slime","floor":5,"turns":9},{"damage":0,"enemies":"Lots of Slimes","floor":9,"turns":5},{"damage":0,"enemies":"2 Fungi Beasts","floor":12,"turns":2},{"damage":0,"enemies":"Exordium Wildlife","floor":15,"turns":3},{"damage":49,"enemies":"The Guardian","floor":18,"turns":19},{"damage":20,"enemies":"Chosen","floor":20,"turns":5},{"damage":19,"enemies":"2 Thieves","floor":21,"turns":3},{"damage":15,"enemies":"Snecko","floor":22,"turns":6},{"damage":31,"enemies":"Sentry and Sphere","floor":24,"turns":10},{"damage":29,"enemies":"Slavers","floor":26,"turns":6},{"damage":12,"enemies":"Snake Plant","floor":32,"turns":5}],"seed_played":"-1475353327257332088","potions_obtained":[{"floor":3,"key":"LiquidMemories"},{"floor":5,"key":"Explosive Potion"},{"floor":9,"key":"Regen Potion"},{"floor":24,"key":"DuplicationPotion"},{"floor":26,"key":"Elixir"}],"is_trial":false,"path_per_floor":["M","$","M","M","M","PTL","PTL","R","M","R","T","M","T","$","M","?","R","B",null,"M","M","M","?","M","R","E","?","T","?","PTL","PTL","M"],"character_chosen":"THE_SILENT","items_purchased":["Backstab","PiercingWail","ReplayTheSpireMod:Scrap Shanks"],"campfire_rested":1,"item_purchase_floors":[2,2,14],"current_hp_per_floor":[83,83,76,76,69,69,69,69,69,69,69,69,69,69,69,69,69,20,84,64,45,42,42,11,36,7,7,7,7,7,7,0,0],"gold":144,"neow_bonus":"ONE_RARE_RELIC","is_daily":false,"chose_seed":false,"campfire_upgraded":3,"win_rate":0.0,"timestamp":1610474476,"path_taken":["M","?","M","M","M","PTL","PTL","R","M","R","T","?","?","$","M","?","R","BOSS","M","M","M","?","M","R","E","?","T","?","PTL","PTL","?"],"items_purchased_type":["Card","Card","Card"],"build_version":"2020-12-22","purchased_purges":0,"victory":false,"max_hp_per_floor":[84,84,84,84,84,84,84,84,84,84,84,84,84,84,84,84,84,84,84,84,84,84,84,84,84,84,84,84,84,84,84,84,84],"card_choices":[{"not_picked":["Dagger Spray","Deflect"],"picked":"Skewer","floor":1},{"not_picked":["Slice","Draining Mist"],"picked":"Backflip","floor":3},{"not_picked":["Deadly Poison","PiercingWail"],"picked":"Acrobatics","floor":4},{"not_picked":["Underhanded Strike","Outmaneuver"],"picked":"Leg Sweep","floor":5},{"not_picked":["ReplayTheSpireMod:Tripwire","Dagger Spray"],"picked":"Blade Dance","floor":9},{"not_picked":["Choke","Bouncing Flask"],"picked":"Flying Knee","floor":12},{"not_picked":["Prepared","Sucker Punch"],"picked":"Toxin Wave","floor":15},{"not_picked":["Envenom","Corpse Explosion"],"picked":"Die Die Die","floor":18},{"not_picked":["Underhanded Strike+1","Slice"],"picked":"Terror+1","floor":20},{"not_picked":["Toxin Wave","Choke"],"picked":"Hidden Blade+1","floor":21},{"not_picked":["Underhanded Strike","Dodge and Roll"],"picked":"Poisoned Stab","floor":22},{"not_picked":["Leg Sweep","Dodge and Roll"],"picked":"Dagger Throw","floor":24},{"not_picked":["Underhanded Strike","Predator"],"picked":"Skewer","floor":26}],"player_experience":29875,"relics_obtained":[{"floor":11,"key":"Replay:Wax Seal"},{"floor":13,"key":"War Paint"},{"floor":26,"key":"Bag of Preparation"},{"floor":28,"key":"Happy Flower"}],"event_choices":[{"damage_healed":0,"gold_gain":0,"player_choice":"Smashed Altar","damage_taken":0,"max_hp_gain":0,"max_hp_loss":0,"event_name":"Forgotten Altar","floor":23,"gold_loss":0,"cards_obtained":["Decay"]},{"cards_removed":["Decay"],"damage_healed":0,"gold_gain":0,"player_choice":"Elegance","damage_taken":0,"max_hp_gain":0,"max_hp_loss":0,"event_name":"Back to Basics","floor":27,"gold_loss":0},{"damage_healed":0,"gold_gain":0,"player_choice":"Trade","damage_taken":0,"relics_obtained":["GremlinMask"],"max_hp_gain":0,"max_hp_loss":0,"event_name":"FaceTrader","floor":29,"gold_loss":0}],"is_beta":false,"boss_relics":[{"not_picked":["Runic Pyramid","Sozu"],"picked":"Ectoplasm"}],"items_purged_floors":[],"is_endless":false,"potions_floor_spawned":[3,5,9,15,24,26],"killed_by":"Snake Plant","ascension_level":0}}