{"host":"g01l53quoe6lrer0","time":1610445945,"event":{"mods":["2.2 Compatiblity","AchievementEnabler","BaseMod","Colored Map","Highlight Path","Keyboard Shortcuts","Minty Spire (QoL Compilation)","Permanent Neow","StSLib","SuperFastMode","everything is the same but u backflip on backflip"],"gold_per_floor":[111,111,12,26,26,26,41,77,102,115,128,151,151,151,151,279,279,304,304,324,324,348,382,382,382,408,408,421,8,24,63,63,63,63],"floor_reached":33,"playtime":1270,"items_purged":["Regret","Strike_B"],"score":459,"play_id":"541662a7-a615-476f-b816-b4b0916c7436","local_time":"20210112190545","is_ascension_mode":true,"campfire_choices":[{"data":"Zap","floor":6.0,"key":"SMITH"},{"data":"Blizzard","floor":13.0,"key":"SMITH"},{"floor":15.0,"key":"REST"},{"data":"Defragment","floor":24.0,"key":"SMITH"},{"data":"Defragment","floor":27.0,"key":"SMITH"},{"data":"Hologram","floor":32,"key":"SMITH"}],"circlet_count":0,"master_deck":["AscendersBane","Strike_B","Defend_B","Defend_B","Defend_B","Defend_B","Zap+1","Dualcast","Rebound","Conserve Battery","Blizzard+1","Consume","Glacier","Coolheaded","Go for the Eyes","Seek","Cold Snap","Leap","Defragment+1","Defragment+1","Hologram+1","Chill","Coolheaded","Glacier","Stack"],"relics":["Cracked Core","DataDisk","Regal Pillow","Golden Idol","Blood Vial","Oddly Smooth Stone","Nuclear Battery","MealTicket","Prayer Wheel","Toy Ornithopter","Bottled Tornado","Akabeko"],"acts_visited":["Exordium","TheCity"],"potions_floor_usage":[31],"damage_taken":[{"damage":3.0,"enemies":"Jaw Worm","floor":1.0,"turns":4.0},{"damage":5.0,"enemies":"Small Slimes","floor":4.0,"turns":2.0},{"damage":1.0,"enemies":"Cultist","floor":7.0,"turns":3.0},{"damage":27.0,"enemies":"3 Sentries","floor":8.0,"turns":7.0},{"damage":3.0,"enemies":"2 Fungi Beasts","floor":10.0,"turns":3.0},{"damage":0.0,"enemies":"Large Slime","floor":11.0,"turns":5.0},{"damage":2.0,"enemies":"Looter","floor":12.0,"turns":4.0},{"damage":8.0,"enemies":"Slime Boss","floor":16.0,"turns":16.0},{"damage":1.0,"enemies":"Spheric Guardian","floor":18.0,"turns":4.0},{"damage":9.0,"enemies":"Shell Parasite","floor":20.0,"turns":7.0},{"damage":9.0,"enemies":"3 Cultists","floor":22.0,"turns":5.0},{"damage":9.0,"enemies":"Slavers","floor":23.0,"turns":10.0},{"damage":0.0,"enemies":"Chosen and Byrds","floor":28.0,"turns":8.0},{"damage":0.0,"enemies":"Centurion and Healer","floor":30.0,"turns":9.0},{"damage":28,"enemies":"Gremlin Leader","floor":31,"turns":10},{"damage":75,"enemies":"Automaton","floor":33,"turns":18}],"seed_played":"-563208667590578352","potions_obtained":[{"floor":1.0,"key":"EntropicBrew"},{"floor":4.0,"key":"Dexterity Potion"},{"floor":16.0,"key":"EntropicBrew"},{"floor":18.0,"key":"EssenceOfDarkness"},{"floor":22.0,"key":"DistilledChaos"},{"floor":28.0,"key":"Block Potion"}],"is_trial":false,"path_per_floor":["M","?","$","M","?","R","M","E","T","M","M","M","R","?","R","B",null,"M","?","M","?","M","E","R","T","T","R","M","$","M","E","R","B"],"character_chosen":"DEFECT","items_purchased":["Conserve Battery","Bottled Tornado","Coolheaded"],"campfire_rested":1,"item_purchase_floors":[3,29,29],"current_hp_per_floor":[65,65,65,60,60,60,59,32,32,31,33,33,33,26,61,55,66,67,67,60,60,53,46,46,46,46,46,48,63,65,44,44,0,0],"gold":63,"neow_bonus":"RANDOM_COMMON_RELIC","is_daily":false,"chose_seed":false,"campfire_upgraded":5,"win_rate":0.0,"timestamp":1610445945,"path_taken":["M","?","$","M","?","R","M","E","T","M","M","M","R","?","R","BOSS","M","?","M","?","M","E","R","?","T","R","M","$","M","E","R","BOSS"],"items_purchased_type":["Card","Relic","Card"],"build_version":"2020-12-22","purchased_purges":2,"victory":false,"max_hp_per_floor":[75,75,75,75,69,69,69,69,69,69,69,69,69,69,69,69,69,69,69,69,69,69,69,69,69,69,69,69,69,69,69,69,69,69],"card_choices":[{"not_picked":["Force Field","Lockon"],"picked":"Rebound","floor":1.0},{"not_picked":["Reinforced Body","Chaos"],"picked":"Blizzard","floor":4.0},{"not_picked":["Gash","Steam Power"],"picked":"Consume","floor":7.0},{"not_picked":["Ball Lightning","Tempest"],"picked":"Glacier","floor":8.0},{"not_picked":["Steam","Force Field","Scrape"],"picked":"SKIP","floor":10.0},{"not_picked":["Rip and Tear","Self Repair"],"picked":"Coolheaded","floor":11.0},{"not_picked":["FTL","Amplify"],"picked":"Go for the Eyes","floor":12.0},{"not_picked":["Fission","Echo Form"],"picked":"Seek","floor":16.0},{"not_picked":["Redo","Barrage"],"picked":"Cold Snap","floor":18.0},{"not_picked":["FTL","Conserve Battery"],"picked":"Leap","floor":20.0},{"not_picked":["Blizzard+1","Coolheaded"],"picked":"Defragment","floor":22.0},{"not_picked":["Ball Lightning","Force Field"],"picked":"Hologram","floor":23.0},{"not_picked":["Steam","Ball Lightning"],"picked":"Chill","floor":28.0},{"not_picked":["Barrage","Turbo","All For One"],"picked":"SKIP","floor":28.0},{"not_picked":["Go for the Eyes","Self Repair"],"picked":"Glacier","floor":30},{"not_picked":["Gash","Barrage","Tempest"],"picked":"SKIP","floor":30},{"not_picked":["Go for the Eyes","Lockon"],"picked":"Stack","floor":31}],"player_experience":157855,"relics_obtained":[{"floor":8.0,"key":"Blood Vial"},{"floor":9.0,"key":"Oddly Smooth Stone"},{"floor":23.0,"key":"MealTicket"},{"floor":25.0,"key":"Prayer Wheel"},{"floor":26.0,"key":"Toy Ornithopter"},{"floor":31,"key":"Akabeko"}],"event_choices":[{"damage_healed":0.0,"max_hp_gain":0.0,"max_hp_loss":0.0,"gold_gain":0.0,"event_name":"Big Fish","player_choice":"Box","floor":2.0,"gold_loss":0.0,"damage_taken":0.0,"relics_obtained":["Regal Pillow"],"cards_obtained":["Regret"]},{"damage_healed":0.0,"max_hp_gain":0.0,"max_hp_loss":6.0,"gold_gain":0.0,"event_name":"Golden Idol","player_choice":"Lose Max HP","floor":5.0,"gold_loss":0.0,"damage_taken":0.0,"relics_obtained":["Golden Idol"]},{"cards_removed":["Strike_B"],"damage_healed":0.0,"max_hp_gain":0.0,"max_hp_loss":0.0,"gold_gain":0.0,"event_name":"Golden Wing","player_choice":"Card Removal","floor":14.0,"gold_loss":0.0,"damage_taken":7.0},{"cards_removed":["Strike_B"],"damage_healed":0.0,"max_hp_gain":0.0,"max_hp_loss":0.0,"gold_gain":0.0,"event_name":"Back to Basics","player_choice":"Elegance","floor":19.0,"gold_loss":0.0,"damage_taken":0.0},{"damage_healed":0.0,"max_hp_gain":0.0,"max_hp_loss":0.0,"gold_gain":0.0,"event_name":"The Library","player_choice":"Read","floor":21.0,"gold_loss":0.0,"damage_taken":0.0,"cards_obtained":["Defragment"]}],"is_beta":false,"boss_relics":[{"not_picked":["Runic Dome","Tiny House"],"picked":"Nuclear Battery"}],"items_purged_floors":[3,29],"is_endless":false,"potions_floor_spawned":[1,4,11,12,16,18,22,28],"killed_by":"Automaton","ascension_level":12}}