{"host":"gzsdmyo07u314vug","time":1610412516,"event":{"mods":["2.2 Compatiblity","BaseMod","Downfall","GifTheSpireLib","Minty Spire (QoL Compilation)","Quick Restart","Rare Cards Sparkle","Relic Stats","Replay The Spire","Robot Space Explorer","Shop Mod","StSLib","The Bug Knight","The Construct","The Elementalist","The IronCluck","The Marked","The Servant 0.9.4","Unceasing Turn Reminder","everything is the same but u backflip on backflip","slay the spire mod where everything is the same but ironclad has a cowboy hat","vexMod"],"gold_per_floor":[111,111,123,133,58,58,58,58,128,128,140,140,151,185,185,284,284,302,314,116,128,53,53,63,63,63,63,63,63,63,81,81,180,180,191,214,64,64,79,79,79,79,157,157,169,169,21,33,33,33,33],"floor_reached":50,"playtime":3059,"items_purged":["HollowMod:NailStrikeStart","HollowMod:NailStrikeStart"],"score":526,"play_id":"e9dd3ce0-3e4e-4ae9-b931-180fa6453835","local_time":"20210111214836","is_ascension_mode":true,"campfire_choices":[{"data":"HollowMod:NewGlowingWomb","floor":6,"key":"SMITH"},{"data":"HollowMod:InfectedCysts","floor":8,"key":"SMITH"},{"data":"HollowMod:PogoStrike","floor":12,"key":"SMITH"},{"floor":15,"key":"DIG"},{"data":"HollowMod:TaintedHusks","floor":23,"key":"SMITH"},{"data":"HollowMod:DoubleDash","floor":25,"key":"SMITH"},{"floor":27,"key":"REST"},{"data":"HollowMod:InfectedAttack","floor":28,"key":"SMITH"},{"data":"HollowMod:InfectedCysts","floor":40,"key":"SMITH"},{"data":"HollowMod:PaleKingsBlessing","floor":42,"key":"SMITH"},{"data":"HollowMod:QuickDashStart","floor":44,"key":"SMITH"},{"floor":49,"key":"REST"}],"circlet_count":0,"master_deck":["HollowMod:QuickDashStart","HollowMod:QuickDashStart","HollowMod:QuickDashStart","HollowMod:QuickDashStart+1","HollowMod:FocusHealStart","HollowMod:PogoStrike+1","Guardian:CurlUp","HollowMod:NewGlowingWomb+1","HollowMod:InfectedCysts+1","HollowMod:InfectedCysts+1","HollowMod:InfectedAttack+1","HollowMod:DoubleDash+1","HollowMod:TaintedHusks+1","HollowMod:MonarchWings+1","HollowMod:PaleKingsBlessing+1","HollowMod:NewGlowingWomb+1","HollowMod:RadiancesLament+1"],"relics":["HollowMod:VesselMask","WingedGreaves","Shuriken","Chameleon Ring","StrikeDummy","TungstenRod","Replay:Bronze Core","Counterbalance","SacredBark","Ancient Tea Set","HollowMod:StagPassRelic","Frozen Egg 2"],"acts_visited":["Exordium","TheCity","TheBeyond"],"potions_floor_usage":[13,16,18,24,33,33,50],"damage_taken":[{"damage":5,"enemies":"2 Louse","floor":1,"turns":2},{"damage":0,"enemies":"Cultist","floor":3,"turns":3},{"damage":1,"enemies":"Jaw Worm","floor":4,"turns":4},{"damage":0,"enemies":"2 Fungi Beasts","floor":11,"turns":3},{"damage":5,"enemies":"Large Slime","floor":13,"turns":4},{"damage":35,"enemies":"3 Sentries","floor":14,"turns":9},{"damage":32,"enemies":"The Guardian","floor":16,"turns":10},{"damage":8,"enemies":"Shell Parasite","floor":18,"turns":7},{"damage":15,"enemies":"2 Thieves","floor":19,"turns":2},{"damage":11,"enemies":"Centurion and Healer","floor":21,"turns":8},{"damage":23,"enemies":"3 Cultists","floor":24,"turns":4},{"damage":27,"enemies":"Snake Plant","floor":31,"turns":5},{"damage":58,"enemies":"Pondfish","floor":33,"turns":11},{"damage":1,"enemies":"3 Shapes","floor":35,"turns":5},{"damage":34,"enemies":"3 Darklings","floor":39,"turns":4},{"damage":2,"enemies":"4 Shapes","floor":45,"turns":1},{"damage":38,"enemies":"Transient","floor":48,"turns":5},{"damage":122,"enemies":"Replay:Hell Engine","floor":50,"turns":8}],"seed_played":"-6002871662329370058","potions_obtained":[{"floor":4,"key":"Flashbang"},{"floor":11,"key":"DistilledChaos"},{"floor":16,"key":"GamblersBrew"},{"floor":19,"key":"champ:CounterPotion"},{"floor":21,"key":"construct:ShiftPotion"},{"floor":24,"key":"Explosive Potion"},{"floor":35,"key":"Milkshake"},{"floor":39,"key":"Energy Potion"},{"floor":46,"key":"SpeedPotion"},{"floor":46,"key":"Weak Potion"}],"is_trial":false,"path_per_floor":["M","?","M","M","$","R","$","R","T","?","M","R","M","E","R","B",null,"M","M","$","M","?","R","M","R","T","R","R","$","?","M","R","B",null,"M","T","?","$","M","R","?","R","T","R","M","R","$","M","R","B"],"character_chosen":"THE_BUGKNIGHT","items_purchased":["HollowMod:DoubleDash","HollowMod:TaintedHusks","HollowMod:RadiancesLament"],"campfire_rested":2,"item_purchase_floors":[20,20,47],"current_hp_per_floor":[70,70,75,74,74,74,74,74,74,74,74,74,75,46,46,20,75,75,60,60,61,61,61,38,38,38,60,60,60,60,39,61,15,75,75,75,75,75,57,57,57,57,57,57,69,69,69,46,68,0,0],"gold":33,"neow_bonus":"ONE_RARE_RELIC","is_daily":false,"chose_seed":false,"campfire_upgraded":9,"win_rate":0.0,"timestamp":1610412516,"path_taken":["M","?","?","M","$","R","$","R","T","?","M","R","M","E","R","BOSS","M","M","$","M","?","R","M","R","T","R","R","$","?","M","R","BOSS","M","?","?","$","M","R","?","R","T","R","M","R","$","M","R","BOSS"],"items_purchased_type":["Card","Card","Card"],"build_version":"2020-12-22","purchased_purges":2,"victory":false,"max_hp_per_floor":[75,75,75,75,75,75,75,75,75,75,75,75,75,75,75,75,75,75,75,75,75,75,75,75,75,75,75,75,75,75,75,75,75,75,75,75,75,75,75,75,75,75,75,75,75,75,75,75,75,75,75],"relic_stats":{"counters":[18,95],"Shuriken":[10],"obtain_stats":[{"Chameleon Ring":10,"Shuriken":9,"Replay:Bronze Core":17,"Counterbalance":26,"SacredBark":34,"HollowMod:VesselMask":0,"WingedGreaves":0,"Frozen Egg 2":43,"StrikeDummy":14,"Ancient Tea Set":36,"HollowMod:StagPassRelic":37,"TungstenRod":15},{"Chameleon Ring":3,"Shuriken":3,"Replay:Bronze Core":7,"Counterbalance":11,"SacredBark":13,"HollowMod:VesselMask":0,"WingedGreaves":0,"Frozen Egg 2":15,"StrikeDummy":6,"Ancient Tea Set":14,"HollowMod:StagPassRelic":14,"TungstenRod":6},{"Chameleon Ring":9,"Shuriken":9,"Replay:Bronze Core":35,"Counterbalance":56,"SacredBark":72,"HollowMod:VesselMask":0,"WingedGreaves":0,"Frozen Egg 2":81,"StrikeDummy":25,"Ancient Tea Set":77,"HollowMod:StagPassRelic":77,"TungstenRod":25}],"TungstenRod":70},"card_choices":[{"not_picked":["HollowMod:TaintedHusks","HollowMod:MonomonsArchive"],"picked":"HollowMod:NewGlowingWomb","floor":1},{"not_picked":["HollowMod:SharpenedNail","HollowMod:DungDefenderAura","HollowMod:DashSlash"],"picked":"SKIP","floor":3},{"not_picked":["HollowMod:DungDefenderAura","HollowMod:GreatSlash"],"picked":"HollowMod:InfectedCysts","floor":4},{"not_picked":["HollowMod:SharpenedNail","HollowMod:SoulEater","HollowMod:ChannelNail"],"picked":"SKIP","floor":11},{"not_picked":["HollowMod:SoulVessel","HollowMod:ChannelNail","HollowMod:LifebloodCocoon"],"picked":"SKIP","floor":13},{"not_picked":["HollowMod:HowlingWraiths","HollowMod:ChannelNail"],"picked":"HollowMod:InfectedCysts","floor":14},{"not_picked":["HollowMod:ChannelNail","HollowMod:SharpenedNail","HollowMod:CycloneSlash"],"picked":"SKIP","floor":18},{"not_picked":["HollowMod:SoulStrike","HollowMod:SoulShaman"],"picked":"HollowMod:InfectedAttack","floor":19},{"not_picked":["HollowMod:CornifersMapStart","HollowMod:CycloneSlash","HollowMod:SoulSplash"],"picked":"SKIP","floor":21},{"not_picked":["HollowMod:SiblingsSouls","HollowMod:CycloneSlash+1","HollowMod:BlackTendrils+1"],"picked":"SKIP","floor":24},{"not_picked":["HollowMod:SharpenedShadows","HollowMod:LifebloodCore"],"picked":"HollowMod:MonarchWings","floor":31},{"not_picked":["HollowMod:MidwifesHunger","HollowMod:SoulMaster"],"picked":"HollowMod:PaleKingsBlessing","floor":33},{"not_picked":["HollowMod:ShadowDash","HollowMod:NewLittleFool+1","HollowMod:QuirrelsAssistance"],"picked":"SKIP","floor":35},{"not_picked":["HollowMod:Grubsong+1","HollowMod:InfectedAttack","HollowMod:DesolateDive"],"picked":"SKIP","floor":39},{"not_picked":["HollowMod:HeavyBlow","HollowMod:VengefulVoid+1"],"picked":"HollowMod:NewGlowingWomb+1","floor":45},{"not_picked":["HollowMod:HowlingWraiths","HollowMod:VengefulVoid","HollowMod:WraithStrike"],"picked":"SKIP","floor":48}],"player_experience":712085,"relics_obtained":[{"floor":9,"key":"Shuriken"},{"floor":14,"key":"StrikeDummy"},{"floor":15,"key":"TungstenRod"},{"floor":26,"key":"Counterbalance"},{"floor":36,"key":"Ancient Tea Set"},{"floor":43,"key":"Frozen Egg 2"}],"event_choices":[{"cards_removed":["Guardian:Strike_Guardian"],"damage_healed":0,"gold_gain":0,"player_choice":"Purged","damage_taken":0,"max_hp_gain":0,"max_hp_loss":0,"event_name":"Purifier","floor":2,"gold_loss":0},{"damage_healed":0,"gold_gain":0,"player_choice":"Searched \u00271\u0027 times","damage_taken":0,"relics_obtained":["Chameleon Ring"],"max_hp_gain":0,"max_hp_loss":0,"event_name":"Dead Adventurer","floor":10,"gold_loss":0},{"cards_removed":["HollowMod:NailStrikeStart"],"damage_healed":0,"gold_gain":0,"player_choice":"Gave Gold","damage_taken":0,"max_hp_gain":0,"max_hp_loss":0,"event_name":"Beggar","floor":22,"gold_loss":75},{"cards_removed":["HollowMod:NailStrikeStart"],"damage_healed":0,"gold_gain":0,"player_choice":"Purged","damage_taken":0,"max_hp_gain":0,"max_hp_loss":0,"event_name":"Purifier","floor":30,"gold_loss":0},{"damage_healed":0,"gold_gain":0,"player_choice":"Memory 1","damage_taken":0,"max_hp_gain":0,"max_hp_loss":0,"event_name":"SensoryStone","floor":41,"gold_loss":0}],"is_beta":false,"boss_relics":[{"not_picked":["Replay:Grab Bag","Astrolabe"],"picked":"Replay:Bronze Core"},{"not_picked":["Busted Crown","construct:WeddingRing"],"picked":"SacredBark"}],"items_purged_floors":[5,20],"is_endless":false,"potions_floor_spawned":[4,11,16,19,21,24,35,39],"killed_by":"Replay:Hell Engine","ascension_level":4}}