{"host":"873t0y8ybyo38pfq","time":1610464163,"event":{"mods":["BaseMod","Bestiary","Colored Map","Colored Powertips","Highlight Path","Minty Spire (QoL Compilation)","Quick Restart","RNG Fix","Rare Cards Sparkle","Relic Stats","StSLib"],"gold_per_floor":[137,137,5,40,73,73,153,153,153,153,198,198,348,414,414,414,414],"floor_reached":16,"playtime":288,"items_purged":[],"score":200,"play_id":"b897a13a-2286-4ff4-bfd3-cfbdb6095629","local_time":"20210112100923","is_ascension_mode":true,"campfire_choices":[{"data":"HandOfGreed","floor":6,"key":"SMITH"},{"data":"Ball Lightning","floor":8,"key":"SMITH"},{"floor":12,"key":"REST"},{"data":"Beam Cell","floor":15,"key":"SMITH"}],"circlet_count":0,"master_deck":["AscendersBane","Strike_B","Strike_B","Strike_B","Defend_B","Defend_B","Defend_B","Defend_B","Zap","Dualcast","HandOfGreed+1","Steam","Ball Lightning+1","Conserve Battery","Coolheaded","Genetic Algorithm","Beam Cell+1","Coolheaded","Doubt","Chaos"],"relics":["Cracked Core","WingedGreaves","Unceasing Top","Golden Idol"],"acts_visited":["Exordium"],"potions_floor_usage":[7,7,16,16],"damage_taken":[{"damage":1,"enemies":"Cultist","floor":1,"turns":3},{"damage":2,"enemies":"Small Slimes","floor":4,"turns":3},{"damage":0,"enemies":"Jaw Worm","floor":5,"turns":3},{"damage":6,"enemies":"3 Sentries","floor":7,"turns":6},{"damage":6,"enemies":"Looter","floor":11,"turns":2},{"damage":10,"enemies":"Lots of Slimes","floor":14,"turns":5},{"damage":41,"enemies":"The Guardian","floor":16,"turns":5}],"seed_played":"8635336238744291060","potions_obtained":[{"floor":4,"key":"Swift Potion"},{"floor":5,"key":"FearPotion"},{"floor":11,"key":"ColorlessPotion"},{"floor":14,"key":"Weak Potion"}],"is_trial":false,"path_per_floor":["M","?","$","M","M","R","E","R","T","?","M","R","?","M","R","B"],"character_chosen":"DEFECT","items_purchased":["Ball Lightning","Conserve Battery","Coolheaded"],"campfire_rested":1,"item_purchase_floors":[3,3,3],"current_hp_per_floor":[45,45,45,43,43,43,37,37,37,37,31,50,50,40,40,0,0],"gold":414,"neow_bonus":"RANDOM_COLORLESS_2","is_daily":false,"chose_seed":false,"campfire_upgraded":3,"win_rate":0.0,"timestamp":1610464163,"path_taken":["M","?","$","M","M","R","E","R","T","?","M","R","?","?","R","BOSS"],"items_purchased_type":["Card","Card","Card"],"build_version":"2020-12-22","purchased_purges":0,"victory":false,"max_hp_per_floor":[71,71,71,71,71,71,71,71,71,64,64,64,64,64,64,64,64],"relic_stats":{"counters":[7,27],"Golden Idol":7,"obtain_stats":[{"Golden Idol":10,"WingedGreaves":7,"Cracked Core":0,"Unceasing Top":9},{"Golden Idol":4,"WingedGreaves":4,"Cracked Core":0,"Unceasing Top":4},{"Golden Idol":15,"WingedGreaves":15,"Cracked Core":0,"Unceasing Top":15}],"Unceasing Top":[0]},"card_choices":[{"not_picked":["Apotheosis","Magnetism"],"picked":"HandOfGreed","floor":0},{"not_picked":["Chaos","Compile Driver"],"picked":"Steam","floor":1},{"not_picked":["Compile Driver","Capacitor"],"picked":"Genetic Algorithm","floor":4},{"not_picked":["Leap","Stack"],"picked":"Beam Cell","floor":5},{"not_picked":["Genetic Algorithm","Fusion"],"picked":"Coolheaded","floor":7},{"not_picked":["Double Energy","Redo","Hello World"],"picked":"SKIP","floor":11},{"not_picked":["Steam","Recycle"],"picked":"Chaos","floor":14}],"player_experience":1596350,"relics_obtained":[{"floor":7,"key":"WingedGreaves"},{"floor":9,"key":"Unceasing Top"}],"event_choices":[{"cards_removed":["Strike_B"],"damage_healed":0,"gold_gain":0,"player_choice":"Offered Basic","damage_taken":0,"max_hp_gain":0,"max_hp_loss":0,"event_name":"Bonfire Elementals","floor":2,"gold_loss":0},{"damage_healed":0,"gold_gain":0,"player_choice":"Lose Max HP","damage_taken":0,"relics_obtained":["Golden Idol"],"max_hp_gain":0,"max_hp_loss":7,"event_name":"Golden Idol","floor":10,"gold_loss":0},{"damage_healed":0,"gold_gain":150,"player_choice":"AGREE","damage_taken":0,"max_hp_gain":0,"max_hp_loss":0,"event_name":"Liars Game","floor":13,"gold_loss":0,"cards_obtained":["Doubt"]}],"is_beta":false,"boss_relics":[],"items_purged_floors":[],"is_endless":false,"potions_floor_spawned":[4,5,11,14],"killed_by":"The Guardian","ascension_level":20}}