{"host":"5waj3nq586zfb9qv","time":1610453342,"event":{"mods":["BaseMod","Better Vampires","Colored Map","Colored Powertips","GifTheSpireLib","Highlight Path","Minty Spire (QoL Compilation)","Quick Restart","Shop Mod","StSLib","SuperFastMode","Waifu the Spire"],"gold_per_floor":[109,384,402,419,262,262,295,314,314,348,348,362,66,113,113,216,216,228,244,256,154,174,174,209,223,249,249,249,249,249,130,130,225,225,245,264,284,300,59,86,86,97,97,128,148,200,210,210,210,210],"floor_reached":51,"playtime":3348,"items_purged":["Strike_G","Strike_G","Strike_G","Strike_G","Parasite"],"score":852,"play_id":"6d0af196-6220-4b39-ab2f-7cd924ee74ca","local_time":"20210112200902","is_ascension_mode":true,"campfire_choices":[{"data":"Cloak And Dagger","floor":6.0,"key":"SMITH"},{"data":"Blade Dance","floor":15.0,"key":"SMITH"},{"data":"Acrobatics","floor":23.0,"key":"SMITH"},{"data":"Neutralize","floor":27.0,"key":"SMITH"},{"data":"Footwork","floor":30.0,"key":"SMITH"},{"data":"Accuracy","floor":32.0,"key":"SMITH"},{"data":"A Thousand Cuts","floor":41.0,"key":"SMITH"},{"data":"Cloak And Dagger","floor":49.0,"key":"SMITH"}],"circlet_count":0,"master_deck":["Defend_G","Defend_G","Defend_G","Survivor","Neutralize+1","Dagger Throw","Acrobatics+1","Cloak And Dagger+1","Footwork+1","Terror","Blade Dance+1","Finisher","Venomology","Prepared","PiercingWail","Backflip","Blade Dance+1","Cloak And Dagger+1","Envenom","Accuracy+1","A Thousand Cuts+1","Acrobatics","Infinite Blades","Expertise+1","Crippling Poison+1","Concentrate","Concentrate+1","Phantasmal Killer","Outmaneuver","Setup+1","Night Terror","Acrobatics+1"],"relics":["Coffee Dripper","Gremlin Horn","Bottled Flame","Blood Vial","Smiling Mask","Ninja Scroll","Regal Pillow","SlaversCollar","Pocketwatch","MealTicket","Empty Cage","Potion Belt","Shuriken","Thread and Needle","Omamori","FossilizedHelix"],"acts_visited":["Exordium","TheCity","TheBeyond"],"potions_floor_usage":[50,50,50,50,50,50],"damage_taken":[{"damage":0.0,"enemies":"Small Slimes","floor":1.0,"turns":5.0},{"damage":1.0,"enemies":"Cultist","floor":3.0,"turns":4.0},{"damage":0.0,"enemies":"Jaw Worm","floor":4.0,"turns":3.0},{"damage":9.0,"enemies":"3 Sentries","floor":7.0,"turns":11.0},{"damage":0.0,"enemies":"2 Fungi Beasts","floor":8.0,"turns":3.0},{"damage":16.0,"enemies":"Gremlin Nob","floor":10.0,"turns":4.0},{"damage":0.0,"enemies":"Gremlin Gang","floor":12.0,"turns":3.0},{"damage":1.0,"enemies":"Slime Boss","floor":16.0,"turns":6.0},{"damage":10.0,"enemies":"Spheric Guardian","floor":18.0,"turns":3.0},{"damage":0.0,"enemies":"Shell Parasite","floor":19.0,"turns":1.0},{"damage":14.0,"enemies":"Snake Plant","floor":20.0,"turns":5.0},{"damage":6.0,"enemies":"Cultist and Chosen","floor":22.0,"turns":4.0},{"damage":2.0,"enemies":"Book of Stabbing","floor":24.0,"turns":5.0},{"damage":10.0,"enemies":"Centurion and Healer","floor":25.0,"turns":5.0},{"damage":1.0,"enemies":"Automaton","floor":33.0,"turns":5.0},{"damage":0.0,"enemies":"3 Shapes","floor":35.0,"turns":4.0},{"damage":0.0,"enemies":"3 Darklings","floor":36.0,"turns":2.0},{"damage":0.0,"enemies":"Writhing Mass","floor":37.0,"turns":6.0},{"damage":18.0,"enemies":"Transient","floor":38.0,"turns":5.0},{"damage":14.0,"enemies":"Giant Head","floor":40.0,"turns":6.0},{"damage":6.0,"enemies":"Spire Growth","floor":42.0,"turns":3.0},{"damage":0.0,"enemies":"Reptomancer","floor":44.0,"turns":3.0},{"damage":16.0,"enemies":"Sphere and 2 Shapes","floor":45.0,"turns":4.0},{"damage":10.0,"enemies":"2 Orb Walkers","floor":46.0,"turns":3.0},{"damage":0.0,"enemies":"3 Darklings","floor":47.0,"turns":3.0},{"damage":5,"enemies":"Donu and Deca","floor":50,"turns":5}],"seed_played":"6530534683015461369","potions_obtained":[{"floor":3.0,"key":"Strength Potion"},{"floor":4.0,"key":"LiquidBronze"},{"floor":16.0,"key":"GhostInAJar"},{"floor":18.0,"key":"SteroidPotion"},{"floor":19.0,"key":"AttackPotion"},{"floor":33.0,"key":"EntropicBrew"},{"floor":35.0,"key":"FairyPotion"},{"floor":37.0,"key":"Explosive Potion"},{"floor":38.0,"key":"Explosive Potion"},{"floor":42.0,"key":"Poison Potion"},{"floor":47.0,"key":"Poison Potion"}],"is_trial":false,"path_per_floor":["M","?","M","M","$","R","E","M","T","E","?","M","$","T","R","B",null,"M","M","M","$","M","R","E","M","T","R","?","?","R","$","R","B",null,"M","M","M","M","$","E","R","M","T","E","M","?","M","?","R","B",null],"character_chosen":"THE_SILENT","items_purchased":["Footwork","Ninja Scroll","Backflip","Accuracy","Concentrate","Potion Belt"],"campfire_rested":0,"item_purchase_floors":[5,13,21,31,39,39],"current_hp_per_floor":[70,70,69,69,69,69,60,60,60,44,41,43,43,43,43,44,70,60,62,50,50,46,46,46,38,38,38,25,25,25,40,40,41,75,75,75,75,57,72,58,58,54,54,56,42,34,36,36,36,33],"gold":210,"neow_bonus":"BOSS_RELIC","is_daily":false,"chose_seed":false,"campfire_upgraded":8,"win_rate":0.0,"timestamp":1610453342,"path_taken":["M","?","M","M","$","R","E","?","T","E","?","M","$","?","R","BOSS","M","M","M","$","M","R","E","M","T","R","?","?","R","$","R","BOSS","M","M","M","M","$","E","R","M","T","E","?","?","M","?","R","BOSS"],"items_purchased_type":["Card","Relic","Card","Card","Card","Relic"],"build_version":"2020-12-22","purchased_purges":5,"victory":true,"max_hp_per_floor":[70,70,70,70,70,70,70,70,70,70,70,70,70,70,70,70,70,70,70,70,70,70,70,70,70,70,70,75,75,75,75,75,75,75,75,75,75,75,72,72,72,72,72,72,72,72,72,72,72,72],"card_choices":[{"not_picked":["Bane","Choke"],"picked":"Dagger Throw","floor":1.0},{"not_picked":["Catalyst","Eviscerate"],"picked":"Acrobatics","floor":3.0},{"not_picked":["All Out Attack","Dagger Spray"],"picked":"Cloak And Dagger","floor":4.0},{"not_picked":["All Out Attack","Poisoned Stab"],"picked":"Terror","floor":7.0},{"not_picked":["Cloak And Dagger","Catalyst"],"picked":"Blade Dance","floor":8.0},{"not_picked":["Sucker Punch","Dagger Spray","Underhanded Strike"],"picked":"SKIP","floor":10.0},{"not_picked":["Sucker Punch","Dagger Spray","Underhanded Strike"],"picked":"SKIP","floor":10.0},{"not_picked":["Dagger Spray","Footwork"],"picked":"Finisher","floor":12.0},{"not_picked":["Tools of the Trade","Night Terror"],"picked":"Venomology","floor":16.0},{"not_picked":["Noxious Fumes+1","Endless Agony+1","Sucker Punch"],"picked":"SKIP","floor":18.0},{"not_picked":["Deflect+1","Finisher+1"],"picked":"Prepared","floor":19.0},{"not_picked":["Quick Slash","Predator+1"],"picked":"PiercingWail","floor":20.0},{"not_picked":["Predator","Flying Knee"],"picked":"Blade Dance+1","floor":22.0},{"not_picked":["Sucker Punch","Deadly Poison"],"picked":"Cloak And Dagger","floor":24.0},{"not_picked":["Poisoned Stab","Dagger Spray+1","Deflect"],"picked":"SKIP","floor":25.0},{"not_picked":["Tools of the Trade","Doppelganger"],"picked":"A Thousand Cuts","floor":33.0},{"not_picked":["Eviscerate+1","Prepared"],"picked":"Acrobatics","floor":35.0},{"not_picked":["Endless Agony","Underhanded Strike+1"],"picked":"Infinite Blades","floor":36.0},{"not_picked":["Deflect+1","Dodge and Roll+1"],"picked":"Expertise+1","floor":37.0},{"not_picked":["Blur","Poisoned Stab+1"],"picked":"Crippling Poison+1","floor":38.0},{"not_picked":["Dagger Spray","Caltrops+1"],"picked":"Concentrate+1","floor":40.0},{"not_picked":["Escape Plan","Dagger Spray"],"picked":"Phantasmal Killer","floor":42.0},{"not_picked":["Underhanded Strike+1","Noxious Fumes+1"],"picked":"Outmaneuver","floor":44.0},{"not_picked":["Poisoned Stab","PiercingWail+1"],"picked":"Setup+1","floor":45.0},{"not_picked":["Skewer","Dodge and Roll+1"],"picked":"Night Terror","floor":46.0},{"not_picked":["Escape Plan+1","Concentrate"],"picked":"Acrobatics+1","floor":47.0}],"player_experience":26000,"relics_obtained":[{"floor":7.0,"key":"Gremlin Horn"},{"floor":9.0,"key":"Bottled Flame"},{"floor":10.0,"key":"Blood Vial"},{"floor":14.0,"key":"Regal Pillow"},{"floor":24.0,"key":"Pocketwatch"},{"floor":26.0,"key":"MealTicket"},{"floor":40.0,"key":"Shuriken"},{"floor":43.0,"key":"Thread and Needle"},{"floor":44.0,"key":"Omamori"},{"floor":46.0,"key":"FossilizedHelix"}],"event_choices":[{"damage_healed":0.0,"max_hp_gain":0.0,"max_hp_loss":0.0,"gold_gain":275.0,"event_name":"Golden Shrine","player_choice":"Desecrate","floor":2.0,"gold_loss":0.0,"damage_taken":0.0,"cards_obtained":["Regret"]},{"damage_healed":0.0,"max_hp_gain":0.0,"max_hp_loss":0.0,"gold_gain":0.0,"event_name":"Scrap Ooze","player_choice":"Success","floor":11.0,"gold_loss":0.0,"damage_taken":3.0,"relics_obtained":["Smiling Mask"]},{"damage_healed":0.0,"max_hp_gain":5.0,"max_hp_loss":0.0,"gold_gain":0.0,"event_name":"Forgotten Altar","player_choice":"Shed Blood","floor":28.0,"gold_loss":0.0,"damage_taken":18.0},{"damage_healed":0.0,"max_hp_gain":0.0,"max_hp_loss":0.0,"gold_gain":0.0,"cards_transformed":["Strike_G"],"event_name":"Transmorgrifier","player_choice":"Transformed","floor":29.0,"gold_loss":0.0,"damage_taken":0.0,"cards_obtained":["Envenom"]},{"damage_healed":0.0,"max_hp_gain":0.0,"max_hp_loss":0.0,"gold_gain":0.0,"event_name":"Mysterious Sphere","player_choice":"Fight","floor":46.0,"gold_loss":0.0,"damage_taken":0.0},{"cards_removed":["Defend_G"],"damage_healed":0.0,"max_hp_gain":0.0,"max_hp_loss":0.0,"gold_gain":0.0,"event_name":"Falling","player_choice":"Removed Skill","floor":48.0,"gold_loss":0.0,"damage_taken":0.0}],"is_beta":false,"boss_relics":[{"not_picked":["Fusion Hammer","Philosopher\u0027s Stone"],"picked":"SlaversCollar"},{"not_picked":["Busted Crown","Snecko Eye"],"picked":"Empty Cage"}],"items_purged_floors":[5,13,21,31,39],"is_endless":false,"potions_floor_spawned":[3,4,16,18,19,24,33,35,37,38,42,47],"ascension_level":1}}