{"host":"eu5wvbbtjeiar27l","time":1610473633,"event":{"mods":["BaseMod","Colored Powertips","Conspire","Hubris","Infinite Spire","Minty Spire (QoL Compilation)","Rare Cards Sparkle","StSLib","The Factory","The Jungle","vexMod"],"gold_per_floor":[112,130,144,244,256,285,297,297,297,297,308,88,88,103,103,202,202,220,295,39,39,3,3,33,33,81,81,81,116,116,4,4,4,4],"floor_reached":33,"playtime":1584,"items_purged":["Strike_B"],"score":331,"play_id":"e0d79f14-901a-42d7-b5e8-319f9cf7875c","local_time":"20210112174713","is_ascension_mode":false,"campfire_choices":[{"data":"Storm","floor":8,"key":"SMITH"},{"data":"Defragment","floor":10,"key":"SMITH"},{"data":"Machine Learning","floor":13,"key":"SMITH"},{"floor":15,"key":"REST"},{"data":"hubris:PowerSurge","floor":23,"key":"SMITH"},{"data":"Coolheaded","floor":28,"key":"SMITH"},{"floor":30,"key":"REST"},{"data":"Self Repair","floor":32,"key":"SMITH"}],"circlet_count":0,"master_deck":["Strike_B","Strike_B","Strike_B","Defend_B","Defend_B","Defend_B","Zap+1","Dualcast+1","Storm+1","Cold Snap","Loop+1","Defragment+1","Machine Learning+1","Sunder+1","Creative AI+1","Heatsinks+1","hubris:PowerSurge+1","Coolheaded+1","Self Repair+1"],"relics":["Cracked Core","NeowsBlessing","infinitespire:Lychee Nut","Symbiotic Virus","vexMod:ImprovementManual","Membership Card","Thread and Needle","vexMod:PlasmaPancake","Juzu Bracelet","Du-Vu Doll","DataDisk"],"acts_visited":["Exordium","TheCity"],"potions_floor_usage":[6,6,33,33],"damage_taken":[{"damage":0,"enemies":"Cultist","floor":1,"turns":1},{"damage":0,"enemies":"Small Slimes","floor":2,"turns":1},{"damage":0,"enemies":"2 Louse","floor":3,"turns":1},{"damage":6,"enemies":"Exordium Thugs","floor":5,"turns":4},{"damage":43,"enemies":"Gremlin Nob","floor":6,"turns":5},{"damage":11,"enemies":"Large Slime","floor":7,"turns":4},{"damage":15,"enemies":"Looter","floor":11,"turns":3},{"damage":6,"enemies":"Exordium Wildlife","floor":14,"turns":3},{"damage":0,"enemies":"Slime Boss","floor":16,"turns":6},{"damage":5,"enemies":"Chosen","floor":18,"turns":3},{"damage":29,"enemies":"Nightmare","floor":24,"turns":4},{"damage":23,"enemies":"Slavers","floor":29,"turns":4},{"damage":44,"enemies":"Champ","floor":33,"turns":6}],"seed_played":"-9037063399213165824","potions_obtained":[{"floor":3,"key":"Energy Potion"},{"floor":5,"key":"SkillPotion"},{"floor":6,"key":"FearPotion"},{"floor":14,"key":"BlessingOfTheForge"},{"floor":29,"key":"LiquidBronze"}],"is_trial":false,"path_per_floor":["M","M","M","?","M","E","M","R","T","R","M","$","R","M","R","B",null,"M","?","$","?","$","R","NM","?","T","?","R","E","R","$","R","B"],"character_chosen":"DEFECT","items_purchased":["Machine Learning","Sunder","Heatsinks","Membership Card","hubris:PowerSurge","DataDisk","Self Repair"],"campfire_rested":2,"item_purchase_floors":[12,12,20,20,22,31,31],"current_hp_per_floor":[75,75,75,75,69,26,21,21,21,21,11,11,11,10,26,32,56,53,48,48,48,48,48,25,31,31,31,31,14,32,32,32,0,0],"gold":4,"neow_bonus":"THREE_ENEMY_KILL","is_daily":false,"chose_seed":false,"campfire_upgraded":6,"win_rate":0.0,"timestamp":1610473633,"path_taken":["M","?","M","?","M","E","M","R","T","R","M","?","R","?","R","BOSS","M","?","?","?","$","R","NM","?","T","?","R","E","R","$","R","BOSS"],"items_purchased_type":["Card","Card","Card","Relic","Card","Relic","Card"],"build_version":"2020-12-22","purchased_purges":1,"victory":false,"max_hp_per_floor":[75,75,75,75,75,56,56,56,56,56,56,56,56,56,56,56,56,56,56,56,56,56,56,56,62,62,62,62,62,62,62,62,62,62],"card_choices":[{"not_picked":["Go for the Eyes","Heatsinks"],"picked":"Storm","floor":1},{"not_picked":["Go for the Eyes","Steam Power"],"picked":"Cold Snap","floor":2},{"not_picked":["Streamline","Rebound","Compile Driver"],"picked":"SKIP","floor":3},{"not_picked":["Steam Power","Recycle"],"picked":"Loop","floor":5},{"not_picked":["Hello World","conspire:Rain","Compile Driver"],"picked":"SKIP","floor":6},{"not_picked":["Ball Lightning","Gash"],"picked":"Defragment","floor":7},{"not_picked":["Stack","Steam","Hologram"],"picked":"SKIP","floor":11},{"not_picked":["Stack","Recycle","Hologram"],"picked":"SKIP","floor":14},{"not_picked":["Machine Learning","Rainbow"],"picked":"Creative AI","floor":16},{"not_picked":["Steam","Go for the Eyes","Auto Shields"],"picked":"SKIP","floor":18},{"not_picked":["Reprogram+1","Blizzard"],"picked":"Coolheaded","floor":24},{"not_picked":["Stack","Rebound","Barrage"],"picked":"SKIP","floor":29}],"player_experience":111541,"relics_obtained":[{"floor":6,"key":"infinitespire:Lychee Nut"},{"floor":9,"key":"Symbiotic Virus"},{"floor":24,"key":"Thread and Needle"},{"floor":26,"key":"Juzu Bracelet"},{"floor":29,"key":"Du-Vu Doll"}],"event_choices":[{"damage_healed":0,"gold_gain":100,"player_choice":"Pray","damage_taken":0,"max_hp_gain":0,"max_hp_loss":0,"event_name":"Golden Shrine","floor":4,"gold_loss":0},{"damage_healed":0,"gold_gain":75,"player_choice":"Touch","damage_taken":5,"max_hp_gain":0,"max_hp_loss":0,"event_name":"FaceTrader","floor":19,"gold_loss":0},{"damage_healed":0,"gold_gain":0,"player_choice":"Opened","damage_taken":0,"relics_obtained":["vexMod:PlasmaPancake"],"max_hp_gain":0,"max_hp_loss":0,"event_name":"The Mausoleum","floor":25,"gold_loss":0},{"cards_removed":["Defend_B"],"damage_healed":0,"gold_gain":0,"player_choice":"Elegance","damage_taken":0,"max_hp_gain":0,"max_hp_loss":0,"event_name":"Back to Basics","floor":27,"gold_loss":0}],"is_beta":false,"boss_relics":[{"not_picked":["conspire:SeveredTorchhead","Snecko Eye"],"picked":"vexMod:ImprovementManual"}],"items_purged_floors":[20],"is_endless":false,"potions_floor_spawned":[3,5,6,14,29],"killed_by":"Champ","ascension_level":0}}