{"host":"oeqgep2lwmjgysjb","time":1610450420,"event":{"mods":["AchievementEnabler","Aspiration","BaseMod","Colored Powertips","Custom Start","Hubris","Minty Spire (QoL Compilation)","Quick Restart","Replay The Spire","Shop Mod","StSLib"],"gold_per_floor":[115,115,128,165,179,214,214,247,247,273,299,314,131,149,149,253,253,265,265,276,14,14,14,45,79,79,8,20,32,32,32],"floor_reached":30,"playtime":2955,"items_purged":["Replay:Hum"],"score":348,"play_id":"29603f37-b6a0-40d6-ad02-75424c464585","local_time":"20210112222020","daily_mods":["Draft","DeadlyEvents","Elite Swarm"],"is_ascension_mode":false,"campfire_choices":[{"data":"Establishment","floor":7,"key":"SMITH"},{"floor":15,"key":"REST"},{"floor":23,"key":"REST"}],"circlet_count":0,"master_deck":["FollowUp","CutThroughFate","BattleHymn","ClearTheMind","MentalFortress+1","Weave","FlurryOfBlows","Crescendo","FlurryOfBlows","Tantrum","Sanctity","DeceiveReality","FollowUp","FlurryOfBlows","Study+1","ThirdEye","JustLucky","Establishment+1","DevaForm","ConjureBlade","LessonLearned","FollowUp","CarveReality","Study","Alpha","Adaptation","Crescendo","Weave","Weave","ConjureBlade","Alpha","Wireheading","MentalFortress","JustLucky"],"relics":["PureWater","Mango","Snack Pack","Vajra","Pet Ghost","hubris:ToyBattleship","hubris:Zylophone","ChewingGum","aspiration:RitualStick","Chemical X","GremlinMask","Damaru","Onion Ring","Bag of Preparation"],"acts_visited":["Exordium","TheCity"],"potions_floor_usage":[16,16,20,24,24,25],"damage_taken":[{"damage":1,"enemies":"Small Slimes","floor":1,"turns":2},{"damage":0,"enemies":"Cultist","floor":3,"turns":1},{"damage":3,"enemies":"2 Louse","floor":5,"turns":3},{"damage":0,"enemies":"Gremlin Nob","floor":6,"turns":2},{"damage":9,"enemies":"3 Sentries","floor":8,"turns":5},{"damage":9,"enemies":"Gremlin Nob","floor":10,"turns":3},{"damage":0,"enemies":"Lagavulin","floor":11,"turns":4},{"damage":18,"enemies":"2 Fungi Beasts","floor":12,"turns":4},{"damage":6,"enemies":"Gremlin Gang","floor":14,"turns":4},{"damage":39,"enemies":"The Guardian","floor":16,"turns":7},{"damage":34,"enemies":"2 Thieves","floor":18,"turns":3},{"damage":25,"enemies":"3 Byrds","floor":20,"turns":5},{"damage":28,"enemies":"Slavers","floor":24,"turns":4},{"damage":10,"enemies":"Book of Stabbing","floor":25,"turns":3},{"damage":20,"enemies":"Sentry and Sphere","floor":28,"turns":4},{"damage":16,"enemies":"Snake Plant","floor":29,"turns":2},{"damage":8,"enemies":"Replay:Snechameleon","floor":30,"turns":1}],"seed_played":"-6569853857133500259","potions_obtained":[{"floor":6,"key":"LifebloodPotion"},{"floor":10,"key":"Milkshake"},{"floor":11,"key":"Energy Potion"},{"floor":16,"key":"Strength Potion"},{"floor":18,"key":"Flashbang"},{"floor":25,"key":"CultistPotion"}],"is_trial":true,"path_per_floor":["M","?","M","?","M","E","R","E","T","E","E","M","$","M","R","B",null,"M","?","M","$","?","R","E","E","T","$","M","M","E"],"character_chosen":"WATCHER","items_purchased":["CarveReality","Study","Chemical X","Weave","SkillPotion","Wireheading"],"campfire_rested":2,"item_purchase_floors":[13,13,21,21,21,27],"current_hp_per_floor":[71,72,72,68,65,65,65,64,64,59,63,49,49,47,72,47,86,56,39,22,22,22,47,31,29,29,29,17,5,0,0],"gold":32,"neow_bonus":"","is_daily":false,"chose_seed":false,"campfire_upgraded":1,"win_rate":0.0,"timestamp":1610450420,"path_taken":["M","?","?","?","M","E","R","E","T","E","?","M","?","?","R","BOSS","M","?","M","$","?","R","?","E","T","?","M","?","?"],"items_purchased_type":["Card","Card","Relic","Card","Potion","Card"],"build_version":"2020-12-22","purchased_purges":1,"victory":false,"max_hp_per_floor":[72,72,72,86,86,86,86,86,86,86,86,86,86,86,86,86,86,86,86,86,86,86,86,86,86,86,86,86,86,86,86],"card_choices":[{"not_picked":["SashWhip","PathToVictory"],"picked":"FollowUp","floor":0},{"not_picked":["ThirdEye","Consecrate"],"picked":"Replay:Hum","floor":0},{"not_picked":["Swivel","CrushJoints"],"picked":"CutThroughFate","floor":0},{"not_picked":["EmptyMind","SandsOfTime"],"picked":"BattleHymn","floor":0},{"not_picked":["Tantrum","WreathOfFlame"],"picked":"ClearTheMind","floor":0},{"not_picked":["CrushJoints","Replay:BluntJabs"],"picked":"MentalFortress","floor":0},{"not_picked":["Indignation","Protect"],"picked":"BowlingBash","floor":0},{"not_picked":["EmptyBody","Replay:Anticipation"],"picked":"Weave","floor":0},{"not_picked":["FollowUp","Pray"],"picked":"FlurryOfBlows","floor":0},{"not_picked":["EmptyBody","ThirdEye"],"picked":"Crescendo","floor":0},{"not_picked":["EmptyBody","Replay:BluntJabs"],"picked":"FlurryOfBlows","floor":0},{"not_picked":["InnerPeace","Replay:Battleflow"],"picked":"Tantrum","floor":0},{"not_picked":["SandsOfTime","Halt"],"picked":"Sanctity","floor":0},{"not_picked":["PathToVictory","Halt"],"picked":"DeceiveReality","floor":0},{"not_picked":["Worship","BowlingBash"],"picked":"FollowUp","floor":0},{"not_picked":["Pray","WindmillStrike"],"picked":"FlurryOfBlows","floor":1},{"not_picked":["Evaluate","Sanctity"],"picked":"Study","floor":3},{"not_picked":["PathToVictory","Evaluate"],"picked":"ThirdEye","floor":4},{"not_picked":["MentalFortress","Replay:ManipulateFuture"],"picked":"JustLucky","floor":5},{"not_picked":["Ragnarok","Blasphemy"],"picked":"Establishment","floor":6},{"not_picked":["Blasphemy","Ragnarok"],"picked":"DevaForm","floor":8},{"not_picked":["Brilliance","Establishment"],"picked":"ConjureBlade","floor":10},{"not_picked":["Replay:AllIn","Omniscience"],"picked":"LessonLearned","floor":11},{"not_picked":["FlyingSleeves","BowlingBash"],"picked":"FollowUp","floor":12},{"not_picked":["Perseverance","Replay:BluntJabs","Halt"],"picked":"SKIP","floor":14},{"not_picked":["SpiritShield","Blasphemy"],"picked":"Alpha","floor":16},{"not_picked":["ThirdEye+1","BowlingBash"],"picked":"Adaptation","floor":18},{"not_picked":["Replay:BluntJabs+1","SashWhip"],"picked":"Crescendo","floor":20},{"not_picked":["Ragnarok","Brilliance"],"picked":"ConjureBlade","floor":24},{"not_picked":["Replay:LoomingThreat","Ragnarok"],"picked":"Alpha","floor":25},{"not_picked":["WreathOfFlame","FlyingSleeves"],"picked":"MentalFortress","floor":28},{"not_picked":["ThirdEye","PathToVictory+1"],"picked":"JustLucky","floor":29}],"player_experience":243311,"relics_obtained":[{"floor":4,"key":"Mango"},{"floor":6,"key":"Snack Pack"},{"floor":8,"key":"Vajra"},{"floor":9,"key":"Pet Ghost"},{"floor":10,"key":"hubris:ToyBattleship"},{"floor":11,"key":"hubris:Zylophone"},{"floor":24,"key":"Damaru"},{"floor":25,"key":"Onion Ring"},{"floor":26,"key":"Bag of Preparation"}],"event_choices":[{"cards_removed":["BowlingBash"],"damage_healed":5,"gold_gain":0,"player_choice":"Offered Common","damage_taken":0,"max_hp_gain":0,"max_hp_loss":0,"event_name":"Bonfire Elementals","floor":2,"gold_loss":0},{"cards_removed":["BowlingBash"],"damage_healed":5,"gold_gain":0,"player_choice":"Offered Special","damage_taken":0,"max_hp_gain":0,"max_hp_loss":0,"event_name":"Bonfire Elementals","floor":2,"gold_loss":0},{"damage_healed":0,"gold_gain":0,"player_choice":"Trade","damage_taken":0,"relics_obtained":["GremlinMask"],"max_hp_gain":0,"max_hp_loss":0,"event_name":"FaceTrader","floor":22,"gold_loss":0}],"is_beta":false,"boss_relics":[{"not_picked":["Busted Crown","hubris:RunicObelisk"],"picked":"ChewingGum"}],"items_purged_floors":[13],"is_endless":false,"potions_floor_spawned":[6,10,11,12,16,18,25],"killed_by":"Replay:Snechameleon","ascension_level":0}}