{"host":"wha9hktbkslqvblg","time":1610432559,"event":{"mods":["BaseMod","Colored Map","Minty Spire (QoL Compilation)","Relic Stats","SuperFastMode","everything is the same but u backflip on backflip"],"gold_per_floor":[110,110,35,35,35,62,62,94,94,18,37,54,71,83,83,161,161,176,101,101,116,41,41,66,66,66,66,66,66],"floor_reached":28,"playtime":600,"items_purged":["Strike_R"],"score":588,"play_id":"d9c5c185-4b23-4f4a-85e5-56b73e90fb2a","local_time":"20210112152239","is_ascension_mode":true,"campfire_choices":[{"data":"Body Slam","floor":7.0,"key":"SMITH"},{"data":"Immolate","floor":15.0,"key":"SMITH"},{"data":"Barricade","floor":23.0,"key":"SMITH"},{"data":"Entrench","floor":27.0,"key":"SMITH"}],"circlet_count":0,"master_deck":["AscendersBane","Strike_R","Defend_R","Defend_R","Defend_R","Defend_R","Bash","Body Slam+1","Ghostly Armor","Evolve","Second Wind","Flame Barrier","Immolate+1","Barricade+1","Battle Trance","Feel No Pain","Entrench+1"],"relics":["Burning Blood","NeowsBlessing","Potion Belt","FossilizedHelix","Paper Frog","Mark of Pain","Nilry\u0027s Codex","Matryoshka","MealTicket","Bottled Lightning"],"acts_visited":["Exordium","TheCity"],"potions_floor_usage":[28,28],"damage_taken":[{"damage":0.0,"enemies":"Jaw Worm","floor":1.0,"turns":1.0},{"damage":0.0,"enemies":"3 Sentries","floor":6.0,"turns":2.0},{"damage":0.0,"enemies":"Gremlin Nob","floor":8.0,"turns":1.0},{"damage":0.0,"enemies":"Small Slimes","floor":11.0,"turns":3.0},{"damage":6.0,"enemies":"2 Louse","floor":12.0,"turns":4.0},{"damage":9.0,"enemies":"Red Slaver","floor":13.0,"turns":6.0},{"damage":22.0,"enemies":"Large Slime","floor":14.0,"turns":8.0},{"damage":17.0,"enemies":"Hexaghost","floor":16.0,"turns":9.0},{"damage":20.0,"enemies":"2 Thieves","floor":18.0,"turns":4.0},{"damage":0.0,"enemies":"3 Byrds","floor":21.0,"turns":3.0},{"damage":24.0,"enemies":"Gremlin Leader","floor":24.0,"turns":6.0},{"damage":12,"enemies":"Book of Stabbing","floor":28,"turns":4}],"seed_played":"8438692526952222314","potions_obtained":[{"floor":1.0,"key":"BlessingOfTheForge"},{"floor":5.0,"key":"BloodPotion"},{"floor":5.0,"key":"ColorlessPotion"},{"floor":6.0,"key":"LiquidBronze"},{"floor":11.0,"key":"SpeedPotion"},{"floor":16.0,"key":"Explosive Potion"},{"floor":21.0,"key":"LiquidBronze"}],"is_trial":false,"path_per_floor":["M","?","?","?","?","E","R","E","T","$","M","M","M","M","R","B",null,"M","$","?","M","?","R","E","?","T","R","E"],"character_chosen":"IRONCLAD","items_purchased":["Evolve"],"campfire_rested":0,"item_purchase_floors":[10],"current_hp_per_floor":[74,67,67,32,32,38,38,44,44,44,50,50,47,31,31,35,65,51,51,30,36,36,36,18,18,18,18,6,6],"gold":66,"neow_bonus":"THREE_ENEMY_KILL","is_daily":false,"chose_seed":false,"campfire_upgraded":4,"win_rate":0.0,"timestamp":1610432559,"path_taken":["M","?","?","?","?","E","R","E","T","$","M","M","M","?","R","BOSS","M","$","?","M","?","R","E","?","T","R","E"],"items_purchased_type":["Card"],"build_version":"2020-12-22","purchased_purges":1,"victory":false,"max_hp_per_floor":[75,75,75,75,75,75,75,75,75,75,75,75,75,75,75,75,75,75,75,75,75,75,75,75,75,75,75,75,75],"relic_stats":{"counters":[12,51],"MealTicket":0,"obtain_stats":[{"Potion Belt":4,"Matryoshka":24,"NeowsBlessing":0,"Nilry\u0027s Codex":20,"MealTicket":26,"Mark of Pain":17,"Bottled Lightning":26,"Burning Blood":0,"FossilizedHelix":6,"Paper Frog":8},{"Potion Belt":1,"Matryoshka":11,"NeowsBlessing":0,"Nilry\u0027s Codex":9,"MealTicket":11,"Mark of Pain":8,"Bottled Lightning":11,"Burning Blood":0,"FossilizedHelix":2,"Paper Frog":3},{"Potion Belt":1,"Matryoshka":47,"NeowsBlessing":0,"Nilry\u0027s Codex":38,"MealTicket":47,"Mark of Pain":34,"Bottled Lightning":47,"Burning Blood":0,"FossilizedHelix":3,"Paper Frog":4}],"Burning Blood":66},"card_choices":[{"not_picked":["Dropkick","Anger"],"picked":"Body Slam","floor":1.0},{"not_picked":["Sever Soul","Perfected Strike","Clash"],"picked":"SKIP","floor":6.0},{"not_picked":["Twin Strike","Inflame"],"picked":"Ghostly Armor","floor":8.0},{"not_picked":["Clothesline","Warcry"],"picked":"Second Wind","floor":11.0},{"not_picked":["Shockwave","Second Wind"],"picked":"Flame Barrier","floor":12.0},{"not_picked":["Iron Wave","Twin Strike","Havoc"],"picked":"SKIP","floor":13.0},{"not_picked":["Bloodletting","Intimidate"],"picked":"Immolate","floor":14.0},{"not_picked":["Fiend Fire","Immolate"],"picked":"Barricade","floor":16.0},{"not_picked":["Rupture+1","Rampage"],"picked":"Battle Trance","floor":18.0},{"not_picked":["Warcry","Dropkick","True Grit"],"picked":"SKIP","floor":21.0},{"not_picked":["Dark Embrace","Seeing Red"],"picked":"Feel No Pain","floor":24.0}],"player_experience":956183,"relics_obtained":[{"floor":6.0,"key":"FossilizedHelix"},{"floor":8.0,"key":"Paper Frog"},{"floor":20.0,"key":"Nilry\u0027s Codex"},{"floor":24.0,"key":"Matryoshka"},{"floor":26.0,"key":"MealTicket"},{"floor":26.0,"key":"Bottled Lightning"}],"event_choices":[{"cards_removed":["Strike_R"],"damage_healed":0.0,"max_hp_gain":0.0,"max_hp_loss":0.0,"gold_gain":0.0,"event_name":"Golden Wing","player_choice":"Card Removal","floor":2.0,"gold_loss":0.0,"damage_taken":7.0},{"cards_removed":["Strike_R"],"damage_healed":0.0,"max_hp_gain":0.0,"max_hp_loss":0.0,"gold_gain":0.0,"event_name":"The Cleric","player_choice":"Card Removal","floor":3.0,"gold_loss":75.0,"damage_taken":0.0},{"damage_healed":0.0,"max_hp_gain":0.0,"max_hp_loss":0.0,"gold_gain":0.0,"event_name":"Scrap Ooze","player_choice":"Success","floor":4.0,"gold_loss":0.0,"damage_taken":35.0,"relics_obtained":["Potion Belt"]},{"damage_healed":0.0,"max_hp_gain":0.0,"max_hp_loss":0.0,"gold_gain":0.0,"event_name":"Lab","player_choice":"Got Potions","floor":5.0,"gold_loss":0.0,"damage_taken":0.0},{"damage_healed":0.0,"max_hp_gain":0.0,"max_hp_loss":0.0,"gold_gain":0.0,"event_name":"Cursed Tome","player_choice":"Obtained Book","floor":20.0,"gold_loss":0.0,"damage_taken":21.0},{"cards_removed":["Strike_R"],"damage_healed":0.0,"max_hp_gain":0.0,"max_hp_loss":0.0,"gold_gain":0.0,"event_name":"Beggar","player_choice":"Gave Gold","floor":22.0,"gold_loss":75.0,"damage_taken":0.0},{"damage_healed":0.0,"max_hp_gain":0.0,"max_hp_loss":0.0,"gold_gain":0.0,"event_name":"The Library","player_choice":"Read","floor":25.0,"gold_loss":0.0,"damage_taken":0.0,"cards_obtained":["Entrench"]}],"is_beta":false,"boss_relics":[{"not_picked":["Black Star","Calling Bell"],"picked":"Mark of Pain"}],"items_purged_floors":[19],"is_endless":false,"potions_floor_spawned":[1,6,11,16,21],"killed_by":"Book of Stabbing","ascension_level":20}}