{"host":"w3q5ijqu8eoknil3","time":1610410334,"event":{"mods":["AchievementEnabler","BaseMod","Block Reminder","Colored Powertips","Curses Come First","Minty Spire (QoL Compilation)","Quick Restart","Relic Stats","StSLib","ojb\u0027s Better Paths Mod","ojb\u0027s Info Mod","slay the spire mod where everything is the same but ironclad has a cowboy hat"],"gold_per_floor":[111,121,141,152,167,167,167,167],"floor_reached":7,"playtime":310,"items_purged":[],"score":86,"play_id":"7b0447ac-f1e1-4124-b3eb-87e3a34c4572","local_time":"20210112001214","is_ascension_mode":true,"campfire_choices":[{"data":"Die Die Die","floor":6,"key":"SMITH"}],"circlet_count":0,"master_deck":["AscendersBane","Strike_G","Strike_G","Strike_G","Strike_G","Strike_G","Defend_G","Defend_G","Defend_G","Defend_G","Defend_G","Survivor","Neutralize","Sucker Punch","Die Die Die+1","Eviscerate","Blade Dance","Backstab"],"relics":["Ring of the Snake","NeowsBlessing"],"acts_visited":["Exordium"],"potions_floor_usage":[4,5,7],"damage_taken":[{"damage":0,"enemies":"2 Louse","floor":1,"turns":1},{"damage":0,"enemies":"Small Slimes","floor":2,"turns":1},{"damage":0,"enemies":"Cultist","floor":3,"turns":1},{"damage":21,"enemies":"Large Slime","floor":4,"turns":9},{"damage":0,"enemies":"2 Fungi Beasts","floor":5,"turns":2},{"damage":43,"enemies":"Lagavulin","floor":7,"turns":8}],"seed_played":"3840106142439508117","potions_obtained":[{"floor":2,"key":"Fruit Juice"},{"floor":3,"key":"BlessingOfTheForge"},{"floor":5,"key":"Block Potion"}],"is_trial":false,"path_per_floor":["M","M","M","M","M","R","E"],"character_chosen":"THE_SILENT","items_purchased":[],"campfire_rested":0,"item_purchase_floors":[],"current_hp_per_floor":[59,59,59,43,43,43,0,0],"gold":167,"neow_bonus":"THREE_ENEMY_KILL","is_daily":false,"chose_seed":false,"campfire_upgraded":1,"win_rate":0.0,"timestamp":1610410334,"path_taken":["M","M","M","M","M","R","E"],"items_purchased_type":[],"build_version":"2020-12-22","purchased_purges":0,"victory":false,"max_hp_per_floor":[66,66,66,71,71,71,71,71],"relic_stats":{"counters":[6,22],"obtain_stats":[{"NeowsBlessing":0,"Ring of the Snake":0},{"NeowsBlessing":0,"Ring of the Snake":0},{"NeowsBlessing":0,"Ring of the Snake":0}],"Ring of the Snake":[12]},"card_choices":[{"not_picked":["Backflip","Bane"],"picked":"Sucker Punch","floor":1},{"not_picked":["Concentrate","Acrobatics"],"picked":"Die Die Die","floor":2},{"not_picked":["Outmaneuver","Dodge and Roll"],"picked":"Eviscerate","floor":3},{"not_picked":["Backflip","Prepared"],"picked":"Blade Dance","floor":4},{"not_picked":["Deadly Poison","Dodge and Roll"],"picked":"Backstab","floor":5}],"player_experience":964109,"relics_obtained":[],"event_choices":[],"is_beta":false,"boss_relics":[],"items_purged_floors":[],"is_endless":false,"potions_floor_spawned":[2,3,5],"killed_by":"Lagavulin","ascension_level":18}}