{"host":"t9zjxed0utvsfjwc","time":1610463704,"event":{"mods":["2.2 Compatiblity","Aspiration","BaseMod","Block Reminder","Colored Map","Colored Powertips","Highlight Path","Hubris","Infinite Spire","Minty Spire (QoL Compilation)","Quick Restart","Replay The Spire","StSLib","The Marked","Unceasing Turn Reminder","everything is the same but u backflip on backflip"],"gold_per_floor":[113,38,38,50,60,60,60,80,103,133,133,133,33,48,48,151,151,163,175,206,225,236,261,102,102,102,102,120,120,120,131,131,131,131],"floor_reached":33,"playtime":1669,"items_purged":["Defend_R","Strike_R","Strike_R"],"score":267,"play_id":"d9158505-564e-4ccc-a6ca-9d4b64b458d2","local_time":"20210112150144","is_ascension_mode":false,"campfire_choices":[{"data":"Iron Wave","floor":6,"key":"SMITH"},{"data":"Cleave","floor":12,"key":"SMITH"},{"data":"Thunderclap","floor":25,"key":"SMITH"},{"floor":30,"key":"REST"},{"floor":32,"key":"REST"}],"circlet_count":0,"master_deck":["Strike_R","Strike_R","Defend_R+1","Bash","Iron Wave+1","Defend_R+1","Pommel Strike","Sentinel+1","Cleave+1","Clash+1","Prostrate+1","Consecrate+1","Thunderclap+1","Pommel Strike","Pommel Strike","hubris:NaturalOne"],"relics":["Burning Blood","NeowsBlessing","War Paint","infinitespire:ShieldingShard","aspiration:WatcherSkillbook","Red Mask","Question Card","infinitespire:Broken Mirror","hubris:Icosahedron"],"acts_visited":["Exordium","TheCity"],"potions_floor_usage":[10,14,16,16,16,20,28,33],"damage_taken":[{"damage":0,"enemies":"Small Slimes","floor":1,"turns":1},{"damage":0,"enemies":"Cultist","floor":4,"turns":1},{"damage":0,"enemies":"2 Louse","floor":5,"turns":1},{"damage":0,"enemies":"Blue Slaver","floor":8,"turns":4},{"damage":22,"enemies":"3 Sentries","floor":10,"turns":8},{"damage":0,"enemies":"Gremlin Gang","floor":14,"turns":2},{"damage":33,"enemies":"The Guardian","floor":16,"turns":6},{"damage":7,"enemies":"3 Byrds","floor":18,"turns":7},{"damage":0,"enemies":"Chosen","floor":19,"turns":4},{"damage":24,"enemies":"Masked Bandits","floor":20,"turns":4},{"damage":13,"enemies":"Sentry and Sphere","floor":21,"turns":5},{"damage":0,"enemies":"Centurion and Healer","floor":22,"turns":5},{"damage":10,"enemies":"Slavers","floor":23,"turns":5},{"damage":39,"enemies":"Snecko","floor":28,"turns":6},{"damage":14,"enemies":"Snake Plant","floor":31,"turns":4},{"damage":61,"enemies":"hubris:MusketHawk","floor":33,"turns":6}],"seed_played":"8868498832502729666","potions_obtained":[{"floor":1,"key":"Fire Potion"},{"floor":14,"key":"EntropicBrew"},{"floor":18,"key":"ColorlessPotion"},{"floor":23,"key":"Swift Potion"},{"floor":28,"key":"SpeedPotion"},{"floor":31,"key":"LiquidMemories"}],"is_trial":false,"path_per_floor":["M","$","?","M","M","R","?","M","T","E","?","R","$","M","R_BF","B",null,"M","M","?","M","M","E","$","R","T","?","M","?","R","M","R","B"],"character_chosen":"IRONCLAD","items_purchased":["Pommel Strike"],"campfire_rested":2,"item_purchase_floors":[24],"current_hp_per_floor":[80,80,80,80,80,80,80,80,80,64,57,57,57,63,80,53,80,79,80,62,55,61,57,57,57,57,57,24,16,40,32,56,0,0],"gold":131,"neow_bonus":"THREE_ENEMY_KILL","is_daily":false,"chose_seed":false,"campfire_upgraded":3,"win_rate":0.0,"timestamp":1610463704,"path_taken":["M","$","?","?","M","R","?","M","T","E","?","R","?","M","R_BF","BOSS","M","?","?","M","M","E","$","R","T","?","M","?","R","M","R","BOSS"],"items_purchased_type":["Card"],"build_version":"2020-12-22","purchased_purges":3,"victory":false,"max_hp_per_floor":[80,80,80,80,80,80,80,80,80,80,80,80,80,80,80,80,80,80,80,80,80,80,80,80,80,80,80,80,80,80,80,80,80,80],"card_choices":[{"not_picked":["ReplayTheSpireMod:Muscle Training","ReplayTheSpireMod:Stacked"],"picked":"Iron Wave","floor":1},{"not_picked":["Sword Boomerang","Dropkick"],"picked":"Pommel Strike","floor":4},{"not_picked":["Twin Strike","Feel No Pain"],"picked":"Sentinel","floor":5},{"not_picked":["Shockwave","ReplayTheSpireMod:Strike From Hell","Dark Embrace"],"picked":"SKIP","floor":8},{"not_picked":["Replay:Undeath\u0027s Touch","Havoc"],"picked":"Cleave","floor":10},{"not_picked":["Battle Trance","Seeing Red"],"picked":"Clash","floor":14},{"not_picked":["Halt","Study","Thunderclap"],"picked":"Prostrate+1","floor":18},{"not_picked":["Cleave","WreathOfFlame+1","Heavy Blade"],"picked":"Consecrate+1","floor":19},{"not_picked":["Anger+1","Collect","Evaluate"],"picked":"Thunderclap","floor":20},{"not_picked":["Replay:ManipulateFuture+1","Sentinel","Combust","Burning Pact"],"picked":"SKIP","floor":21},{"not_picked":["EmptyFist+1","Clothesline","ReplayReversal","Twin Strike+1"],"picked":"SKIP","floor":22},{"not_picked":["Vault","Sword Boomerang","Fasting2","EmptyFist"],"picked":"SKIP","floor":23},{"not_picked":["Protect","WreathOfFlame","Replay:BluntJabs+1","infinitespire:OneForAll+1","ClearTheMind+1"],"picked":"SKIP","floor":28},{"not_picked":["ReplayTheSpireMod:Strike From Hell+1","Whirlwind+1","Study","Twin Strike","Crescendo"],"picked":"SKIP","floor":31}],"player_experience":274179,"relics_obtained":[{"floor":9,"key":"War Paint"},{"floor":10,"key":"infinitespire:ShieldingShard"},{"floor":20,"key":"Red Mask"},{"floor":23,"key":"Question Card"},{"floor":26,"key":"infinitespire:Broken Mirror"}],"event_choices":[{"cards_removed":["Defend_R"],"damage_healed":0,"gold_gain":0,"player_choice":"Took Card","damage_taken":0,"max_hp_gain":0,"max_hp_loss":0,"event_name":"NoteForYourself","floor":3,"gold_loss":0,"cards_obtained":["Defend_R"]},{"cards_removed":["Defend_R"],"damage_healed":0,"gold_gain":0,"player_choice":"Forget","damage_taken":0,"max_hp_gain":0,"max_hp_loss":0,"event_name":"Living Wall","floor":7,"gold_loss":0},{"cards_removed":["Strike_R"],"damage_healed":0,"gold_gain":0,"player_choice":"Card Removal","damage_taken":7,"max_hp_gain":0,"max_hp_loss":0,"event_name":"Golden Wing","floor":11,"gold_loss":0},{"damage_healed":0,"gold_gain":0,"player_choice":"Fought Bandits","damage_taken":0,"max_hp_gain":0,"max_hp_loss":0,"event_name":"Masked Bandits","floor":20,"gold_loss":0}],"is_beta":false,"boss_relics":[{"not_picked":["Velvet Choker","ChewingGum"],"picked":"aspiration:WatcherSkillbook"}],"items_purged_floors":[2,13,24],"is_endless":false,"potions_floor_spawned":[1,14,18,23,28,31],"killed_by":"hubris:MusketHawk","ascension_level":0}}