{"host":"4np54w3ai1r5lqo1","time":1610472060,"event":{"mods":["BaseMod","Colored Map","Minty Spire (QoL Compilation)","Quick Restart"],"gold_per_floor":[117,117,19,34,34,34,68,68,95,136,160,183,210,229,229,355,355,374,395,420,420,76,76,108,119,119,119,17,17,45,57,57,57,57],"floor_reached":33,"playtime":1271,"items_purged":["Strike_B","Strike_B"],"score":449,"play_id":"7002d035-552c-409b-b9b8-5e76a6e458aa","local_time":"20210112152100","is_ascension_mode":true,"campfire_choices":[{"data":"Zap","floor":6.0,"key":"SMITH"},{"data":"Streamline","floor":8.0,"key":"SMITH"},{"data":"Auto Shields","floor":15.0,"key":"SMITH"},{"data":"Hyperbeam","floor":23.0,"key":"SMITH"},{"floor":27.0,"key":"REST"},{"floor":32.0,"key":"REST"}],"circlet_count":0,"master_deck":["Defend_B","Defend_B","Defend_B","Defend_B","Zap+1","Dualcast","Gash","Beam Cell","Streamline+1","Auto Shields+1","Gash","Gash","Hyperbeam+1","BootSequence","Self Repair","Mayhem","Reboot","Fusion+1","Redo+1","Go for the Eyes","Leap+1"],"relics":["Cracked Core","NeowsBlessing","Bloody Idol","Mummified Hand","Oddly Smooth Stone","Regal Pillow","Ancient Tea Set","Nuclear Battery","Ornamental Fan","Toxic Egg 2","Pen Nib"],"acts_visited":["Exordium","TheCity"],"potions_floor_usage":[],"damage_taken":[{"damage":0.0,"enemies":"Jaw Worm","floor":1.0,"turns":1.0},{"damage":0.0,"enemies":"2 Louse","floor":4.0,"turns":1.0},{"damage":0.0,"enemies":"Gremlin Nob","floor":7.0,"turns":1.0},{"damage":28.0,"enemies":"Lagavulin","floor":10.0,"turns":6.0},{"damage":0.0,"enemies":"Small Slimes","floor":11.0,"turns":2.0},{"damage":9.0,"enemies":"3 Louse","floor":12.0,"turns":3.0},{"damage":0.0,"enemies":"Red Slaver","floor":14.0,"turns":2.0},{"damage":6.0,"enemies":"Hexaghost","floor":16.0,"turns":9.0},{"damage":0.0,"enemies":"Shell Parasite","floor":18.0,"turns":3.0},{"damage":6.0,"enemies":"3 Byrds","floor":19.0,"turns":4.0},{"damage":12.0,"enemies":"Centurion and Healer","floor":20.0,"turns":5.0},{"damage":24.0,"enemies":"Slavers","floor":24.0,"turns":5.0},{"damage":14.0,"enemies":"Sentry and Sphere","floor":25.0,"turns":4.0},{"damage":54.0,"enemies":"Book of Stabbing","floor":30.0,"turns":6.0},{"damage":4.0,"enemies":"Snecko","floor":31.0,"turns":5.0},{"damage":63,"enemies":"Champ","floor":33,"turns":10}],"seed_played":"-4702676938659710210","potions_obtained":[{"floor":10.0,"key":"Weak Potion"},{"floor":11.0,"key":"Dexterity Potion"},{"floor":18.0,"key":"SpeedPotion"},{"floor":30.0,"key":"LiquidBronze"}],"is_trial":false,"path_per_floor":["M","?","$","M","?","R","E","R","T","E","M","M","T","M","R","B",null,"M","M","M","?","$","R","E","M","T","R","$","?","E","M","R","B"],"character_chosen":"DEFECT","items_purchased":["Beam Cell","Self Repair","Mayhem","Redo+1","Go for the Eyes"],"campfire_rested":2,"item_purchase_floors":[3,22,22,28,28],"current_hp_per_floor":[68,68,68,68,61,61,61,61,61,33,33,24,24,24,24,18,56,56,50,38,38,38,38,26,24,24,59,59,59,17,25,60,0,0],"gold":57,"neow_bonus":"THREE_ENEMY_KILL","is_daily":false,"chose_seed":false,"campfire_upgraded":4,"win_rate":0.0,"timestamp":1610472060,"path_taken":["M","?","?","M","?","R","E","R","T","E","M","M","?","M","R","BOSS","M","M","M","?","$","R","E","M","T","R","$","?","E","M","R","BOSS"],"items_purchased_type":["Card","Card","Card","Card","Card"],"build_version":"2020-12-22","purchased_purges":2,"victory":false,"max_hp_per_floor":[75,69,69,69,69,69,69,69,69,69,69,69,69,69,69,69,69,69,69,69,69,69,69,69,69,69,69,69,69,69,69,69,69,69],"card_choices":[{"not_picked":["Hologram","Compile Driver"],"picked":"Gash","floor":1.0},{"not_picked":["Sunder","Hologram","Beam Cell"],"picked":"SKIP","floor":4.0},{"not_picked":["Stack","Rip and Tear"],"picked":"Streamline","floor":7.0},{"not_picked":["Melter","Streamline"],"picked":"Auto Shields","floor":10.0},{"not_picked":["Electrodynamics","Defragment"],"picked":"Gash","floor":11.0},{"not_picked":["Conserve Battery","Steam"],"picked":"Gash","floor":12.0},{"not_picked":["Gash","Beam Cell","Barrage"],"picked":"SKIP","floor":14.0},{"not_picked":["Thunder Strike","Reboot"],"picked":"Hyperbeam","floor":16.0},{"not_picked":["Turbo+1","Double Energy"],"picked":"BootSequence","floor":18.0},{"not_picked":["Beam Cell+1","Chaos","Turbo+1"],"picked":"SKIP","floor":19.0},{"not_picked":["Cold Snap","Turbo","Recycle"],"picked":"SKIP","floor":20.0},{"not_picked":["Ball Lightning+1","Double Energy"],"picked":"Reboot","floor":24.0},{"not_picked":["Heatsinks","Coolheaded"],"picked":"Fusion+1","floor":25.0},{"not_picked":["Steam+1","Auto Shields+1"],"picked":"Leap+1","floor":30.0},{"not_picked":["Storm","Auto Shields+1","Turbo+1"],"picked":"SKIP","floor":31.0}],"player_experience":486186,"relics_obtained":[{"floor":7.0,"key":"Mummified Hand"},{"floor":9.0,"key":"Oddly Smooth Stone"},{"floor":10.0,"key":"Regal Pillow"},{"floor":13.0,"key":"Ancient Tea Set"},{"floor":24.0,"key":"Ornamental Fan"},{"floor":26.0,"key":"Toxic Egg 2"},{"floor":30.0,"key":"Pen Nib"}],"event_choices":[{"damage_healed":0.0,"max_hp_gain":0.0,"max_hp_loss":6.0,"gold_gain":0.0,"event_name":"Golden Idol","player_choice":"Lose Max HP","floor":2.0,"gold_loss":0.0,"damage_taken":0.0,"relics_obtained":["Golden Idol"]},{"cards_removed":["Strike_B"],"damage_healed":0.0,"max_hp_gain":0.0,"max_hp_loss":0.0,"gold_gain":0.0,"event_name":"Golden Wing","player_choice":"Card Removal","floor":5.0,"gold_loss":0.0,"damage_taken":7.0},{"damage_healed":0.0,"max_hp_gain":0.0,"max_hp_loss":0.0,"gold_gain":0.0,"event_name":"Forgotten Altar","player_choice":"Gave Idol","floor":21.0,"relics_lost":["Golden Idol"],"gold_loss":0.0,"damage_taken":0.0,"relics_obtained":["Bloody Idol"]},{"cards_removed":["Strike_B"],"damage_healed":0.0,"max_hp_gain":0.0,"max_hp_loss":0.0,"gold_gain":0.0,"event_name":"Purifier","player_choice":"Purged","floor":29.0,"gold_loss":0.0,"damage_taken":0.0}],"is_beta":false,"boss_relics":[{"not_picked":["SacredBark","Busted Crown"],"picked":"Nuclear Battery"}],"items_purged_floors":[3,22],"is_endless":false,"potions_floor_spawned":[10,11,18,30],"killed_by":"Champ","ascension_level":6}}