{"host":"r6wilvrr1tovskr2","time":1610415521,"event":{"mods":["2.2 Compatiblity","AchievementEnabler","Aspiration","BaseMod","Beaked The Cultist","Bestiary","Better Altar","Better Match","Better Note","Better Sensory Stone","Better Skull","Better Third Choice","Colored Powertips","Conspire","Curses Come First","Downfall","Energized Spire","GifTheSpireLib","Halation","Hermit","Highlight Path","Hubris","Infinite Spire","Marked Mod","Minty Spire (QoL Compilation)","Quick Restart","Replay The Spire","Shop Mod","Spicy Shops","Spikes Relics","StSLib","Stuff the Spire","The Blue Laboratory","The Cursed","The Disciple","The Gatherer","The Hierophant","The Necromancer","The Runesmith","vexMod"],"gold_per_floor":[99,99,99,99,99,99,99,24,36,49,49,34,34,60,78,173,173,23,40,58,78,78,78,105,131,147,147,53,53,53,67,77,77,77,77],"floor_reached":33,"playtime":2647,"items_purged":["Pain","Languid"],"score":263,"play_id":"96072701-a283-4de0-bee5-fb76ecf0da4d","local_time":"20210111193841","is_ascension_mode":false,"campfire_choices":[{"floor":1,"key":"RECALL"},{"data":"hexamod:Sear","floor":8,"key":"SMITH"},{"data":"hexamod:RadiantFlame","floor":11,"key":"SMITH"},{"data":"hexamod:Float","floor":13,"key":"SMITH"},{"data":"hexamod:TimeOfNeed","floor":18,"key":"SMITH"},{"floor":30,"key":"REST"}],"circlet_count":0,"master_deck":["hexamod:Strike","hexamod:Strike","hexamod:Strike","hexamod:Strike","hexamod:Defend","hexamod:Defend","hexamod:Defend","hexamod:Defend","hexamod:Sear+1","hexamod:Float+1","hexamod:ThirdSeal","hexamod:FirstSeal","hexamod:RadiantFlame+1","hexamod:InspiringFlames","hexamod:ThermalTransfer","hexamod:TimeOfNeed+1","Runesmith:Repurpose","hexamod:FastForward+1","hexamod:BacktrackSmack+1","hexamod:HeatShield"],"relics":["hexamod:SpiritBrand","halation:PinkSoulGem","WarpedTongs","downfall:HeartBlessingBlue","StuffTheSpire:OldFever","aspiration:RunesmithSkillbook","downfall:HeartBlessingGreen","downfall:HeartBlessingRed","Nloth\u0027s Gift","Juzu Bracelet","hubris:SlimyHat","Replay:Rubber Ducky","ReplayTheSpireMod:CursedCoin","MerchantsRug","hubris:Towel"],"acts_visited":["Exordium","TheCity"],"potions_floor_usage":[16],"damage_taken":[{"damage":0,"enemies":"Cultist","floor":2,"turns":1},{"damage":0,"enemies":"Jaw Worm","floor":3,"turns":1},{"damage":0,"enemies":"Small Slimes","floor":6,"turns":1},{"damage":12,"enemies":"Exordium Thugs","floor":9,"turns":6},{"damage":11,"enemies":"Red Slaver","floor":10,"turns":4},{"damage":2,"enemies":"downfall:FleeingMerchant","floor":12,"turns":4},{"damage":14,"enemies":"Lagavulin","floor":14,"turns":7},{"damage":4,"enemies":"Large Slime","floor":15,"turns":6},{"damage":38,"enemies":"downfall:Silent","floor":16,"turns":10},{"damage":12,"enemies":"Chosen","floor":19,"turns":5},{"damage":6,"enemies":"Shelled Parasite and Fungi","floor":20,"turns":6},{"damage":20,"enemies":"conspire:HollyBat","floor":21,"turns":6},{"damage":32,"enemies":"Nightmare","floor":25,"turns":12},{"damage":20,"enemies":"Centurion and Healer","floor":26,"turns":2},{"damage":6,"enemies":"downfall:FleeingMerchant","floor":28,"turns":4},{"damage":0,"enemies":"Snecko","floor":31,"turns":6},{"damage":22,"enemies":"Sentry and Sphere","floor":32,"turns":7},{"damage":45,"enemies":"downfall:Watcher","floor":33,"turns":8}],"seed_played":"8002896988288956737","potions_obtained":[{"floor":10,"key":"GamblersBrew"},{"floor":14,"key":"blueLaboratory:NullPotion"},{"floor":15,"key":"Adrenaline Potion"},{"floor":16,"key":"blueLaboratory:Moonshine"}],"is_trial":false,"path_per_floor":["R","M","M","?","?","M","T","R","M","M","R","$","R","E","M","B",null,"R","M","M","M","?","?","T","NM","M","AVR","$","?","R","M","M","B"],"character_chosen":"THE_SPIRIT","items_purchased":["ReplayTheSpireMod:CursedCoin","MerchantsRug"],"campfire_rested":1,"item_purchase_floors":[28,28],"current_hp_per_floor":[70,70,70,70,70,70,70,80,75,71,71,69,69,62,65,34,80,80,75,76,56,56,56,56,31,11,11,12,12,36,43,28,0,0,0],"gold":77,"neow_bonus":"THREE_ENEMY_KILL","is_daily":false,"chose_seed":false,"campfire_upgraded":4,"win_rate":0.0,"timestamp":1610415521,"path_taken":["R","M","?","?","?","M","T","R","?","M","R","?","R","E","M","BOSS","R","M","M","M","?","?","T","NM","M","AVR","?","?","R","M","M","BOSS"],"items_purchased_type":["Relic","Relic"],"build_version":"2020-12-22","purchased_purges":2,"victory":false,"max_hp_per_floor":[70,70,70,70,70,70,70,80,80,80,80,80,80,80,80,80,80,80,80,80,80,80,80,80,80,80,80,80,80,80,80,80,80,80,80],"card_choices":[{"not_picked":["hexamod:HauntingEcho","hexamod:SwordOfDarkness"],"picked":"hexamod:ThirdSeal","floor":2},{"not_picked":["hexamod:GhostLash","hexamod:GhostShield","hexamod:SwordOfDarkness"],"picked":"SKIP","floor":3},{"not_picked":["hexamod:Haunt","hexamod:HeatCrush"],"picked":"hexamod:FirstSeal","floor":6},{"not_picked":["hexamod:NightmareGuise","hexamod:GhostOfSpireFuture"],"picked":"hexamod:RadiantFlame","floor":9},{"not_picked":["hexamod:SkipABeat","hexamod:ShieldOfDarkness","hexamod:RainOfEmbers"],"picked":"SKIP","floor":10},{"not_picked":["hexamod:Hexaguard","hexamod:WildfireWeapon","hexamod:GhostOfSpirePast"],"picked":"SKIP","floor":10},{"not_picked":["hexamod:HauntingEcho","hexamod:SearingWound","hexamod:CatchUp"],"picked":"SKIP","floor":12},{"not_picked":["hexamod:RetreatToShadows","hexamod:ShieldOfDarkness"],"picked":"hexamod:InspiringFlames","floor":14},{"not_picked":["hexamod:HeatMetal","hexamod:FastForward"],"picked":"hexamod:ThermalTransfer","floor":14},{"not_picked":["hexamod:GhostflameInferno","hexamod:NightmareStrike","hexamod:GhostLash"],"picked":"SKIP","floor":15},{"not_picked":["hexamod:GhostflameInferno","hexamod:FifthSeal"],"picked":"hexamod:TimeOfNeed","floor":16},{"not_picked":["hexamod:HauntingEcho","Runesmith:Discharge+1","hexamod:NightmareStrike+1"],"picked":"Runesmith:Repurpose","floor":19},{"not_picked":["Runesmith:EarthShield","hexamod:GhostShield","Runesmith:OneForEveryone"],"picked":"hexamod:FastForward+1","floor":19},{"not_picked":["hexamod:HeatCrush","hexamod:ShieldOfDarkness","hexamod:SpectersWail","Runesmith:StaticCage"],"picked":"SKIP","floor":20},{"not_picked":["Runesmith:CraftVitae+1","Runesmith:EarthShield+1","hexamod:SpectersWail","Runesmith:CraftPrismatica"],"picked":"SKIP","floor":20},{"not_picked":["Runesmith:CraftProtectio","Runesmith:CraftMagma","hexamod:RainOfEmbers","hexamod:SpectersWail+1"],"picked":"SKIP","floor":21},{"not_picked":["Runesmith:StaticCage","Runesmith:BackupBattery+1","hexamod:GhostShield","Runesmith:WhiteBalance"],"picked":"SKIP","floor":21},{"not_picked":["hexamod:SwordOfDarkness","hexamod:FourthSeal","hexamod:SkipABeat"],"picked":"hexamod:BacktrackSmack+1","floor":25},{"not_picked":["hexamod:SoulSteal","Runesmith:EnergizedChisel","Runesmith:CraftObretio"],"picked":"hexamod:HeatShield","floor":25},{"not_picked":["hexamod:SearingWound","Runesmith:BackupBattery","hexamod:ShieldOfDarkness+1","hexamod:SkipABeat"],"picked":"SKIP","floor":26},{"not_picked":["Runesmith:MakeshiftArmor+1","Runesmith:HammerThrow","Runesmith:ArcReactor","hexamod:HauntingEcho+1"],"picked":"SKIP","floor":28},{"not_picked":["Runesmith:EnergizedChisel+1","hexamod:SpectersWail","Runesmith:Reinforce","hexamod:BacktrackSmack"],"picked":"SKIP","floor":28},{"not_picked":["Runesmith:Repurpose+1","Runesmith:CreatorForm","hexamod:DynamicBlow","Runesmith:ShiftingStrike"],"picked":"SKIP","floor":31},{"not_picked":["hexamod:FastForward","Runesmith:Malloc+1","Runesmith:CraftIncendium","Runesmith:PoweredAnvil"],"picked":"SKIP","floor":31},{"not_picked":["Runesmith:EnergizedChisel","Runesmith:ShiftingStrike","hexamod:RainOfEmbers+1","hexamod:Firestarter+1"],"picked":"SKIP","floor":32},{"not_picked":["hexamod:ParanormalForm","Runesmith:EnergizedChisel","hexamod:GhostShield+1","Runesmith:RuneHurl+1"],"picked":"SKIP","floor":32}],"player_experience":1271922,"relics_obtained":[{"floor":14,"key":"StuffTheSpire:OldFever"},{"floor":24,"key":"Juzu Bracelet"},{"floor":25,"key":"hubris:SlimyHat"}],"event_choices":[{"damage_healed":0,"gold_gain":0,"player_choice":"Rummage","damage_taken":0,"relics_obtained":["WarpedTongs"],"max_hp_gain":0,"max_hp_loss":0,"event_name":"Accursed Blacksmith","floor":5,"gold_loss":0,"cards_obtained":["Pain"]},{"damage_healed":0,"gold_gain":0,"player_choice":"Ignored","damage_taken":0,"max_hp_gain":0,"max_hp_loss":0,"event_name":"betterNote:BetterNote","floor":23,"gold_loss":0,"cards_obtained":["Guardian:RevengeProtocol"]}],"is_beta":false,"boss_relics":[{"not_picked":["Runic Pyramid","energizedSpire:StickyHand"],"picked":"aspiration:RunesmithSkillbook"}],"items_purged_floors":[27,28],"is_endless":true,"potions_floor_spawned":[10,14,15,16,20,25,31,32],"killed_by":"downfall:Watcher","ascension_level":0}}