{"host":"Bilverbakes","time":1610417308,"event":{"mods":["2.2 Compatiblity","AchievementEnabler","BaseMod","Bestiary","Colored Map","Minty Spire (QoL Compilation)","Relic Stats","StSLib","ojb\u0027s Info Mod"],"gold_per_floor":[38,38,71,86,86,86,139,139,163,206,237,278,237,278,278,379,379,394,408,408,470,470,171,234,234,304,304,304],"floor_reached":27,"playtime":1306,"items_purged":["Flechettes"],"score":450,"play_id":"832935c0-9a1f-4d85-a623-11b4471d82b4","local_time":"20210111200828","is_ascension_mode":true,"campfire_choices":[{"data":"Flying Knee","floor":6,"key":"SMITH"},{"data":"Neutralize","floor":8,"key":"SMITH"},{"floor":15,"key":"REST"},{"data":"Well Laid Plans","floor":25,"key":"SMITH"}],"circlet_count":0,"master_deck":["AscendersBane","Survivor","Neutralize+1","HandOfGreed+1","Flying Knee+1","Terror","Endless Agony","Footwork","Dagger Spray","Adrenaline","Deadly Poison","Venomology","Bouncing Flask","Deflect","Tools of the Trade","Deflect","Dagger Spray","After Image","Bane","Calculated Gamble","Well Laid Plans+1","Ghostly","Ghostly","Ghostly","Dodge and Roll","Expertise+1"],"relics":["Ring of the Snake","Vajra","Blood Vial","FossilizedHelix","Pandora\u0027s Box","Frozen Eye","Gremlin Horn"],"acts_visited":["Exordium","TheCity"],"potions_floor_usage":[7,18,19,21,24,24,24],"damage_taken":[{"damage":4,"enemies":"Cultist","floor":1,"turns":5},{"damage":1,"enemies":"2 Louse","floor":3,"turns":3},{"damage":0,"enemies":"Jaw Worm","floor":4,"turns":5},{"damage":17,"enemies":"Lagavulin","floor":7,"turns":4},{"damage":11,"enemies":"Exordium Wildlife","floor":10,"turns":3},{"damage":8,"enemies":"Gremlin Nob","floor":11,"turns":3},{"damage":0,"enemies":"Red Slaver","floor":12,"turns":3},{"damage":6,"enemies":"Exordium Thugs","floor":14,"turns":3},{"damage":6,"enemies":"The Guardian","floor":16,"turns":12},{"damage":0,"enemies":"Spheric Guardian","floor":18,"turns":3},{"damage":0,"enemies":"Chosen","floor":19,"turns":3},{"damage":40,"enemies":"Sentry and Sphere","floor":21,"turns":6},{"damage":1,"enemies":"3 Cultists","floor":24,"turns":6},{"damage":32,"enemies":"Slavers","floor":27,"turns":3}],"seed_played":"-4659710565598596856","potions_obtained":[{"floor":4,"key":"DuplicationPotion"},{"floor":7,"key":"EntropicBrew"},{"floor":10,"key":"Explosive Potion"},{"floor":12,"key":"Fire Potion"},{"floor":19,"key":"PowerPotion"}],"is_trial":false,"path_per_floor":["M","$","M","M","?","R","E","R","T","M","E","M","?","M","R","B",null,"M","M","?","M","?","$","M","R","T","E"],"character_chosen":"THE_SILENT","items_purchased":["Frozen Eye","Dodge and Roll"],"campfire_rested":1,"item_purchase_floors":[23,23],"current_hp_per_floor":[55,55,54,54,54,54,37,37,37,28,22,24,24,20,39,35,58,60,62,62,24,24,24,25,25,25,0,0],"gold":304,"neow_bonus":"RANDOM_COLORLESS_2","is_daily":false,"chose_seed":false,"campfire_upgraded":3,"win_rate":0.0,"timestamp":1610417308,"path_taken":["M","?","M","M","?","R","E","R","T","M","E","M","?","?","R","BOSS","M","M","?","?","?","?","M","R","T","E"],"items_purchased_type":["Relic","Card"],"build_version":"2020-12-18","purchased_purges":1,"victory":false,"max_hp_per_floor":[66,66,66,66,66,66,66,66,66,66,66,66,66,66,66,66,66,66,66,66,66,33,33,33,33,33,33,33],"relic_stats":{"Blood Vial":20,"Gremlin Horn":[0,0],"counters":[14,62],"Pandora\u0027s Box":["Deadly Poison","Venomology","Bouncing Flask","Deflect","Tools of the Trade","Deflect","Dagger Spray","Flechettes","After Image","Bane"],"obtain_stats":[{"Blood Vial":9,"Frozen Eye":23,"Gremlin Horn":26,"Vajra":7,"Pandora\u0027s Box":17,"FossilizedHelix":11,"Ring of the Snake":0},{"Blood Vial":4,"Frozen Eye":12,"Gremlin Horn":13,"Vajra":4,"Pandora\u0027s Box":9,"FossilizedHelix":6,"Ring of the Snake":0},{"Blood Vial":17,"Frozen Eye":53,"Gremlin Horn":59,"Vajra":17,"Pandora\u0027s Box":41,"FossilizedHelix":23,"Ring of the Snake":0}],"Ring of the Snake":[28]},"card_choices":[{"not_picked":["Transmutation","Thinking Ahead"],"picked":"HandOfGreed","floor":0},{"not_picked":["Outmaneuver","Bane"],"picked":"Flying Knee","floor":1},{"not_picked":["Masterful Stab","Poisoned Stab"],"picked":"Terror","floor":3},{"not_picked":["Slice","Acrobatics","Flying Knee"],"picked":"SKIP","floor":4},{"not_picked":["Dodge and Roll","Quick Slash"],"picked":"Endless Agony","floor":7},{"not_picked":["Dodge and Roll","Bouncing Flask"],"picked":"Footwork","floor":10},{"not_picked":["Distraction","Grand Finale"],"picked":"Dagger Spray","floor":11},{"not_picked":["Flying Knee","Eviscerate","Sucker Punch"],"picked":"SKIP","floor":12},{"not_picked":["Dagger Throw","Deadly Poison","Quick Slash"],"picked":"SKIP","floor":14},{"not_picked":["Unload","Die Die Die"],"picked":"Adrenaline","floor":16},{"not_picked":["Bouncing Flask","Slice"],"picked":"Calculated Gamble","floor":18},{"not_picked":["Blade Dance","Prepared"],"picked":"Well Laid Plans","floor":19},{"not_picked":["PiercingWail","Caltrops","Outmaneuver"],"picked":"SKIP","floor":21},{"not_picked":["Dagger Spray","Footwork"],"picked":"Expertise+1","floor":24}],"player_experience":676230,"relics_obtained":[{"floor":7,"key":"Vajra"},{"floor":9,"key":"Blood Vial"},{"floor":11,"key":"FossilizedHelix"},{"floor":26,"key":"Gremlin Horn"}],"event_choices":[{"damage_healed":0,"gold_gain":0,"player_choice":"Grow","damage_taken":0,"max_hp_gain":0,"max_hp_loss":0,"event_name":"Living Wall","floor":5,"gold_loss":0,"cards_upgraded":["HandOfGreed"]},{"damage_healed":0,"gold_gain":0,"player_choice":"Left Gold","damage_taken":0,"max_hp_gain":0,"max_hp_loss":0,"event_name":"World of Goop","floor":13,"gold_loss":41},{"damage_healed":0,"gold_gain":0,"player_choice":"0 cards matched","damage_taken":0,"max_hp_gain":0,"max_hp_loss":0,"event_name":"Match and Keep!","floor":20,"gold_loss":0,"cards_obtained":[]},{"damage_healed":0,"gold_gain":0,"player_choice":"Became a Ghost","damage_taken":0,"max_hp_gain":0,"max_hp_loss":33,"event_name":"Ghosts","floor":22,"gold_loss":0,"cards_obtained":["Ghostly","Ghostly","Ghostly"]}],"is_beta":true,"boss_relics":[{"not_picked":["Black Star","Calling Bell"],"picked":"Pandora\u0027s Box"}],"items_purged_floors":[23],"is_endless":false,"potions_floor_spawned":[4,7,10,12,19,21],"killed_by":"Slavers","ascension_level":20}}