{"host":"ekha54jsiuuqgn65","time":1610434351,"event":{"mods":["BaseMod","Colored Map","Conspire","Minty Spire (QoL Compilation)","Replay The Spire","StSLib","The Marked","[IsaacMod]ÒÔÈö¼âËþ"],"gold_per_floor":[111,125,25,200,200,240,205,239,239,255,268,318,318,343,343,457,457,516,291,304,316,332,332,332],"floor_reached":23,"playtime":863,"items_purged":["Strike_R"],"score":205,"play_id":"263fdaf5-a97f-410d-b6a3-029e031ffc4d","local_time":"20210112145231","is_ascension_mode":false,"campfire_choices":[{"floor":13,"key":"REST"}],"circlet_count":0,"master_deck":["Strike_R+1","Strike_R","Strike_R","Defend_R","Defend_R","Defend_R","Defend_R","Bash","Run Through","Thunderclap+1","conspire:SpireCoStock","conspire:SpireCoStock","Doubt","Double Tap","Twin Strike","Anger","Dropkick","Rampage","Reaper","conspire:HitWhereItHurts","conspire:Charge","Twin Strike+1","Cleave+1"],"relics":["Burning Blood","HushsDoor","ForgetMeNow","YumHeart","Another Sword","PokeGo","TheBean","conspire:SpecialSausage","PreservedInsect"],"acts_visited":["Exordium","TheCity"],"potions_floor_usage":[6,12,16,16,16,16,23,23,23,23,23],"damage_taken":[{"damage":14,"enemies":"2 Louse","floor":1,"turns":4},{"damage":13,"enemies":"Jaw Worm","floor":2,"turns":4},{"damage":49,"enemies":"3 Sentries","floor":6,"turns":7},{"damage":5,"enemies":"Small Slimes","floor":8,"turns":2},{"damage":15,"enemies":"Looter","floor":10,"turns":3},{"damage":16,"enemies":"Exordium Wildlife","floor":11,"turns":2},{"damage":36,"enemies":"Lagavulin","floor":12,"turns":4},{"damage":23,"enemies":"Exordium Thugs","floor":14,"turns":5},{"damage":2,"enemies":"Hexaghost","floor":16,"turns":8},{"damage":0,"enemies":"2 Thieves","floor":18,"turns":4},{"damage":25,"enemies":"Spheric Guardian","floor":20,"turns":4},{"damage":25,"enemies":"Centurion and Healer","floor":21,"turns":4},{"damage":42,"enemies":"Snake Plant","floor":22,"turns":3},{"damage":20,"enemies":"conspire:SneckoGhost","floor":23,"turns":3}],"seed_played":"305125133752536886","potions_obtained":[{"floor":2,"key":"CultistPotion"},{"floor":10,"key":"Adrenaline Potion"},{"floor":12,"key":"LiquidBronze"},{"floor":14,"key":"EntropicBrew"},{"floor":16,"key":"Swift Potion"},{"floor":20,"key":"EntropicBrew"}],"is_trial":false,"path_per_floor":["M","M","?","?","?","E","?","M","T","M","M","E","R","M","R_BF","B",null,"M","$","M","M","M","E"],"character_chosen":"IRONCLAD","items_purchased":["PreservedInsect"],"campfire_rested":1,"item_purchase_floors":[19],"current_hp_per_floor":[64,57,57,57,43,25,43,44,44,35,25,20,41,24,24,36,72,72,72,53,46,10,0,0],"gold":332,"neow_bonus":"ONE_RARE_RELIC","is_daily":false,"chose_seed":false,"campfire_upgraded":0,"win_rate":0.0,"timestamp":1610434351,"path_taken":["M","M","?","?","?","E","?","M","T","M","?","E","R","M","R_BF","BOSS","M","$","?","M","M","E"],"items_purchased_type":["Relic"],"build_version":"2020-12-22","purchased_purges":1,"victory":false,"max_hp_per_floor":[72,72,72,72,72,72,72,72,72,72,72,72,72,72,72,72,72,72,72,72,72,72,72,72],"card_choices":[{"not_picked":[],"picked":"ChaosCard","floor":0},{"not_picked":["Cleave","Sword Boomerang"],"picked":"Run Through","floor":1},{"not_picked":["Sword Boomerang","Replay:Undeath\u0027s Touch"],"picked":"Thunderclap","floor":2},{"not_picked":["Brutality","Bomb"],"picked":"Double Tap","floor":6},{"not_picked":["Life Link","Seeing Red"],"picked":"Twin Strike","floor":8},{"not_picked":["ReplayTheSpireMod:Stacked","Pommel Strike"],"picked":"Anger","floor":10},{"not_picked":["Pommel Strike","Replay:Undeath\u0027s Touch"],"picked":"Dropkick","floor":11},{"not_picked":["Power Through","Cleave"],"picked":"Rampage","floor":12},{"not_picked":["True Grit","Twin Strike","Combust"],"picked":"SKIP","floor":14},{"not_picked":["Eclipse","Barricade"],"picked":"conspire:HitWhereItHurts","floor":16},{"not_picked":["Body Slam","Feel No Pain"],"picked":"conspire:Charge","floor":18},{"not_picked":["Anger","Clash+1"],"picked":"Twin Strike+1","floor":20},{"not_picked":["Body Slam+1","Life Link","Burning Pact"],"picked":"SKIP","floor":21},{"not_picked":["Dual Wield+1","ReplayTheSpireMod:Corrosion Curse"],"picked":"Cleave+1","floor":22}],"player_experience":1246,"relics_obtained":[{"floor":6,"key":"Another Sword"},{"floor":9,"key":"PokeGo"},{"floor":12,"key":"TheBean"}],"event_choices":[{"damage_healed":0,"gold_gain":0,"player_choice":"Invest 2","damage_taken":0,"max_hp_gain":0,"max_hp_loss":0,"event_name":"conspire:Investor","floor":3,"gold_loss":0},{"damage_healed":0,"gold_gain":175,"player_choice":"AGREE","damage_taken":0,"max_hp_gain":0,"max_hp_loss":0,"event_name":"Liars Game","floor":4,"gold_loss":0,"cards_obtained":["Doubt"]},{"damage_healed":0,"gold_gain":0,"player_choice":"Entered Light","damage_taken":14,"max_hp_gain":0,"max_hp_loss":0,"event_name":"Shining Light","floor":5,"gold_loss":0,"cards_upgraded":["Strike_R","Thunderclap"]},{"damage_healed":18,"gold_gain":0,"player_choice":"Healed","damage_taken":0,"max_hp_gain":0,"max_hp_loss":0,"event_name":"The Cleric","floor":7,"gold_loss":35}],"is_beta":false,"boss_relics":[{"not_picked":["Replay:Bronze Core","Sozu"],"picked":"conspire:SpecialSausage"},{"not_picked":[]}],"items_purged_floors":[19],"is_endless":false,"potions_floor_spawned":[2,10,12,14,16,20,22],"killed_by":"conspire:SneckoGhost","ascension_level":0}}