{"host":"zekcc3vicrep0och","time":1610449616,"event":{"mods":["AchievementEnabler","BaseMod","Colored Map","Colored Powertips","Displayed Cursed Tome","Highlight Path","Minty Spire (QoL Compilation)","Quick Restart","Relic Stats","StSLib","The Cursed"],"gold_per_floor":[115,115,129,141,156,189,189,18,18,51,62,62,74,91,91,91,91],"floor_reached":16,"playtime":489,"items_purged":[],"score":217,"play_id":"d6c0e41b-dc8b-4532-bd9c-b6c057d9ddc7","local_time":"20210112140656","is_ascension_mode":true,"campfire_choices":[{"data":"Bash","floor":15.0,"key":"SMITH"}],"circlet_count":0,"master_deck":["AscendersBane","Strike_R","Strike_R","Strike_R","Defend_R","Defend_R","Defend_R","Defend_R","Bash+1","Cleave","Reaper","Shockwave","Metallicize","Twin Strike","Carnage","Shockwave","Rampage"],"relics":["Burning Blood","NeowsBlessing","Dream Catcher","Oddly Smooth Stone","Singing Bowl","Unceasing Top"],"acts_visited":["Exordium"],"potions_floor_usage":[16],"damage_taken":[{"damage":0.0,"enemies":"Jaw Worm","floor":1.0,"turns":1.0},{"damage":0.0,"enemies":"Small Slimes","floor":3.0,"turns":1.0},{"damage":0.0,"enemies":"Cultist","floor":4.0,"turns":1.0},{"damage":14.0,"enemies":"Blue Slaver","floor":5.0,"turns":4.0},{"damage":29.0,"enemies":"Lagavulin","floor":6.0,"turns":11.0},{"damage":31.0,"enemies":"3 Sentries","floor":10.0,"turns":8.0},{"damage":18.0,"enemies":"Gremlin Gang","floor":11.0,"turns":4.0},{"damage":5.0,"enemies":"Looter","floor":13.0,"turns":4.0},{"damage":9.0,"enemies":"3 Louse","floor":14.0,"turns":4.0},{"damage":28,"enemies":"Slime Boss","floor":16,"turns":10}],"seed_played":"412022232746988781","potions_obtained":[{"floor":3.0,"key":"Energy Potion"},{"floor":5.0,"key":"HeartOfIron"},{"floor":6.0,"key":"CultistPotion"},{"floor":10.0,"key":"PowerPotion"}],"is_trial":false,"path_per_floor":["M","?","M","M","M","E","?","$","T","E","M","?","M","M","R","B"],"character_chosen":"IRONCLAD","items_purchased":["Oddly Smooth Stone"],"campfire_rested":0,"item_purchase_floors":[8],"current_hp_per_floor":[74,67,73,75,71,51,51,51,51,56,50,50,51,53,53,25,25],"gold":91,"neow_bonus":"THREE_ENEMY_KILL","is_daily":false,"chose_seed":false,"campfire_upgraded":1,"win_rate":0.0,"timestamp":1610449616,"path_taken":["M","?","M","M","M","E","?","$","T","E","M","?","?","M","R","BOSS"],"items_purchased_type":["Relic"],"build_version":"2020-12-22","purchased_purges":0,"victory":false,"max_hp_per_floor":[75,75,75,75,75,75,75,75,75,75,75,75,75,77,77,77,77],"relic_stats":{"Dream Catcher":0,"Singing Bowl":2,"counters":[10,48],"obtain_stats":[{"Dream Catcher":6,"NeowsBlessing":0,"Singing Bowl":9,"Oddly Smooth Stone":8,"Burning Blood":0,"Unceasing Top":10},{"Dream Catcher":5,"NeowsBlessing":0,"Singing Bowl":5,"Oddly Smooth Stone":5,"Burning Blood":0,"Unceasing Top":6},{"Dream Catcher":18,"NeowsBlessing":0,"Singing Bowl":18,"Oddly Smooth Stone":18,"Burning Blood":0,"Unceasing Top":26}],"Burning Blood":50,"Unceasing Top":[0]},"card_choices":[{"not_picked":["Warcry","Seeing Red"],"picked":"Cleave","floor":1.0},{"not_picked":["Cleave","Clash"],"picked":"Reaper","floor":3.0},{"not_picked":["Feel No Pain","Dual Wield"],"picked":"Shockwave","floor":4.0},{"not_picked":["Flex","Pommel Strike"],"picked":"Metallicize","floor":5.0},{"not_picked":["Pommel Strike","Shockwave","Anger"],"picked":"SKIP","floor":6.0},{"not_picked":["Iron Wave","Exhume"],"picked":"Twin Strike","floor":10.0},{"not_picked":["Perfected Strike","Disarm"],"picked":"Carnage","floor":11.0},{"not_picked":["Flex","Clothesline"],"picked":"Rampage","floor":13.0},{"not_picked":["Iron Wave","Clothesline","Barricade"],"picked":"Singing Bowl","floor":14.0}],"player_experience":516473,"relics_obtained":[{"floor":6.0,"key":"Dream Catcher"},{"floor":9.0,"key":"Singing Bowl"},{"floor":10.0,"key":"Unceasing Top"}],"event_choices":[{"cards_removed":["Strike_R"],"damage_healed":0.0,"max_hp_gain":0.0,"max_hp_loss":0.0,"gold_gain":0.0,"event_name":"Golden Wing","player_choice":"Card Removal","floor":2.0,"gold_loss":0.0,"damage_taken":7.0},{"damage_healed":0.0,"max_hp_gain":0.0,"max_hp_loss":0.0,"gold_gain":0.0,"event_name":"Scrap Ooze","player_choice":"Fled","floor":7.0,"gold_loss":0.0,"damage_taken":0.0},{"damage_healed":0.0,"max_hp_gain":0.0,"max_hp_loss":0.0,"gold_gain":0.0,"cards_transformed":["Strike_R"],"event_name":"Transmorgrifier","player_choice":"Transformed","floor":12.0,"gold_loss":0.0,"damage_taken":0.0,"cards_obtained":["Shockwave"]}],"is_beta":false,"boss_relics":[],"items_purged_floors":[],"is_endless":false,"potions_floor_spawned":[3,5,6,10],"killed_by":"Slime Boss","ascension_level":18}}