{"host":"kw6a2ofonamtlhfu","time":1610472237,"event":{"mods":["BaseMod","Minty Spire (QoL Compilation)","Replay The Spire","StSLib"],"gold_per_floor":[114,114,125,141,70,105,105,105,105,105,118,68,343,379,379,509,509,524,524,524],"floor_reached":19,"playtime":1353,"items_purged":[],"score":175,"play_id":"7442bde8-f4de-43fd-82ff-8302a461b36f","local_time":"20210112122357","is_ascension_mode":false,"campfire_choices":[{"data":"Dash","floor":7.0,"key":"SMITH"},{"data":"Bouncing Flask","floor":15.0,"key":"SMITH"}],"circlet_count":0,"master_deck":["Strike_G","Strike_G","Strike_G","Strike_G","Defend_G","Defend_G","Defend_G","Defend_G","Defend_G","Survivor","Neutralize","Poisoned Stab","Backflip","Dash+1","Infinite Blades","Burst","Bouncing Flask+1","Regret","Die Die Die","Adrenaline"],"relics":["Ring of the Snake","NeowsBlessing","FaceOfCleric","Eternal Feather","Golden Idol","Matryoshka","Potion Belt","Happy Flower","Bottled Flame","Philosopher\u0027s Stone"],"acts_visited":[],"potions_floor_usage":[],"damage_taken":[{"damage":0.0,"enemies":"Small Slimes","floor":1.0,"turns":1.0},{"damage":0.0,"enemies":"Cultist","floor":3.0,"turns":1.0},{"damage":0.0,"enemies":"Jaw Worm","floor":4.0,"turns":1.0},{"damage":10.0,"enemies":"Gremlin Nob","floor":6.0,"turns":5.0},{"damage":0.0,"enemies":"Exordium Wildlife","floor":11.0,"turns":2.0},{"damage":18.0,"enemies":"3 Sentries","floor":14.0,"turns":7.0},{"damage":44.0,"enemies":"Hexaghost","floor":16.0,"turns":6.0},{"damage":20,"enemies":"Chosen","floor":18,"turns":6},{"damage":0,"enemies":"Shell Parasite","floor":19,"turns":1}],"seed_played":"6954316995349303350","potions_obtained":[{"floor":1.0,"key":"SpeedPotion"},{"floor":3.0,"key":"LiquidMemories"},{"floor":6.0,"key":"DistilledChaos"},{"floor":16.0,"key":"Swift Potion"},{"floor":18,"key":"Fire Potion"}],"is_trial":false,"path_per_floor":["M","?","M","M","$","E","R","?","T","T","M","?","?","E","R","B",null,"M","M"],"character_chosen":"THE_SILENT","items_purchased":["Infinite Blades"],"campfire_rested":0,"item_purchase_floors":[5],"current_hp_per_floor":[70,70,71,72,72,63,72,68,68,68,69,69,69,52,61,18,71,52,52,52],"gold":524,"neow_bonus":"THREE_ENEMY_KILL","is_daily":false,"chose_seed":false,"campfire_upgraded":2,"win_rate":0.0,"timestamp":1610472237,"path_taken":["M","?","M","?","$","E","R","?","T","?","?","?","?","E","R","BOSS","M","M"],"items_purchased_type":["Card"],"build_version":"2020-12-22","purchased_purges":0,"victory":false,"max_hp_per_floor":[70,70,71,72,72,73,73,68,68,68,69,69,69,70,70,71,71,72,72,72],"card_choices":[{"not_picked":["Predator","Outmaneuver"],"picked":"Poisoned Stab","floor":1.0},{"not_picked":["Poisoned Stab","Dagger Throw"],"picked":"Backflip","floor":3.0},{"not_picked":["Quick Slash","Backflip"],"picked":"Dash","floor":4.0},{"not_picked":["Blade Dance","Tools of the Trade"],"picked":"Burst","floor":6.0},{"not_picked":["Outmaneuver","Slice"],"picked":"Bouncing Flask","floor":11.0},{"not_picked":["Poisoned Stab","Phantasmal Killer","Die Die Die"],"picked":"SKIP","floor":14.0},{"not_picked":["Poisoned Stab","Phantasmal Killer"],"picked":"Die Die Die","floor":14.0},{"not_picked":["Night Terror","Glass Knife"],"picked":"Adrenaline","floor":16.0},{"not_picked":["Quick Slash","Backflip","Hidden Blade"],"picked":"SKIP","floor":18}],"player_experience":4158,"relics_obtained":[{"floor":6.0,"key":"Eternal Feather"},{"floor":9.0,"key":"Matryoshka"},{"floor":10.0,"key":"Potion Belt"},{"floor":10.0,"key":"Happy Flower"},{"floor":14.0,"key":"Bottled Flame"}],"event_choices":[{"damage_healed":0.0,"max_hp_gain":0.0,"max_hp_loss":0.0,"gold_gain":0.0,"event_name":"FaceTrader","player_choice":"Trade","floor":2.0,"gold_loss":0.0,"damage_taken":0.0,"relics_obtained":["FaceOfCleric"]},{"damage_healed":0.0,"max_hp_gain":0.0,"max_hp_loss":5.0,"gold_gain":0.0,"event_name":"Golden Idol","player_choice":"Lose Max HP","floor":8.0,"gold_loss":0.0,"damage_taken":0.0,"relics_obtained":["Golden Idol"]},{"cards_removed":["Strike_G"],"damage_healed":0.0,"max_hp_gain":0.0,"max_hp_loss":0.0,"gold_gain":0.0,"event_name":"The Cleric","player_choice":"Card Removal","floor":12.0,"gold_loss":50.0,"damage_taken":0.0},{"damage_healed":0.0,"max_hp_gain":0.0,"max_hp_loss":0.0,"gold_gain":275.0,"event_name":"Golden Shrine","player_choice":"Desecrate","floor":13.0,"gold_loss":0.0,"damage_taken":0.0,"cards_obtained":["Regret"]}],"is_beta":false,"boss_relics":[{"not_picked":["HoveringKite","Fusion Hammer"],"picked":"Philosopher\u0027s Stone"}],"items_purged_floors":[],"is_endless":false,"potions_floor_spawned":[1,3,6,16,18],"killed_by":"Shell Parasite","ascension_level":0}}