{"host":"vhf6i66w5us6sz8s","time":1610459745,"event":{"mods":["AchievementEnabler","BaseMod","Colored Map","Colored Powertips","Hermit","Minty Spire (QoL Compilation)","StSLib","The Cursed","The Servant 0.9.4"],"gold_per_floor":[117,117,192,35,45,45,73,73,126,126,201,226,83,416,416,514,514,514],"floor_reached":17,"playtime":4418,"items_purged":[],"score":186,"play_id":"e8c583ad-0ec6-428d-9cfe-0567b0a02fe2","local_time":"20210112145545","is_ascension_mode":true,"campfire_choices":[{"data":"Infinite Blades","floor":6.0,"key":"SMITH"},{"data":"Noxious Fumes","floor":8,"key":"SMITH"},{"data":"Footwork","floor":10,"key":"SMITH"},{"floor":15,"key":"REST"}],"circlet_count":0,"master_deck":["Strike_G","Strike_G","Strike_G","Strike_G","Strike_G","Defend_G","Defend_G","Defend_G","Defend_G","Defend_G","Survivor","Neutralize","Noxious Fumes+1","Footwork+1","Dodge and Roll","Calculated Gamble","Infinite Blades+1","Backstab","Backflip","Venomology","Dash","Dagger Throw","Outmaneuver","Slice","Poisoned Stab","Adrenaline"],"relics":["Ring of the Snake","Snake Skull","PreservedInsect","Lizard Tail","Orrery","Old Coin","SlaversCollar"],"acts_visited":["Exordium","TheCity"],"potions_floor_usage":[16,16,16],"damage_taken":[{"damage":0.0,"enemies":"Jaw Worm","floor":1.0,"turns":4.0},{"damage":0.0,"enemies":"Small Slimes","floor":5.0,"turns":4.0},{"damage":14,"enemies":"3 Sentries","floor":7,"turns":8},{"damage":12,"enemies":"Gremlin Nob","floor":12,"turns":4},{"damage":7,"enemies":"3 Sentries","floor":14,"turns":9},{"damage":3,"enemies":"Hexaghost","floor":16,"turns":9}],"seed_played":"-1853099284094505476","potions_obtained":[{"floor":14,"key":"BlessingOfTheForge"},{"floor":16,"key":"Regen Potion"}],"is_trial":false,"path_per_floor":["M","?","?","$","M","R","E","R","T","R","?","E","$","E","R","B",null],"character_chosen":"THE_SILENT","items_purchased":["Footwork","Dodge and Roll","Calculated Gamble","Orrery"],"campfire_rested":1,"item_purchase_floors":[4,4,4,13],"current_hp_per_floor":[77,70,63,63,63,63,49,49,49,49,38,26,26,19,42,39,77,77],"gold":514,"neow_bonus":"TEN_PERCENT_HP_BONUS","is_daily":false,"chose_seed":false,"campfire_upgraded":3,"win_rate":0.0,"timestamp":1610459745,"path_taken":["M","?","?","$","?","R","E","R","T","R","?","E","?","E","R","BOSS"],"items_purchased_type":["Card","Card","Card","Relic"],"build_version":"2020-12-22","purchased_purges":0,"victory":false,"max_hp_per_floor":[77,77,77,77,77,77,77,77,77,77,77,77,77,77,77,77,77,77],"card_choices":[{"not_picked":["Deadly Poison","Flying Knee"],"picked":"Noxious Fumes","floor":1.0},{"not_picked":["Acrobatics","Blade Dance"],"picked":"Infinite Blades","floor":5.0},{"not_picked":["Backflip","Slice"],"picked":"Backstab","floor":7},{"not_picked":["Bane","Finisher"],"picked":"Backflip","floor":12},{"not_picked":["PiercingWail","All Out Attack"],"picked":"Venomology","floor":13},{"not_picked":["Dodge and Roll","All Out Attack"],"picked":"Dash","floor":13},{"not_picked":["Footwork","Terror"],"picked":"Dagger Throw","floor":13},{"not_picked":["All Out Attack","Dagger Throw"],"picked":"Outmaneuver","floor":13},{"not_picked":["Dagger Spray","Predator"],"picked":"Slice","floor":13},{"not_picked":["Burst","Deadly Poison"],"picked":"Poisoned Stab","floor":14},{"not_picked":["Wraith Form v2","Bullet Time"],"picked":"Adrenaline","floor":16}],"player_experience":69723,"relics_obtained":[{"floor":7,"key":"PreservedInsect"},{"floor":12,"key":"Lizard Tail"},{"floor":14,"key":"Old Coin"}],"event_choices":[{"damage_healed":0.0,"max_hp_gain":0.0,"max_hp_loss":0.0,"gold_gain":0.0,"event_name":"Scrap Ooze","player_choice":"Success","floor":2.0,"gold_loss":0.0,"damage_taken":7.0,"relics_obtained":["Snake Skull"]},{"damage_healed":0.0,"max_hp_gain":0.0,"max_hp_loss":0.0,"gold_gain":75.0,"event_name":"FaceTrader","player_choice":"Touch","floor":3.0,"gold_loss":0.0,"damage_taken":7.0},{"damage_healed":0,"gold_gain":75,"player_choice":"Gather Gold","damage_taken":11,"max_hp_gain":0,"max_hp_loss":0,"event_name":"World of Goop","floor":11,"gold_loss":0}],"is_beta":false,"boss_relics":[{"not_picked":["Cursed Key","Tiny House"],"picked":"SlaversCollar"}],"items_purged_floors":[],"is_endless":false,"potions_floor_spawned":[14,16],"ascension_level":2}}