{"host":"83i488lljghwpuzo","time":1610455601,"event":{"mods":["BaseMod","Marisa£®ÏF”Í°°ƒß¿Ì…≥£©","Minty Spire (QoL Compilation)","Shop Mod","The Servant 0.9.4"],"gold_per_floor":[112000,110712,110724,109442,109392,109417,109433,109433,109433,109449,109462,109486,109496,109537,109537,109649,109649,109670,109670,109670,109694,108614,108614,108658,108670,108705,108717,108717],"floor_reached":27,"playtime":1646,"items_purged":["Strike_P","Strike_P","Strike_P"],"score":331,"play_id":"efeb7ce5-24e6-4090-ba94-110eb35872d2","local_time":"20210112204641","is_ascension_mode":true,"campfire_choices":[{"floor":15,"key":"RECALL"},{"data":"SpiritShield","floor":23,"key":"SMITH"},{"data":"Mayhem","floor":25,"key":"SMITH"}],"circlet_count":0,"master_deck":["Defend_P","Defend_P","Defend_P","Defend_P","Eruption","Vigilance","Judgement","Perseverance","Metamorphosis","Wireheading","SandsOfTime","ClearTheMind","ThirdEye","FlurryOfBlows","Mayhem+1","Discovery","MentalFortress","EmptyBody","Brilliance","DeceiveReality","FearNoEvil+1","EmptyMind","FollowUp+1","EmptyBody","Crescendo+1","ConjureBlade","EmptyBody+1","ClearTheMind","LessonLearned+1","SpiritShield+1","Halt"],"relics":["PureWater","Bag of Preparation","Happy Flower","Medical Kit","MerchantsRug","Matryoshka","Tiny Chest","Frozen Eye","Molten Egg 2","Pen Nib","Toy Ornithopter","Darkstone Periapt","Damaru","CeramicFish","Black Star","Nilry\u0027s Codex","Blood Vial","Bottled Lightning","Melange","Strawberry","MawBank"],"acts_visited":["Exordium","TheCity"],"potions_floor_usage":[4,10,13,14,18,21,24,27],"damage_taken":[{"damage":0,"enemies":"Jaw Worm","floor":1,"turns":1},{"damage":0,"enemies":"2 Louse","floor":3,"turns":2},{"damage":17,"enemies":"3 Sentries","floor":6,"turns":6},{"damage":0,"enemies":"Cultist","floor":7,"turns":3},{"damage":3,"enemies":"Gremlin Gang","floor":10,"turns":3},{"damage":0,"enemies":"2 Fungi Beasts","floor":11,"turns":2},{"damage":1,"enemies":"Looter","floor":13,"turns":3},{"damage":0,"enemies":"Gremlin Nob","floor":14,"turns":3},{"damage":19,"enemies":"The Guardian","floor":16,"turns":10},{"damage":13,"enemies":"Shell Parasite","floor":18,"turns":5},{"damage":2,"enemies":"Chosen","floor":21,"turns":4},{"damage":15,"enemies":"Slavers","floor":24,"turns":7},{"damage":56,"enemies":"Book of Stabbing","floor":27,"turns":4}],"seed_played":"-5625318303706295773","potions_obtained":[{"floor":6,"key":"LiquidBronze"},{"floor":10,"key":"BottledMiracle"},{"floor":14,"key":"LiquidMemories"},{"floor":18,"key":"PowerPotion"}],"is_trial":false,"path_per_floor":["M","$","M","$","?","E","M","?","T","M","M","T","M","E","R","B",null,"M","?","?","M","$","R","E","R","T","E"],"character_chosen":"WATCHER","items_purchased":["Bag of Preparation","Happy Flower","Medical Kit","Metamorphosis","Wireheading","SandsOfTime","ClearTheMind","ThirdEye","CultistPotion","DistilledChaos","GamblersBrew","MerchantsRug","Matryoshka","Tiny Chest","Frozen Eye","Mayhem","Discovery","MentalFortress","EmptyBody","Brilliance","Fruit Juice","Fire Potion","Blood Vial","Bottled Lightning","Melange","LessonLearned+1","Dexterity Potion","GamblersBrew","SpiritShield"],"campfire_rested":0,"item_purchase_floors":[2,2,2,2,2,2,2,2,2,2,2,2,4,4,4,4,4,4,4,4,4,4,22,22,22,22,22,22,22],"current_hp_per_floor":[72,72,72,77,77,60,60,60,60,62,62,62,66,71,71,52,77,64,50,34,37,37,37,36,36,36,0,0],"gold":108717,"neow_bonus":"ONE_RANDOM_RARE_CARD","is_daily":false,"chose_seed":false,"campfire_upgraded":2,"win_rate":0.0,"timestamp":1610455601,"path_taken":["M","$","M","$","?","E","M","?","T","?","M","?","M","E","R","BOSS","M","?","?","M","$","R","E","R","T","E"],"items_purchased_type":["Relic","Relic","Relic","Card","Card","Card","Card","Card","Potion","Potion","Potion","Relic","Relic","Relic","Relic","Card","Card","Card","Card","Card","Potion","Potion","Relic","Relic","Relic","Card","Potion","Potion","Card"],"build_version":"2020-12-22","purchased_purges":3,"victory":false,"max_hp_per_floor":[72,72,72,77,77,77,77,77,77,77,77,77,77,77,77,77,77,77,82,82,82,82,82,89,89,89,89,89],"card_choices":[{"not_picked":["Protect","Consecrate"],"picked":"Perseverance","floor":1},{"not_picked":["Prostrate","FollowUp"],"picked":"FlurryOfBlows","floor":3},{"not_picked":["EmptyMind","Worship"],"picked":"DeceiveReality","floor":6},{"not_picked":["Consecrate+1","JustLucky+1"],"picked":"FearNoEvil+1","floor":7},{"not_picked":["Worship","Wireheading"],"picked":"EmptyMind","floor":10},{"not_picked":["SignatureMove+1","MentalFortress"],"picked":"FollowUp+1","floor":11},{"not_picked":["WheelKick+1","FlyingSleeves+1"],"picked":"EmptyBody","floor":13},{"not_picked":["Fasting2","Study"],"picked":"Crescendo","floor":14},{"not_picked":["Omniscience","Judgement"],"picked":"ConjureBlade","floor":16},{"not_picked":["CarveReality+1","Evaluate"],"picked":"EmptyBody+1","floor":18},{"not_picked":["EmptyFist+1","WaveOfTheHand"],"picked":"ClearTheMind","floor":21},{"not_picked":["ThirdEye","WheelKick+1"],"picked":"Halt","floor":24}],"player_experience":857339,"relics_obtained":[{"floor":6,"key":"Molten Egg 2"},{"floor":9,"key":"Pen Nib"},{"floor":9,"key":"Toy Ornithopter"},{"floor":12,"key":"Darkstone Periapt"},{"floor":12,"key":"Damaru"},{"floor":14,"key":"CeramicFish"},{"floor":20,"key":"Nilry\u0027s Codex"},{"floor":24,"key":"Strawberry"},{"floor":24,"key":"MawBank"}],"event_choices":[{"cards_removed":["Strike_P"],"damage_healed":0,"gold_gain":0,"player_choice":"Card Removal","damage_taken":0,"max_hp_gain":0,"max_hp_loss":0,"event_name":"The Cleric","floor":5,"gold_loss":50},{"damage_healed":0,"gold_gain":0,"player_choice":"Bought 0 Potions","damage_taken":0,"max_hp_gain":0,"max_hp_loss":0,"event_name":"The Woman in Blue","floor":8,"gold_loss":0},{"damage_healed":0,"gold_gain":0,"player_choice":"Shed Blood","damage_taken":19,"max_hp_gain":5,"max_hp_loss":0,"event_name":"Forgotten Altar","floor":19,"gold_loss":0},{"damage_healed":0,"gold_gain":0,"player_choice":"Obtained Book","damage_taken":16,"max_hp_gain":0,"max_hp_loss":0,"event_name":"Cursed Tome","floor":20,"gold_loss":0}],"is_beta":false,"boss_relics":[{"not_picked":["Philosopher\u0027s Stone","Runic Dome"],"picked":"Black Star"}],"items_purged_floors":[2,4,22],"is_endless":false,"potions_floor_spawned":[6,7,10,14,18],"killed_by":"Book of Stabbing","ascension_level":3}}