{"host":"guk5h31bsklpp7e4","time":1610484083,"event":{"mods":["AchievementEnabler","BaseMod","Colored Map","Colored Powertips","Highlight Path","Minty Spire (QoL Compilation)","Quick Restart"],"gold_per_floor":[114,114,129,129,144,159,174,204,204,204,219,249,99,114,114,214,214,229,244,294,324,120,120,51,51,76,91,121,121,151,166,166,266,266,293,580,607,321,336,366,381,396,396,426,426,456,456,471,471,471],"floor_reached":51,"language":"ENG","playtime":2460,"items_purged":[],"score":1309,"play_id":"2cc5d7bb-aba0-415c-a516-fa03c02b2044","local_time":"20210112154123","daily_mods":["Cursed Run","Hoarder","DeadlyEvents"],"is_ascension_mode":false,"campfire_choices":[{"data":"FlyingSleeves","floor":10,"key":"SMITH"},{"floor":15,"key":"REST"},{"data":"CrushJoints","floor":23,"key":"SMITH"},{"floor":25,"key":"REST"},{"data":"Vigilance","floor":29,"key":"SMITH"},{"data":"CrushJoints","floor":32,"key":"SMITH"},{"floor":49,"key":"REST"}],"circlet_count":0,"master_deck":["Strike_P","Strike_P","Strike_P","Strike_P","Defend_P","Defend_P+1","Defend_P","Defend_P","Eruption+1","Vigilance+1","FlurryOfBlows","FlurryOfBlows","FlurryOfBlows","FlyingSleeves+1","FlyingSleeves","FlyingSleeves","FollowUp","FollowUp","FollowUp","Normality","Normality","Normality","CrushJoints+1","CrushJoints+1","CrushJoints","ClearTheMind","ClearTheMind","ClearTheMind","Clumsy","Clumsy","Clumsy","Devotion+1","Devotion+1","Devotion+1","Consecrate+1","Consecrate+1","Consecrate+1","Vengeance","Vengeance","Vengeance","ThirdEye","ThirdEye","ThirdEye+1","Nirvana+1","Nirvana+1","Nirvana+1","Shame","Shame","Shame","Brilliance","Brilliance","Brilliance","Doubt","Doubt","Doubt","DeusExMachina","DeusExMachina","DeusExMachina","CurseOfTheBell","CurseOfTheBell","CurseOfTheBell","Regret","Regret","Regret","Mind Blast","Mind Blast","Mind Blast","Prostrate","Prostrate","Prostrate","FlyingSleeves+1","FlyingSleeves+1","FlyingSleeves+1","SashWhip+1","SashWhip+1","SashWhip+1","Ragnarok","Ragnarok","Ragnarok","Prostrate+1","Prostrate+1","Prostrate+1","Shame","Shame","Shame","FlurryOfBlows+1","FlurryOfBlows+1","FlurryOfBlows+1","Dramatic Entrance","Dramatic Entrance","Dramatic Entrance","FearNoEvil+1","FearNoEvil+1","FearNoEvil+1","Pain","Pain","Pain","Shame","Shame","Shame"],"relics":["Cursed Key","Darkstone Periapt","Du-Vu Doll","Frozen Egg 2","Orichalcum","GoldenEye","Melange","Black Star","Pen Nib","Calipers","Nunchaku","Akabeko","Ornamental Fan","War Paint","Vajra","Centennial Puzzle","Calling Bell","MawBank","Pear","Lizard Tail","HandDrill","Strawberry","Question Card","Damaru","MealTicket","Torii","Mummified Hand","Ginger","Dead Branch"],"acts_visited":["Exordium","TheCity","TheBeyond"],"potions_floor_usage":[8,16,21,28,30,33,40,42,46],"damage_taken":[{"damage":0,"enemies":"Cultist","floor":1,"turns":3},{"damage":0,"enemies":"2 Louse","floor":3,"turns":2},{"damage":12,"enemies":"Jaw Worm","floor":5,"turns":2},{"damage":0,"enemies":"Looter","floor":6,"turns":3},{"damage":5,"enemies":"Gremlin Gang","floor":7,"turns":3},{"damage":8,"enemies":"Lagavulin","floor":8,"turns":3},{"damage":8,"enemies":"Large Slime","floor":11,"turns":5},{"damage":0,"enemies":"Gremlin Nob","floor":12,"turns":2},{"damage":0,"enemies":"Red Slaver","floor":14,"turns":1},{"damage":48,"enemies":"Hexaghost","floor":16,"turns":6},{"damage":0,"enemies":"2 Thieves","floor":18,"turns":1},{"damage":14,"enemies":"Chosen","floor":19,"turns":2},{"damage":17,"enemies":"Gremlin Leader","floor":21,"turns":5},{"damage":0,"enemies":"3 Cultists","floor":27,"turns":2},{"damage":17,"enemies":"Book of Stabbing","floor":28,"turns":3},{"damage":8,"enemies":"Slavers","floor":30,"turns":2},{"damage":0,"enemies":"Cultist and Chosen","floor":31,"turns":3},{"damage":20,"enemies":"Champ","floor":33,"turns":4},{"damage":0,"enemies":"3 Darklings","floor":35,"turns":2},{"damage":9,"enemies":"3 Shapes","floor":37,"turns":3},{"damage":0,"enemies":"Jaw Worm Horde","floor":39,"turns":1},{"damage":17,"enemies":"Giant Head","floor":40,"turns":3},{"damage":8,"enemies":"4 Shapes","floor":41,"turns":2},{"damage":3,"enemies":"3 Darklings","floor":42,"turns":2},{"damage":0,"enemies":"Reptomancer","floor":44,"turns":1},{"damage":1,"enemies":"Giant Head","floor":46,"turns":3},{"damage":0,"enemies":"Sphere and 2 Shapes","floor":48,"turns":1},{"damage":0,"enemies":"Time Eater","floor":50,"turns":1}],"seed_played":"-5514344210177769252","potions_obtained":[{"floor":1,"key":"GamblersBrew"},{"floor":5,"key":"Weak Potion"},{"floor":8,"key":"BlessingOfTheForge"},{"floor":12,"key":"GamblersBrew"},{"floor":16,"key":"EssenceOfSteel"},{"floor":21,"key":"Swift Potion"},{"floor":28,"key":"ColorlessPotion"},{"floor":31,"key":"Energy Potion"},{"floor":37,"key":"Regen Potion"},{"floor":39,"key":"EssenceOfSteel"},{"floor":40,"key":"ColorlessPotion"},{"floor":42,"key":"CultistPotion"},{"floor":46,"key":"ColorlessPotion"}],"is_trial":false,"path_per_floor":["M","$","M","?","M","M","M","E","T","R","M","E","$","M","R","B",null,"M","M","?","E","$","R","$","R","T","M","E","R","E","M","R","B",null,"M","?","M","$","M","E","M","M","T","E","?","E","T","M","R","B",null],"character_chosen":"WATCHER","items_purchased":["Melange","Nunchaku","ThirdEye","Nirvana+1","HandDrill","Mind Blast","Prostrate"],"campfire_rested":3,"item_purchase_floors":[13,22,22,24,38,38,38],"current_hp_per_floor":[72,72,72,72,60,60,55,47,65,65,57,57,57,57,84,54,108,108,94,94,77,77,77,77,108,126,126,109,109,101,101,101,99,172,172,190,181,181,181,171,163,160,178,178,178,177,195,195,233,251],"gold":471,"neow_bonus":"","is_daily":true,"chose_seed":false,"campfire_upgraded":4,"win_rate":0.0,"timestamp":1610484083,"path_taken":["M","$","?","?","M","M","M","E","T","R","M","?","?","M","R","BOSS","M","?","?","?","$","R","?","R","T","M","E","R","E","M","R","BOSS","M","?","M","$","M","E","M","?","T","E","?","?","?","M","R","BOSS"],"items_purchased_type":["Relic","Relic","Card","Card","Relic","Card","Card"],"build_version":"2020-12-22","purchased_purges":0,"victory":true,"max_hp_per_floor":[72,72,72,72,72,72,72,72,90,90,90,90,90,90,90,108,108,108,108,108,108,108,108,108,108,126,126,126,126,126,126,126,144,172,172,190,190,190,190,197,197,197,215,215,215,215,233,233,233,251],"card_choices":[{"not_picked":["Evaluate","TalkToTheHand","DeceiveReality"],"picked":"SKIP","floor":1},{"not_picked":["PathToVictory","CutThroughFate"],"picked":"FlurryOfBlows","floor":3},{"not_picked":["PathToVictory","SashWhip"],"picked":"FlyingSleeves","floor":5},{"not_picked":["Worship","Conclude","Swivel"],"picked":"SKIP","floor":6},{"not_picked":["Consecrate","SignatureMove"],"picked":"FollowUp","floor":7},{"not_picked":["DeceiveReality","MasterReality+1","Wallop"],"picked":"SKIP","floor":8},{"not_picked":["Meditate","Prostrate"],"picked":"CrushJoints","floor":11},{"not_picked":["Nirvana+1","Consecrate"],"picked":"ClearTheMind","floor":12},{"not_picked":["Fasting2+1","PathToVictory","Halt"],"picked":"SKIP","floor":14},{"not_picked":["Alpha","ConjureBlade"],"picked":"Devotion+1","floor":16},{"not_picked":["CutThroughFate","Prostrate"],"picked":"Consecrate+1","floor":18},{"not_picked":["Conclude","EmptyBody","Weave"],"picked":"SKIP","floor":19},{"not_picked":["Swivel","Meditate"],"picked":"Vengeance","floor":21},{"not_picked":["Swivel+1","Establishment+1","Sanctity"],"picked":"SKIP","floor":27},{"not_picked":["ForeignInfluence","JustLucky","Nirvana+1"],"picked":"SKIP","floor":28},{"not_picked":["ThirdEye","Collect"],"picked":"Brilliance","floor":30},{"not_picked":["Consecrate","Protect","EmptyFist"],"picked":"SKIP","floor":31},{"not_picked":["Wish","DevaForm+1"],"picked":"DeusExMachina","floor":33},{"not_picked":["ClearTheMind+1","WheelKick+1","BattleHymn+1"],"picked":"SKIP","floor":35},{"not_picked":["Evaluate","BattleHymn+1","Adaptation+1"],"picked":"SKIP","floor":37},{"not_picked":["JustLucky","ThirdEye"],"picked":"FlyingSleeves+1","floor":39},{"not_picked":["WheelKick+1","FollowUp"],"picked":"SashWhip+1","floor":40},{"not_picked":["BowlingBash","PathToVictory+1","Crescendo"],"picked":"Ragnarok","floor":41},{"not_picked":["Indignation+1","Worship+1","FearNoEvil"],"picked":"Prostrate+1","floor":42},{"not_picked":["ConjureBlade","Evaluate+1","BowlingBash"],"picked":"FlurryOfBlows+1","floor":44},{"not_picked":["Apotheosis","Madness","Deep Breath"],"picked":"Dramatic Entrance","floor":45},{"not_picked":["SashWhip+1","Wireheading+1","DeceiveReality+1"],"picked":"FearNoEvil+1","floor":46},{"not_picked":["FlurryOfBlows+1","ClearTheMind","BowlingBash+1","Meditate+1"],"picked":"SKIP","floor":48}],"player_experience":284630,"relics_obtained":[{"floor":8,"key":"Frozen Egg 2"},{"floor":9,"key":"Orichalcum"},{"floor":12,"key":"GoldenEye"},{"floor":21,"key":"Pen Nib"},{"floor":21,"key":"Calipers"},{"floor":26,"key":"Akabeko"},{"floor":28,"key":"Ornamental Fan"},{"floor":28,"key":"War Paint"},{"floor":30,"key":"Vajra"},{"floor":30,"key":"Centennial Puzzle"},{"floor":34,"key":"MawBank"},{"floor":34,"key":"Pear"},{"floor":34,"key":"Lizard Tail"},{"floor":40,"key":"Strawberry"},{"floor":40,"key":"Question Card"},{"floor":43,"key":"Damaru"},{"floor":44,"key":"MealTicket"},{"floor":44,"key":"Torii"},{"floor":46,"key":"Mummified Hand"},{"floor":46,"key":"Ginger"},{"floor":47,"key":"Dead Branch"}],"event_choices":[{"damage_healed":0,"gold_gain":0,"player_choice":"Grow","damage_taken":0,"max_hp_gain":0,"max_hp_loss":0,"event_name":"Living Wall","floor":4,"gold_loss":0,"cards_upgraded":["Eruption"]},{"damage_healed":0,"gold_gain":100,"player_choice":"Bet on Murderer","damage_taken":0,"max_hp_gain":0,"max_hp_loss":0,"event_name":"The Joust","floor":20,"gold_loss":50},{"damage_healed":0,"gold_gain":275,"player_choice":"Desecrate","damage_taken":0,"max_hp_gain":0,"max_hp_loss":0,"event_name":"Golden Shrine","floor":36,"gold_loss":0,"cards_obtained":["Regret"]},{"damage_healed":0,"gold_gain":0,"player_choice":"Memory 1","damage_taken":0,"max_hp_gain":0,"max_hp_loss":0,"event_name":"SensoryStone","floor":45,"gold_loss":0}],"is_beta":false,"boss_relics":[{"not_picked":["Sozu","Tiny House"],"picked":"Black Star"},{"not_picked":["SacredBark","Pandora\u0027s Box"],"picked":"Calling Bell"}],"items_purged_floors":[],"is_endless":false,"potions_floor_spawned":[1,5,8,12,16,19,21,28,31,37,39,40,42,46],"ascension_level":0}}