{"host":"byizzf0lry06owoh","time":1610410949,"event":{"mods":["Act Like it!","Aspiration","BaseMod","BetterRewards","Card Forge","Conspire","Downfall","Friendly Minions","GifTheSpireLib","Hallownest","Hubris","Infinite Spire","Minty Spire (QoL Compilation)","Relic Sorter","Replay The Spire","StSLib","Wandering Minibosses"],"gold_per_floor":[113,128,147,147,157,157,172,182,208,208,208,208,229,245,245,373,373,396,240,263,22,42,86,86,100,152,50,74,98,98,119,119,249,249,268,331,331,331,244,244,269,313,313,313,313,313,328,351,351,581,581,586,592,592,609,319,293,293],"floor_reached":57,"playtime":4164,"items_purged":[],"score":656,"play_id":"5b69203f-2c5c-43b6-ace3-dc2dbc0f8bd0","local_time":"20210111162229","is_ascension_mode":false,"campfire_choices":[{"data":"Twin Strike","floor":6,"key":"SMITH"},{"data":"Body Slam","floor":10,"key":"SMITH"},{"data":"Venomology","floor":15,"key":"SMITH"},{"data":"Infernal Blade","floor":24,"key":"SMITH"},{"data":"Hemokinesis","floor":30,"key":"SMITH"},{"floor":32,"key":"RECALL"},{"data":"Double Tap","floor":40,"key":"SMITH"},{"floor":44,"key":"REST"},{"data":"Chill","floor":49,"key":"SMITH"}],"circlet_count":0,"master_deck":["Twin Strike+1","infinitespire:OneForAll","Shrug It Off","Shrug It Off+1","Body Slam+1","Cleave","Venomology+1","Endless Agony","Ghostly Armor","Double Tap+1","Flex+1","ReplayTheSpireMod:Limb From Limb+1","Infernal Blade+1","Hemokinesis+1","Dark Embrace+1","Reckless Charge+1","Inflame","Disarm","Armaments+1","Offering+1","Hemogenesis","hubris:ReadiedAction+1","ReplayTheSpireMod:Muscle Training+1","CommonCold","Replay:Fractal Strike","Panic Button","hubris:InfiniteBlow","Chill+1","Crystallizer+1","Self Repair+1","Electrodynamics","Replay:Fractal Strike","Conserve Battery","Blood for Blood","Combust","Crow Ritual"],"relics":["Burning Blood","ReplayTheSpireMod:EnergyBall","hubris:Icosahedron","Seething Fire","Replay:Wax Seal","Hammer of Thor","Anvil of the Gods","Dream Catcher","Golden Idol","Ooze Armor","Vajra","Membership Card","Another Sword","Bag of Marbles","Anchor","BargainBundle","SlaversCollar","Lizard Tail","Ring of Fury","ReplayTheSpireMod:Ring of Exchange","aspiration:DefectSkillbook","hubris:FunFungus","Gremlin Food","DollysMirror","War Paint","Replay:Bottled Snecko"],"acts_visited":["Exordium","TheCity","TheBeyond","Exordium"],"potions_floor_usage":[13,13,14,16,16,16,20,20,22,23,23,28,33,36,41,42,47,47,50,50,57,57],"damage_taken":[{"damage":0,"enemies":"2 Louse","floor":1,"turns":2},{"damage":5,"enemies":"Jaw Worm","floor":2,"turns":4},{"damage":0,"enemies":"Small Slimes","floor":3,"turns":3},{"damage":5,"enemies":"conspire:2 RoseBushes","floor":5,"turns":6},{"damage":5,"enemies":"Lots of Slimes","floor":7,"turns":5},{"damage":13,"enemies":"Exordium Thugs","floor":8,"turns":4},{"damage":0,"enemies":"3 Louse","floor":13,"turns":7},{"damage":0,"enemies":"Large Slime","floor":14,"turns":4},{"damage":24,"enemies":"Hexaghost","floor":16,"turns":6},{"damage":10,"enemies":"Shell Parasite","floor":18,"turns":2},{"damage":2,"enemies":"3 Byrds","floor":20,"turns":3},{"damage":0,"enemies":"Centurion and Healer","floor":22,"turns":4},{"damage":13,"enemies":"Replay:Snechameleon","floor":23,"turns":3},{"damage":11,"enemies":"Cultist and Chosen","floor":25,"turns":3},{"damage":6,"enemies":"3 Cultists","floor":28,"turns":3},{"damage":6,"enemies":"Sentry and Sphere","floor":29,"turns":3},{"damage":10,"enemies":"Snecko","floor":31,"turns":3},{"damage":16,"enemies":"conspire:MysteriousRune","floor":33,"turns":5},{"damage":2,"enemies":"3 Shapes","floor":35,"turns":1},{"damage":21,"enemies":"Mind Bloom Boss Battle","floor":36,"turns":3},{"damage":6,"enemies":"Orb Walker","floor":39,"turns":2},{"damage":16,"enemies":"Transient","floor":41,"turns":5},{"damage":54,"enemies":"Nightmare","floor":42,"turns":5},{"damage":19,"enemies":"Jaw Worm Horde","floor":47,"turns":3},{"damage":0,"enemies":"Spire Growth","floor":48,"turns":2},{"damage":44,"enemies":"Replay:Hell Engine","floor":50,"turns":4},{"damage":2,"enemies":"Cultist","floor":52,"turns":2},{"damage":0,"enemies":"2 Louse","floor":53,"turns":2},{"damage":1,"enemies":"Jaw Worm","floor":55,"turns":1},{"damage":181,"enemies":"Nightmare","floor":57,"turns":4}],"seed_played":"7700128314622429869","potions_obtained":[{"floor":1,"key":"Regen Potion"},{"floor":2,"key":"Strength Potion"},{"floor":3,"key":"LifebloodPotion"},{"floor":13,"key":"champ:CounterPotion"},{"floor":16,"key":"Explosive Potion"},{"floor":18,"key":"SkillPotion"},{"floor":20,"key":"Explosive Potion"},{"floor":29,"key":"SpeedPotion"},{"floor":48,"key":"PowerPotion"},{"floor":52,"key":"sneckomod:MuddlingPotion"}],"is_trial":false,"path_per_floor":["M","M","M","?","M","R","M","M","T","R","?","?","M","M","R","B",null,"M","$","M","$","M","E","R","M","T","$","M","M","R","M","R","B",null,"M","?","?","AVR","M","R","M","NM","T","R","?","?","M","M","R","B",null,"M","M","?","M","$","NM"],"character_chosen":"IRONCLAD","items_purchased":["Vajra","Membership Card","Infernal Blade","Replay:Wax Seal","Another Sword","BargainBundle","Inflame","War Paint","Crow Ritual","Replay:Bottled Snecko"],"campfire_rested":1,"item_purchase_floors":[19,21,21,21,21,27,27,56,56,56],"current_hp_per_floor":[80,80,80,80,80,80,80,73,73,73,73,53,74,80,80,62,80,76,76,80,80,80,73,73,68,68,68,68,68,68,64,64,54,80,80,65,65,65,65,65,55,7,7,31,34,83,71,78,78,71,83,83,83,83,83,83,0,0],"gold":293,"neow_bonus":"RANDOM_EVENT","is_daily":false,"chose_seed":false,"campfire_upgraded":7,"win_rate":0.0,"timestamp":1610410949,"path_taken":["M","M","M","?","M","R","M","M","T","R","?","?","?","M","R","BOSS","M","$","M","$","M","E","R","M","T","?","M","M","R","M","R","BOSS","M","?","?","AVR","M","R","M","NM","T","R","?","?","?","M","R","BOSS","M","M","?","M","$","NM"],"items_purchased_type":["Relic","Relic","Card","Relic","Relic","Relic","Card","Relic","Card","Relic"],"build_version":"2020-12-22","purchased_purges":0,"victory":false,"max_hp_per_floor":[80,80,80,80,80,80,80,80,80,80,80,80,80,80,80,80,80,80,80,80,80,80,80,80,80,80,80,80,80,80,80,80,80,80,80,80,80,80,80,80,80,80,80,80,83,83,83,83,83,83,83,83,83,83,83,83,83,83],"card_choices":[{"not_picked":["Run Through","Carnage"],"picked":"infinitespire:OneForAll","floor":1},{"not_picked":["hubris:CleavingFinish","Combust"],"picked":"Shrug It Off","floor":2},{"not_picked":["Bloodletting","Battle Trance"],"picked":"Shrug It Off","floor":3},{"not_picked":["Power Through","Heavy Blade"],"picked":"Perfected Strike","floor":5},{"not_picked":["Replay:Many Hands","Sword Boomerang"],"picked":"Body Slam","floor":7},{"not_picked":["Perfected Strike","Warcry"],"picked":"Cleave","floor":8},{"not_picked":["Flex","Headbutt"],"picked":"Ghostly Armor","floor":13},{"not_picked":["Reaper","Perfected Strike"],"picked":"Sword Boomerang","floor":14},{"not_picked":["Offering","Demonic Infusion"],"picked":"Double Tap","floor":16},{"not_picked":["Sword Boomerang","Evolve"],"picked":"Flex+1","floor":18},{"not_picked":["Wild Strike+1","Anger"],"picked":"ReplayTheSpireMod:Limb From Limb+1","floor":20},{"not_picked":["Carnage","Replay:Undeath\u0027s Touch"],"picked":"Hemokinesis","floor":22},{"not_picked":["ReplayTheSpireMod:Strike From Hell","Sword Boomerang"],"picked":"Dark Embrace+1","floor":23},{"not_picked":["Pommel Strike","Burning Pact+1"],"picked":"Reckless Charge+1","floor":25},{"not_picked":["ReplayTheSpireMod:Strike From Hell","Uppercut"],"picked":"Disarm","floor":28},{"not_picked":["Cleave","Reckless Charge"],"picked":"Armaments+1","floor":29},{"not_picked":["Warcry","Dark Embrace"],"picked":"Offering","floor":31},{"not_picked":["Eclipse","Impervious"],"picked":"Hemogenesis","floor":33},{"not_picked":["ReplayTheSpireMod:Corrosion Curse+1","Iron Wave+1"],"picked":"hubris:ReadiedAction+1","floor":35},{"not_picked":["Clash","Ghostly Armor"],"picked":"ReplayTheSpireMod:Muscle Training","floor":36},{"not_picked":["Anger+1","Carnage","Headbutt"],"picked":"Tempest+1","floor":39},{"not_picked":["ReplayTheSpireMod:Limb From Limb","Twin Strike","Sword Boomerang"],"picked":"Panic Button","floor":41},{"not_picked":["infinitespire:SealOfDarkness+","infinitespire:UltimateForm"],"picked":"hubris:InfiniteBlow","floor":42},{"not_picked":["Streamline","BasicCrystalCard+1","Rampage+1"],"picked":"Chill","floor":42},{"not_picked":["Biased Cognition","ReplayTheSpireMod:Strike From Hell+1","ReplayGash+1"],"picked":"Crystallizer+1","floor":44},{"not_picked":["Doom and Gloom+1","Entrench","Stack+1","Barrage+1"],"picked":"SKIP","floor":47},{"not_picked":["Rage","Steam Power+1","Flex+1"],"picked":"Self Repair+1","floor":48},{"not_picked":["hubris:Prefetch","ReplayRNGCard","Seek"],"picked":"Electrodynamics","floor":50},{"not_picked":["conspire:SharedLibrary","Redo","Tempest"],"picked":"Conserve Battery","floor":52},{"not_picked":["ReplayReversal","Genetic Algorithm","Chill"],"picked":"Blood for Blood","floor":53},{"not_picked":["Warcry","Anger","Disarm"],"picked":"Combust","floor":55}],"player_experience":78589,"relics_obtained":[{"floor":9,"key":"Dream Catcher"},{"floor":23,"key":"Bag of Marbles"},{"floor":26,"key":"Anchor"},{"floor":36,"key":"Lizard Tail"},{"floor":37,"key":"Ring of Fury"},{"floor":37,"key":"ReplayTheSpireMod:Ring of Exchange"},{"floor":42,"key":"hubris:FunFungus"},{"floor":43,"key":"Gremlin Food"}],"event_choices":[{"damage_healed":0,"gold_gain":0,"cards_transformed":["Strike_R"],"player_choice":"Change","damage_taken":0,"max_hp_gain":0,"max_hp_loss":0,"event_name":"Living Wall","floor":0,"gold_loss":0,"cards_obtained":["Twin Strike"]},{"damage_healed":0,"gold_gain":0,"player_choice":"Take Damage","damage_taken":20,"relics_obtained":["Golden Idol"],"max_hp_gain":0,"max_hp_loss":0,"event_name":"Golden Idol","floor":12,"gold_loss":0},{"damage_healed":0,"gold_gain":0,"player_choice":"Fight","damage_taken":0,"max_hp_gain":0,"max_hp_loss":0,"event_name":"MindBloom","floor":36,"gold_loss":0},{"cards_removed":["Tempest"],"damage_healed":49,"gold_gain":0,"player_choice":"Offered Uncommon","damage_taken":0,"max_hp_gain":0,"max_hp_loss":0,"event_name":"Bonfire Elementals","floor":46,"gold_loss":0},{"damage_healed":0,"gold_gain":0,"player_choice":"Ignored","damage_taken":0,"max_hp_gain":0,"max_hp_loss":0,"event_name":"Purifier","floor":54,"gold_loss":0}],"is_beta":false,"boss_relics":[{"not_picked":["Empty Cage","conspire:SeveredTorchhead"],"picked":"Ooze Armor"},{"not_picked":["Tiny House","ChewingGum"],"picked":"SlaversCollar"},{"not_picked":["Replay:Drink Me","Brimstone"],"picked":"DollysMirror"}],"items_purged_floors":[],"is_endless":true,"potions_floor_spawned":[1,2,3,13,16,18,20,29,31,39,48,52],"killed_by":"Nightmare","ascension_level":0}}