{"host":"ek9taqw8xdi3apvg","time":1610476000,"event":{"mods":["100% Spire Juice","AchievementEnabler","Act Like it!","Aspiration","BaseMod","BetterRewards","ChefMod","Conspire","Curses Come First","DeckTracker","Downfall","Evolution","Fox Events","Gensokyo","GungeonMod","Hallownest","Hermit","Hubris","Infinite Spire","Lobotomy","Marisa????????","Minty Spire (QoL Compilation)","Rare Cards Sparkle","Relic Stats","Remilia??????","Replay The Spire","StSLib","The Animator","The Bug Knight","The Cursed","The Poker Player","The Runesmith","The Senshi","The Servant 0.9.4","Thieving Mod","everything is the same but u backflip on backflip"],"gold_per_floor":[119,138,138,155,169,196,214,231,231,231,196,196,206,206,206,206,206,302,97,318,318,330,340,290,322,322,368,368,402,402,422,442,461,461,564,614,643,688,722,810,836,848,912,924,936,948,988,1041,217,235,235,353,353,380,171,185,203,203,223,248,283,310,326,343,343,89,18,18,38],"floor_reached":70,"playtime":10721,"items_purged":["Defend_R"],"score":1212,"play_id":"1652b99c-1b09-4b95-905c-5e1c9a8a4245","local_time":"20210112132640","is_ascension_mode":false,"campfire_choices":[{"floor":10,"key":"REST"},{"data":"Perfected Strike","floor":17,"key":"SMITH"},{"data":"conspire:SpireCoStock","floor":26,"key":"SMITH"},{"data":"Perfected Strike","floor":34,"key":"SMITH"},{"floor":42,"key":"REST"},{"floor":44,"key":"REST"},{"floor":46,"key":"REST"},{"floor":51,"key":"DIG"},{"data":"Limit Break","floor":68,"key":"SMITH"}],"circlet_count":0,"master_deck":["Strike_R","Strike_R","Strike_R","Strike_R","Strike_R","Defend_R+1","Defend_R+1","Defend_R","Bash","Armaments+1","Iron Wave","Twin Strike","Headbutt","Demon Form","Rampage","Perfected Strike+1","hubris:ReadiedAction+1","Pommel Strike","Iron Wave","conspire:SpireCoStock+1","Perfected Strike+1","Iron Wave","Cleave","Battle Trance","Thunderclap","hubris:SharpeningStone","Intimidate","Perfected Strike+1","Dropkick","Warcry+1","Seeing Red+1","Seeing Red","Feed","Armaments+1","Twin Strike+1","Replay:Fractal Strike","Limit Break+1","hubris:SharpeningStone+1","Spot Weakness+1","Inflame+1","Armaments+1","ReplayTheSpireMod:LeadingStrike"],"relics":["Black Blood","Ancient Tea Set","Boot","Letter Opener","Paper Frog","Sozu","Strawberry","ClockworkSouvenir","Bottled Lightning","Ice Cream","Kunai","HornCleat","Hallownest:DreamNailRelic","Tiny House","MawBank","Bottled Flame","Question Card","InkBottle","Champion Belt","StoneCalendar","Sling","TungstenRod","Pear","Bag of Preparation","War Paint","hubris:Towel","Vajra"],"acts_visited":["Hallownest:Greenpath","Hallownest:CityofTears","Hallownest:KingdomsEdge"],"potions_floor_usage":[6,8],"damage_taken":[{"damage":4.0,"enemies":"2 Louse","floor":1.0,"turns":4.0},{"damage":1.0,"enemies":"Jaw Worm","floor":2.0,"turns":5.0},{"damage":2.0,"enemies":"Small Slimes","floor":4.0,"turns":4.0},{"damage":27,"enemies":"Exordium Thugs","floor":5,"turns":9},{"damage":31,"enemies":"Lagavulin","floor":6,"turns":8},{"damage":8,"enemies":"Exordium Wildlife","floor":7,"turns":3},{"damage":0,"enemies":"3 Louse","floor":8,"turns":3},{"damage":0,"enemies":"Blue Slaver","floor":13,"turns":3},{"damage":34,"enemies":"Slime Boss","floor":18,"turns":10},{"damage":1,"enemies":"Hallownest:2_Tiktiks_and_1_Crawlid","floor":20,"turns":3},{"damage":0,"enemies":"Hallownest:monsterHuskGuard","floor":22,"turns":2},{"damage":4,"enemies":"Hallownest:2_Baldur","floor":23,"turns":2},{"damage":13,"enemies":"Hallownest:eliteMossKnight","floor":25,"turns":3},{"damage":15,"enemies":"Hallownest:eliteCrystalGuardian","floor":27,"turns":5},{"damage":8,"enemies":"Hallownest:eliteMossKnight","floor":29,"turns":6},{"damage":0,"enemies":"Hallownest:monsterFoolEater","floor":31,"turns":2},{"damage":0,"enemies":"Hallownest:Wandering_and_Horned","floor":32,"turns":2},{"damage":0,"enemies":"Hallownest:1_Ooma_and_2_Uuma","floor":33,"turns":4},{"damage":32,"enemies":"Hallownest:BossHornet","floor":35,"turns":7},{"damage":0,"enemies":"Hallownest:Guard_and_Sentry","floor":37,"turns":4},{"damage":0,"enemies":"Hallownest:2_Mistakes","floor":38,"turns":4},{"damage":32,"enemies":"conspire:MimicChest","floor":39,"turns":5},{"damage":0,"enemies":"Hallownest:Glutton_and_Coward","floor":40,"turns":4},{"damage":8,"enemies":"Hallownest:3_Mistakes","floor":41,"turns":5},{"damage":80,"enemies":"Nightmare","floor":43,"turns":7},{"damage":14,"enemies":"Hallownest:eliteWatcherKnight","floor":47,"turns":11},{"damage":0,"enemies":"Hallownest:Master_and_Novice","floor":48,"turns":3},{"damage":0,"enemies":"Hallownest:2_Husk_Sentries","floor":50,"turns":3},{"damage":0,"enemies":"Hallownest:BossSoulMaster","floor":52,"turns":7},{"damage":0,"enemies":"Hallownest:Shield_Heavy","floor":54,"turns":5},{"damage":24,"enemies":"Hallownest:2_Littles","floor":56,"turns":5},{"damage":13,"enemies":"Hallownest:Shield_Sturdy","floor":57,"turns":5},{"damage":0,"enemies":"Hallownest:2_Wandering_and_1_Horned","floor":59,"turns":5},{"damage":20,"enemies":"Hallownest:StalkingDevout","floor":60,"turns":5},{"damage":5,"enemies":"Hallownest:2_Wing_and_1_Kings","floor":61,"turns":5},{"damage":5,"enemies":"Hallownest:Shield_Sturdy","floor":63,"turns":7},{"damage":1,"enemies":"Hallownest:monsterPrimalAspid","floor":64,"turns":2},{"damage":44,"enemies":"Hallownest:Radiance","floor":69,"turns":5}],"seed_played":"1768233996282520339","potions_obtained":[{"floor":4,"key":"LiquidMemories"},{"floor":5,"key":"Toxic Potion"},{"floor":7,"key":"DemoMod:LeadSkinPotion"}],"is_trial":false,"path_per_floor":["M","M","?","M","M","E","M","M","T","R","?","?","M","PTL","PTL","T","R","B",null,"M","?","M","M","?","E","R","E","T","E","?","M","M","M","R","B",null,"M","M","?","M","M","R","NM","R","T","R","E","M","$","M","R","B",null,"M","$","M","M","AVR","M","E","M","T","M","M","?","$","$","R","B",null],"character_chosen":"IRONCLAD","items_purchased":["Strawberry","ClockworkSouvenir","Champion Belt","StoneCalendar","Sling","Dropkick","Seeing Red","Feed","Vajra","Armaments+1","ReplayTheSpireMod:LeadingStrike"],"campfire_rested":4,"item_purchase_floors":[19,19,49,49,49,49,55,55,66,66,67],"current_hp_per_floor":[80,80,80,80,59,34,32,38,38,62,80,64,70,70,70,70,70,42,87,87,87,87,87,87,80,80,71,71,69,69,75,81,87,87,61,92,92,92,66,72,70,92,18,45,45,72,64,70,70,76,76,82,92,92,92,83,82,92,107,99,110,110,112,112,112,112,112,112,83],"gold":38,"neow_bonus":"RANDOM_COMMON_RELIC","is_daily":false,"chose_seed":false,"campfire_upgraded":4,"win_rate":0.0,"timestamp":1610476000,"path_taken":["M","M","?","M","M","E","M","M","T","R","?","?","?","PTL","PTL","?","R","BOSS","M","?","M","M","?","E","R","E","T","E","?","M","M","M","R","BOSS","M","?","?","M","M","R","NM","R","T","R","E","M","$","M","R","BOSS","M","$","M","M","AVR","M","E","M","T","M","M","?","?","$","R","BOSS"],"items_purchased_type":["Relic","Relic","Relic","Relic","Relic","Card","Card","Card","Relic","Card","Card"],"build_version":"2020-12-22","purchased_purges":1,"victory":true,"max_hp_per_floor":[80,80,80,80,80,80,80,80,80,80,80,80,80,80,80,80,80,80,87,87,87,87,87,87,87,87,87,87,87,87,87,87,87,87,87,92,92,92,92,92,92,92,92,92,92,92,92,92,92,92,92,92,92,92,92,95,95,105,108,108,112,112,112,112,112,112,112,112,115],"relic_stats":{"counters":[35,169],"Black Blood":211,"StoneCalendar":[40],"Bag of Preparation":[8],"Letter Opener":[111],"War Paint":["hubris:ReadiedAction","Seeing Red"],"Boot":[52],"MawBank":120,"Question Card":21,"Sozu":14,"Kunai":[55],"Champion Belt":[18],"obtain_stats":[{"Ice Cream":27,"Tiny House":36,"Black Blood":53,"Vajra":66,"StoneCalendar":49,"DemoMod:GlassGuonStoneRelic":6,"Hallownest:DreamNailRelic":30,"Bag of Preparation":60,"Ancient Tea Set":0,"Boot":6,"Sling":49,"Burning Blood":0,"ClockworkSouvenir":19,"Sozu":19,"HornCleat":29,"Strawberry":19,"Kunai":28,"InkBottle":47,"Paper Frog":16,"Pear":58,"Letter Opener":9,"War Paint":62,"hubris:Towel":65,"MawBank":39,"Question Card":45,"Bottled Flame":43,"Bottled Lightning":25,"Champion Belt":49,"TungstenRod":51},{"Ice Cream":11,"Tiny House":16,"Black Blood":26,"Vajra":34,"StoneCalendar":24,"DemoMod:GlassGuonStoneRelic":2,"Hallownest:DreamNailRelic":12,"Bag of Preparation":31,"Ancient Tea Set":0,"Boot":2,"Sling":24,"Burning Blood":0,"ClockworkSouvenir":6,"Sozu":6,"HornCleat":12,"Strawberry":6,"Kunai":11,"InkBottle":23,"Paper Frog":5,"Pear":29,"Letter Opener":4,"War Paint":32,"hubris:Towel":34,"MawBank":19,"Question Card":22,"Bottled Flame":22,"Bottled Lightning":10,"Champion Belt":24,"TungstenRod":25},{"Ice Cream":51,"Tiny House":72,"Black Blood":125,"Vajra":164,"StoneCalendar":115,"DemoMod:GlassGuonStoneRelic":17,"Hallownest:DreamNailRelic":57,"Bag of Preparation":150,"Ancient Tea Set":0,"Boot":17,"Sling":115,"Burning Blood":0,"ClockworkSouvenir":36,"Sozu":36,"HornCleat":57,"Strawberry":36,"Kunai":51,"InkBottle":112,"Paper Frog":26,"Pear":140,"Letter Opener":23,"War Paint":155,"hubris:Towel":164,"MawBank":85,"Question Card":101,"Bottled Flame":101,"Bottled Lightning":46,"Champion Belt":115,"TungstenRod":118}],"InkBottle":[20],"TungstenRod":21},"card_choices":[{"not_picked":["Combust","Searing Blow"],"picked":"Armaments","floor":1.0},{"not_picked":["Bloodletting","Twin Strike"],"picked":"Iron Wave","floor":2.0},{"not_picked":["ReplayReversal","Warcry"],"picked":"Twin Strike","floor":4},{"not_picked":["Pummel","Pommel Strike"],"picked":"Headbutt","floor":5},{"not_picked":["Iron Wave","ReplayTheSpireMod:LeadingStrike"],"picked":"Demon Form","floor":6},{"not_picked":["Shrug It Off","Body Slam"],"picked":"Rampage","floor":7},{"not_picked":["Blood for Blood","Anger","Infernal Blade"],"picked":"SKIP","floor":8},{"not_picked":["Replay:Undeath\u0027s Touch","Pommel Strike"],"picked":"Perfected Strike","floor":13},{"not_picked":["Flame Barrier","hubris:ReadiedAction"],"picked":"Pommel Strike","floor":20},{"not_picked":["ReplayTheSpireMod:Strike From Hell","Clash","Cleave"],"picked":"SKIP","floor":22},{"not_picked":["Flex","Pommel Strike"],"picked":"Iron Wave","floor":23},{"not_picked":["Flame Barrier","Clash","Bloodletting"],"picked":"SKIP","floor":25},{"not_picked":["Defy Death","Clothesline"],"picked":"Perfected Strike","floor":27},{"not_picked":["Shrug It Off","infinitespire:OneForAll"],"picked":"Iron Wave","floor":29},{"not_picked":["Anger","Dual Wield","conspire:Purge"],"picked":"SKIP","floor":31},{"not_picked":["Clothesline","Rupture"],"picked":"Cleave","floor":32},{"not_picked":["Thunderclap","Heavy Blade","Flex"],"picked":"SKIP","floor":33},{"not_picked":["Burning Pact","Rupture"],"picked":"Battle Trance","floor":36},{"not_picked":["True Grit","infinitespire:OneForAll"],"picked":"Thunderclap","floor":37},{"not_picked":["Abandon","Rage","Headbutt"],"picked":"SKIP","floor":38},{"not_picked":["Searing Blow","infinitespire:OneForAll","Warcry+1"],"picked":"SKIP","floor":40},{"not_picked":["True Grit+1","Twin Strike","Clothesline"],"picked":"SKIP","floor":41},{"not_picked":["Whirlwind","Bludgeon"],"picked":"hubris:SharpeningStone","floor":43},{"not_picked":["hubris:ReadiedAction+1","Clash","Carnage"],"picked":"Intimidate","floor":47},{"not_picked":["Searing Blow","Twin Strike","Disarm"],"picked":"Perfected Strike+1","floor":48},{"not_picked":["hubris:ReadiedAction","Clash","Iron Wave","Dropkick"],"picked":"SKIP","floor":50},{"not_picked":["Armaments","Rage","Blood for Blood+1"],"picked":"Warcry+1","floor":54},{"not_picked":["ReplayTheSpireMod:Muscle Training+1","Replay:Undeath\u0027s Touch+1","Barricade"],"picked":"Armaments+1","floor":56},{"not_picked":["hubris:CleavingFinish+1","Dropkick","Iron Wave+1"],"picked":"Twin Strike+1","floor":57},{"not_picked":["True Grit","Clash+1","Run Through+1","Whirlwind"],"picked":"SKIP","floor":59},{"not_picked":["Anger+1","Uppercut+1","Clash+1"],"picked":"Limit Break","floor":60},{"not_picked":["Shockwave+1","Sever Soul+1","Body Slam+1"],"picked":"hubris:SharpeningStone+1","floor":61},{"not_picked":["Run Through","Body Slam+1","Rage"],"picked":"Spot Weakness+1","floor":63},{"not_picked":["hubris:CleavingFinish+1","Clash","Body Slam"],"picked":"Inflame+1","floor":64}],"player_experience":79118,"relics_obtained":[{"floor":6,"key":"Boot"},{"floor":9,"key":"Letter Opener"},{"floor":16,"key":"Paper Frog"},{"floor":25,"key":"Bottled Lightning"},{"floor":27,"key":"Ice Cream"},{"floor":28,"key":"Kunai"},{"floor":29,"key":"HornCleat"},{"floor":39,"key":"MawBank"},{"floor":43,"key":"Bottled Flame"},{"floor":45,"key":"Question Card"},{"floor":47,"key":"InkBottle"},{"floor":51,"key":"TungstenRod"},{"floor":60,"key":"Bag of Preparation"},{"floor":62,"key":"War Paint"}],"event_choices":[{"damage_healed":0.0,"max_hp_gain":0.0,"max_hp_loss":0.0,"gold_gain":0.0,"event_name":"Golden Idol","player_choice":"Ignored","floor":3.0,"gold_loss":0.0,"damage_taken":0.0},{"damage_healed":20,"gold_gain":0,"player_choice":"Healed","damage_taken":0,"max_hp_gain":0,"max_hp_loss":0,"event_name":"The Cleric","floor":11,"gold_loss":35},{"damage_healed":0,"gold_gain":0,"player_choice":"Entered Light","damage_taken":16,"max_hp_gain":0,"max_hp_loss":0,"event_name":"Shining Light","floor":12,"gold_loss":0,"cards_upgraded":["Defend_R","Armaments"]},{"damage_healed":0,"gold_gain":0,"player_choice":"Invest 1","damage_taken":0,"max_hp_gain":0,"max_hp_loss":0,"event_name":"conspire:Investor","floor":24,"gold_loss":0}],"is_beta":false,"boss_relics":[{"not_picked":["Runic Dome","Runic Cube"],"picked":"Sozu"},{"not_picked":["Fusion Hammer","SacredBark"],"picked":"Tiny House"},{"not_picked":["Black Star","Busted Crown"],"picked":"Black Blood"}],"items_purged_floors":[66],"is_endless":false,"potions_floor_spawned":[4,5,7,22,25,29,31,35,37,39,41,47,50,54,57,60,63],"ascension_level":0}}