{"host":"uceopoba4zvqsgiy","time":1610429351,"event":{"mods":["Act Like it!","BaseMod","Better Skull","Better Third Choice","Elementarium","Evolution","GifTheSpireLib","Hermit","Humility","Infinite Spire","Jorbs\u0027s Wanderer Trilogy","Marked Mod","Minty Spire (QoL Compilation)","Potionbrewer","Replay The Spire","Robot Space Explorer","Shade Mod","Spicy Shops","StSLib","Stuff the Spire","The Blue Laboratory","The Caster","The Cursed","The Dragon Tamer","The Hierophant","The Judge","The Jungle","Wandering Minibosses"],"gold_per_floor":[117,130,149,160,160,160,192,2,76,76,76,76],"floor_reached":11,"playtime":1894,"items_purged":[],"score":99,"play_id":"8d205685-bd1b-4026-b484-2a6097710210","local_time":"20210112155911","is_ascension_mode":true,"campfire_choices":[{"data":"Shade:PressTheAttack","floor":6,"key":"SMITH"},{"floor":10,"key":"REST"}],"circlet_count":0,"master_deck":["Shade:Strike_Shade","Shade:Strike_Shade","Shade:Strike_Shade","Shade:Strike_Shade","Shade:Defend_Shade","Shade:Defend_Shade","Shade:Defend_Shade","Shade:Defend_Shade","Shade:AnimateDead","Shade:CarefulCut","Shade:Consume","Shade:GreyBargain","Shade:PressTheAttack+1","Shade:SkeletonArmy","Shade:FleshLikeOak","Shade:TouchOfTheGrave","Shade:Brains"],"relics":["Shade:YorickSkull","EVO:Axolotl","StuffTheSpire:Wildfire","Blue Doll","Singing Bowl"],"acts_visited":["Exordium"],"potions_floor_usage":[11],"damage_taken":[{"damage":0,"enemies":"Cultist","floor":1,"turns":3},{"damage":0,"enemies":"2 Louse","floor":2,"turns":1},{"damage":8,"enemies":"Small Slimes","floor":3,"turns":3},{"damage":10,"enemies":"Red Slaver","floor":4,"turns":2},{"damage":25,"enemies":"Gremlin Nob","floor":7,"turns":3},{"damage":61,"enemies":"3 Sentries","floor":11,"turns":7}],"seed_played":"-833184296401838453","potions_obtained":[{"floor":1,"key":"blueLaboratory:RememoryPotion"},{"floor":7,"key":"GamblersBrew"}],"is_trial":false,"path_per_floor":["M","M","M","M","?","R","E","$","T","R","E"],"character_chosen":"SHADE","items_purchased":["Shade:TouchOfTheGrave","Blue Doll","Shade:Brains"],"campfire_rested":1,"item_purchase_floors":[8,8,8],"current_hp_per_floor":[59,59,51,41,65,65,40,40,40,59,0,0],"gold":76,"neow_bonus":"ONE_RANDOM_RARE_CARD","is_daily":false,"chose_seed":false,"campfire_upgraded":1,"win_rate":0.0,"timestamp":1610429351,"path_taken":["M","M","?","M","?","R","E","$","T","R","E"],"items_purchased_type":["Card","Relic","Card"],"build_version":"2020-12-22","purchased_purges":0,"victory":false,"max_hp_per_floor":[65,65,65,65,65,65,65,65,65,65,65,65],"card_choices":[{"not_picked":["Shade:Frenzy","Shade:GraveStillness"],"picked":"Shade:GreyBargain","floor":1},{"not_picked":["Shade:AncientSpear","Shade:FreshBones"],"picked":"Shade:PressTheAttack","floor":2},{"not_picked":["Shade:CoffinDance","Shade:Bonestorm"],"picked":"Shade:SkeletonArmy","floor":3},{"not_picked":["Shade:FuneraryArmor","Shade:Patience"],"picked":"Shade:SanguineRitual","floor":4},{"not_picked":["Shade:FuneraryArmor","Shade:OneIsEnough"],"picked":"Shade:FleshLikeOak","floor":7}],"player_experience":1661866,"relics_obtained":[{"floor":7,"key":"StuffTheSpire:Wildfire"},{"floor":9,"key":"Singing Bowl"}],"event_choices":[{"cards_removed":["Shade:SanguineRitual"],"damage_healed":24,"gold_gain":0,"player_choice":"Offered Uncommon","damage_taken":0,"max_hp_gain":0,"max_hp_loss":0,"event_name":"Bonfire Elementals","floor":5,"gold_loss":0}],"is_beta":false,"boss_relics":[],"items_purged_floors":[],"is_endless":false,"potions_floor_spawned":[1,7],"killed_by":"3 Sentries","ascension_level":7}}