{"host":"2pluridizrp50jef","time":1610427804,"event":{"mods":["ATMod(阿瑾Mod)","BaseMod","Better Altar","Better Match","Better Note","Better Sensory Stone","Better Skull","Better Third Choice","Colored Powertips","Custom Start","Decade(王小明)","Hermit","Lobotomy","LobotomyExtend","Marisa（F雨　魔理沙）","Minty Spire (QoL Compilation)","Rare Cards Sparkle","Replay The Spire","StSLib","The Animator","The Bug Knight","The Cursed","The Hierophant","The Servant 0.9.4","Waifu the Spire","WarShipGirlsR/战舰少女R mod"],"gold_per_floor":[116,40271,40291,40291,40310,40310,40337,40356,40437,40462,40492,39652,39666,39682,39682,39787,39787,39797,39797,39797,39797,39215,39215,39232,39242,39242,38699,38726,38743,38756,38775,38775,38876,38876,38887,38903,38179,38179,37326,37326,37326,37326,37326,37352,37352,37365,36610,36628,36628,36628,36628],"floor_reached":50,"playtime":4829,"items_purged":["Strike_S","Strike_S","Parasite","Parasite","Parasite","WhitesApple","Parasite"],"score":712,"play_id":"3b47c271-c95b-40c8-abed-70b619b67bea","local_time":"20210111210324","is_ascension_mode":true,"campfire_choices":[{"data":"SurpressingFire","floor":6,"key":"SMITH"},{"data":"SilverMatrix","floor":15,"key":"SMITH"},{"data":"TheWorld","floor":23,"key":"SMITH"},{"floor":32,"key":"RECALL"},{"data":"DancingSilver","floor":40,"key":"SMITH"},{"data":"TheWorld","floor":42,"key":"SMITH"},{"data":"SilverBlades","floor":49,"key":"SMITH"}],"circlet_count":0,"master_deck":["Strike_S","Defend_S","Defend_S","Defend_S","Defend_S","KidneyShot+1","Exchange","AT_FamilyPortrait","CrumblingArmor","Rearm","SurpressingFire+1","Scorched","GearUp","Rearm","OSAHOGD","UniverseFragment","SilverMatrix+1","SpecialFormula","DespairKnight","BottledTime","QueenOfHatred","OldLady","TheWorld+1","Laetitia","Luminosity","InstantArmor+1","VoidDream","InstantArmor+1","Parasite","GalaxyChild","TheWorld+1","Parasite","SnowQueen","DancingSilver+1","LaLuna","Porccubus","Orbit+1","MeltingLove","SilverBlades+1","GreedKing","Scarecrow","BigBadWolf","Rudolta","StarChef+1","SurpressingFire+1","ReplayTheSpireMod:Uncanny Aura+1","FieryBird","HappyTeddy","Alriune","ReplayTheSpireMod:Private Reserves+1","Master of Strategy+1","CENSORED","Rearm"],"relics":["Uniform","AT_ATBox","CogitoBucket","LetterFromLob","Letter Opener","Bird Faced Urn","Frozen Eye","Du-Vu Doll","Odd Mushroom","Replay:Kaleidoscope","Replay:WaspNest","Toolbox","Calipers","Prayer Wheel","Coffee Dripper","AdjustmentMirror","Bag of Preparation","Potion Belt","HollowMod:StagPassRelic","BargainBundle","Broom","Replay:Mystery Machine","Garlic","AtMidnight","BackwardClock","Ring of Chaos","Whetstone","AT_ImmortalShieldbow","HandDrill","Sundial","OrangePellets","Vajra","Pocketwatch","Gremlin Horn","Pear","Dream Catcher","ReplayTheSpireMod:ShopPack"],"acts_visited":["Exordium","TheCity","TheBeyond"],"potions_floor_usage":[8,33,33],"damage_taken":[{"damage":3,"enemies":"Small Slimes","floor":1,"turns":3},{"damage":6,"enemies":"Jaw Worm","floor":3,"turns":3},{"damage":0,"enemies":"Cultist","floor":4,"turns":3},{"damage":0,"enemies":"Gremlin Gang","floor":5,"turns":1},{"damage":34,"enemies":"HollowMod:MossKnight","floor":7,"turns":8},{"damage":46,"enemies":"3 Louse","floor":8,"turns":4},{"damage":0,"enemies":"The Mushroom Lair","floor":10,"turns":1},{"damage":8,"enemies":"Replay:BlueRogue","floor":11,"turns":9},{"damage":7,"enemies":"Red Slaver","floor":13,"turns":3},{"damage":0,"enemies":"2 Fungi Beasts","floor":14,"turns":3},{"damage":50,"enemies":"Slime Boss","floor":16,"turns":8},{"damage":36,"enemies":"Shell Parasite","floor":18,"turns":5},{"damage":0,"enemies":"3 Byrds","floor":19,"turns":4},{"damage":0,"enemies":"Snecko","floor":21,"turns":4},{"damage":14,"enemies":"Shelled Parasite and Fungi","floor":24,"turns":3},{"damage":0,"enemies":"Snake Plant","floor":25,"turns":2},{"damage":75,"enemies":"HollowMod:Nosk","floor":28,"turns":5},{"damage":29,"enemies":"Centurion and Healer","floor":29,"turns":8},{"damage":0,"enemies":"3 Cultists","floor":30,"turns":2},{"damage":0,"enemies":"Sentry and Sphere","floor":31,"turns":2},{"damage":48,"enemies":"Automaton","floor":33,"turns":4},{"damage":30,"enemies":"Orb Walker","floor":35,"turns":2},{"damage":0,"enemies":"3 Shapes","floor":36,"turns":2},{"damage":20,"enemies":"3 Darklings","floor":41,"turns":2},{"damage":55,"enemies":"R_Hoarder","floor":44,"turns":3},{"damage":7,"enemies":"Transient","floor":46,"turns":5},{"damage":98,"enemies":"Maw","floor":48,"turns":6},{"damage":136,"enemies":"Donu and Deca","floor":50,"turns":6}],"seed_played":"675801347424372811","potions_obtained":[{"floor":1,"key":"Regen Potion"},{"floor":10,"key":"Cursed Concoction"},{"floor":11,"key":"LifebloodPotion"},{"floor":13,"key":"Explosive Potion"},{"floor":29,"key":"BlessingOfTheForge"},{"floor":33,"key":"CultistPotion"},{"floor":41,"key":"Elixir"}],"is_trial":false,"path_per_floor":["M","$","M","M","M","R","E","M","T","?","E","$","M","M","R","B",null,"M","M","?","M","$","R","M","M","T","$","E","M","M","M","R","B",null,"M","M","$","?","$","R","M","R","T","E","?","M","$","M","R","B"],"character_chosen":"THE_SERVANT","items_purchased":["Letter Opener","Bird Faced Urn","Frozen Eye","SurpressingFire","Replay:WaspNest","Toolbox","Calipers","SpecialFormula","Bag of Preparation","Potion Belt","TheWorld","BargainBundle","Broom","Replay:Mystery Machine","Whetstone","AT_ImmortalShieldbow","HandDrill","Sundial","OrangePellets","Vajra","ReplayTheSpireMod:Uncanny Aura","Pear","Dream Catcher","ReplayTheSpireMod:ShopPack"],"campfire_rested":0,"item_purchase_floors":[2,2,2,2,12,12,12,12,22,22,22,27,27,27,37,37,37,39,39,39,39,47,47,47],"current_hp_per_floor":[62,62,58,60,60,60,28,51,51,51,45,45,47,51,51,58,65,44,59,59,65,62,62,54,62,62,59,58,59,59,59,59,22,59,57,59,56,56,56,56,42,42,42,56,56,49,59,63,63,0,0],"gold":36628,"neow_bonus":"","is_daily":false,"chose_seed":false,"campfire_upgraded":6,"win_rate":0.0,"timestamp":1610427804,"path_taken":["M","$","M","M","M","R","E","M","T","?","E","$","M","M","R","BOSS","M","M","?","?","$","R","M","M","T","$","E","M","M","M","R","BOSS","M","M","$","?","$","R","?","R","T","E","?","M","$","M","R","BOSS"],"items_purchased_type":["Relic","Relic","Relic","Card","Relic","Relic","Relic","Card","Relic","Relic","Card","Relic","Relic","Relic","Relic","Relic","Relic","Relic","Relic","Relic","Card","Relic","Relic","Relic"],"build_version":"2020-12-22","purchased_purges":7,"victory":false,"max_hp_per_floor":[65,65,65,65,65,65,65,65,65,65,65,65,65,65,65,65,65,65,65,65,65,62,62,62,62,62,59,59,59,59,59,59,59,59,59,59,56,56,56,56,56,56,56,56,56,56,63,63,63,63,63],"card_choices":[{"not_picked":["FairyFestival","LittlePrince"],"picked":"CrumblingArmor","floor":1},{"not_picked":["Unruled","FastForward"],"picked":"Rearm","floor":1},{"not_picked":["LittleHelper","BeautyBeast"],"picked":"Scorched","floor":3},{"not_picked":["Replace","FastForward","Potential"],"picked":"SKIP","floor":3},{"not_picked":["TimeWarp","Starlight","Defy"],"picked":"SKIP","floor":4},{"not_picked":["TimeWarp","Starlight","Defy"],"picked":"SKIP","floor":4},{"not_picked":["SpiderBud","BlackArmy","FairyFestival"],"picked":"Singing Bowl","floor":5},{"not_picked":["FairyFestival","CherryBlossoms"],"picked":"Yin","floor":5},{"not_picked":["Defy","DoubleEdge"],"picked":"GearUp","floor":5},{"not_picked":["Barrier","ReturningBlade"],"picked":"Rearm","floor":7},{"not_picked":["WallGazer","Bloodbath"],"picked":"OSAHOGD","floor":8},{"not_picked":["Ricochet","Rearm","Barrier"],"picked":"SKIP","floor":8},{"not_picked":["Ricochet","Rearm","Barrier"],"picked":"SKIP","floor":8},{"not_picked":["WhitesApple","Mercenary","HappyTeddy"],"picked":"Singing Bowl","floor":10},{"not_picked":["OldLady","MeatLantern"],"picked":"UniverseFragment","floor":10},{"not_picked":["TimeWarp","InstantArmor"],"picked":"SilverMatrix","floor":11},{"not_picked":["BigBadWolf","BeautyBeast"],"picked":"WhitesApple","floor":11},{"not_picked":["Murderer","SnowQueen"],"picked":"DespairKnight","floor":13},{"not_picked":["Starlight","Spin"],"picked":"BottledTime","floor":13},{"not_picked":["Alleviate","Spin","Initiator"],"picked":"SKIP","floor":13},{"not_picked":["Alleviate","Spin","Initiator"],"picked":"SKIP","floor":13},{"not_picked":["Rudolta","WallGazer"],"picked":"QueenOfHatred","floor":14},{"not_picked":["DoubleEdge","Replace","BottledTime"],"picked":"SKIP","floor":14},{"not_picked":["TimeTheft","Collapse","Read"],"picked":"SKIP","floor":14},{"not_picked":["DoubleEdge","Replace","BottledTime"],"picked":"SKIP","floor":14},{"not_picked":["TimeTheft","Collapse","Read"],"picked":"SKIP","floor":14},{"not_picked":["Mercenary","Wellcheers"],"picked":"OldLady","floor":16},{"not_picked":["FlawlessForm","Dilation"],"picked":"TheWorld","floor":16},{"not_picked":["Murderer","LaLuna"],"picked":"Laetitia","floor":18},{"not_picked":["Revamp","DoubleEdge"],"picked":"Luminosity","floor":18},{"not_picked":["Revamp","BestPractice+1"],"picked":"InstantArmor+1","floor":18},{"not_picked":["LittleHelper","BeautyBeast"],"picked":"VoidDream","floor":19},{"not_picked":["MoonPhase","WasteNot","FastForward+1"],"picked":"SKIP","floor":19},{"not_picked":["Defy","ShatteredReality","Reset"],"picked":"SKIP","floor":19},{"not_picked":["MoonPhase","WasteNot","FastForward+1"],"picked":"SKIP","floor":19},{"not_picked":["Defy","ShatteredReality","Reset"],"picked":"SKIP","floor":19},{"not_picked":["SnowQueen","Funeral"],"picked":"GalaxyChild","floor":21},{"not_picked":["TrueSight","Desolation","TimeTheft+1"],"picked":"SKIP","floor":21},{"not_picked":["Sabotage","Unruled","Rewind"],"picked":"SKIP","floor":21},{"not_picked":["SpiderBud","Funeral"],"picked":"SnowQueen","floor":24},{"not_picked":["StarChef","FastForward"],"picked":"DancingSilver","floor":24},{"not_picked":["ShatteredReality+1","Starlight","Replace"],"picked":"SKIP","floor":24},{"not_picked":["ShatteredReality+1","Starlight","Replace"],"picked":"SKIP","floor":24},{"not_picked":["QueenBee","BlackArmy"],"picked":"LaLuna","floor":25},{"not_picked":["Revamp","Sabotage+1","Advance"],"picked":"SKIP","floor":25},{"not_picked":["Barrier","Ricochet","ShatteredReality"],"picked":"SKIP","floor":25},{"not_picked":["FairyFestival","Murderer"],"picked":"Porccubus","floor":28},{"not_picked":["SurpressingFire","Gouge"],"picked":"Orbit","floor":28},{"not_picked":["Freischutz","HeroicMonk"],"picked":"MeltingLove","floor":29},{"not_picked":["ReturningBlade","Starlight+1"],"picked":"SilverBlades","floor":29},{"not_picked":["Potential+1","Ricochet","Starlight"],"picked":"SKIP","floor":29},{"not_picked":["Potential+1","Ricochet","Starlight"],"picked":"SKIP","floor":29},{"not_picked":["WallGazer","MeatLantern"],"picked":"GreedKing","floor":30},{"not_picked":["Spin","Alleviate+1","Ricochet+1"],"picked":"SKIP","floor":30},{"not_picked":["Snipe","PendulumOfEternity","Reset"],"picked":"SKIP","floor":30},{"not_picked":["Variant","NakedNest"],"picked":"Scarecrow","floor":31},{"not_picked":["Spin+1","Revamp","Deadline"],"picked":"SKIP","floor":31},{"not_picked":["Contraction","FastForward","Alleviate"],"picked":"SKIP","floor":31},{"not_picked":["Spin+1","Revamp","Deadline"],"picked":"SKIP","floor":31},{"not_picked":["Contraction","FastForward","Alleviate"],"picked":"SKIP","floor":31},{"not_picked":["Wellcheers","Variant"],"picked":"BigBadWolf","floor":33},{"not_picked":["MHz","Wellcheers"],"picked":"Rudolta","floor":35},{"not_picked":["GearUp","Alleviate+1"],"picked":"StarChef+1","floor":35},{"not_picked":["Deadline+1","Advance+1","Spin+1"],"picked":"SKIP","floor":35},{"not_picked":["NothingThere","MHz"],"picked":"HeroicMonk","floor":36},{"not_picked":["Ricochet+1","Comet"],"picked":"SurpressingFire+1","floor":36},{"not_picked":["Defy","FastForward","DualDimension+1"],"picked":"SKIP","floor":36},{"not_picked":["Alriune","NakedNest"],"picked":"FieryBird","floor":41},{"not_picked":["Starlight","Unruled","MoonPhase"],"picked":"SKIP","floor":41},{"not_picked":["Luminosity","Unruled","ShatteredReality"],"picked":"SKIP","floor":41},{"not_picked":["Starlight","Unruled","MoonPhase"],"picked":"SKIP","floor":41},{"not_picked":["Luminosity","Unruled","ShatteredReality"],"picked":"SKIP","floor":41},{"not_picked":["Starlight","Unruled","MoonPhase"],"picked":"SKIP","floor":41},{"not_picked":["Luminosity","Unruled","ShatteredReality"],"picked":"SKIP","floor":41},{"not_picked":["SilentOrchestra","FairyFestival"],"picked":"HappyTeddy","floor":44},{"not_picked":["Potential","Rewind","Misdirection+1"],"picked":"SKIP","floor":44},{"not_picked":["Potential","Rewind","Misdirection+1"],"picked":"SKIP","floor":44},{"not_picked":["LittlePrince","SingingMachine"],"picked":"Alriune","floor":46},{"not_picked":["TrueSight","Rearm","Moondial+1"],"picked":"SKIP","floor":46},{"not_picked":["Rewind","ShatteredReality","FastForward"],"picked":"SKIP","floor":46},{"not_picked":["Replay:Parry","Replay:Sssssssssshield"],"picked":"ReplayTheSpireMod:Private Reserves","floor":47},{"not_picked":["Flash of Steel","Forethought"],"picked":"Master of Strategy","floor":47},{"not_picked":["BlackSwan","SingingMachine"],"picked":"CENSORED","floor":48},{"not_picked":["Reset+1","Moondial"],"picked":"Rearm","floor":48},{"not_picked":["Contraction+1","ShiftingGears","WasteNot"],"picked":"SKIP","floor":48},{"not_picked":["Contraction+1","ShiftingGears","WasteNot"],"picked":"SKIP","floor":48}],"player_experience":115479,"relics_obtained":[{"floor":1,"key":"LetterFromLob"},{"floor":7,"key":"Du-Vu Doll"},{"floor":10,"key":"Odd Mushroom"},{"floor":11,"key":"Replay:Kaleidoscope"},{"floor":26,"key":"HollowMod:StagPassRelic"},{"floor":28,"key":"Garlic"},{"floor":29,"key":"AtMidnight"},{"floor":43,"key":"Pocketwatch"},{"floor":44,"key":"Gremlin Horn"}],"event_choices":[{"damage_healed":0,"gold_gain":0,"player_choice":"Fought Mushrooms","damage_taken":0,"max_hp_gain":0,"max_hp_loss":0,"event_name":"Mushrooms","floor":10,"gold_loss":0},{"damage_healed":0,"gold_gain":0,"player_choice":"Copied","damage_taken":0,"max_hp_gain":0,"max_hp_loss":0,"event_name":"Duplicator","floor":20,"gold_loss":0,"cards_obtained":["InstantArmor"]},{"damage_healed":0,"gold_gain":0,"player_choice":"Full Heal","damage_taken":0,"max_hp_gain":0,"max_hp_loss":0,"event_name":"Wheel of Change","floor":38,"gold_loss":0},{"cards_removed":["Strike_S"],"damage_healed":0,"gold_gain":0,"player_choice":"Purged","damage_taken":0,"max_hp_gain":0,"max_hp_loss":0,"event_name":"Purifier","floor":45,"gold_loss":0}],"is_beta":false,"boss_relics":[{"not_picked":["Snecko Eye","AT_MortalBlade"],"picked":"Coffee Dripper"},{"not_picked":["Busted Crown","Philosopher\u0027s Stone"],"picked":"Ring of Chaos"}],"items_purged_floors":[2,12,22,27,37,39,47],"is_endless":false,"potions_floor_spawned":[1,5,10,11,13,14,18,19,24,29,33,35,41,48],"killed_by":"Donu and Deca","ascension_level":4}}