{"host":"nkolxg4se00n20yf","time":1610458132,"event":{"mods":["BaseMod","CatGirl Mod","Chen","Colored Map","Colored Powertips","Downfall","Friendly Minions","Infinite Spire","Kiyohime????","Marisa????????","Minty Spire (QoL Compilation)","StSLib","Td1madao Mod","The Administrix","The Cursed","The Exalted","The Hierophant","The Servant 0.9.4"],"gold_per_floor":[119,134,134,134,183,230,242,283,320,332,358,390,420,442,454,565,577,605,584,596,621,633,645,675,178,178,128,142,242,11,47,47,158,158,186,186,211,329,363,363,392,421,421,25,25,59,8,17,17,127,127,143,157,208,208,221,221,254,265,289,314,314,307,306,331,331,415,415,416,414,405,436,50,68,73,73,73,73,91,106,115,108,108,156,192,192,218,239,239,239,250,250,250,250,246,255,251,260,278,278,327,327,331,515,531,97,106,106,119,125,151,169,169,178,178,169,169,240,240,241,252,252,270,270,266,266,260,260,276,269,295,312,227,227,290,290,296,296,307,280,282,282,282,303,303,306,380,382,396,387,387,321,321,321],"floor_reached":153,"playtime":11065,"items_purged":["Injury"],"score":4679,"play_id":"37e05d10-3887-4261-b2f7-503888f70f9e","local_time":"20210112142852","is_ascension_mode":true,"campfire_choices":[{"floor":7.0,"key":"REST"},{"floor":10.0,"key":"REST"},{"floor":15.0,"key":"REST"},{"floor":23.0,"key":"REST"},{"floor":32.0,"key":"REST"},{"floor":40.0,"key":"REST"},{"data":"1","floor":45.0,"key":"LIFT"},{"data":"2","floor":49.0,"key":"LIFT"},{"data":"3","floor":57.0,"key":"LIFT"},{"data":"Strike_S","floor":62.0,"key":"PURGE"},{"data":"Strike_S","floor":66.0,"key":"PURGE"},{"data":"Strike_S","floor":76.0,"key":"PURGE"},{"data":"Parasite","floor":78.0,"key":"PURGE"},{"data":"Strike_S","floor":83.0,"key":"PURGE"},{"data":"Starlight+1","floor":93.0,"key":"PURGE"},{"data":"Pain","floor":100.0,"key":"PURGE"},{"data":"Doubt","floor":108.0,"key":"PURGE"},{"data":"KidneyShot","floor":113.0,"key":"PURGE"},{"data":"Defend_S","floor":117.0,"key":"PURGE"},{"data":"Shuttle+1","floor":126.0,"key":"PURGE"},{"data":"Pain","floor":134.0,"key":"PURGE"},{"data":"ForgedInTime","floor":151.0,"key":"PURGE"}],"circlet_count":1,"master_deck":["Defend_S","Defend_S+1","Exchange","Potential","infinitespire:NeuralNetwork","Manipulate","ShatteredReality","Potential","Foresight","Advance","Defy","PendulumOfEternity+1","Alleviate+1","Spin+1","CurseOfTheBell","ShatteredReality","Contraction","WasteNot","FloweringNight+1","Revamp+1","Panacea+1","StarChef","MurderousAura","Revamp+1","Hightail","infinitespire:Starlight","Orbit+1","TimeWarp+1","ShiftingGears","RealityMarble","infinitespire:UltimateForm","Dilation","Luminosity","BestPractice","SpecialFormula","InstantArmor","SilverMatrix","MurderousAura","infinitespire:FutureSight","BottledTime+1","TimeTheft+1","Sunlight+1","Alleviate+1","infinitespire:Fortify","DualDimension","expansioncontent:DonusPower","Duplication","RitualDagger+1","GearUp","FlawlessForm"],"relics":["SplendidAttire","MawBank","Du-Vu Doll","Bromod:ArcaneTempo","Bronze Scales","Odd Mushroom","Fusion Hammer","Calling Bell","infinitespire:Beetle Shell","Sundial","PocketWatch","Blood Vial","KneeBrace","infinitespire:Lucky Rock","Bird Faced Urn","Bromod:ArcaneDeflection","CeramicFish","War Paint","Peace Pipe","HornCleat","Bottled Flame","Girya","PreservedInsect","Bromod:ArcaneGuardian","SlaversCollar","Molten Egg 2","Bromod:ArcaneConsequence","infinitespire:Satchel","Art of War","Bromod:ArcaneEnergize","Red Mask","infinitespire:FocusingShard","HandDrill","Lantern","Oddly Smooth Stone","Black Star","White Beast Statue","Astrolabe","TungstenRod","CatCart","infinitespire:WardingShard","Regal Pillow","infinitespire:Joker Card","Matryoshka","Smiling Mask","Juzu Bracelet","WarpedTongs","Kunai","Bromod:ArcaneUltimatum","SacredBark","Circlet","Pan","Incense Burner","Tiny Chest","infinitespire:Midas Blood","Strawberry","infinitespire:PuzzleCube","Darkstone Periapt","Ornamental Fan","WarpedTongs","Bottled Tornado","StoneMask","Happy Flower","Bottled Tornado","Nunchaku","Bromod:ArcaneFury","Meat on the Bone","InkBottle","Pen Nib","Mummified Hand","Vajra","Broom","Bromod:ArcaneBarrier","Blue Candle","Pear","StrikeDummy","Bromod:ArcaneAwakening","MealTicket","The Courier","Gambling Chip","Gremlin Horn","Bag of Marbles","Bromod:ArcaneNullifier"],"acts_visited":["Exordium","TheCity","TheBeyond","Exordium","TheCity","TheBeyond","Exordium","TheCity","TheBeyond"],"potions_floor_usage":[],"damage_taken":[{"damage":2.0,"enemies":"2 Louse","floor":1.0,"turns":3.0},{"damage":2.0,"enemies":"Jaw Worm","floor":2.0,"turns":4.0},{"damage":46.0,"enemies":"3 Sentries","floor":6.0,"turns":9.0},{"damage":11.0,"enemies":"Gremlin Nob","floor":8.0,"turns":4.0},{"damage":7.0,"enemies":"Small Slimes","floor":11.0,"turns":3.0},{"damage":6.0,"enemies":"The Mushroom Lair","floor":12.0,"turns":4.0},{"damage":17.0,"enemies":"Exordium Wildlife","floor":13.0,"turns":3.0},{"damage":1.0,"enemies":"Exordium Thugs","floor":14.0,"turns":4.0},{"damage":10.0,"enemies":"The Guardian","floor":16.0,"turns":10.0},{"damage":7.0,"enemies":"Chosen","floor":18.0,"turns":5.0},{"damage":22.0,"enemies":"2 Thieves","floor":19.0,"turns":5.0},{"damage":31.0,"enemies":"Shelled Parasite and Fungi","floor":21.0,"turns":5.0},{"damage":0.0,"enemies":"3 Cultists","floor":24.0,"turns":4.0},{"damage":2.0,"enemies":"Cultist and Chosen","floor":28.0,"turns":5.0},{"damage":2.0,"enemies":"Colosseum Slavers","floor":29.0,"turns":2.0},{"damage":0.0,"enemies":"Colosseum Nobs","floor":29.0,"turns":3.0},{"damage":13.0,"enemies":"Gremlin Leader","floor":31.0,"turns":4.0},{"damage":33.0,"enemies":"Collector","floor":33.0,"turns":7.0},{"damage":0.0,"enemies":"3 Shapes","floor":35.0,"turns":4.0},{"damage":8.0,"enemies":"3 Darklings","floor":37.0,"turns":4.0},{"damage":6.0,"enemies":"infinitespire:Three Voidlings","floor":38.0,"turns":2.0},{"damage":0.0,"enemies":"Nightmare_Alpha","floor":38.0,"turns":9.0},{"damage":35.0,"enemies":"Writhing Mass","floor":39.0,"turns":5.0},{"damage":5.0,"enemies":"Sphere and 2 Shapes","floor":41.0,"turns":3.0},{"damage":11.0,"enemies":"Nemesis","floor":42.0,"turns":7.0},{"damage":3.0,"enemies":"Reptomancer","floor":46.0,"turns":7.0},{"damage":51.0,"enemies":"Awakened One","floor":50.0,"turns":9.0},{"damage":16.0,"enemies":"Small Slimes","floor":52.0,"turns":2.0},{"damage":0.0,"enemies":"Cultist","floor":53.0,"turns":1.0},{"damage":12.0,"enemies":"Jaw Worm","floor":56.0,"turns":2.0},{"damage":0.0,"enemies":"Gremlin Nob","floor":58.0,"turns":2.0},{"damage":23.0,"enemies":"Blue Slaver","floor":59.0,"turns":3.0},{"damage":0.0,"enemies":"Large Slime","floor":61.0,"turns":1.0},{"damage":49.0,"enemies":"Nightmare","floor":63.0,"turns":7.0},{"damage":9.0,"enemies":"Exordium Wildlife","floor":64.0,"turns":5.0},{"damage":0.0,"enemies":"Lagavulin","floor":65.0,"turns":3.0},{"damage":0.0,"enemies":"The Guardian","floor":67.0,"turns":3.0},{"damage":7.0,"enemies":"Shell Parasite","floor":69.0,"turns":3.0},{"damage":4.0,"enemies":"3 Byrds","floor":70.0,"turns":3.0},{"damage":1.0,"enemies":"Centurion and Healer","floor":71.0,"turns":4.0},{"damage":0.0,"enemies":"Masked Bandits","floor":72.0,"turns":1.0},{"damage":0.0,"enemies":"Gremlin Leader","floor":74.0,"turns":2.0},{"damage":0.0,"enemies":"Snecko","floor":75.0,"turns":4.0},{"damage":0.0,"enemies":"Snake Plant","floor":80.0,"turns":2.0},{"damage":8.0,"enemies":"Cultist and Chosen","floor":81.0,"turns":2.0},{"damage":0.0,"enemies":"Centurion and Healer","floor":82.0,"turns":4.0},{"damage":36.0,"enemies":"Champ","floor":84.0,"turns":8.0},{"damage":0.0,"enemies":"3 Shapes","floor":86.0,"turns":3.0},{"damage":19.0,"enemies":"2 Orb Walkers","floor":87.0,"turns":4.0},{"damage":0.0,"enemies":"Orin","floor":88.0,"turns":4.0},{"damage":0.0,"enemies":"Nemesis","floor":91.0,"turns":3.0},{"damage":0.0,"enemies":"Giant Head","floor":95.0,"turns":5.0},{"damage":0.0,"enemies":"Orb Walker","floor":97.0,"turns":2.0},{"damage":0.0,"enemies":"Nemesis","floor":99.0,"turns":1.0},{"damage":14.0,"enemies":"infinitespire:MassOfShapes","floor":101.0,"turns":6.0},{"damage":0.0,"enemies":"2 Louse","floor":103.0,"turns":1.0},{"damage":0.0,"enemies":"The Mushroom Lair","floor":105.0,"turns":1.0},{"damage":0.0,"enemies":"Cultist","floor":107.0,"turns":2.0},{"damage":0.0,"enemies":"3 Sentries","floor":109.0,"turns":2.0},{"damage":0.0,"enemies":"infinitespire:Voidling","floor":110.0,"turns":1.0},{"damage":0.0,"enemies":"Lagavulin","floor":112.0,"turns":1.0},{"damage":0.0,"enemies":"Gremlin Gang","floor":116.0,"turns":2.0},{"damage":0.0,"enemies":"The Guardian","floor":118.0,"turns":4.0},{"damage":0.0,"enemies":"Shell Parasite","floor":120.0,"turns":1.0},{"damage":0.0,"enemies":"Spheric Guardian","floor":123.0,"turns":1.0},{"damage":0.0,"enemies":"Book of Stabbing","floor":125.0,"turns":3.0},{"damage":0.0,"enemies":"Centurion and Healer","floor":127.0,"turns":2.0},{"damage":0.0,"enemies":"Gremlin Leader","floor":129.0,"turns":1.0},{"damage":0.0,"enemies":"Snecko","floor":130.0,"turns":2.0},{"damage":0.0,"enemies":"Book of Stabbing","floor":132.0,"turns":1.0},{"damage":0.0,"enemies":"Collector","floor":135.0,"turns":3.0},{"damage":0.0,"enemies":"Orb Walker","floor":137.0,"turns":1.0},{"damage":0.0,"enemies":"3 Shapes","floor":139.0,"turns":1.0},{"damage":0.0,"enemies":"Maw","floor":140.0,"turns":3.0},{"damage":0.0,"enemies":"Sphere and 2 Shapes","floor":141.0,"turns":1.0},{"damage":0.0,"enemies":"Giant Head","floor":142.0,"turns":2.0},{"damage":0.0,"enemies":"Reptomancer","floor":144.0,"turns":1.0},{"damage":0.0,"enemies":"Nemesis","floor":146.0,"turns":3.0},{"damage":0.0,"enemies":"Jaw Worm Horde","floor":148.0,"turns":1.0},{"damage":0.0,"enemies":"Reptomancer","floor":149.0,"turns":2.0},{"damage":1.0,"enemies":"Writhing Mass","floor":150.0,"turns":2.0},{"damage":0.0,"enemies":"infinitespire:LordOfFortification","floor":152.0,"turns":18.0}],"seed_played":"6587904715333604218","potions_obtained":[{"floor":2.0,"key":"sneckomod:MuddlingPotion"},{"floor":6.0,"key":"FearPotion"},{"floor":8.0,"key":"Dexterity Potion"},{"floor":11.0,"key":"DuplicationPotion"},{"floor":19.0,"key":"CultistPotion"},{"floor":24.0,"key":"Fire Potion"},{"floor":31.0,"key":"BlessingOfTheForge"},{"floor":33.0,"key":"DuplicationPotion"},{"floor":35.0,"key":"LiquidMemories"},{"floor":38.0,"key":"BlessingOfTheForge"},{"floor":39.0,"key":"Ancient Potion"},{"floor":52.0,"key":"BlessingOfTheForge"},{"floor":56.0,"key":"EssenceOfSteel"},{"floor":61.0,"key":"infinitespire:BlackPotion"},{"floor":65.0,"key":"BlessingOfTheForge"},{"floor":67.0,"key":"DistilledChaos"},{"floor":74.0,"key":"champ:CounterPotion"},{"floor":84.0,"key":"Dexterity Potion"},{"floor":87.0,"key":"PowerPotion"},{"floor":99.0,"key":"PowerPotion"},{"floor":101.0,"key":"GamblersBrew"},{"floor":105.0,"key":"PowerPotion"},{"floor":109.0,"key":"hexamod:EctoCoolerPotion"}],"is_trial":false,"path_per_floor":["M","M","?","?","T","E","R","E","T","R","M","?","M","M","R","B",null,"M","M","AVR","M","?","R","M","$","T","?","M","?","$","E","R","B",null,"M","?","M","?","M","R","M","E","T","$","R","E","$","AVR","R","B",null,"M","M","?","?","M","R","E","M","T","M","R","NM","M","E","R","B",null,"M","M","M","?","$","E","M","R","T","R","AVR","M","M","M","R","B",null,"M","?","?","?","?","E","AVR","R","T","E","?","M","?","E","R","B",null,"M","?","?","$","M","R","E","M","T","E","R","?","AVR","M","R","B",null,"M","?","?","M","$","E","R","M","T","E","M","T","E","?","R","B",null,"M","?","M","M","M","E","?","E","T","E","T","M","E","M","R","B",null],"character_chosen":"THE_SERVANT","items_purchased":["Blood Vial","KneeBrace","WasteNot","CeramicFish","Panacea","Girya","EntropicBrew","Strength Potion","infinitespire:FocusingShard","HandDrill","Pan","Incense Burner"],"campfire_rested":6,"item_purchase_floors":[25,25,25,30,30,44,44,47,73,73,106,106],"current_hp_per_floor":[63,61,61,54,54,8,27,16,16,35,28,22,5,4,23,13,65,58,36,36,5,5,24,24,24,24,24,24,26,26,21,40,17,65,65,65,65,65,34,53,54,63,63,63,63,65,65,65,65,32,65,59,65,65,65,53,53,57,42,42,46,46,30,57,65,65,65,65,65,65,65,65,65,65,65,65,65,62,62,62,56,62,62,61,62,62,62,62,62,62,62,62,62,62,62,62,62,62,62,62,62,62,62,62,62,62,62,62,62,62,69,69,69,75,75,75,75,75,75,76,71,71,77,77,78,78,80,80,81,82,82,83,83,83,84,84,85,85,88,89,92,103,103,104,104,105,105,108,109,110,110,111,111,111],"gold":321,"neow_bonus":"ONE_RANDOM_RARE_CARD","is_daily":false,"chose_seed":false,"campfire_upgraded":0,"win_rate":0.0,"timestamp":1610458132,"path_taken":["M","M","?","?","?","E","R","E","T","R","M","?","?","M","R","BOSS","M","M","AVR","M","?","R","M","?","T","?","?","?","$","E","R","BOSS","M","?","M","?","M","R","M","E","T","$","R","E","?","AVR","R","BOSS","M","M","?","?","M","R","E","?","T","M","R","NM","M","E","R","BOSS","M","?","M","?","$","E","M","R","T","R","AVR","M","M","M","R","BOSS","M","?","?","?","?","E","AVR","R","T","E","?","M","?","E","R","BOSS","M","?","?","$","M","R","E","M","T","E","R","?","AVR","M","R","BOSS","M","?","?","M","$","E","R","M","T","E","M","?","E","?","R","BOSS","M","?","M","M","M","E","?","E","T","E","?","M","E","M","R","BOSS"],"items_purchased_type":["Relic","Relic","Card","Relic","Card","Relic","Potion","Potion","Relic","Relic","Relic","Relic"],"build_version":"2020-12-22","purchased_purges":1,"victory":false,"max_hp_per_floor":[65,65,65,65,65,65,65,65,65,65,65,65,65,65,65,65,65,65,65,65,65,65,65,65,65,65,65,65,65,65,65,65,65,65,65,65,65,65,65,65,65,65,65,65,65,65,65,65,65,65,65,65,65,65,65,65,65,65,65,65,65,65,65,65,65,65,65,65,65,65,65,65,65,65,65,65,65,62,62,62,62,62,62,62,62,62,62,62,62,62,62,62,62,62,62,62,62,62,62,62,62,62,62,62,62,62,62,62,62,62,69,69,69,75,75,75,75,75,75,76,76,76,77,77,78,78,80,80,81,82,82,83,83,83,84,84,85,85,88,89,92,103,103,104,104,105,105,108,109,110,110,111,111,111],"card_choices":[{"not_picked":["Alleviate","Rewind"],"picked":"SurpressingFire","floor":1.0},{"not_picked":["TimeWarp","Alleviate"],"picked":"Potential","floor":2.0},{"not_picked":["infinitespire:FutureSight","infinitespire:UltimateForm"],"picked":"infinitespire:NeuralNetwork","floor":3.0},{"not_picked":["BottledTime","Rewind"],"picked":"Manipulate","floor":6.0},{"not_picked":["Orbit","BottledTime"],"picked":"ShatteredReality","floor":8.0},{"not_picked":["Unruled","Desolation"],"picked":"Potential","floor":11.0},{"not_picked":["Moonlight","BottledTime"],"picked":"Foresight","floor":12.0},{"not_picked":["Spin","Defy"],"picked":"Advance","floor":13.0},{"not_picked":["Misdirection","BottledTime"],"picked":"Defy","floor":14.0},{"not_picked":["SilverMatrix","MurderousAura"],"picked":"PendulumOfEternity","floor":16.0},{"not_picked":["Rearm","RealityMarble"],"picked":"Alleviate+1","floor":18.0},{"not_picked":["Desolation","Manipulate"],"picked":"Spin+1","floor":19.0},{"not_picked":["Defy","Orbit"],"picked":"ShatteredReality","floor":21.0},{"not_picked":["FanOfKnives","DoubleEdge"],"picked":"Contraction","floor":24.0},{"not_picked":["DancingSilver","Rearm+1"],"picked":"FloweringNight","floor":28.0},{"not_picked":["MoonPhase","DoubleEdge"],"picked":"Revamp+1","floor":29.0},{"not_picked":["Revamp","Barrier"],"picked":"StarChef","floor":31.0},{"not_picked":["ForgedInTime","Deny"],"picked":"MurderousAura","floor":33.0},{"not_picked":["ShatteredReality","BottledTime"],"picked":"Revamp+1","floor":35.0},{"not_picked":["Starlight+1","DoubleEdge+1"],"picked":"Hightail","floor":37.0},{"not_picked":["infinitespire:UltimateForm","infinitespire:DeathsTouch"],"picked":"infinitespire:Starlight","floor":38.0},{"not_picked":["Revamp","DoubleEdge"],"picked":"Orbit+1","floor":38.0},{"not_picked":["MoonPhase","TimeTheft+1"],"picked":"TimeWarp+1","floor":39.0},{"not_picked":["Rewind+1","TimeWarp"],"picked":"ShiftingGears","floor":41.0},{"not_picked":["Contraction","Potential+1","Replace"],"picked":"SKIP","floor":42.0},{"not_picked":["Ricochet","DoubleEdge+1"],"picked":"RealityMarble","floor":46.0},{"not_picked":["ForgedInTime","Sunlight"],"picked":"Dilation","floor":50.0},{"not_picked":["ShatteredReality","DoubleEdge"],"picked":"Moonlight","floor":52.0},{"not_picked":["ShatteredReality","Potential","Advance"],"picked":"SKIP","floor":53.0},{"not_picked":["Replace","DoubleEdge","Defy"],"picked":"SKIP","floor":56.0},{"not_picked":["Advance","Ricochet+1"],"picked":"Luminosity","floor":58.0},{"not_picked":["DualDimension","Deny"],"picked":"BestPractice","floor":59.0},{"not_picked":["ShatteredReality+1","Sabotage+1"],"picked":"SpecialFormula","floor":61.0},{"not_picked":["Revamp","Desolation+1","Rewind"],"picked":"SKIP","floor":63.0},{"not_picked":["GearUp","FastForward"],"picked":"InstantArmor","floor":64.0},{"not_picked":["Sunlight+1","Revamp"],"picked":"SilverMatrix","floor":65.0},{"not_picked":["ForgedInTime","Initiator+1"],"picked":"MurderousAura","floor":67.0},{"not_picked":["WasteNot","Alleviate","FastForward"],"picked":"SKIP","floor":69.0},{"not_picked":["Potential+1","TrueSight","Alleviate"],"picked":"SKIP","floor":70.0},{"not_picked":["Potential+1","Comet+1","Desolation+1"],"picked":"SKIP","floor":71.0},{"not_picked":["Moonlight+1","Reset","DoubleEdge+1"],"picked":"SKIP","floor":74.0},{"not_picked":["Starlight+1","DoubleEdge+1"],"picked":"SilverBlades+1","floor":75.0},{"not_picked":["ShatteredReality+1","DancingSilver+1"],"picked":"BottledTime+1","floor":80.0},{"not_picked":["Reset+1","Revamp+1"],"picked":"TimeTheft+1","floor":81.0},{"not_picked":["SilverBlades","Starlight+1","Advance"],"picked":"SKIP","floor":82.0},{"not_picked":["SilverMatrix","ForgedInTime"],"picked":"Sunlight+1","floor":84.0},{"not_picked":["infinitespire:FinalStrike","infinitespire:DeathsTouch"],"picked":"infinitespire:Fortify","floor":85.0},{"not_picked":["Potential+1","Starlight+1","Rearm+1"],"picked":"SKIP","floor":86.0},{"not_picked":["Manipulate","Read+1"],"picked":"DualDimension","floor":88.0},{"not_picked":["Barrier+1","Reset","Rewind"],"picked":"SKIP","floor":91.0},{"not_picked":["Comet+1","Potential+1","MurderousAura"],"picked":"SKIP","floor":95.0},{"not_picked":["Starlight+1","Replace","RealityMarble"],"picked":"SKIP","floor":97.0},{"not_picked":["expansioncontent:Hexaburn+1","Mayhem"],"picked":"expansioncontent:DonusPower","floor":98.0},{"not_picked":["Ricochet+1","DualDimension","ShatteredReality+1"],"picked":"SKIP","floor":99.0},{"not_picked":["TimeWarp+1","FastForward","Alleviate"],"picked":"SKIP","floor":103.0},{"not_picked":["Replace","ReturningBlade+1","Potential+1"],"picked":"SKIP","floor":107.0},{"not_picked":["Rearm","Ricochet+1","Collapse+1"],"picked":"SKIP","floor":109.0},{"not_picked":["Starlight+1","Revamp"],"picked":"Duplication","floor":110.0},{"not_picked":["Luminosity","Read","Alleviate"],"picked":"SKIP","floor":112.0},{"not_picked":["Barrier","RealityMarble","Unruled+1"],"picked":"SKIP","floor":116.0},{"not_picked":["Unruled+1","TimeWarp+1","Alleviate"],"picked":"SKIP","floor":120.0},{"not_picked":["RealityMarble+1","Starlight+1"],"picked":"GearUp","floor":123.0},{"not_picked":["DoubleEdge+1","Manipulate","Sabotage+1"],"picked":"SKIP","floor":125.0},{"not_picked":["Ricochet+1","TimeWarp+1","Spin+1"],"picked":"SKIP","floor":127.0},{"not_picked":["Reset","Unruled+1","Manipulate"],"picked":"SKIP","floor":129.0},{"not_picked":["ReturningBlade+1","SilverMatrix","Ricochet+1"],"picked":"SKIP","floor":130.0},{"not_picked":["Moonlight+1","Gouge+1","DoubleEdge+1"],"picked":"SKIP","floor":132.0},{"not_picked":["Collapse+1","DoubleEdge+1","Replace+1"],"picked":"SKIP","floor":137.0},{"not_picked":["Unruled+1","Potential+1","FanOfKnives+1"],"picked":"SKIP","floor":139.0},{"not_picked":["Rewind","Rearm+1","Gouge+1"],"picked":"SKIP","floor":140.0},{"not_picked":["InstantArmor","BottledTime","Alleviate+1"],"picked":"SKIP","floor":141.0},{"not_picked":["Starlight+1","Spin+1","Sunlight+1"],"picked":"SKIP","floor":142.0},{"not_picked":["TimeWarp+1","Alleviate","Rewind"],"picked":"SKIP","floor":144.0},{"not_picked":["Rearm","Reset+1","Rewind+1"],"picked":"SKIP","floor":146.0},{"not_picked":["Comet+1","Ricochet+1","TimeWarp+1"],"picked":"SKIP","floor":148.0},{"not_picked":["Alleviate+1","Potential+1","Rearm+1"],"picked":"SKIP","floor":149.0},{"not_picked":["Duplication","Hightail+1","Defy+1"],"picked":"SKIP","floor":150.0},{"not_picked":["ForgedInTime","LightFlow+1"],"picked":"FlawlessForm","floor":152.0}],"player_experience":1101019,"relics_obtained":[{"floor":5.0,"key":"MawBank"},{"floor":6.0,"key":"Du-Vu Doll"},{"floor":8.0,"key":"Bromod:ArcaneTempo"},{"floor":9.0,"key":"Bronze Scales"},{"floor":12.0,"key":"Odd Mushroom"},{"floor":20.0,"key":"infinitespire:Beetle Shell"},{"floor":20.0,"key":"Sundial"},{"floor":20.0,"key":"PocketWatch"},{"floor":26.0,"key":"infinitespire:Lucky Rock"},{"floor":29.0,"key":"Bird Faced Urn"},{"floor":29.0,"key":"Bromod:ArcaneDeflection"},{"floor":31.0,"key":"War Paint"},{"floor":38.0,"key":"Peace Pipe"},{"floor":42.0,"key":"HornCleat"},{"floor":43.0,"key":"Bottled Flame"},{"floor":46.0,"key":"PreservedInsect"},{"floor":58.0,"key":"Molten Egg 2"},{"floor":60.0,"key":"Bromod:ArcaneConsequence"},{"floor":63.0,"key":"infinitespire:Satchel"},{"floor":65.0,"key":"Art of War"},{"floor":72.0,"key":"Red Mask"},{"floor":74.0,"key":"Lantern"},{"floor":77.0,"key":"Oddly Smooth Stone"},{"floor":87.0,"key":"TungstenRod"},{"floor":88.0,"key":"CatCart"},{"floor":91.0,"key":"infinitespire:WardingShard"},{"floor":91.0,"key":"Regal Pillow"},{"floor":94.0,"key":"Matryoshka"},{"floor":95.0,"key":"Smiling Mask"},{"floor":95.0,"key":"Juzu Bracelet"},{"floor":99.0,"key":"Kunai"},{"floor":99.0,"key":"Bromod:ArcaneUltimatum"},{"floor":105.0,"key":"Circlet"},{"floor":109.0,"key":"Tiny Chest"},{"floor":109.0,"key":"infinitespire:Midas Blood"},{"floor":111.0,"key":"Strawberry"},{"floor":111.0,"key":"infinitespire:PuzzleCube"},{"floor":112.0,"key":"Darkstone Periapt"},{"floor":112.0,"key":"Ornamental Fan"},{"floor":125.0,"key":"Happy Flower"},{"floor":125.0,"key":"Bottled Tornado"},{"floor":128.0,"key":"Nunchaku"},{"floor":128.0,"key":"Bromod:ArcaneFury"},{"floor":129.0,"key":"Meat on the Bone"},{"floor":129.0,"key":"InkBottle"},{"floor":131.0,"key":"Pen Nib"},{"floor":132.0,"key":"Mummified Hand"},{"floor":132.0,"key":"Vajra"},{"floor":142.0,"key":"Blue Candle"},{"floor":142.0,"key":"Pear"},{"floor":144.0,"key":"StrikeDummy"},{"floor":144.0,"key":"Bromod:ArcaneAwakening"},{"floor":145.0,"key":"MealTicket"},{"floor":146.0,"key":"The Courier"},{"floor":146.0,"key":"Gambling Chip"},{"floor":147.0,"key":"Gremlin Horn"},{"floor":149.0,"key":"Bag of Marbles"},{"floor":149.0,"key":"Bromod:ArcaneNullifier"}],"event_choices":[{"cards_removed":["Pain"],"damage_healed":0.0,"max_hp_gain":0.0,"max_hp_loss":0.0,"gold_gain":0.0,"event_name":"Golden Wing","player_choice":"Card Removal","floor":4.0,"gold_loss":0.0,"damage_taken":7.0},{"damage_healed":0.0,"max_hp_gain":0.0,"max_hp_loss":0.0,"gold_gain":0.0,"event_name":"Mushrooms","player_choice":"Fought Mushrooms","floor":12.0,"gold_loss":0.0,"damage_taken":0.0},{"damage_healed":0.0,"max_hp_gain":0.0,"max_hp_loss":0.0,"gold_gain":0.0,"event_name":"Upgrade Shrine","player_choice":"Upgraded","floor":22.0,"gold_loss":0.0,"damage_taken":0.0,"cards_upgraded":["PendulumOfEternity"]},{"damage_healed":0.0,"max_hp_gain":0.0,"max_hp_loss":0.0,"gold_gain":0.0,"event_name":"The Joust","player_choice":"Bet on Murderer","floor":27.0,"gold_loss":50.0,"damage_taken":0.0},{"damage_healed":0.0,"max_hp_gain":0.0,"max_hp_loss":0.0,"gold_gain":0.0,"event_name":"Colosseum","player_choice":"Fight","floor":29.0,"gold_loss":0.0,"damage_taken":0.0},{"damage_healed":0.0,"max_hp_gain":0.0,"max_hp_loss":0.0,"gold_gain":0.0,"event_name":"Colosseum","player_choice":"Fought Nobs","floor":29.0,"gold_loss":0.0,"damage_taken":0.0},{"cards_removed":["SurpressingFire"],"damage_healed":0.0,"max_hp_gain":0.0,"max_hp_loss":0.0,"gold_gain":0.0,"event_name":"Falling","player_choice":"Removed Power","floor":36.0,"gold_loss":0.0,"damage_taken":0.0},{"damage_healed":0.0,"max_hp_gain":0.0,"max_hp_loss":0.0,"gold_gain":51.0,"event_name":"Golden Wing","player_choice":"Gained Gold","floor":54.0,"gold_loss":0.0,"damage_taken":0.0},{"damage_healed":0.0,"max_hp_gain":0.0,"max_hp_loss":0.0,"gold_gain":0.0,"event_name":"Wheel of Change","player_choice":"Full Heal","floor":55.0,"gold_loss":0.0,"damage_taken":0.0},{"damage_healed":0.0,"max_hp_gain":0.0,"max_hp_loss":0.0,"gold_gain":0.0,"event_name":"Masked Bandits","player_choice":"Fought Bandits","floor":72.0,"gold_loss":0.0,"damage_taken":0.0},{"damage_healed":0.0,"max_hp_gain":0.0,"max_hp_loss":0.0,"gold_gain":0.0,"event_name":"Mysterious Sphere","player_choice":"Fight","floor":87.0,"gold_loss":0.0,"damage_taken":0.0},{"damage_healed":0.0,"max_hp_gain":0.0,"max_hp_loss":0.0,"gold_gain":0.0,"event_name":"OrinTheCat","player_choice":"Fight","floor":88.0,"gold_loss":0.0,"damage_taken":0.0},{"damage_healed":0.0,"max_hp_gain":0.0,"max_hp_loss":0.0,"gold_gain":0.0,"event_name":"Tomb of Lord Red Mask","player_choice":"Ignored","floor":89.0,"gold_loss":0.0,"damage_taken":0.0},{"damage_healed":0.0,"max_hp_gain":0.0,"max_hp_loss":0.0,"gold_gain":0.0,"event_name":"Upgrade Shrine","player_choice":"Upgraded","floor":90.0,"gold_loss":0.0,"damage_taken":0.0,"cards_upgraded":["FloweringNight"]},{"damage_healed":0.0,"max_hp_gain":0.0,"max_hp_loss":0.0,"gold_gain":0.0,"event_name":"Accursed Blacksmith","player_choice":"Rummage","floor":96.0,"gold_loss":0.0,"damage_taken":0.0,"relics_obtained":["WarpedTongs"],"cards_obtained":["Pain"]},{"damage_healed":0.0,"max_hp_gain":0.0,"max_hp_loss":0.0,"gold_gain":0.0,"event_name":"SensoryStone","player_choice":"Memory 1","floor":98.0,"gold_loss":0.0,"damage_taken":0.0},{"damage_healed":0.0,"max_hp_gain":0.0,"max_hp_loss":0.0,"gold_gain":175.0,"event_name":"Liars Game","player_choice":"AGREE","floor":104.0,"gold_loss":0.0,"damage_taken":0.0,"cards_obtained":["Doubt"]},{"damage_healed":0.0,"max_hp_gain":0.0,"max_hp_loss":0.0,"gold_gain":0.0,"event_name":"Mushrooms","player_choice":"Fought Mushrooms","floor":105.0,"gold_loss":0.0,"damage_taken":0.0},{"damage_healed":0.0,"max_hp_gain":0.0,"max_hp_loss":0.0,"gold_gain":0.0,"event_name":"Accursed Blacksmith","player_choice":"Rummage","floor":114.0,"gold_loss":0.0,"damage_taken":0.0,"relics_obtained":["WarpedTongs"],"cards_obtained":["Pain"]},{"damage_healed":0.0,"max_hp_gain":0.0,"max_hp_loss":0.0,"gold_gain":0.0,"event_name":"Nest","player_choice":"Joined the Cult","floor":121.0,"gold_loss":0.0,"damage_taken":6.0,"cards_obtained":["RitualDagger"]},{"damage_healed":0.0,"max_hp_gain":0.0,"max_hp_loss":0.0,"gold_gain":0.0,"event_name":"Vampires","player_choice":"Ignored","floor":122.0,"gold_loss":0.0,"damage_taken":0.0},{"damage_healed":0.0,"max_hp_gain":0.0,"max_hp_loss":0.0,"gold_gain":0.0,"event_name":"Addict","player_choice":"Obtained Relic","floor":133.0,"gold_loss":85.0,"damage_taken":0.0,"relics_obtained":["Broom"]},{"damage_healed":0.0,"max_hp_gain":0.0,"max_hp_loss":0.0,"gold_gain":0.0,"event_name":"The Woman in Blue","player_choice":"Bought 0 Potions","floor":138.0,"gold_loss":0.0,"damage_taken":0.0}],"is_beta":false,"boss_relics":[{"not_picked":["Philosopher\u0027s Stone","Runic Dome"],"picked":"Fusion Hammer"},{"not_picked":["Black Star","Cursed Key"],"picked":"SplendidAttire"},{"not_picked":["Tiny House","Bromod:ArcaneGrace"],"picked":"SlaversCollar"},{"not_picked":["Runic Pyramid","infinitespire:Cupcake"],"picked":"Bromod:ArcaneEnergize"},{"not_picked":["MysterySword","Cursed Key"],"picked":"Astrolabe"},{"not_picked":["Bromod:ArcaneBarrier","Bromod:ArcaneGrace"],"picked":"SacredBark"},{"not_picked":["Bromod:ArcaneGrace","Snecko Eye"],"picked":"StoneMask"},{"not_picked":["Sozu","Runic Pyramid"],"picked":"Bromod:ArcaneBarrier"}],"items_purged_floors":[25],"is_endless":true,"potions_floor_spawned":[2,6,8,11,19,24,29,31,33,35,38,39,52,56,61,65,67,69,74,75,80,81,82,84,86,87,88,91,95,97,99,101,103,105,107,109,110,112,116,118,120,123,125,127,129,130,132,135,137,139,140,141,142,144,146,148,149,150,152],"ascension_level":4}}