{"host":"80ojs5zx0tu8i1zz","time":1610445698,"event":{"mods":["AchievementEnabler","Arknights The Spire","Aspiration","BaseMod","ChefMod","Colored Map","Colored Powertips","Hermit","Hubris","Infinite Spire","Jorbs\u0027s Wanderer Trilogy","Minty Spire (QoL Compilation)","Replay The Spire","Shop Mod","StSLib","The Dragon Tamer","The Hayseed","The Hierophant","The Marked"],"gold_per_floor":[118,118,118,293,311,352,352,380,380,409,458,458,488,536,536,676,676,704,52,85,120,151,151,151],"floor_reached":23,"playtime":1494,"items_purged":["Doubt"],"score":230,"play_id":"cb46ab2c-2b0f-4ae2-931d-80943e6f84e2","local_time":"20210112120138","is_ascension_mode":false,"campfire_choices":[{"data":"ats:Blood Oath","floor":7,"key":"SMITH"},{"data":"Terror","floor":12,"key":"SMITH"},{"data":"ats:Emotion Absorption","floor":15,"key":"SMITH"}],"circlet_count":0,"master_deck":["ats:Strike C","ats:Strike G","ats:Strike S","ats:Strike V","ats:Armor Crushing Shot","ats:Defend","ats:Emotion Absorption+1","ats:Blood Oath+1","Terror+1","Concentrate","ReplayTheSpireMod:Necrosis","Injury","ats:Revitalization","ats:Ambush","ats:Automatic Cover","ats:Hammer On","ats:Support Order","ats:Leaping Hammer","ats:Shell Defense","ats:Disruption Kick","ats:Explosion Area Strengthen+1","ats:Powerful Strike","ats:Revitalization","ats:Rapid Magazine","ats:Cat Scratch","Discovery","ats:Sunburst","ats:Song Of Battle","ats:Shell Defense"],"relics":["ats:Sanity Plus","NeowsBlessing","Golden Idol","ats:Originium","ats:Gyao","Meat on the Bone","MealTicket","Gremlin Horn"],"acts_visited":["Exordium","TheCity"],"potions_floor_usage":[11,16,16,22,23],"damage_taken":[{"damage":0,"enemies":"2 Louse","floor":1,"turns":1},{"damage":0,"enemies":"Small Slimes","floor":5,"turns":2},{"damage":0,"enemies":"3 Sentries","floor":6,"turns":2},{"damage":21,"enemies":"Jaw Worm","floor":8,"turns":4},{"damage":33,"enemies":"Lots of Slimes","floor":10,"turns":6},{"damage":36,"enemies":"Lagavulin","floor":11,"turns":8},{"damage":14,"enemies":"Blue Slaver","floor":13,"turns":4},{"damage":10,"enemies":"Looter","floor":14,"turns":2},{"damage":95,"enemies":"The Guardian","floor":16,"turns":16},{"damage":42,"enemies":"Shell Parasite","floor":18,"turns":8},{"damage":6,"enemies":"3 Byrds","floor":20,"turns":6},{"damage":17,"enemies":"3 Cultists","floor":21,"turns":6},{"damage":9,"enemies":"Snecko","floor":22,"turns":4},{"damage":82,"enemies":"Nightmare","floor":23,"turns":7}],"seed_played":"-8731349233367361573","potions_obtained":[{"floor":5,"key":"GamblersBrew"},{"floor":10,"key":"Elixir"},{"floor":14,"key":"FearPotion"},{"floor":16,"key":"Regen Potion"},{"floor":20,"key":"SteroidPotion"},{"floor":22,"key":"ats:Emergency Sanity Potion"}],"is_trial":false,"path_per_floor":["M","?","?","?","M","E","R","M","T","M","E","R","M","M","R","B",null,"M","$","M","M","M","NM"],"character_chosen":"DOCTOR_CLASS","items_purchased":["Gremlin Horn","ats:Powerful Strike","ats:Revitalization","ats:Rapid Magazine","ats:Cat Scratch","Discovery","PowerPotion"],"campfire_rested":0,"item_purchase_floors":[19,19,19,19,19,19,19],"current_hp_per_floor":[72,72,72,72,72,72,72,59,59,38,34,34,42,44,44,48,72,40,55,62,55,51,0,0],"gold":151,"neow_bonus":"THREE_ENEMY_KILL","is_daily":false,"chose_seed":false,"campfire_upgraded":3,"win_rate":0.0,"timestamp":1610445698,"path_taken":["M","?","?","?","M","E","R","M","T","M","E","R","M","M","R","BOSS","M","$","M","M","M","NM"],"items_purchased_type":["Relic","Card","Card","Card","Card","Card","Potion"],"build_version":"2020-12-22","purchased_purges":1,"victory":false,"max_hp_per_floor":[72,72,72,72,72,72,72,72,72,72,72,72,72,72,72,72,72,72,72,72,72,72,72,72],"card_choices":[{"not_picked":["ats:Flexible Camouflage","ats:Shell Defense"],"picked":"ats:Blood Oath","floor":1},{"not_picked":["ats:Childhood Dance","ats:Ignite"],"picked":"ats:Revitalization","floor":5},{"not_picked":["ats:Powerful Strike","ats:Sword Rain"],"picked":"ats:Ambush","floor":6},{"not_picked":["ats:Revitalization","ats:Leaping Hammer"],"picked":"ats:Automatic Cover","floor":8},{"not_picked":["ats:Childhood Dance","ats:Assault Order"],"picked":"ats:Hammer On","floor":10},{"not_picked":["ats:Encircling Forest","ats:Soul Absorption"],"picked":"ats:Support Order","floor":11},{"not_picked":["ats:Hammer On","ats:Powerful Strike"],"picked":"ats:Leaping Hammer","floor":13},{"not_picked":["ats:Sunburst","ats:Assault Order"],"picked":"ats:Shell Defense","floor":14},{"not_picked":["ats:Wolf Pack","ats:Fractured Body"],"picked":"ats:Disruption Kick","floor":16},{"not_picked":["ats:Hammer On","ats:Flexible Camouflage"],"picked":"ats:Explosion Area Strengthen+1","floor":18},{"not_picked":["ats:Thermite Blade","ats:Explosion Area Strengthen"],"picked":"ats:Sunburst","floor":20},{"not_picked":["ats:Closed Bolt Burst Fire","ats:Shadow Raid"],"picked":"ats:Song Of Battle","floor":21},{"not_picked":["ats:Powerful Strike","ats:Revitalization"],"picked":"ats:Shell Defense","floor":22}],"player_experience":218252,"relics_obtained":[{"floor":6,"key":"ats:Originium"},{"floor":6,"key":"ats:Gyao"},{"floor":9,"key":"Meat on the Bone"},{"floor":11,"key":"ats:Originium"},{"floor":11,"key":"MealTicket"}],"event_choices":[{"damage_healed":0,"gold_gain":0,"player_choice":"Take Wound","damage_taken":0,"relics_obtained":["Golden Idol"],"max_hp_gain":0,"max_hp_loss":0,"event_name":"Golden Idol","floor":3,"gold_loss":0,"cards_obtained":["Injury"]},{"damage_healed":0,"gold_gain":175,"player_choice":"AGREE","damage_taken":0,"max_hp_gain":0,"max_hp_loss":0,"event_name":"Liars Game","floor":4,"gold_loss":0,"cards_obtained":["Doubt"]}],"is_beta":false,"boss_relics":[{"not_picked":["Cursed Key","ReplayTheSpireMod:SealedPack"],"picked":"ats:Sanity Plus"}],"items_purged_floors":[19],"is_endless":false,"potions_floor_spawned":[5,10,14,16,20,22],"killed_by":"Nightmare","ascension_level":0}}