{"host":"wqsqub3crsxqknzv","time":1610454259,"event":{"mods":["BaseMod","Colored Powertips","Downfall","Minty Spire (QoL Compilation)","StSLib","WarShipGirlsR/????R mod"],"gold_per_floor":[99,99,99,99,8,8,32,45,45,45,63,88,113,148,167,167,167,167],"floor_reached":16,"playtime":949,"items_purged":[],"score":98,"play_id":"5064f444-6d86-49c1-9fd7-37c50aa4d280","local_time":"20210112142419","is_ascension_mode":false,"campfire_choices":[{"data":"hexamod:Sear","floor":1,"key":"SMITH"},{"data":"hexamod:GhostflameBarrier","floor":6,"key":"SMITH"},{"data":"expansioncontent:BronzeBeam","floor":10,"key":"SMITH"}],"circlet_count":0,"master_deck":["hexamod:Strike","hexamod:Strike","hexamod:Strike","hexamod:Defend","hexamod:Defend","hexamod:Defend","hexamod:Defend","hexamod:Sear+1","hexamod:Float","hexamod:Haunt","hexamod:GhostflameBarrier+1","hexamod:HauntingEcho","hexamod:Firestarter","expansioncontent:BronzeBeam+1","hexamod:SecondSeal","hexamod:UnleashSpirits"],"relics":["hexamod:SpiritBrand","downfall:HeartsMalice","Bronze Scales","Centennial Puzzle","hexamod:InflammatoryLetter"],"acts_visited":["Exordium"],"potions_floor_usage":[14,16],"damage_taken":[{"damage":0,"enemies":"Small Slimes","floor":3,"turns":1},{"damage":0,"enemies":"Cultist","floor":4,"turns":1},{"damage":0,"enemies":"downfall:FleeingMerchant","floor":5,"turns":1},{"damage":1,"enemies":"Jaw Worm","floor":8,"turns":4},{"damage":2,"enemies":"Lots of Slimes","floor":11,"turns":4},{"damage":3,"enemies":"Exordium Wildlife","floor":12,"turns":4},{"damage":19,"enemies":"Lagavulin","floor":14,"turns":5},{"damage":2,"enemies":"Exordium Thugs","floor":15,"turns":4},{"damage":45,"enemies":"downfall:Defect","floor":16,"turns":5}],"seed_played":"6468131643614016377","potions_obtained":[{"floor":9,"key":"Strength Potion"},{"floor":9,"key":"AttackPotion"},{"floor":9,"key":"Fire Potion"}],"is_trial":false,"path_per_floor":["R","?","M","M","$","R","T","M","?","R","M","M","T","E","M","B"],"character_chosen":"THE_SPIRIT","items_purchased":["expansioncontent:BronzeBeam"],"campfire_rested":0,"item_purchase_floors":[5],"current_hp_per_floor":[70,70,70,70,70,70,70,69,69,69,67,64,64,45,43,0,0,0],"gold":167,"neow_bonus":"THREE_ENEMY_KILL","is_daily":false,"chose_seed":false,"campfire_upgraded":3,"win_rate":0.0,"timestamp":1610454259,"path_taken":["R","?","M","?","$","R","T","M","?","R","?","M","?","E","M","BOSS"],"items_purchased_type":["Card"],"build_version":"2020-11-29","purchased_purges":0,"victory":false,"max_hp_per_floor":[70,70,70,70,70,70,70,70,70,70,70,70,70,70,70,70,70,70],"card_choices":[{"not_picked":["hexamod:BacktrackSmack","hexamod:ThermalTransfer"],"picked":"hexamod:GhostflameBarrier","floor":3},{"not_picked":["hexamod:Hexaguard","hexamod:BacktrackSmack"],"picked":"hexamod:HauntingEcho","floor":4},{"not_picked":["hexamod:Hexaguard","hexamod:SpectersWail"],"picked":"hexamod:Firestarter","floor":5},{"not_picked":["hexamod:RainOfEmbers","hexamod:SwordOfDarkness"],"picked":"hexamod:SecondSeal","floor":8},{"not_picked":["hexamod:GhostLash","hexamod:BacktrackSmack"],"picked":"hexamod:UnleashSpirits","floor":11},{"not_picked":["hexamod:NightmareGuise","hexamod:SecondSeal","hexamod:Again"],"picked":"SKIP","floor":12},{"not_picked":["hexamod:SecondSeal","hexamod:InspiringFlames","hexamod:RainOfEmbers"],"picked":"SKIP","floor":14},{"not_picked":["hexamod:SecondSeal","hexamod:BacktrackSmack","hexamod:PhantomCloak"],"picked":"SKIP","floor":15}],"player_experience":13757,"relics_obtained":[{"floor":7,"key":"Bronze Scales"},{"floor":13,"key":"Centennial Puzzle"},{"floor":14,"key":"hexamod:InflammatoryLetter"}],"event_choices":[{"damage_healed":0,"gold_gain":0,"cards_transformed":["hexamod:Strike"],"player_choice":"Transformed","damage_taken":0,"max_hp_gain":0,"max_hp_loss":0,"event_name":"Transmorgrifier","floor":2,"gold_loss":0,"cards_obtained":["hexamod:Haunt"]},{"damage_healed":0,"gold_gain":0,"player_choice":"Got Potions","damage_taken":0,"max_hp_gain":0,"max_hp_loss":0,"event_name":"Lab","floor":9,"gold_loss":0}],"is_beta":false,"boss_relics":[],"items_purged_floors":[],"is_endless":false,"potions_floor_spawned":[11,12],"killed_by":"downfall:Defect","ascension_level":0}}