{"host":"i0avyit1s6jb1siw","time":1610482123,"event":{"mods":["BaseMod","DeckTracker","Dota2Spire","Highlight Path","Minty Spire (QoL Compilation)","Quick Restart","StSLib","SuperFastMode"],"gold_per_floor":[118,128,53,69,81,81,108,124,124,124,124,144,208,227,227,227,227],"floor_reached":16,"language":"ENG","playtime":474,"items_purged":["Strike_G"],"score":208,"play_id":"8bf731bd-3ea0-4e15-bf5f-93b9d01a1dab","local_time":"20210112210843","is_ascension_mode":true,"campfire_choices":[{"data":"Neutralize","floor":6,"key":"SMITH"},{"floor":11,"key":"REST"},{"floor":15,"key":"REST"}],"circlet_count":0,"master_deck":["AscendersBane","Strike_G","Strike_G","Strike_G","Defend_G","Defend_G","Defend_G","Defend_G","Defend_G","Survivor","Neutralize+1","Bouncing Flask","Blade Dance","Flying Knee","Blur","Phantasmal Killer","Terror"],"relics":["Ring of the Snake","Dota2Spire:LotusOrb","Du-Vu Doll","Ginger","Dota2Spire:CrimsonGuard"],"acts_visited":["Exordium"],"potions_floor_usage":[7,13,13,16],"damage_taken":[{"damage":7,"enemies":"Jaw Worm","floor":1,"turns":7},{"damage":1,"enemies":"Cultist","floor":2,"turns":4},{"damage":7,"enemies":"Small Slimes","floor":4,"turns":4},{"damage":0,"enemies":"2 Fungi Beasts","floor":5,"turns":3},{"damage":29,"enemies":"3 Sentries","floor":7,"turns":12},{"damage":5,"enemies":"Gremlin Gang","floor":8,"turns":6},{"damage":0,"enemies":"Blue Slaver","floor":12,"turns":3},{"damage":4,"enemies":"Lagavulin Event","floor":13,"turns":3},{"damage":6,"enemies":"Exordium Wildlife","floor":14,"turns":4},{"damage":40,"enemies":"Hexaghost","floor":16,"turns":9}],"seed_played":"-8212953785809951507","potions_obtained":[{"floor":1,"key":"FearPotion"},{"floor":4,"key":"ColorlessPotion"},{"floor":8,"key":"CunningPotion"},{"floor":14,"key":"ColorlessPotion"}],"is_trial":false,"path_per_floor":["M","M","$","M","M","R","E","M","T","?","R","M","?","M","R","B"],"character_chosen":"THE_SILENT","items_purchased":[],"campfire_rested":2,"item_purchase_floors":[],"current_hp_per_floor":[52,51,51,44,44,44,15,10,10,10,29,29,25,19,38,0,0],"gold":227,"neow_bonus":"RANDOM_COMMON_RELIC","is_daily":false,"chose_seed":false,"campfire_upgraded":1,"win_rate":0.0,"timestamp":1610482123,"path_taken":["M","M","$","M","M","R","E","M","T","?","R","?","?","M","R","BOSS"],"items_purchased_type":[],"build_version":"2020-12-22","purchased_purges":1,"victory":false,"max_hp_per_floor":[66,66,66,66,66,66,66,66,66,66,66,66,66,66,66,66,66],"card_choices":[{"not_picked":["Skewer","Deflect"],"picked":"Bouncing Flask","floor":1},{"not_picked":["Skewer","Underhanded Strike"],"picked":"Blade Dance","floor":2},{"not_picked":["Outmaneuver","Underhanded Strike"],"picked":"Flying Knee","floor":4},{"not_picked":["Setup","Deflect"],"picked":"Blur","floor":5},{"not_picked":["Poisoned Stab","Caltrops","Quick Slash"],"picked":"SKIP","floor":7},{"not_picked":["Prepared","Sucker Punch","Slice"],"picked":"SKIP","floor":8},{"not_picked":["Noxious Fumes","Quick Slash"],"picked":"Terror","floor":12},{"not_picked":["All Out Attack","Dodge and Roll","Underhanded Strike"],"picked":"SKIP","floor":14}],"player_experience":2219952,"relics_obtained":[{"floor":7,"key":"Du-Vu Doll"},{"floor":9,"key":"Ginger"},{"floor":13,"key":"Dota2Spire:CrimsonGuard"}],"event_choices":[{"damage_healed":0,"gold_gain":0,"cards_transformed":["Strike_G"],"player_choice":"Transformed","damage_taken":0,"max_hp_gain":0,"max_hp_loss":0,"event_name":"Transmorgrifier","floor":10,"gold_loss":0,"cards_obtained":["Phantasmal Killer"]},{"damage_healed":0,"gold_gain":30,"player_choice":"Searched \u00272\u0027 times","damage_taken":0,"max_hp_gain":0,"max_hp_loss":0,"event_name":"Dead Adventurer","floor":13,"gold_loss":0}],"is_beta":false,"boss_relics":[],"items_purged_floors":[3],"is_endless":false,"potions_floor_spawned":[1,4,8,14],"killed_by":"Hexaghost","ascension_level":20}}