{"host":"jkgg7n5hn1slsm35","time":1610443839,"event":{"mods":["Aspiration","BaseMod","BetterRewards","Conspire","Googly Eyes","Gremlin Skip","Halation","Highlight Path","Hubris","Infinite Spire","Minty Spire (QoL Compilation)","Permanent Neow","StSLib","SuperFastMode","vexMod"],"gold_per_floor":[112,187,187,203,203,233,233,268,268,268,288,298,330,65,65,167,167,179,206,224,194,206,206,218,248,248,248,282,282,313,328,328,433,433,450,463,490,508,525,525,525,552,552,552,586,586,621,641,641,739,739,753,828,839,849,728,728,743,743,759,763,783,733,747,747,841,841,869,869,869,869,869,333,333,357,372,383,383,405,411,411,476,476,480,292,292,293,293,290,290,315,315,330,372,396,361,361,460,460,465,465,473,573,576,591,591,591,591,603,603,617,624,647,647,744,744,742,742,764,764,764,772,772,771,771,770,811,822,822,942,942,952,952,998,998,1036,1036,1062,1093,1091,1091,1091,1091,1091,1066,1066],"floor_reached":152,"playtime":6571,"items_purged":[],"score":3869,"play_id":"44ad610c-3d52-44e9-a0e9-17e9ed5b8e85","local_time":"20210112103039","daily_mods":["SealedDeck","Heirloom","DeadlyEvents","Elite Swarm","Lethality"],"is_ascension_mode":false,"campfire_choices":[{"data":"Body Slam","floor":7,"key":"SMITH"},{"data":"Pommel Strike","floor":10,"key":"SMITH"},{"data":"Rage","floor":15,"key":"SMITH"},{"data":"Body Slam","floor":23,"key":"SMITH"},{"data":"Rage","floor":27,"key":"SMITH"},{"floor":32,"key":"REST"},{"data":"Berserk","floor":41,"key":"SMITH"},{"data":"Juggernaut","floor":44,"key":"SMITH"},{"data":"Shrug It Off","floor":46,"key":"SMITH"},{"floor":49,"key":"REST"},{"data":"Iron Wave","floor":57,"key":"SMITH"},{"data":"Cleave","floor":59,"key":"SMITH"},{"data":"Barricade","floor":66,"key":"SMITH"},{"data":"Juggernaut","floor":74,"key":"SMITH"},{"data":"Thunderclap","floor":76,"key":"SMITH"},{"data":"Heavy Blade","floor":83,"key":"SMITH"},{"data":"Metallicize","floor":91,"key":"SMITH"},{"floor":93,"key":"REST"},{"data":"Metallicize","floor":95,"key":"SMITH"},{"floor":100,"key":"REST"},{"data":"Twin Strike","floor":109,"key":"SMITH"},{"data":"Clash","floor":113,"key":"SMITH"},{"data":"Clash","floor":117,"key":"SMITH"},{"floor":134,"key":"REST"},{"floor":142,"key":"REST"},{"floor":144,"key":"REST"},{"floor":151,"key":"REST"}],"circlet_count":0,"master_deck":["Thunderclap+1","Thunderclap+1","Shrug It Off+1","Twin Strike+1","Clash+1","Cleave+1","Pommel Strike+1","Heavy Blade+1","Iron Wave+1","Body Slam+1","Heavy Blade+1","Rage+1","Shrug It Off+1","Clash+1","Body Slam+1","Shrug It Off+1","Rage+1","Shrug It Off+1","Juggernaut+1","Shrug It Off+1","Clash+1","Iron Wave+1","Iron Wave+1","Berserk+1","Limit Break+1","Barricade+1","conspire:SpireCoStock+1","Juggernaut+1","Rage+1","Iron Wave+1","Metallicize+1","Metallicize+1","Dark Shackles+1","Shrug It Off+1","Iron Wave+1"],"relics":["Unceasing Top","Pocketwatch","Singing Bowl","hubris:MedicalManual","Ornamental Fan","The Courier","Red Skull","Shuriken","Red Mask","halation:AfternoonTea","Toxic Egg 2","hubris:Metronome","aspiration:HummingbirdHeart","aspiration:ArtOfWarUpgrade","vexMod:ScavengeHelm","WingedGreaves","conspire:TopHat","vexMod:RetaliationKit","Whetstone","Philosopher\u0027s Stone","infinitespire:PuzzleCube","hubris:Teleporter","Bag of Preparation","Omamori","halation:PrussianBluePaint","conspire:RunicOctahedron","conspire:Flyswatter","conspire:Dentures","vexMod:HeadHunter","Vajra","War Paint","Peace Pipe","CaptainsWheel","hubris:Towel","Gremlin Horn","Strawberry","vexMod:InvisibilityCloak","hubris:SlimyHat","Thread and Needle","infinitespire:FocusingShard","Pen Nib","Pear","halation:OrihimeAndHikoboshiSamaAndTears","MutagenicStrength","aspiration:FutureDiary","Question Card","aspiration:FrozenJewel","halation:IllGainedPizza","conspire:RoyalGoblet","hubris:ChampionShield","Torii","Bronze Scales","aspiration:Lifesprig","halation:EternalFortune"],"acts_visited":["Exordium","TheCity","TheBeyond","Exordium","TheCity","TheBeyond","Exordium","TheCity","TheBeyond"],"potions_floor_usage":[33,89,97,101,140,143,152],"damage_taken":[{"damage":0,"enemies":"2 Louse","floor":1,"turns":1},{"damage":0,"enemies":"Small Slimes","floor":4,"turns":1},{"damage":0,"enemies":"Gremlin Nob","floor":6,"turns":2},{"damage":0,"enemies":"Lagavulin","floor":8,"turns":2},{"damage":0,"enemies":"Cultist","floor":11,"turns":2},{"damage":0,"enemies":"Looter","floor":12,"turns":1},{"damage":0,"enemies":"3 Sentries","floor":13,"turns":3},{"damage":0,"enemies":"The Guardian","floor":16,"turns":4},{"damage":0,"enemies":"Shell Parasite","floor":18,"turns":3},{"damage":0,"enemies":"Masked Bandits","floor":19,"turns":2},{"damage":9,"enemies":"2 Thieves","floor":20,"turns":2},{"damage":0,"enemies":"Centurion and Healer","floor":22,"turns":3},{"damage":2,"enemies":"Shelled Parasite and Fungi","floor":24,"turns":3},{"damage":6,"enemies":"Nightmare","floor":25,"turns":5},{"damage":9,"enemies":"Book of Stabbing","floor":28,"turns":3},{"damage":17,"enemies":"Gremlin Leader","floor":30,"turns":3},{"damage":3,"enemies":"Snake Plant","floor":31,"turns":3},{"damage":13,"enemies":"Collector","floor":33,"turns":6},{"damage":0,"enemies":"3 Darklings","floor":35,"turns":3},{"damage":2,"enemies":"3 Shapes","floor":36,"turns":4},{"damage":18,"enemies":"conspire:MimicChest","floor":37,"turns":5},{"damage":0,"enemies":"Sphere and 2 Shapes","floor":38,"turns":4},{"damage":2,"enemies":"Jaw Worm Horde","floor":39,"turns":3},{"damage":0,"enemies":"Reptomancer","floor":42,"turns":3},{"damage":5,"enemies":"Nemesis","floor":45,"turns":3},{"damage":22,"enemies":"Reptomancer","floor":47,"turns":5},{"damage":19,"enemies":"4 Shapes","floor":48,"turns":4},{"damage":3,"enemies":"hubris:GrandSnecko","floor":50,"turns":6},{"damage":0,"enemies":"conspire:RoseBush","floor":52,"turns":1},{"damage":0,"enemies":"2 Louse","floor":54,"turns":1},{"damage":0,"enemies":"Jaw Worm","floor":55,"turns":1},{"damage":0,"enemies":"Gremlin Nob","floor":58,"turns":3},{"damage":0,"enemies":"Lagavulin","floor":61,"turns":2},{"damage":0,"enemies":"Large Slime","floor":62,"turns":1},{"damage":0,"enemies":"Gremlin Nob","floor":63,"turns":3},{"damage":11,"enemies":"3 Sentries","floor":65,"turns":3},{"damage":0,"enemies":"Slime Boss","floor":67,"turns":5},{"damage":0,"enemies":"Spheric Guardian","floor":69,"turns":3},{"damage":9,"enemies":"Book of Stabbing","floor":78,"turns":4},{"damage":0,"enemies":"Shell Parasite","floor":79,"turns":1},{"damage":0,"enemies":"3 Cultists","floor":81,"turns":4},{"damage":1,"enemies":"conspire:Head Lice","floor":82,"turns":4},{"damage":0,"enemies":"conspire:MysteriousRune","floor":84,"turns":5},{"damage":0,"enemies":"3 Shapes","floor":86,"turns":2},{"damage":17,"enemies":"3 Darklings","floor":89,"turns":3},{"damage":48,"enemies":"Nemesis","floor":92,"turns":5},{"damage":0,"enemies":"4 Shapes","floor":96,"turns":3},{"damage":36,"enemies":"Reptomancer","floor":97,"turns":4},{"damage":1,"enemies":"Spire Growth","floor":98,"turns":3},{"damage":40,"enemies":"Nemesis","floor":99,"turns":7},{"damage":28,"enemies":"Donu and Deca","floor":101,"turns":6},{"damage":0,"enemies":"Jaw Worm","floor":103,"turns":2},{"damage":0,"enemies":"Small Slimes","floor":105,"turns":1},{"damage":0,"enemies":"Cultist","floor":107,"turns":3},{"damage":0,"enemies":"Gremlin Nob","floor":108,"turns":2},{"damage":0,"enemies":"3 Sentries","floor":112,"turns":2},{"damage":0,"enemies":"Gremlin Nob","floor":114,"turns":3},{"damage":0,"enemies":"Exordium Wildlife","floor":115,"turns":2},{"damage":0,"enemies":"3 Sentries","floor":116,"turns":2},{"damage":0,"enemies":"The Guardian","floor":118,"turns":5},{"damage":0,"enemies":"3 Byrds","floor":120,"turns":3},{"damage":0,"enemies":"Spheric Guardian","floor":123,"turns":2},{"damage":19,"enemies":"Gremlin Leader","floor":127,"turns":3},{"damage":7,"enemies":"Snake Plant","floor":129,"turns":2},{"damage":0,"enemies":"Shelled Parasite and Fungi","floor":131,"turns":2},{"damage":0,"enemies":"Slavers","floor":132,"turns":4},{"damage":2,"enemies":"Chosen and Byrds","floor":133,"turns":3},{"damage":6,"enemies":"conspire:MysteriousRune","floor":135,"turns":4},{"damage":3,"enemies":"3 Darklings","floor":137,"turns":4},{"damage":54,"enemies":"2 Orb Walkers","floor":140,"turns":4},{"damage":5,"enemies":"3 Shapes","floor":143,"turns":3},{"damage":140,"enemies":"Nemesis","floor":146,"turns":5},{"damage":90,"enemies":"Transient","floor":147,"turns":5},{"damage":204,"enemies":"infinitespire:LordOfFortification","floor":152,"turns":5}],"seed_played":"4435764869533149143","potions_obtained":[{"floor":1,"key":"SteroidPotion"},{"floor":6,"key":"LiquidBronze"},{"floor":16,"key":"PowerPotion"},{"floor":18,"key":"GamblersBrew"},{"floor":37,"key":"Explosive Potion"},{"floor":97,"key":"DuplicationPotion"},{"floor":112,"key":"BlessingOfTheForge"},{"floor":114,"key":"Regen Potion"},{"floor":140,"key":"BlessingOfTheForge"},{"floor":143,"key":"Fruit Juice"}],"is_trial":true,"path_per_floor":["M","?","?","M","?","E","R","E","T","R","M","M","E","$","R","B",null,"M","?","M","$","M","R","M","NM","T","R","E","AVR","E","M","R","B",null,"M","M","?","M","M","?","R","E","T","R","E","R","E","M","R","B",null,"M","?","M","M","$","R","E","R","E","M","E","?","E","R","B",null,"M","?","?","T","R","$","R","T","E","M","$","M","E","R","B",null,"M","$","?","M","R","E","R","T","R","M","E","M","E","R","B",null,"M","?","M","?","M","E","R","$","T","E","R","E","M","E","R","B",null,"M","?","M","R","HB","E","T","M","R","M","E","M","R","B",null,"M","AVR","?","R","M","R","T","E","M","$","?","?","R","B"],"character_chosen":"IRONCLAD","items_purchased":["Shuriken","Shrug It Off","Clash","Rage","infinitespire:PuzzleCube","conspire:Dentures","vexMod:HeadHunter","Vajra","Metallicize","Metallicize","Dark Shackles+1"],"campfire_rested":8,"item_purchase_floors":[14,14,14,21,56,75,75,75,87,87,87],"current_hp_per_floor":[80,69,69,71,71,73,73,75,75,75,77,77,79,79,79,81,92,92,92,85,85,87,87,85,81,81,81,74,74,57,54,84,88,102,102,100,84,86,84,84,84,86,86,86,81,81,61,44,77,91,114,116,105,107,109,109,109,111,111,111,113,115,115,106,106,106,128,130,130,130,130,130,130,130,130,127,129,129,129,132,132,134,144,146,146,146,131,131,87,132,139,139,150,118,119,83,134,123,173,173,173,175,175,177,181,181,181,181,185,185,199,201,205,205,207,207,209,209,211,211,211,196,196,191,191,193,197,197,225,227,227,226,226,183,231,237,238,238,107,17,17,41,44,117,0,0],"gold":1066,"neow_bonus":"","is_daily":false,"chose_seed":false,"campfire_upgraded":19,"win_rate":0.0,"timestamp":1610443839,"path_taken":["M","?","?","M","?","E","R","?","T","R","M","?","E","$","R","BOSS","M","?","?","?","?","R","M","NM","T","R","E","AVR","?","M","R","BOSS","M","M","?","M","?","?","R","E","T","R","E","R","E","?","R","BOSS","M","?","M","M","?","R","E","R","?","?","E","?","?","R","BOSS","M","?","?","?","R","$","R","T","E","M","$","M","E","R","BOSS","M","$","?","M","R","E","R","T","R","?","E","M","E","R","BOSS","M","?","?","?","M","E","R","$","T","?","R","E","M","E","R","BOSS","M","?","M","R","HB","E","T","M","R","?","E","M","R","BOSS","M","AVR","?","R","M","R","T","E","M","$","?","?","R","BOSS"],"items_purchased_type":["Relic","Card","Card","Card","Relic","Relic","Relic","Relic","Card","Card","Card"],"build_version":"2020-12-22","purchased_purges":0,"victory":false,"max_hp_per_floor":[80,80,80,82,82,84,84,86,86,86,88,88,90,90,90,92,92,92,92,94,94,96,96,96,98,98,98,100,100,100,100,100,102,102,102,102,104,106,106,106,106,108,108,108,108,108,110,112,112,114,114,116,116,118,120,120,120,122,122,122,124,126,126,128,128,128,128,130,130,130,130,130,130,130,130,136,138,138,138,142,142,144,144,146,146,146,148,148,152,152,159,159,161,165,167,171,171,173,173,173,173,175,175,177,181,181,181,181,185,185,199,201,205,205,207,207,209,209,211,211,211,215,215,217,217,219,223,225,225,227,227,229,229,231,231,238,238,238,242,242,242,242,245,245,245,245],"card_choices":[{"not_picked":["Ghostly Armor","Power Through"],"picked":"Heavy Blade","floor":1},{"not_picked":["Wild Strike","Flex","Thunderclap"],"picked":"Singing Bowl","floor":4},{"not_picked":["conspire:HitWhereItHurts","Exhume","Feed"],"picked":"Singing Bowl","floor":6},{"not_picked":["Bludgeon","Offering","Feed"],"picked":"Singing Bowl","floor":8},{"not_picked":["Second Wind","True Grit","Sword Boomerang"],"picked":"Singing Bowl","floor":11},{"not_picked":["Burning Pact","conspire:Charge"],"picked":"Rage","floor":12},{"not_picked":["Berserk","Bludgeon","Double Tap"],"picked":"Singing Bowl","floor":13},{"not_picked":["Demon Form","Fiend Fire","Bludgeon"],"picked":"Singing Bowl","floor":16},{"not_picked":["Metallicize","Infernal Blade+1"],"picked":"Body Slam","floor":18},{"not_picked":["Havoc+1","Armaments"],"picked":"Shrug It Off+1","floor":19},{"not_picked":["hubris:ReadiedAction+1","Blood for Blood","Anger"],"picked":"Singing Bowl","floor":20},{"not_picked":["Armaments","Shrug It Off","Twin Strike"],"picked":"Singing Bowl","floor":22},{"not_picked":["Intimidate","Rupture"],"picked":"Shrug It Off","floor":24},{"not_picked":["Reaper","Offering","Fiend Fire"],"picked":"Singing Bowl","floor":25},{"not_picked":["Feed","Exhume+1","Impervious+1"],"picked":"Singing Bowl","floor":28},{"not_picked":["Feed","Bludgeon"],"picked":"Juggernaut","floor":30},{"not_picked":["Evolve","Wild Strike"],"picked":"Shrug It Off+1","floor":31},{"not_picked":["Brutality","Impervious+1","Double Tap+1"],"picked":"Singing Bowl","floor":33},{"not_picked":["Havoc+1","Wild Strike"],"picked":"Clash","floor":35},{"not_picked":["Twin Strike","Havoc+1"],"picked":"Iron Wave+1","floor":36},{"not_picked":["Armaments+1","Immolate","Perfected Strike+1"],"picked":"Singing Bowl","floor":37},{"not_picked":["Spot Weakness+1","Blood for Blood","conspire:Charge+1"],"picked":"Singing Bowl","floor":38},{"not_picked":["Shrug It Off+1","Pommel Strike"],"picked":"Iron Wave+1","floor":39},{"not_picked":["Impervious+1","Bludgeon","Exhume+1"],"picked":"Singing Bowl","floor":42},{"not_picked":["Reaper","Juggernaut"],"picked":"Limit Break+1","floor":45},{"not_picked":["Offering+1","Demon Form","Brutality"],"picked":"Singing Bowl","floor":47},{"not_picked":["Twin Strike","Pommel Strike","Infernal Blade+1"],"picked":"Singing Bowl","floor":48},{"not_picked":["Demon Form","Fiend Fire","Exhume+1"],"picked":"Singing Bowl","floor":50},{"not_picked":["Disarm+1","Dual Wield+1","Clothesline"],"picked":"Singing Bowl","floor":52},{"not_picked":["Thunderclap","Dual Wield+1","Flex+1"],"picked":"Singing Bowl","floor":54},{"not_picked":["Armaments+1","Cleave","Havoc+1"],"picked":"Singing Bowl","floor":55},{"not_picked":["Berserk","Demon Form","hubris:StunningStrike"],"picked":"Singing Bowl","floor":58},{"not_picked":["Limit Break+1","Exhume+1"],"picked":"Barricade","floor":61},{"not_picked":["Intimidate+1","True Grit+1","Second Wind+1"],"picked":"Singing Bowl","floor":62},{"not_picked":["Brutality","Reaper","conspire:Purge+1"],"picked":"Singing Bowl","floor":63},{"not_picked":["Reaper","Double Tap+1","Brutality"],"picked":"Singing Bowl","floor":65},{"not_picked":["Feed","Limit Break+1"],"picked":"Juggernaut","floor":67},{"not_picked":["Clash","True Grit+1","Sword Boomerang"],"picked":"Singing Bowl","floor":69},{"not_picked":["hubris:Fate","infinitespire:Menacing","infinitespire:UltimateForm"],"picked":"Singing Bowl","floor":78},{"not_picked":["Corruption","Berserk","Limit Break"],"picked":"Singing Bowl","floor":78},{"not_picked":["Limit Break+1","Berserk","conspire:Purge+1"],"picked":"Singing Bowl","floor":78},{"not_picked":["Cleave","Clash","Pummel"],"picked":"Singing Bowl","floor":79},{"not_picked":["Thunderclap","hubris:ReadiedAction+1"],"picked":"Iron Wave+1","floor":81},{"not_picked":["Limit Break","Berserk","Juggernaut"],"picked":"Singing Bowl","floor":82},{"not_picked":["Exhume+1","Juggernaut","hubris:StunningStrike"],"picked":"Singing Bowl","floor":82},{"not_picked":["Immolate","Impervious+1","conspire:HitWhereItHurts"],"picked":"Singing Bowl","floor":84},{"not_picked":["Dark Embrace","Clothesline","hubris:ReadiedAction+1"],"picked":"Singing Bowl","floor":86},{"not_picked":["True Grit+1","infinitespire:OneForAll+1","Fire Breathing+1"],"picked":"Singing Bowl","floor":89},{"not_picked":["Double Tap","Bludgeon","Exhume"],"picked":"Singing Bowl","floor":92},{"not_picked":["Demon Form","Exhume+1","Brutality"],"picked":"Singing Bowl","floor":92},{"not_picked":["conspire:ExplosiveBarrier+1","Flex+1","Wild Strike"],"picked":"Singing Bowl","floor":96},{"not_picked":["Impervious","Bludgeon","hubris:StunningStrike"],"picked":"Singing Bowl","floor":97},{"not_picked":["Reaper","Limit Break+1","conspire:HitWhereItHurts"],"picked":"Singing Bowl","floor":97},{"not_picked":["Headbutt","Body Slam","Flex+1"],"picked":"Singing Bowl","floor":98},{"not_picked":["Demon Form","conspire:Purge","Immolate"],"picked":"Singing Bowl","floor":99},{"not_picked":["Limit Break+1","Barricade","Demon Form"],"picked":"Singing Bowl","floor":99},{"not_picked":["Brutality","Double Tap+1","Reaper"],"picked":"Singing Bowl","floor":101},{"not_picked":["Battle Trance+1","Headbutt"],"picked":"Shrug It Off+1","floor":103},{"not_picked":["Spot Weakness+1","Seeing Red+1","Intimidate+1"],"picked":"Singing Bowl","floor":105},{"not_picked":["Feel No Pain","Uppercut","Cleave"],"picked":"Singing Bowl","floor":107},{"not_picked":["Double Tap","Exhume","Impervious"],"picked":"Singing Bowl","floor":108},{"not_picked":["Exhume+1","Fiend Fire","conspire:HitWhereItHurts"],"picked":"Singing Bowl","floor":108},{"not_picked":["Brutality","Bludgeon","Barricade"],"picked":"Singing Bowl","floor":112},{"not_picked":["Immolate","Juggernaut","Brutality"],"picked":"Singing Bowl","floor":112},{"not_picked":["Impervious","Berserk","Reaper"],"picked":"Singing Bowl","floor":114},{"not_picked":["conspire:HitWhereItHurts","Offering+1","Corruption"],"picked":"Singing Bowl","floor":114},{"not_picked":["Clothesline","Spot Weakness+1","Cleave"],"picked":"Singing Bowl","floor":115},{"not_picked":["Berserk","Demon Form","Double Tap"],"picked":"Singing Bowl","floor":116},{"not_picked":["Brutality","Berserk","Reaper"],"picked":"Singing Bowl","floor":116},{"not_picked":["Feed","hubris:StunningStrike","Exhume+1"],"picked":"Singing Bowl","floor":118},{"not_picked":["Burning Pact+1","Fire Breathing","Dual Wield+1"],"picked":"Singing Bowl","floor":120},{"not_picked":["hubris:ReadiedAction+1","Sword Boomerang+1","Armaments+1"],"picked":"Singing Bowl","floor":123},{"not_picked":["conspire:Purge","Exhume","Immolate"],"picked":"Singing Bowl","floor":127},{"not_picked":["Juggernaut","Offering+1","Immolate"],"picked":"Singing Bowl","floor":127},{"not_picked":["Cleave","Whirlwind","Bludgeon","Shockwave+1"],"picked":"Singing Bowl","floor":129},{"not_picked":["Twin Strike","Sword Boomerang","Wild Strike","Spot Weakness+1"],"picked":"Singing Bowl","floor":131},{"not_picked":["Barricade","Immolate","Exhume","Demon Form"],"picked":"Singing Bowl","floor":132},{"not_picked":["Corruption","Feed","Demon Form","Barricade"],"picked":"Singing Bowl","floor":132},{"not_picked":["Cleave","Flex+1","Shrug It Off+1","Evolve"],"picked":"Singing Bowl","floor":133},{"not_picked":["Berserk","Reaper","Limit Break+1","Demon Form"],"picked":"Singing Bowl","floor":135},{"not_picked":["conspire:Charge+1","Reckless Charge","Clash+1","Perfected Strike+1"],"picked":"Singing Bowl","floor":137},{"not_picked":["Twin Strike+1","Blood for Blood+1","Warcry+1","Power Through+1"],"picked":"Singing Bowl","floor":140},{"not_picked":["Clash","Warcry+1","Twin Strike+1","Spot Weakness+1"],"picked":"Singing Bowl","floor":143},{"not_picked":["Barricade","Bludgeon","Impervious","Double Tap"],"picked":"Singing Bowl","floor":146},{"not_picked":["Limit Break+1","Brutality","Barricade","conspire:HitWhereItHurts"],"picked":"Singing Bowl","floor":146},{"not_picked":["Second Wind+1","Heavy Blade","Sentinel+1"],"picked":"Iron Wave+1","floor":147}],"player_experience":1834589,"relics_obtained":[{"floor":3,"key":"Singing Bowl"},{"floor":6,"key":"Ornamental Fan"},{"floor":9,"key":"The Courier"},{"floor":13,"key":"Red Skull"},{"floor":19,"key":"Red Mask"},{"floor":25,"key":"halation:AfternoonTea"},{"floor":26,"key":"Toxic Egg 2"},{"floor":28,"key":"hubris:Metronome"},{"floor":30,"key":"Art of War"},{"floor":37,"key":"vexMod:ScavengeHelm"},{"floor":42,"key":"WingedGreaves"},{"floor":43,"key":"conspire:TopHat"},{"floor":45,"key":"vexMod:RetaliationKit"},{"floor":47,"key":"Whetstone"},{"floor":58,"key":"hubris:Teleporter"},{"floor":61,"key":"Bag of Preparation"},{"floor":63,"key":"Omamori"},{"floor":65,"key":"halation:PrussianBluePaint"},{"floor":73,"key":"conspire:Flyswatter"},{"floor":77,"key":"War Paint"},{"floor":78,"key":"Peace Pipe"},{"floor":82,"key":"CaptainsWheel"},{"floor":92,"key":"Gremlin Horn"},{"floor":94,"key":"Strawberry"},{"floor":97,"key":"vexMod:InvisibilityCloak"},{"floor":99,"key":"hubris:SlimyHat"},{"floor":108,"key":"Thread and Needle"},{"floor":111,"key":"infinitespire:FocusingShard"},{"floor":112,"key":"Pen Nib"},{"floor":114,"key":"Pear"},{"floor":116,"key":"halation:OrihimeAndHikoboshiSamaAndTears"},{"floor":127,"key":"Question Card"},{"floor":128,"key":"aspiration:FrozenJewel"},{"floor":132,"key":"halation:IllGainedPizza"},{"floor":140,"key":"Torii"},{"floor":145,"key":"Bronze Scales"},{"floor":146,"key":"aspiration:Lifesprig"}],"event_choices":[{"damage_healed":0,"gold_gain":75,"player_choice":"Gather Gold","damage_taken":11,"max_hp_gain":0,"max_hp_loss":0,"event_name":"World of Goop","floor":2,"gold_loss":0},{"damage_healed":0,"gold_gain":0,"player_choice":"Gave Potion","damage_taken":0,"relics_obtained":["hubris:MedicalManual"],"max_hp_gain":0,"max_hp_loss":0,"event_name":"WeMeetAgain","floor":5,"gold_loss":0},{"damage_healed":0,"gold_gain":0,"player_choice":"Fought Bandits","damage_taken":0,"max_hp_gain":0,"max_hp_loss":0,"event_name":"Masked Bandits","floor":19,"gold_loss":0},{"damage_healed":0,"gold_gain":75,"player_choice":"Gather Gold","damage_taken":11,"max_hp_gain":0,"max_hp_loss":0,"event_name":"World of Goop","floor":53,"gold_loss":0},{"damage_healed":0,"gold_gain":0,"player_choice":"Invest 1","damage_taken":0,"max_hp_gain":0,"max_hp_loss":0,"event_name":"conspire:Investor","floor":64,"gold_loss":0},{"damage_healed":0,"gold_gain":0,"player_choice":"Read","damage_taken":0,"max_hp_gain":0,"max_hp_loss":0,"event_name":"The Library","floor":72,"gold_loss":0,"cards_obtained":["Rage"]},{"damage_healed":0,"gold_gain":0,"player_choice":"Upgraded","damage_taken":0,"max_hp_gain":0,"max_hp_loss":0,"event_name":"Upgrade Shrine","floor":104,"gold_loss":0,"cards_upgraded":["Thunderclap"]},{"damage_healed":0,"gold_gain":100,"player_choice":"Pray","damage_taken":0,"max_hp_gain":0,"max_hp_loss":0,"event_name":"Golden Shrine","floor":106,"gold_loss":0},{"damage_healed":0,"gold_gain":0,"player_choice":"Inject Mutagens","damage_taken":0,"relics_obtained":["MutagenicStrength"],"max_hp_gain":0,"max_hp_loss":0,"event_name":"Drug Dealer","floor":122,"gold_loss":0},{"damage_healed":0,"gold_gain":0,"player_choice":"Fight","damage_taken":0,"max_hp_gain":0,"max_hp_loss":0,"event_name":"Mysterious Sphere","floor":140,"gold_loss":0}],"is_beta":false,"boss_relics":[{"not_picked":["SacredBark","conspire:SlowCooker","vexMod:EndlessSickness"]},{"not_picked":["aspiration:RitualDagger","halation:MonkeysPaw","hubris:VirtuousBlindfold"]},{"not_picked":["Busted Crown","vexMod:MysteryBossChallenge"],"picked":"Philosopher\u0027s Stone"},{"not_picked":["aspiration:DefectSkillbook","aspiration:RunicSpoon"],"picked":"conspire:RunicOctahedron"},{"not_picked":["Runic Cube","hubris:TerracottaHorce","Coffee Dripper"]},{"not_picked":["Astrolabe","Snecko Eye","vexMod:CursedCompass"]},{"not_picked":["halation:MonkeysPaw","vexMod:TanglingVine","vexMod:RockOfEvil"]},{"not_picked":["hubris:VirtuousBlindfold","Mark of Pain"],"picked":"conspire:RoyalGoblet"}],"items_purged_floors":[],"is_endless":true,"potions_floor_spawned":[1,6,16,18,22,24,25,30,37,38,42,47,54,55,61,62,67,69,82,89,97,112,114,116,118,120,123,127,135,140,143],"killed_by":"infinitespire:LordOfFortification","ascension_level":0}}