{"host":"nz11ypxva4e39b7q","time":1610475053,"event":{"mods":["BaseMod","Better Altar","Better Skull","Better Third Choice","Better Vampires","Colored Map","Minty Spire (QoL Compilation)","Spicy Shops","StSLib"],"gold_per_floor":[112,126,126,126,138,138,169,169,169,169,195,245,574,593,593,666,666,676,695,708,708,720,720,720,720],"floor_reached":24,"playtime":1249,"items_purged":[],"score":432,"play_id":"2eaec02d-bdf9-4d5a-856c-6c5bbb5e7344","local_time":"20210112191053","is_ascension_mode":true,"campfire_choices":[{"data":"Poisoned Stab","floor":6.0,"key":"SMITH"},{"data":"Deadly Poison","floor":8.0,"key":"SMITH"},{"data":"Blade Dance","floor":10.0,"key":"SMITH"},{"floor":15.0,"key":"REST"},{"floor":23,"key":"REST"}],"circlet_count":0,"master_deck":["AscendersBane","Strike_G","Strike_G","Strike_G","Defend_G","Defend_G","Defend_G","Survivor","Neutralize","Footwork","Storm of Steel","Deadly Poison+1","Poisoned Stab+1","Blade Dance+1","Reflex","Backflip","Tools of the Trade","Flying Knee","Leg Sweep","Backstab"],"relics":["Ring of the Snake","Mango","Smiling Mask","Letter Opener","Torii","Old Coin","Empty Cage","StrikeDummy"],"acts_visited":["Exordium","TheCity"],"potions_floor_usage":[24],"damage_taken":[{"damage":5.0,"enemies":"Small Slimes","floor":1.0,"turns":3.0},{"damage":0.0,"enemies":"2 Louse","floor":2.0,"turns":3.0},{"damage":0.0,"enemies":"Cultist","floor":5.0,"turns":3.0},{"damage":21.0,"enemies":"Lagavulin","floor":7.0,"turns":5.0},{"damage":26.0,"enemies":"3 Sentries","floor":11.0,"turns":7.0},{"damage":21.0,"enemies":"Lagavulin","floor":13.0,"turns":6.0},{"damage":0.0,"enemies":"Exordium Thugs","floor":14.0,"turns":4.0},{"damage":19.0,"enemies":"The Guardian","floor":16.0,"turns":8.0},{"damage":24.0,"enemies":"Spheric Guardian","floor":18.0,"turns":5.0},{"damage":0.0,"enemies":"Chosen","floor":19.0,"turns":3.0},{"damage":22.0,"enemies":"Centurion and Healer","floor":20.0,"turns":8.0},{"damage":1,"enemies":"Snecko","floor":22,"turns":7},{"damage":38,"enemies":"Book of Stabbing","floor":24,"turns":4}],"seed_played":"3026076277802171339","potions_obtained":[{"floor":1.0,"key":"Regen Potion"},{"floor":7.0,"key":"SneckoOil"},{"floor":13.0,"key":"Poison Potion"},{"floor":14.0,"key":"AttackPotion"},{"floor":18.0,"key":"SteroidPotion"},{"floor":22,"key":"Fire Potion"}],"is_trial":false,"path_per_floor":["M","M","?","?","M","R","E","R","T","R","E","?","E","M","R","B",null,"M","M","M","T","M","R","E"],"character_chosen":"THE_SILENT","items_purchased":[],"campfire_rested":2,"item_purchase_floors":[],"current_hp_per_floor":[54,54,68,68,68,68,59,59,59,59,33,26,5,5,27,8,58,34,34,12,12,11,33,0,0],"gold":720,"neow_bonus":"TRANSFORM_TWO_CARDS","is_daily":false,"chose_seed":false,"campfire_upgraded":3,"win_rate":0.0,"timestamp":1610475053,"path_taken":["M","M","?","?","M","R","E","R","T","R","E","?","E","M","R","BOSS","M","?","M","?","M","R","E"],"items_purchased_type":[],"build_version":"2020-12-22","purchased_purges":0,"victory":false,"max_hp_per_floor":[60,60,74,74,74,74,74,74,74,74,74,74,74,74,74,74,74,74,74,74,74,74,74,74,74],"card_choices":[{"not_picked":["Expertise","Heel Hook","Dodge and Roll"],"picked":"SKIP","floor":1.0},{"not_picked":["Underhanded Strike","Infinite Blades"],"picked":"Deadly Poison","floor":2.0},{"not_picked":["Dodge and Roll","Flechettes"],"picked":"Poisoned Stab","floor":5.0},{"not_picked":["Deflect","Heel Hook"],"picked":"Blade Dance","floor":7.0},{"not_picked":["Deflect","Bullet Time"],"picked":"Reflex","floor":11.0},{"not_picked":["Crippling Poison","Dagger Throw"],"picked":"Backflip","floor":13.0},{"not_picked":["Endless Agony","Infinite Blades","Bane"],"picked":"SKIP","floor":14.0},{"not_picked":["Phantasmal Killer","Bullet Time"],"picked":"Tools of the Trade","floor":16.0},{"not_picked":["Cloak And Dagger","Sucker Punch"],"picked":"Flying Knee","floor":18.0},{"not_picked":["Predator","Flechettes"],"picked":"Leg Sweep","floor":19.0},{"not_picked":["Quick Slash","Sucker Punch"],"picked":"Backstab","floor":20.0},{"not_picked":["Blur","Flechettes","Bane"],"picked":"SKIP","floor":22}],"player_experience":973805,"relics_obtained":[{"floor":7.0,"key":"Smiling Mask"},{"floor":9.0,"key":"Letter Opener"},{"floor":11.0,"key":"Torii"},{"floor":13.0,"key":"Old Coin"},{"floor":21.0,"key":"StrikeDummy"}],"event_choices":[{"damage_healed":0.0,"max_hp_gain":0.0,"max_hp_loss":0.0,"gold_gain":0.0,"event_name":"Big Fish","player_choice":"Box","floor":3.0,"gold_loss":0.0,"damage_taken":0.0,"relics_obtained":["Mango"],"cards_obtained":["Regret"]},{"cards_removed":["Regret"],"damage_healed":0.0,"max_hp_gain":0.0,"max_hp_loss":0.0,"gold_gain":0.0,"event_name":"Living Wall","player_choice":"Forget","floor":4.0,"gold_loss":0.0,"damage_taken":0.0},{"damage_healed":0.0,"max_hp_gain":0.0,"max_hp_loss":0.0,"gold_gain":50.0,"event_name":"FaceTrader","player_choice":"Touch","floor":12.0,"gold_loss":0.0,"damage_taken":7.0}],"is_beta":false,"boss_relics":[{"not_picked":["Black Star","Cursed Key"],"picked":"Empty Cage"}],"items_purged_floors":[],"is_endless":false,"potions_floor_spawned":[1,7,13,14,18,22],"killed_by":"Book of Stabbing","ascension_level":20}}