{"host":"zksvs3x2ysy9npnz","time":1610413523,"event":{"mods":["Aspiration","BaseMod","Beaked The Cultist","BetterRewards","Clockwork Mod","Colored Map","Conspire","Downfall","Duelist Mod","Ekko","Energized Spire","Fiend Mod","Halation","Highlight Path","Hubris","Hunter ??","Infinite Spire","Jedi Mod","JesterMod","Magitek Elite","Minty Spire (QoL Compilation)","Permanent Neow","Quick Restart","Relic Stats","Replay The Spire","Retaliation","Shade Mod","Shop Mod","StSLib","The Construct","The Poker Player","The Runesmith","The Witch","thorton"],"gold_per_floor":[122,422,436,436,26,63,63,100,100,126,167,167,167,192,192,204,204,204],"floor_reached":16,"playtime":571,"items_purged":["Normality"],"score":164,"play_id":"379cbf02-af20-4ed3-a956-b10548998063","local_time":"20210112020523","is_ascension_mode":true,"campfire_choices":[{"data":"thethorton:Heckle","floor":7,"key":"SMITH"},{"floor":12,"key":"REST"},{"data":"thethorton:Investment","floor":15,"key":"SMITH"}],"circlet_count":0,"master_deck":["thethorton:Strike","thethorton:Strike","thethorton:Strike","thethorton:Defend","thethorton:Defend","thethorton:Defend","thethorton:Defend","thethorton:Heckle+1","thethorton:CreditCard+1","thethorton:WhirlingBriefcase","thethorton:Jackpot","thethorton:BusinessCard","Regret","thethorton:ToxicGreed","thethorton:MomentaryBreak","thethorton:MomentaryBreak","thethorton:Investment+1"],"relics":["thethorton:CouragePotion","NeowsBlessing","Lantern","Mango","aspiration:ChemicalBlood","Replay:Mystery Machine","jedi:heavyjacket","Odd Mushroom","ReplayTheSpireMod:Shallot"],"acts_visited":["Exordium"],"potions_floor_usage":[8,8,11,11,16,16,16],"damage_taken":[{"damage":0,"enemies":"2 Louse","floor":1,"turns":1},{"damage":0,"enemies":"Cultist","floor":3,"turns":1},{"damage":1,"enemies":"Lagavulin","floor":6,"turns":2},{"damage":29,"enemies":"3 Sentries","floor":8,"turns":10},{"damage":14,"enemies":"Jaw Worm","floor":10,"turns":5},{"damage":25,"enemies":"The Mushroom Lair","floor":11,"turns":3},{"damage":55,"enemies":"Hexaghost","floor":16,"turns":9}],"seed_played":"377931162279653872","potions_obtained":[{"floor":3,"key":"Ancient Potion"},{"floor":6,"key":"SkillPotion"},{"floor":10,"key":"FearPotion"}],"is_trial":false,"path_per_floor":["M","?","M","?","$","E","R","E","T","M","?","R","?","T","R","B"],"character_chosen":"THE_THORT","items_purchased":["Mango","PowerPotion"],"campfire_rested":1,"item_purchase_floors":[5,5],"current_hp_per_floor":[68,68,68,68,82,81,81,52,52,41,22,46,46,46,46,0,0,0],"gold":204,"neow_bonus":"THREE_ENEMY_KILL","is_daily":false,"chose_seed":false,"campfire_upgraded":2,"win_rate":0.0,"timestamp":1610413523,"path_taken":["M","?","?","?","?","E","R","E","T","?","?","R","?","?","R","BOSS"],"items_purchased_type":["Relic","Potion"],"build_version":"2020-12-22","purchased_purges":1,"victory":false,"max_hp_per_floor":[68,68,68,68,82,82,82,82,82,82,82,82,82,82,82,82,82,82],"relic_stats":{"counters":[7,30],"obtain_stats":[{"jedi:heavyjacket":9,"Lantern":4,"NeowsBlessing":0,"ReplayTheSpireMod:Shallot":16,"Mango":5,"thethorton:CouragePotion":0,"Replay:Mystery Machine":8,"Odd Mushroom":11,"aspiration:ChemicalBlood":6},{"jedi:heavyjacket":4,"Lantern":2,"NeowsBlessing":0,"ReplayTheSpireMod:Shallot":7,"Mango":2,"thethorton:CouragePotion":0,"Replay:Mystery Machine":4,"Odd Mushroom":6,"aspiration:ChemicalBlood":3},{"jedi:heavyjacket":13,"Lantern":2,"NeowsBlessing":0,"ReplayTheSpireMod:Shallot":25,"Mango":2,"thethorton:CouragePotion":0,"Replay:Mystery Machine":13,"Odd Mushroom":21,"aspiration:ChemicalBlood":4}]},"card_choices":[{"not_picked":["thethorton:HedgeFund","thethorton:ShoutAndRun"],"picked":"thethorton:WhirlingBriefcase","floor":1},{"not_picked":["thethorton:TakeAccounts","thethorton:SicklyRun"],"picked":"thethorton:BusinessCard","floor":3},{"not_picked":["thethorton:ROI","thethorton:SicklyRun"],"picked":"thethorton:ToxicGreed","floor":6},{"not_picked":["thethorton:BusinessCard","thethorton:DownPayment"],"picked":"thethorton:MomentaryBreak","floor":8},{"not_picked":["thethorton:CoinShield","thethorton:HitAhead"],"picked":"thethorton:MomentaryBreak","floor":10},{"not_picked":["thethorton:BusinessBurst","thethorton:LastDitchEffort"],"picked":"thethorton:Investment","floor":11}],"player_experience":2467114,"relics_obtained":[{"floor":6,"key":"aspiration:ChemicalBlood"},{"floor":8,"key":"Replay:Mystery Machine"},{"floor":9,"key":"jedi:heavyjacket"},{"floor":11,"key":"Odd Mushroom"}],"event_choices":[{"damage_healed":0,"gold_gain":0,"cards_transformed":["thethorton:Strike"],"player_choice":"Transformed","damage_taken":0,"max_hp_gain":0,"max_hp_loss":0,"event_name":"Transmorgrifier","floor":2,"gold_loss":0,"cards_obtained":["thethorton:Jackpot"]},{"damage_healed":0,"gold_gain":0,"player_choice":"Box","damage_taken":0,"relics_obtained":["Lantern"],"max_hp_gain":0,"max_hp_loss":0,"event_name":"Big Fish","floor":4,"gold_loss":0,"cards_obtained":["Regret"]},{"damage_healed":0,"gold_gain":0,"player_choice":"Fought Mushrooms","damage_taken":0,"max_hp_gain":0,"max_hp_loss":0,"event_name":"Mushrooms","floor":11,"gold_loss":0}],"is_beta":false,"boss_relics":[],"items_purged_floors":[5],"is_endless":false,"potions_floor_spawned":[3,6,10],"killed_by":"Hexaghost","ascension_level":5}}