{"host":"g9y2ptialarrkhtq","time":1610468091,"event":{"mods":["Arknights The Spire","BaseMod","Conspire","Dark Map","Minty Spire (QoL Compilation)","Replay The Spire","StSLib"],"gold_per_floor":[109,34,34,46,66,106,136,136,136,136,36,64,64,75,75,174,174,188,207,223,223,6,41,51,80,80,115,131,146,146,164,164,263,263,280,280,298,316,69,69,114,114,114,164,164,199,111,145,240,240,240,240,21,65,65,65],"floor_reached":55,"playtime":3804,"items_purged":["ats:Strike V","ats:Strike G","ats:Defend","ats:Fractured Body","ats:Encircling Forest"],"score":863,"play_id":"602d4976-d033-4d9d-a185-ff084d9f05d6","local_time":"20210113001451","is_ascension_mode":true,"campfire_choices":[{"floor":10,"key":"REST"},{"floor":13,"key":"REST"},{"floor":15,"key":"DIG"},{"floor":30,"key":"REST"},{"floor":32,"key":"RECALL"},{"floor":40,"key":"REST"},{"floor":42,"key":"REST"},{"floor":45,"key":"REST"},{"data":"ats:Burning Ground","floor":52,"key":"SMITH"}],"circlet_count":0,"master_deck":["ats:Armor Crushing Shot+1","ats:Emotion Absorption","ats:Ignite+1","ats:Neurotoxin+1","ats:Burning Ground+1","ats:Soul Absorption","ats:Explosion Area Strengthen","ats:Ambush+1","ats:Guardian Obelisk","ats:Volcano+1","ats:Explosion Area Strengthen+1","ats:Support Order","ats:Sunburst","ats:Powerful Strike+1","ats:Explosion Area Strengthen"],"relics":["ats:Sanity","NeowsBlessing","Pondfish Scales","ats:Originium","PreservedInsect","conspire:DeflatedDodgeball","Bronze Scales","Whetstone","Replay:Grab Bag","ChewingGum","Busted Crown","ats:Omniscience","Membership Card","Happy Flower","Gremlin Food","ReplayTheSpireMod:Ninjato","Blue Candle","Pandora\u0027s Box","ats:Gyao","ats:Hidden Killer","Akabeko","ats:Bonebreaker","conspire:Flyswatter"],"acts_visited":["Exordium","TheCity","TheBeyond","TheEnding"],"potions_floor_usage":[12,20,20,23,33,33,33,41,48,50,50,54,55],"damage_taken":[{"damage":0.0,"enemies":"2 Louse","floor":1.0,"turns":1.0},{"damage":0.0,"enemies":"Cultist","floor":4.0,"turns":1.0},{"damage":0.0,"enemies":"Jaw Worm","floor":5.0,"turns":1.0},{"damage":48.0,"enemies":"conspire:MimicChest","floor":6.0,"turns":9.0},{"damage":3.0,"enemies":"Lagavulin","floor":7.0,"turns":5.0},{"damage":11,"enemies":"3 Sentries","floor":12,"turns":5},{"damage":5,"enemies":"3 Louse","floor":14,"turns":3},{"damage":11,"enemies":"Hexaghost","floor":16,"turns":8},{"damage":0,"enemies":"2 Thieves","floor":18,"turns":3},{"damage":0,"enemies":"3 Byrds","floor":19,"turns":4},{"damage":0,"enemies":"Snecko","floor":20,"turns":4},{"damage":0,"enemies":"conspire:Head Lice","floor":23,"turns":4},{"damage":0,"enemies":"conspire:HollyBat","floor":24,"turns":6},{"damage":2,"enemies":"conspire:SneckoGhost","floor":25,"turns":4},{"damage":0,"enemies":"Replay:Snechameleon","floor":27,"turns":5},{"damage":7,"enemies":"Snake Plant","floor":28,"turns":3},{"damage":22,"enemies":"Centurion and Healer","floor":29,"turns":7},{"damage":2,"enemies":"3 Cultists","floor":31,"turns":3},{"damage":31,"enemies":"Pondfish","floor":33,"turns":8},{"damage":0,"enemies":"Orb Walker","floor":35,"turns":3},{"damage":2,"enemies":"3 Darklings","floor":37,"turns":3},{"damage":38,"enemies":"Writhing Mass","floor":38,"turns":6},{"damage":0,"enemies":"R_Hoarder","floor":41,"turns":8},{"damage":13,"enemies":"Nemesis","floor":44,"turns":5},{"damage":7,"enemies":"Sphere and 2 Shapes","floor":46,"turns":3},{"damage":0,"enemies":"Maw","floor":48,"turns":5},{"damage":54,"enemies":"Replay:Hell Engine","floor":50,"turns":8},{"damage":10,"enemies":"Shield and Spear","floor":54,"turns":5},{"damage":97,"enemies":"The Heart","floor":55,"turns":9}],"seed_played":"5605384223223087346","potions_obtained":[{"floor":4.0,"key":"Reflective Coating"},{"floor":5.0,"key":"EssenceOfSteel"},{"floor":7.0,"key":"LiquidMemories"},{"floor":18,"key":"ColorlessPotion"},{"floor":20,"key":"CultistPotion"},{"floor":24,"key":"Energy Potion"},{"floor":27,"key":"Venom Potion"},{"floor":35,"key":"ats:Top Emergency Sanity Potion"},{"floor":41,"key":"Dexterity Potion"},{"floor":44,"key":"FearPotion"},{"floor":48,"key":"ColorlessPotion"}],"is_trial":false,"path_per_floor":["M","$","?","M","M","?","E","?","T","R","$","E","R","M","R","B",null,"M","M","M","?","$","E","M","E","T","E","M","M","R","M","R","B",null,"M","?","M","M","$","R","E","R","T","E","R","M","$","M","R","B",null,"R","$","E","B"],"character_chosen":"DOCTOR_CLASS","items_purchased":["Membership Card","PowerPotion","ats:Gyao","ats:Bonebreaker","FairyPotion","ats:Top Emergency Sanity Potion"],"campfire_rested":6,"item_purchase_floors":[22,39,39,53,53,53],"current_hp_per_floor":[72,72,72,72,72,24,21,21,21,42,42,31,52,47,47,36,72,72,72,72,72,72,72,72,70,70,70,63,41,62,60,60,29,72,72,72,70,32,32,53,55,72,72,59,72,65,65,65,65,11,72,72,72,65,0,0],"gold":65,"neow_bonus":"THREE_ENEMY_KILL","is_daily":false,"chose_seed":false,"campfire_upgraded":1,"win_rate":0.0,"timestamp":1610468091,"path_taken":["M","$","?","M","?","?","E","?","T","R","?","E","R","M","R","BOSS","M","M","M","?","$","E","?","E","T","E","M","M","R","M","R","BOSS","M","?","?","M","$","R","E","R","T","E","R","M","$","M","R","BOSS","R","$","E","BOSS"],"items_purchased_type":["Relic","Potion","Relic","Relic","Potion","Potion"],"build_version":"2020-12-22","purchased_purges":5,"victory":false,"max_hp_per_floor":[72,72,72,72,72,72,72,72,72,72,72,72,72,72,72,72,72,72,72,72,72,72,72,72,72,72,72,72,72,72,72,72,72,72,72,72,72,72,72,72,72,72,72,72,72,72,72,72,72,72,72,72,72,72,72,72],"card_choices":[{"not_picked":["ats:Curse Doll","ats:Childhood Dance","ats:Consecutive Shot Auto"],"picked":"SKIP","floor":1.0},{"not_picked":["ats:Hook Shot","ats:Apocalypse"],"picked":"ats:Ignite","floor":4.0},{"not_picked":["ats:Spore Proliferation","ats:Hammer On","ats:Closed Bolt Burst Fire"],"picked":"SKIP","floor":5.0},{"not_picked":["ats:Steam Pump","ats:Shell Defense"],"picked":"ats:Neurotoxin","floor":6.0},{"not_picked":["ats:Roar Of Ursus","ats:Consecutive Shot Auto"],"picked":"ats:Burning Ground","floor":7.0},{"not_picked":["ats:Powerful Strike","ats:Childhood Dance"],"picked":"ats:Soul Absorption","floor":12},{"not_picked":["ats:Counter Healing Mode","ats:Poison Spread"],"picked":"ats:Explosion Area Strengthen","floor":14},{"not_picked":["ats:Calcification","ats:Nebulous Foxfire"],"picked":"ats:Ambush","floor":16},{"not_picked":[],"picked":"ats:Guardian Obelisk","floor":18},{"not_picked":["ats:Consecutive Shot Auto"],"picked":"SKIP","floor":19},{"not_picked":["ats:Curse Doll"],"picked":"SKIP","floor":20},{"not_picked":["ats:Curse Doll"],"picked":"SKIP","floor":23},{"not_picked":["ats:Hammer On"],"picked":"SKIP","floor":24},{"not_picked":["ats:Healing Drone"],"picked":"SKIP","floor":25},{"not_picked":[],"picked":"ats:Volcano","floor":27},{"not_picked":["ats:Healing Strengthening"],"picked":"SKIP","floor":28},{"not_picked":["ats:Rapid Magazine"],"picked":"SKIP","floor":29},{"not_picked":["ats:Cat Scratch+1"],"picked":"SKIP","floor":31},{"not_picked":[],"picked":"ats:Sunburst","floor":35},{"not_picked":["ats:Closed Bolt Burst Fire"],"picked":"SKIP","floor":37},{"not_picked":["ats:Steam Pump+1"],"picked":"SKIP","floor":38},{"not_picked":[],"picked":"ats:Powerful Strike+1","floor":41},{"not_picked":[],"picked":"ats:Explosion Area Strengthen","floor":44},{"not_picked":["ats:Hook Shot"],"picked":"SKIP","floor":46},{"not_picked":["ats:Healing Strengthening+1"],"picked":"SKIP","floor":48},{"not_picked":["ats:Shadow Raid+1"],"picked":"SKIP","floor":54}],"player_experience":110323,"relics_obtained":[{"floor":6.0,"key":"Pondfish Scales"},{"floor":7.0,"key":"ats:Originium"},{"floor":7.0,"key":"PreservedInsect"},{"floor":9,"key":"conspire:DeflatedDodgeball"},{"floor":12,"key":"ats:Originium"},{"floor":12,"key":"Bronze Scales"},{"floor":15,"key":"Whetstone"},{"floor":23,"key":"ats:Originium"},{"floor":23,"key":"Happy Flower"},{"floor":25,"key":"Gremlin Food"},{"floor":26,"key":"ReplayTheSpireMod:Ninjato"},{"floor":27,"key":"Blue Candle"},{"floor":41,"key":"ats:Hidden Killer"},{"floor":44,"key":"Akabeko"},{"floor":54,"key":"conspire:Flyswatter"}],"event_choices":[{"damage_healed":0.0,"max_hp_gain":0.0,"max_hp_loss":0.0,"gold_gain":0.0,"event_name":"WeMeetAgain","player_choice":"Ignored","floor":3.0,"gold_loss":0.0,"damage_taken":0.0},{"damage_healed":0,"gold_gain":0,"player_choice":"Disagree","damage_taken":0,"max_hp_gain":0,"max_hp_loss":0,"event_name":"conspire:LoneGhost","floor":8,"gold_loss":0},{"cards_removed":["ats:Defend"],"damage_healed":0,"gold_gain":0,"player_choice":"Offered Basic","damage_taken":0,"max_hp_gain":0,"max_hp_loss":0,"event_name":"Bonfire Elementals","floor":21,"gold_loss":0},{"damage_healed":0,"gold_gain":0,"player_choice":"Full Heal","damage_taken":0,"max_hp_gain":0,"max_hp_loss":0,"event_name":"Wheel of Change","floor":36,"gold_loss":0}],"is_beta":false,"boss_relics":[{"not_picked":["Replay:Drink Me","conspire:SlowCooker"],"picked":"Replay:Grab Bag"},{"not_picked":["Fusion Hammer","Velvet Choker"],"picked":"ChewingGum"},{"not_picked":["Coffee Dripper","Runic Dome"],"picked":"Busted Crown"},{"not_picked":["Astrolabe","Calling Bell"],"picked":"ats:Omniscience"},{"not_picked":["Painkiller Herb","conspire:RoyalGoblet"],"picked":"Pandora\u0027s Box"}],"items_purged_floors":[2,11,22,39,47],"is_endless":false,"potions_floor_spawned":[4,5,7,18,20,24,27,35,41,44,48],"killed_by":"The Heart","ascension_level":1}}