{"host":"ydujlihd8f5px9gp","time":1610493980,"event":{"mods":["AchievementEnabler","BaseMod","Block Reminder","Colored Map","Minty Spire (QoL Compilation)","ojb\u0027s Info Mod"],"gold_per_floor":[110,78,89,89,104,104,129,129,152,152,172,503,503,523,523,619,619,631,645,165,179,94,109,138,138,212,212,223,249,249,199,199,303,353,371,385,398,409,231,231,83,83,83,83,103,131,143,143,143,143],"floor_reached":51,"language":"ENG","playtime":2616,"items_purged":["Strike_G"],"score":839,"play_id":"b539b1b5-3a1f-47c2-826f-4d9ace91a15f","local_time":"20210112212620","is_ascension_mode":true,"campfire_choices":[{"data":"Neutralize","floor":6,"key":"SMITH"},{"data":"Caltrops","floor":8,"key":"SMITH"},{"data":"Footwork","floor":15,"key":"SMITH"},{"data":"Blade Dance","floor":25,"key":"SMITH"},{"data":"Cloak And Dagger","floor":27,"key":"SMITH"},{"data":"Cloak And Dagger","floor":30,"key":"SMITH"},{"floor":32,"key":"REST"},{"data":"Burst","floor":40,"key":"SMITH"},{"data":"Panache","floor":42,"key":"SMITH"},{"floor":49,"key":"REST"}],"circlet_count":0,"master_deck":["Strike_G","Strike_G","Strike_G+1","Strike_G+1","Defend_G+1","Defend_G","Defend_G","Defend_G","Defend_G","Survivor","Neutralize+1","Caltrops+1","Bouncing Flask+1","Quick Slash","Blade Dance+1","Footwork+1","Bouncing Flask+1","Cloak And Dagger+1","Blade Dance+1","Cloak And Dagger+1","PiercingWail","Burst+1","Backflip+1","Blade Dance+1","Panache+1","Cloak And Dagger+1","Accuracy+1"],"relics":["Ring of the Snake","Whetstone","Omamori","Old Coin","WristBlade","Sling","Bottled Lightning","Blood Vial","Smiling Mask","Bottled Flame","Dream Catcher","Tiny House","Nunchaku","Happy Flower","Singing Bowl"],"acts_visited":["Exordium","TheCity","TheBeyond"],"potions_floor_usage":[7,12,16,23,24,29,33,37,48,50,50],"damage_taken":[{"damage":1,"enemies":"Cultist","floor":1,"turns":4},{"damage":0,"enemies":"Small Slimes","floor":3,"turns":3},{"damage":0,"enemies":"2 Louse","floor":5,"turns":4},{"damage":1,"enemies":"Lagavulin","floor":7,"turns":6},{"damage":8,"enemies":"Gremlin Gang","floor":11,"turns":6},{"damage":20,"enemies":"3 Sentries","floor":12,"turns":7},{"damage":0,"enemies":"Blue Slaver","floor":14,"turns":3},{"damage":4,"enemies":"Hexaghost","floor":16,"turns":9},{"damage":0,"enemies":"Chosen","floor":18,"turns":4},{"damage":14,"enemies":"Spheric Guardian","floor":19,"turns":4},{"damage":1,"enemies":"Centurion and Healer","floor":21,"turns":7},{"damage":6,"enemies":"Snake Plant","floor":23,"turns":4},{"damage":3,"enemies":"Slavers","floor":24,"turns":4},{"damage":16,"enemies":"Chosen and Byrds","floor":28,"turns":5},{"damage":12,"enemies":"Book of Stabbing","floor":29,"turns":5},{"damage":88,"enemies":"Automaton","floor":33,"turns":14},{"damage":2,"enemies":"Orb Walker","floor":35,"turns":3},{"damage":0,"enemies":"3 Shapes","floor":36,"turns":4},{"damage":22,"enemies":"3 Darklings","floor":37,"turns":5},{"damage":24,"enemies":"Jaw Worm Horde","floor":38,"turns":4},{"damage":0,"enemies":"Sphere and 2 Shapes","floor":45,"turns":3},{"damage":16,"enemies":"Giant Head","floor":46,"turns":6},{"damage":0,"enemies":"Spire Growth","floor":47,"turns":1},{"damage":0,"enemies":"3 Darklings","floor":48,"turns":1},{"damage":54,"enemies":"Donu and Deca","floor":50,"turns":7}],"seed_played":"4234886745697728269","potions_obtained":[{"floor":3,"key":"FearPotion"},{"floor":5,"key":"Block Potion"},{"floor":7,"key":"ColorlessPotion"},{"floor":12,"key":"FairyPotion"},{"floor":18,"key":"Dexterity Potion"},{"floor":21,"key":"SkillPotion"},{"floor":23,"key":"GamblersBrew"},{"floor":28,"key":"SkillPotion"},{"floor":33,"key":"ColorlessPotion"},{"floor":34,"key":"SmokeBomb"},{"floor":38,"key":"CultistPotion"},{"floor":46,"key":"Weak Potion"}],"is_trial":false,"path_per_floor":["M","?","M","?","M","R","E","R","T","?","M","E","?","M","R","B",null,"M","M","$","M","?","M","E","R","T","R","M","E","R","?","R","B",null,"M","M","M","M","$","R","$","R","T","?","M","E","M","M","R","B",null],"character_chosen":"THE_SILENT","items_purchased":["Sling","Bottled Lightning","Panache","Nunchaku"],"campfire_rested":2,"item_purchase_floors":[20,20,39,41],"current_hp_per_floor":[76,76,76,76,76,76,75,75,75,80,72,52,52,52,52,48,82,82,68,68,67,67,63,62,62,62,62,48,38,38,38,62,24,87,85,87,65,43,43,43,43,43,43,43,45,31,33,35,63,11],"gold":143,"neow_bonus":"TEN_PERCENT_HP_BONUS","is_daily":false,"chose_seed":false,"campfire_upgraded":8,"win_rate":0.0,"timestamp":1610493980,"path_taken":["M","?","M","?","M","R","E","R","T","?","M","E","?","M","R","BOSS","M","M","$","M","?","M","E","R","T","R","M","E","R","?","R","BOSS","M","M","?","M","$","R","$","R","T","?","M","E","M","M","R","BOSS"],"items_purchased_type":["Relic","Relic","Card","Relic"],"build_version":"2020-12-22","purchased_purges":1,"victory":true,"max_hp_per_floor":[77,77,77,77,77,77,77,77,77,82,82,82,82,82,82,82,82,82,82,82,82,82,82,82,82,82,82,82,82,82,82,82,82,87,87,87,87,87,87,87,87,87,87,87,87,87,87,87,89,89],"card_choices":[{"not_picked":["Backflip","Skewer"],"picked":"Caltrops","floor":1},{"not_picked":["Well Laid Plans","Flechettes"],"picked":"Bouncing Flask","floor":3},{"not_picked":["Expertise","Deflect"],"picked":"Quick Slash","floor":5},{"not_picked":["Escape Plan","Skewer","Finisher"],"picked":"SKIP","floor":7},{"not_picked":["Dagger Throw","Prepared","Cloak And Dagger"],"picked":"SKIP","floor":11},{"not_picked":["Escape Plan","Phantasmal Killer"],"picked":"Blade Dance","floor":12},{"not_picked":["Deflect","Backflip"],"picked":"Footwork","floor":14},{"not_picked":["Caltrops","Terror+1"],"picked":"Bouncing Flask+1","floor":18},{"not_picked":["Flying Knee","Underhanded Strike"],"picked":"Cloak And Dagger","floor":19},{"not_picked":["Quick Slash","Dagger Spray"],"picked":"Blade Dance","floor":21},{"not_picked":["Slice","Sucker Punch"],"picked":"Cloak And Dagger","floor":23},{"not_picked":["Slice","Glass Knife","Predator"],"picked":"SKIP","floor":24},{"not_picked":["Bane","Acrobatics+1","Prepared"],"picked":"SKIP","floor":28},{"not_picked":["Poisoned Stab","Bane","Masterful Stab+1"],"picked":"SKIP","floor":29},{"not_picked":["Leg Sweep","Terror"],"picked":"PiercingWail","floor":32},{"not_picked":["Envenom","A Thousand Cuts"],"picked":"Burst","floor":33},{"not_picked":["Deadly Poison","Backflip","Eviscerate+1"],"picked":"SKIP","floor":35},{"not_picked":["Skewer+1","Eviscerate"],"picked":"Backflip+1","floor":36},{"not_picked":["Sucker Punch+1","Dagger Spray","Endless Agony+1"],"picked":"SKIP","floor":37},{"not_picked":["Sucker Punch","Acrobatics"],"picked":"Blade Dance+1","floor":38},{"not_picked":["Dagger Throw","Deadly Poison","Dagger Spray"],"picked":"SKIP","floor":45},{"not_picked":["Bane+1","Calculated Gamble"],"picked":"Cloak And Dagger+1","floor":46},{"not_picked":["All Out Attack+1","Bane"],"picked":"Accuracy+1","floor":47},{"not_picked":["Storm of Steel","Bouncing Flask+1","PiercingWail"],"picked":"Singing Bowl","floor":49}],"player_experience":118797,"relics_obtained":[{"floor":7,"key":"Whetstone"},{"floor":9,"key":"Omamori"},{"floor":12,"key":"Old Coin"},{"floor":24,"key":"Smiling Mask"},{"floor":26,"key":"Bottled Flame"},{"floor":29,"key":"Dream Catcher"},{"floor":43,"key":"Happy Flower"},{"floor":46,"key":"Singing Bowl"}],"event_choices":[{"damage_healed":0,"gold_gain":0,"player_choice":"Left Gold","damage_taken":0,"max_hp_gain":0,"max_hp_loss":0,"event_name":"World of Goop","floor":2,"gold_loss":32},{"damage_healed":0,"gold_gain":0,"player_choice":"Grow","damage_taken":0,"max_hp_gain":0,"max_hp_loss":0,"event_name":"Living Wall","floor":4,"gold_loss":0,"cards_upgraded":["Bouncing Flask"]},{"damage_healed":0,"gold_gain":0,"player_choice":"Donut","damage_taken":0,"max_hp_gain":5,"max_hp_loss":0,"event_name":"Big Fish","floor":10,"gold_loss":0},{"damage_healed":0,"gold_gain":0,"player_choice":"Ignored","damage_taken":0,"max_hp_gain":0,"max_hp_loss":0,"event_name":"Golden Idol","floor":13,"gold_loss":0},{"damage_healed":0,"gold_gain":0,"player_choice":"Obtained Relic","damage_taken":0,"relics_obtained":["Blood Vial"],"max_hp_gain":0,"max_hp_loss":0,"event_name":"Addict","floor":22,"gold_loss":85},{"damage_healed":0,"gold_gain":0,"player_choice":"Bet on Owner","damage_taken":0,"max_hp_gain":0,"max_hp_loss":0,"event_name":"The Joust","floor":31,"gold_loss":50},{"damage_healed":0,"gold_gain":0,"player_choice":"Forge","damage_taken":0,"max_hp_gain":0,"max_hp_loss":0,"event_name":"Accursed Blacksmith","floor":44,"gold_loss":0,"cards_upgraded":["Blade Dance"]}],"is_beta":false,"boss_relics":[{"not_picked":["Snecko Eye","Pandora\u0027s Box"],"picked":"WristBlade"},{"not_picked":["Astrolabe","Philosopher\u0027s Stone"],"picked":"Tiny House"}],"items_purged_floors":[20],"is_endless":false,"potions_floor_spawned":[3,5,7,12,18,21,23,28,33,38,46,47],"ascension_level":1}}