{"host":"64h6jdpsiwrne03s","time":1610445030,"event":{"mods":["Act Like it!","BaseMod","Bestiary","Colored Powertips","Gensokyo","Marisa£®ÏF”Í°°ƒß¿Ì…≥£©","Minty Spire (QoL Compilation)","Reimu£®≤©¿ˆ¡È√Œ£©","Remilia£®¿Ÿ√◊¿Ú—«£©","StSLib","The Servant 0.9.4","Youmu£®ªÍ∆«—˝√Œ£©"],"gold_per_floor":[117,117,127,127,52,52,83,83,83,101,98,63,15,5,5],"floor_reached":14,"playtime":517,"items_purged":["Clumsy"],"score":213,"play_id":"219c0acd-bca2-47cc-96f2-bdbe9bc8936f","local_time":"20210112175030","is_ascension_mode":true,"campfire_choices":[{"data":"FoulBorder2:ReiMu","floor":6,"key":"SMITH"},{"floor":8,"key":"RECALL"}],"circlet_count":0,"master_deck":["AscendersBane","Strike_Lin:ReiMu","Strike_Lin:ReiMu","Strike_Lin:ReiMu","Strike_Lin:ReiMu","Defend_Lin:ReiMu","Defend_Lin:ReiMu","Defend_Lin:ReiMu","Defend_Lin:ReiMu","NB:ReiMu","Stagnation:ReiMu","FoulBorder2:ReiMu+1","BarrageOfMoneybags:ReiMu","RainPray2:ReiMu"],"relics":["FlyPower:ReiMu","NeowsBlessing","Strawberry","Gensokyo:NagashiBinaDoll","Tiny Chest"],"acts_visited":["Gensokyo:Gensokyo"],"potions_floor_usage":[14],"damage_taken":[{"damage":0,"enemies":"Gensokyo:3_Fairies","floor":1,"turns":2},{"damage":0,"enemies":"Gensokyo:Python","floor":3,"turns":2},{"damage":0,"enemies":"Gensokyo:Aya","floor":7,"turns":1},{"damage":15,"enemies":"Gensokyo:2_Kodama","floor":10,"turns":5},{"damage":5,"enemies":"Gensokyo:VengefulSpirit","floor":11,"turns":4},{"damage":7,"enemies":"Gensokyo:Gryphon_and_Rabbit","floor":12,"turns":4},{"damage":0,"enemies":"Gensokyo:2_Rabbits","floor":13,"turns":3},{"damage":14,"enemies":"Gensokyo:Cirno","floor":14,"turns":4}],"seed_played":"2418367509878418750","potions_obtained":[{"floor":10,"key":"FearPotion"},{"floor":12,"key":"EssenceOfSteel"},{"floor":13,"key":"AttackPotion"}],"is_trial":false,"path_per_floor":["M","?","M","?","$","R","E","R","T","M","M","M","M","E"],"character_chosen":"REIMU","items_purchased":[],"campfire_rested":0,"item_purchase_floors":[],"current_hp_per_floor":[54,47,47,47,47,47,47,47,47,32,27,20,20,6,6],"gold":5,"neow_bonus":"THREE_ENEMY_KILL","is_daily":false,"chose_seed":false,"campfire_upgraded":1,"win_rate":0.0,"timestamp":1610445030,"path_taken":["M","?","M","?","$","R","E","R","T","M","?","?","M","E"],"items_purchased_type":[],"build_version":"2020-12-22","purchased_purges":1,"victory":false,"max_hp_per_floor":[60,67,67,67,67,67,67,67,67,67,67,67,67,67,67],"card_choices":[{"not_picked":["TightArray:ReiMu","SpreadBorder2:ReiMu"],"picked":"FoulBorder2:ReiMu","floor":1},{"not_picked":["Enchanting:ReiMu","WonderfulDomain:ReiMu"],"picked":"BarrageOfMoneybags:ReiMu","floor":3},{"not_picked":["PrepareRite:ReiMu","SubcavityInstant:ReiMu","YinYangSange:ReiMu"],"picked":"SKIP","floor":7},{"not_picked":["KamiSacrifice:ReiMu","EmergencyTakeOff:ReiMu"],"picked":"RainPray2:ReiMu","floor":10},{"not_picked":["EmergencyTakeOff:ReiMu","Intuition:ReiMu","InherentArray:ReiMu"],"picked":"SKIP","floor":11},{"not_picked":["AirStrike:ReiMu","KamiSacrifice:ReiMu","BlastKick2:ReiMu"],"picked":"SKIP","floor":12},{"not_picked":["SubcavityInstant:ReiMu","KamiSacrifice:ReiMu","EmergencyTakeOff:ReiMu"],"picked":"SKIP","floor":13}],"player_experience":407828,"relics_obtained":[{"floor":7,"key":"Tiny Chest"}],"event_choices":[],"is_beta":false,"boss_relics":[],"items_purged_floors":[5],"is_endless":false,"potions_floor_spawned":[10,12,13],"killed_by":"Gensokyo:Cirno","ascension_level":18}}