{"host":"ekyl8r8j8fco3zlk","time":1610469562,"event":{"mods":["ATMod(∞¢Ë™Mod)","Act Like it!","Arknights The Spire","BaseMod","CapriCore","Friendly Minions","Gensokyo","Hallownest","Luminous","Marisa£®ÏF”Í°°ƒß¿Ì…≥£©","Minty Spire (QoL Compilation)","READ ME - Guardian Mod","Rare Cards Sparkle","Reimu£®≤©¿ˆ¡È√Œ£©","StSLib","The Alterego","The Bug Knight","The Immortal","The Jungle","Waifu the Spire","WarShipGirlsR/’ΩΩ¢…Ÿ≈ÆR mod","°æ“≈ŒÔø®≈∆°øREMEMod"],"gold_per_floor":[115,115,115,42,55,55,20,20,93,93,93,114,129,142,142,272,272,286,286,37,61,82,82,95,133,133,133,152,173,173,193,193,313,313,337,337,27,27,50,84,84,147,147,147,168,183,5,49,49,49],"floor_reached":51,"playtime":2114,"items_purged":[],"score":792,"play_id":"026eb804-e7d8-4224-b836-174702eb4f7d","local_time":"20210113003922","is_ascension_mode":false,"campfire_choices":[{"data":"alterego_mod:ClassAdvantage","floor":6,"key":"SMITH"},{"data":"alterego_mod:Valentines","floor":8,"key":"SMITH"},{"data":"alterego_mod:BrynhildrsRune","floor":10,"key":"SMITH"},{"data":"alterego_mod:BustOut","floor":15,"key":"SMITH"},{"floor":23,"key":"REST"},{"floor":30,"key":"REST"},{"floor":32,"key":"REST"},{"data":"alterego_mod:GIGAMILK","floor":41,"key":"SMITH"},{"data":"alterego_mod:RingBreak","floor":44,"key":"SMITH"},{"data":"alterego_mod:IndependentAction","floor":49,"key":"SMITH"}],"circlet_count":0,"master_deck":["alterego_mod:Strike","alterego_mod:Strike","alterego_mod:Strike","alterego_mod:Strike","alterego_mod:Defend","alterego_mod:Defend","alterego_mod:Defend","alterego_mod:Impale+1","alterego_mod:BigMeatyClaws","alterego_mod:BrynhildrsRune+1","Flash of Steel","Burning Pact","AT_MachinaRedman+1","alterego_mod:Valentines+1","alterego_mod:ClassAdvantage+1","alterego_mod:Birthday","alterego_mod:Support","alterego_mod:DeftHands","alterego_mod:BustOut+1","alterego_mod:RingBreak+1","alterego_mod:BreastValley+1","alterego_mod:Pet","alterego_mod:MagicResistance","alterego_mod:Bounce","alterego_mod:DiscoLights+1","alterego_mod:IndependentAction+1","alterego_mod:BiFurious","alterego_mod:Cycle","alterego_mod:GoddessCore+1","alterego_mod:Bounce","alterego_mod:GIGAMILK+1","alterego_mod:Undulate+1","alterego_mod:SuperDuperMasochism+1","alterego_mod:TrashNCrash+1","alterego_mod:Exercise+1","alterego_mod:HighServant+1","alterego_mod:Bounce","alterego_mod:Stockings","alterego_mod:RocketPunch+1"],"relics":["alterego_mod:MasochisticConstitution","AT_ATBox","REME_ComplimentaryCards","Golden Idol","Bottled Lightning","Mango","Black Star","AT_SunfireAegis","Lizard Tail","Ice Cream","AT_DeathDance","MutagenicStrength","RedLine:ReiMu","AT_Kusabimaru","AT_SpeedBoots","Toy Ornithopter","AT_RabadonDeathcap","HornCleat","HollowMod:PaleOreRelic","Strawberry"],"acts_visited":["Exordium","TheCity","TheBeyond"],"potions_floor_usage":[16,18,22,25,25,28,28,33,33,40,50],"damage_taken":[{"damage":8,"enemies":"2 Louse","floor":1,"turns":2},{"damage":1,"enemies":"Jaw Worm","floor":5,"turns":2},{"damage":0,"enemies":"Small Slimes","floor":12,"turns":1},{"damage":0,"enemies":"Blue Slaver","floor":13,"turns":1},{"damage":13,"enemies":"Lots of Slimes","floor":14,"turns":4},{"damage":14,"enemies":"The Guardian","floor":16,"turns":6},{"damage":32,"enemies":"Chosen","floor":18,"turns":7},{"damage":24,"enemies":"2 Thieves","floor":21,"turns":3},{"damage":37,"enemies":"Cultist and Chosen","floor":22,"turns":6},{"damage":2,"enemies":"Centurion and Healer","floor":24,"turns":5},{"damage":42,"enemies":"Book of Stabbing","floor":25,"turns":5},{"damage":9,"enemies":"Snecko","floor":28,"turns":3},{"damage":4,"enemies":"Snake Plant","floor":29,"turns":4},{"damage":11,"enemies":"Sentry and Sphere","floor":31,"turns":5},{"damage":34,"enemies":"Collector","floor":33,"turns":7},{"damage":11,"enemies":"Orb Walker","floor":35,"turns":2},{"damage":28,"enemies":"3 Darklings","floor":39,"turns":4},{"damage":19,"enemies":"Nemesis","floor":40,"turns":3},{"damage":33,"enemies":"Mind Bloom Boss Battle","floor":42,"turns":4},{"damage":26,"enemies":"Writhing Mass","floor":45,"turns":4},{"damage":10,"enemies":"Jaw Worm Horde","floor":46,"turns":3},{"damage":14,"enemies":"Giant Head","floor":48,"turns":6},{"damage":40,"enemies":"Donu and Deca","floor":50,"turns":6}],"seed_played":"-7344952159337578533","potions_obtained":[{"floor":1,"key":"AttackPotion"},{"floor":14,"key":"SpeedPotion"},{"floor":16,"key":"BlessingOfTheForge"},{"floor":21,"key":"LiquidBronze"},{"floor":22,"key":"MagicPotion:ReiMu"},{"floor":25,"key":"AttackPotion"},{"floor":28,"key":"EntropicBrew"},{"floor":33,"key":"AttackPotion"},{"floor":39,"key":"FairyPotion"},{"floor":40,"key":"ColorlessPotion"},{"floor":46,"key":"Ancient Potion"}],"is_trial":false,"path_per_floor":["M","?","?","$","M","R","?","R","T","R","?","M","M","M","R","B",null,"M","?","$","M","M","R","M","E","T","?","M","M","R","M","R","B",null,"M","?","$","?","M","E","R","?","T","R","M","M","$","E","R","B",null],"character_chosen":"The_Alterego","items_purchased":["alterego_mod:ClassAdvantage","AT_SunfireAegis","alterego_mod:MagicResistance","alterego_mod:Bounce","AT_Kusabimaru","alterego_mod:Bounce","alterego_mod:Stockings","SteroidPotion"],"campfire_rested":3,"item_purchase_floors":[4,20,20,20,37,47,47,47],"current_hp_per_floor":[71,57,40,40,47,47,65,65,65,65,72,74,74,87,87,83,88,64,64,64,41,7,34,42,20,20,20,14,13,41,33,61,30,97,87,87,87,87,83,65,65,42,42,42,42,70,70,66,66,57],"gold":49,"neow_bonus":"RANDOM_COLORLESS","is_daily":false,"chose_seed":false,"campfire_upgraded":7,"win_rate":0.0,"timestamp":1610469562,"path_taken":["M","?","?","$","M","R","?","R","T","R","?","M","M","M","R","BOSS","M","?","$","M","M","R","?","E","T","?","M","M","R","M","R","BOSS","M","?","$","?","M","E","R","?","T","R","M","M","$","E","R","BOSS"],"items_purchased_type":["Card","Relic","Card","Card","Relic","Card","Card","Potion"],"build_version":"2020-12-22","purchased_purges":0,"victory":true,"max_hp_per_floor":[71,71,71,71,72,72,72,72,72,72,86,86,86,87,87,88,88,89,89,89,90,91,91,92,93,93,93,94,95,95,96,96,97,97,98,98,98,93,94,95,95,96,96,96,97,98,98,106,106,107],"card_choices":[{"not_picked":["REME_TwoStrings","Impatience"],"picked":"Flash of Steel","floor":0},{"not_picked":["alterego_mod:MaintainEyeContact","alterego_mod:GoddessCore"],"picked":"alterego_mod:Valentines","floor":1},{"not_picked":["alterego_mod:DustData","alterego_mod:DiscoLights"],"picked":"alterego_mod:Birthday","floor":5},{"not_picked":["alterego_mod:Birthday","alterego_mod:Maid"],"picked":"alterego_mod:Support","floor":12},{"not_picked":["alterego_mod:Maid","alterego_mod:Cycle"],"picked":"alterego_mod:DeftHands","floor":13},{"not_picked":["alterego_mod:Schoolgirl","alterego_mod:HighServant"],"picked":"alterego_mod:BustOut","floor":14},{"not_picked":["alterego_mod:Valkyrie","alterego_mod:SideboobHour"],"picked":"alterego_mod:RingBreak","floor":16},{"not_picked":["alterego_mod:Skirt","alterego_mod:Rip"],"picked":"alterego_mod:BreastValley+1","floor":18},{"not_picked":["alterego_mod:Swimsuit","alterego_mod:GoddessCore"],"picked":"alterego_mod:DiscoLights+1","floor":21},{"not_picked":["alterego_mod:DeftHands","alterego_mod:Complex"],"picked":"alterego_mod:IndependentAction","floor":22},{"not_picked":["alterego_mod:PerceptionDisorder","alterego_mod:HighServant"],"picked":"alterego_mod:BiFurious","floor":24},{"not_picked":["alterego_mod:TrickOrTreatment","alterego_mod:Valkyrie"],"picked":"alterego_mod:Cycle","floor":25},{"not_picked":["alterego_mod:MagicResistance","alterego_mod:Skirt"],"picked":"alterego_mod:GoddessCore+1","floor":28},{"not_picked":["alterego_mod:Mirror","alterego_mod:DeftHands"],"picked":"alterego_mod:Bounce","floor":29},{"not_picked":["alterego_mod:Cooking","alterego_mod:Maid"],"picked":"alterego_mod:GIGAMILK","floor":31},{"not_picked":["alterego_mod:Crossover","alterego_mod:Cycle"],"picked":"alterego_mod:Undulate+1","floor":35},{"not_picked":["alterego_mod:Cushion","alterego_mod:Cooking+1"],"picked":"alterego_mod:SuperDuperMasochism+1","floor":39},{"not_picked":["alterego_mod:Clones","alterego_mod:Complex","alterego_mod:Rake"],"picked":"SKIP","floor":40},{"not_picked":["alterego_mod:Rip+1","alterego_mod:MaintainEyeContact+1"],"picked":"alterego_mod:TrashNCrash+1","floor":42},{"not_picked":["alterego_mod:Jiggle","alterego_mod:Bounce+1"],"picked":"alterego_mod:Exercise+1","floor":45},{"not_picked":["alterego_mod:1TonWallop","alterego_mod:TrashNCrash"],"picked":"alterego_mod:HighServant+1","floor":46},{"not_picked":["alterego_mod:Smother","alterego_mod:Alter"],"picked":"alterego_mod:RocketPunch+1","floor":48}],"player_experience":480817,"relics_obtained":[{"floor":9,"key":"Bottled Lightning"},{"floor":25,"key":"Lizard Tail"},{"floor":25,"key":"Ice Cream"},{"floor":26,"key":"AT_DeathDance"},{"floor":40,"key":"AT_SpeedBoots"},{"floor":40,"key":"Toy Ornithopter"},{"floor":42,"key":"AT_RabadonDeathcap"},{"floor":43,"key":"HornCleat"},{"floor":48,"key":"HollowMod:PaleOreRelic"},{"floor":48,"key":"Strawberry"}],"event_choices":[{"damage_healed":0,"gold_gain":0,"player_choice":"Entered Light","damage_taken":14,"max_hp_gain":0,"max_hp_loss":0,"event_name":"Shining Light","floor":2,"gold_loss":0,"cards_upgraded":["AT_MachinaRedman","alterego_mod:Impale"]},{"damage_healed":0,"gold_gain":0,"player_choice":"Take Damage","damage_taken":17,"relics_obtained":["Golden Idol"],"max_hp_gain":0,"max_hp_loss":0,"event_name":"Golden Idol","floor":3,"gold_loss":0},{"damage_healed":18,"gold_gain":0,"player_choice":"Healed","damage_taken":0,"max_hp_gain":0,"max_hp_loss":0,"event_name":"The Cleric","floor":7,"gold_loss":35},{"damage_healed":0,"gold_gain":0,"player_choice":"Success","damage_taken":7,"relics_obtained":["Mango"],"max_hp_gain":0,"max_hp_loss":0,"event_name":"Scrap Ooze","floor":11,"gold_loss":0},{"damage_healed":0,"gold_gain":0,"player_choice":"1 cards matched","damage_taken":0,"max_hp_gain":0,"max_hp_loss":0,"event_name":"Match and Keep!","floor":19,"gold_loss":0,"cards_obtained":["alterego_mod:Pet"]},{"damage_healed":0,"gold_gain":0,"player_choice":"Inject Mutagens","damage_taken":0,"relics_obtained":["MutagenicStrength"],"max_hp_gain":0,"max_hp_loss":0,"event_name":"Drug Dealer","floor":27,"gold_loss":0},{"cards_removed":["alterego_mod:Defend"],"damage_healed":0,"gold_gain":0,"player_choice":"Removed Skill","damage_taken":0,"max_hp_gain":0,"max_hp_loss":0,"event_name":"Falling","floor":36,"gold_loss":0},{"damage_healed":0,"gold_gain":0,"player_choice":"Max HP","damage_taken":0,"max_hp_gain":0,"max_hp_loss":5,"event_name":"Winding Halls","floor":38,"gold_loss":0},{"damage_healed":0,"gold_gain":0,"player_choice":"Fight","damage_taken":0,"max_hp_gain":0,"max_hp_loss":0,"event_name":"MindBloom","floor":42,"gold_loss":0}],"is_beta":false,"boss_relics":[{"not_picked":["Runic Dome","SacredBark"],"picked":"Black Star"},{"not_picked":["Snecko Eye","REME_DuelDisc"],"picked":"RedLine:ReiMu"}],"items_purged_floors":[],"is_endless":false,"potions_floor_spawned":[1,14,16,21,22,25,28,33,39,40,46],"ascension_level":0}}