{"host":"t9zjxed0utvsfjwc","time":1610454784,"event":{"mods":["2.2 Compatiblity","Aspiration","BaseMod","Block Reminder","Colored Map","Colored Powertips","Highlight Path","Hubris","Infinite Spire","Minty Spire (QoL Compilation)","Quick Restart","Replay The Spire","StSLib","The Marked","Unceasing Turn Reminder","everything is the same but u backflip on backflip"],"gold_per_floor":[110,110,110,110,126,159,176,207,207,242,207,234,234,234,234,331,331,348,143,160,178,103,103,138,154,180,213,213,213,213,232,232,232,232],"floor_reached":33,"playtime":1310,"items_purged":["theMarked:Strike"],"score":336,"play_id":"54fb08af-8e8e-4b39-bcc1-171471dee104","local_time":"20210112123304","is_ascension_mode":false,"campfire_choices":[{"floor":13,"key":"REST"},{"data":"theMarked:Panic","floor":15,"key":"SMITH"},{"data":"theMarked:HeritageOfTheMarked","floor":23,"key":"SMITH"},{"data":"theMarked:BanishingWave","floor":28,"key":"SMITH"},{"data":"hubris:DuctTapeCard","floor":30,"key":"SMITH"},{"floor":32,"key":"REST"}],"circlet_count":0,"master_deck":["theMarked:Strike","theMarked:Strike","theMarked:Strike","theMarked:Strike","theMarked:Defend","theMarked:Defend","theMarked:Defend","theMarked:SoldierOfQuellstein","theMarked:HeritageOfTheMarked+1","theMarked:HeritageOfTheMarked+1","theMarked:Panic+1","theMarked:WardOff+1","theMarked:WardOff","hubris:DuctTapeCard+2"],"relics":["theMarked:ArtifactOfAir","NeowsBlessing","aspiration:BabyByrd","Centennial Puzzle","theMarked:DemonDagger","Ginger","Tiny Chest","Torii","Replay:Baseball","Painkiller Herb","Blue Doll","hubris:TenFootPole","infinitespire:Beetle Shell","Toxic Egg 2","hubris:DuctTape"],"acts_visited":["Exordium","TheCity"],"potions_floor_usage":[8,12,16,33,33],"damage_taken":[{"damage":0,"enemies":"Cultist","floor":1,"turns":1},{"damage":0,"enemies":"2 Louse","floor":5,"turns":1},{"damage":0,"enemies":"Lagavulin","floor":6,"turns":1},{"damage":0,"enemies":"Small Slimes","floor":7,"turns":3},{"damage":29,"enemies":"3 Sentries","floor":8,"turns":5},{"damage":11,"enemies":"Gremlin Nob","floor":10,"turns":3},{"damage":35,"enemies":"3 Sentries","floor":12,"turns":6},{"damage":14,"enemies":"Hexaghost","floor":16,"turns":7},{"damage":2,"enemies":"Chosen","floor":18,"turns":3},{"damage":1,"enemies":"2 Thieves","floor":20,"turns":3},{"damage":0,"enemies":"Centurion and Healer","floor":21,"turns":3},{"damage":19,"enemies":"Gremlin Leader","floor":24,"turns":4},{"damage":0,"enemies":"Snecko","floor":25,"turns":3},{"damage":27,"enemies":"Slavers","floor":27,"turns":3},{"damage":2,"enemies":"Cultist and Chosen","floor":31,"turns":2},{"damage":46,"enemies":"Champ","floor":33,"turns":7}],"seed_played":"858269670405265874","potions_obtained":[{"floor":7,"key":"Regen Potion"},{"floor":10,"key":"SteroidPotion"},{"floor":12,"key":"GamblersBrew"},{"floor":20,"key":"Elixir"},{"floor":21,"key":"SmokeBomb"},{"floor":31,"key":"Explosive Potion"}],"is_trial":false,"path_per_floor":["M","?","?","?","M","E","M","E","T","E","?","E","R","T","R","B",null,"?","T","?","?","T","T","E","?","T","E","T","T","T","?","T","B"],"character_chosen":"THE_DEFAULT","items_purchased":["Blue Doll","theMarked:WardOff"],"campfire_rested":2,"item_purchase_floors":[19,19],"current_hp_per_floor":[70,70,70,70,70,70,70,50,50,39,56,21,42,42,42,28,70,68,68,67,67,67,67,48,48,48,21,21,21,21,19,40,0,0],"gold":232,"neow_bonus":"THREE_ENEMY_KILL","is_daily":false,"chose_seed":false,"campfire_upgraded":4,"win_rate":0.0,"timestamp":1610454784,"path_taken":["M","?","?","?","M","E","M","E","T","E","?","E","R","?","R","BOSS","?","T","?","?","?","T","E","?","T","E","T","?","T","?","T","BOSS"],"items_purchased_type":["Relic","Card"],"build_version":"2020-12-22","purchased_purges":1,"victory":false,"max_hp_per_floor":[70,70,70,70,70,70,70,70,70,70,70,70,70,70,70,70,70,70,70,70,70,70,70,70,70,70,70,70,70,70,70,70,70,70],"card_choices":[{"not_picked":["theMarked:Aftermath","theMarked:Static"],"picked":"theMarked:HeritageOfTheMarked","floor":1},{"not_picked":["theMarked:Aftermath","theMarked:Static"],"picked":"theMarked:HeritageOfTheMarked","floor":1},{"not_picked":["theMarked:Frustration","theMarked:SwordAndMagic","theMarked:ParalyzingBlade"],"picked":"SKIP","floor":5},{"not_picked":["theMarked:TwofoldDefense","theMarked:Aftermath"],"picked":"theMarked:Panic","floor":6},{"not_picked":["theMarked:ComboAttacks","theMarked:ResourceFulStrike","theMarked:Frustration"],"picked":"SKIP","floor":7},{"not_picked":["theMarked:ChainLightning","theMarked:Opportunist","theMarked:EmpowerWeapon"],"picked":"SKIP","floor":8},{"not_picked":["theMarked:ChainLightning","theMarked:Opportunist","theMarked:EmpowerWeapon"],"picked":"SKIP","floor":8},{"not_picked":["theMarked:Reabsorb","theMarked:TunnelVision","theMarked:EmpowerWeapon"],"picked":"SKIP","floor":10},{"not_picked":["theMarked:Improvise","theMarked:Static"],"picked":"theMarked:BanishingWave","floor":12},{"not_picked":["theMarked:AttractMetal","theMarked:ElementalBlade+1"],"picked":"theMarked:WardOff+1","floor":18},{"not_picked":["theMarked:Improvise","theMarked:ComboAttacks","theMarked:WastefulDefense+1"],"picked":"SKIP","floor":20},{"not_picked":["theMarked:StartUp","theMarked:Electrocute","theMarked:LightningStrikesTwice+1"],"picked":"SKIP","floor":21},{"not_picked":["theMarked:Aftermath","theMarked:Reabsorb"],"picked":"theMarked:BanishingWave","floor":24},{"not_picked":["theMarked:Improvise","theMarked:CreepingChasm","theMarked:EmpowerWeapon"],"picked":"SKIP","floor":25},{"not_picked":["theMarked:StartUp","theMarked:RepellingDischarge+1","theMarked:Challenge+1"],"picked":"SKIP","floor":27},{"not_picked":["theMarked:SwordAndMagic+1","theMarked:TwofoldDefense+1","theMarked:Opportunist"],"picked":"SKIP","floor":31}],"player_experience":266607,"relics_obtained":[{"floor":6,"key":"Centennial Puzzle"},{"floor":8,"key":"theMarked:DemonDagger"},{"floor":9,"key":"Ginger"},{"floor":10,"key":"Tiny Chest"},{"floor":12,"key":"Torii"},{"floor":14,"key":"Replay:Baseball"},{"floor":24,"key":"hubris:TenFootPole"},{"floor":26,"key":"infinitespire:Beetle Shell"},{"floor":27,"key":"Toxic Egg 2"},{"floor":29,"key":"hubris:DuctTape"}],"event_choices":[{"cards_removed":["theMarked:Defend"],"damage_healed":0,"gold_gain":0,"player_choice":"Forget","damage_taken":0,"max_hp_gain":0,"max_hp_loss":0,"event_name":"Living Wall","floor":4,"gold_loss":0},{"damage_healed":17,"gold_gain":0,"player_choice":"Healed","damage_taken":0,"max_hp_gain":0,"max_hp_loss":0,"event_name":"The Cleric","floor":11,"gold_loss":35}],"is_beta":false,"boss_relics":[{"not_picked":["aspiration:FutureDiary","Snecko Eye"],"picked":"Painkiller Herb"}],"items_purged_floors":[22],"is_endless":false,"potions_floor_spawned":[7,10,12,20,21,31],"killed_by":"Champ","ascension_level":0}}