{"host":"r53pw7z744tg3fxg","time":1610458267,"event":{"mods":["AchievementEnabler","BaseMod","Colored Map","Colored Powertips","Highlight Path","Minty Spire (QoL Compilation)","Quick Restart","Transform Curses"],"gold_per_floor":[117,32,43,63,131,165,165,130,153,5,5,33,53,65,65,165,165,179,179,190,190,208,208,208,208],"floor_reached":24,"playtime":905,"items_purged":[],"score":330,"play_id":"56ef7643-3310-4bef-9b2f-2255a53644d6","local_time":"20210112063107","is_ascension_mode":true,"campfire_choices":[{"floor":7.0,"key":"REST"},{"data":"Eruption","floor":11.0,"key":"SMITH"},{"data":"Mind Blast","floor":15.0,"key":"SMITH"},{"floor":23,"key":"REST"}],"circlet_count":0,"master_deck":["AscendersBane","Strike_P","Strike_P","Strike_P","Strike_P","Defend_P","Defend_P","Defend_P","Defend_P","Eruption+1","Vigilance","Conclude","Mind Blast+1","PathToVictory","ThirdEye+1","Prostrate","Meditate","Sanctity","EmptyFist","LessonLearned","BowlingBash+1","Evaluate","Pray+1"],"relics":["PureWater","Vajra","Damaru","Centennial Puzzle","Tiny Chest","SlaversCollar","FaceOfCleric"],"acts_visited":["Exordium","TheCity"],"potions_floor_usage":[18,18,20,24],"damage_taken":[{"damage":0.0,"enemies":"Small Slimes","floor":1.0,"turns":3.0},{"damage":7.0,"enemies":"Jaw Worm","floor":3.0,"turns":6.0},{"damage":1.0,"enemies":"Cultist","floor":4.0,"turns":3.0},{"damage":29.0,"enemies":"Gremlin Nob","floor":6.0,"turns":4.0},{"damage":8.0,"enemies":"3 Sentries","floor":12.0,"turns":4.0},{"damage":5.0,"enemies":"Lots of Slimes","floor":13.0,"turns":2.0},{"damage":0.0,"enemies":"Exordium Wildlife","floor":14.0,"turns":1.0},{"damage":38.0,"enemies":"Hexaghost","floor":16.0,"turns":8.0},{"damage":39,"enemies":"Shell Parasite","floor":18,"turns":6},{"damage":2,"enemies":"3 Byrds","floor":20,"turns":5},{"damage":24,"enemies":"Snake Plant","floor":22,"turns":3},{"damage":48,"enemies":"Gremlin Leader","floor":24,"turns":6}],"seed_played":"-1675833152067329367","potions_obtained":[{"floor":1.0,"key":"Weak Potion"},{"floor":4.0,"key":"DistilledChaos"},{"floor":12.0,"key":"Swift Potion"},{"floor":14.0,"key":"Regen Potion"},{"floor":18,"key":"Strength Potion"},{"floor":22,"key":"Dexterity Potion"}],"is_trial":false,"path_per_floor":["M","$","M","M","?","E","R","?","T","$","R","E","M","M","R","B",null,"M","?","M","?","M","R","E"],"character_chosen":"WATCHER","items_purchased":["Mind Blast","Centennial Puzzle"],"campfire_rested":2,"item_purchase_floors":[2,10],"current_hp_per_floor":[72,72,65,64,64,35,58,77,77,77,77,69,64,64,64,26,66,42,42,40,40,17,41,0,0],"gold":208,"neow_bonus":"TEN_PERCENT_HP_BONUS","is_daily":false,"chose_seed":false,"campfire_upgraded":2,"win_rate":0.0,"timestamp":1610458267,"path_taken":["M","$","M","M","?","E","R","?","T","?","R","E","M","M","R","BOSS","M","?","M","?","M","R","E"],"items_purchased_type":["Card","Relic"],"build_version":"2020-12-22","purchased_purges":0,"victory":false,"max_hp_per_floor":[79,79,79,79,79,79,79,79,79,79,79,79,79,79,79,79,79,79,79,79,79,80,80,80,80],"card_choices":[{"not_picked":["FlyingSleeves","SignatureMove"],"picked":"Conclude","floor":1.0},{"not_picked":["CrushJoints","EmptyFist"],"picked":"PathToVictory","floor":3.0},{"not_picked":["Halt","EmptyFist"],"picked":"ThirdEye","floor":4.0},{"not_picked":["Blasphemy","WaveOfTheHand"],"picked":"Prostrate","floor":6.0},{"not_picked":["ThirdEye","WreathOfFlame"],"picked":"Meditate","floor":12.0},{"not_picked":["Perseverance","Meditate"],"picked":"Sanctity","floor":13.0},{"not_picked":["Perseverance","Consecrate"],"picked":"EmptyFist","floor":14.0},{"not_picked":["Devotion","Omniscience"],"picked":"LessonLearned","floor":16.0},{"not_picked":["Evaluate","EmptyFist"],"picked":"BowlingBash","floor":18},{"not_picked":["CutThroughFate","Conclude"],"picked":"Evaluate","floor":20},{"not_picked":["EmptyFist","PathToVictory"],"picked":"Pray+1","floor":22}],"player_experience":1230614,"relics_obtained":[{"floor":6.0,"key":"Vajra"},{"floor":9.0,"key":"Damaru"},{"floor":12.0,"key":"Tiny Chest"}],"event_choices":[{"damage_healed":0.0,"max_hp_gain":0.0,"max_hp_loss":0.0,"gold_gain":68.0,"event_name":"Golden Wing","player_choice":"Gained Gold","floor":5.0,"gold_loss":0.0,"damage_taken":0.0},{"damage_healed":19.0,"max_hp_gain":0.0,"max_hp_loss":0.0,"gold_gain":0.0,"event_name":"The Cleric","player_choice":"Healed","floor":8.0,"gold_loss":35.0,"damage_taken":0.0},{"damage_healed":0,"gold_gain":0,"player_choice":"Ignored","damage_taken":0,"max_hp_gain":0,"max_hp_loss":0,"event_name":"Beggar","floor":19,"gold_loss":0},{"damage_healed":0,"gold_gain":0,"player_choice":"Trade","damage_taken":0,"relics_obtained":["FaceOfCleric"],"max_hp_gain":0,"max_hp_loss":0,"event_name":"FaceTrader","floor":21,"gold_loss":0}],"is_beta":false,"boss_relics":[{"not_picked":["Empty Cage","Pandora\u0027s Box"],"picked":"SlaversCollar"}],"items_purged_floors":[],"is_endless":false,"potions_floor_spawned":[1,4,12,14,18,22],"killed_by":"Gremlin Leader","ascension_level":12}}