{"host":"w9yruvs4bqht6bhw","time":1610418456,"event":{"mods":["BaseMod","Colored Powertips","Minty Spire (QoL Compilation)"],"gold_per_floor":[114,289,289,5,80,116,116,137,188,209,222,242,260,260,260,380,380,404,404,397,290,25,25,63,10,89,102,44,77,77,102,102,223,223,248,248,248,22,42,80,80,123,123,1,1,26,57,72,72,72],"floor_reached":51,"playtime":3613,"items_purged":["Doubt","Strike_R"],"score":1282,"play_id":"9b12c9a6-c921-481a-9221-180a8de5773f","local_time":"20210111212736","is_ascension_mode":true,"campfire_choices":[{"floor":7,"key":"REST"},{"floor":15,"key":"REST"},{"data":"Corruption","floor":23,"key":"SMITH"},{"data":"Feel No Pain","floor":30,"key":"SMITH"},{"floor":32,"key":"REST"},{"data":"True Grit","floor":41,"key":"SMITH"},{"data":"Barricade","floor":45,"key":"SMITH"},{"data":"Shockwave","floor":49,"key":"SMITH"}],"circlet_count":0,"master_deck":["Strike_R","Strike_R","Defend_R","Defend_R","Defend_R","Defend_R","Bash+1","Shrug It Off","Reaper+1","Armaments+1","True Grit+1","Iron Wave","True Grit","Corruption+1","Warcry+1","Shockwave+1","Dark Embrace","Reckless Charge","Sentinel","True Grit","Feel No Pain+1","Exhume","Havoc+1","Barricade+1","Body Slam+1","Havoc","Havoc+1","Fiend Fire","Shrug It Off","Body Slam+1"],"relics":["Burning Blood","Golden Idol","Charon\u0027s Ashes","Toy Ornithopter","Dead Branch","Black Star","Art of War","PreservedInsect","Whetstone","The Courier","Bag of Preparation","Blue Candle","Empty Cage","Bronze Scales","Frozen Eye","Bottled Flame","Regal Pillow","Unceasing Top","Smiling Mask","Potion Belt","Medical Kit","Ginger","Bottled Tornado"],"acts_visited":["Exordium","TheCity","TheBeyond"],"potions_floor_usage":[6,6,11,16,16,20,24,24,33,33,46,46],"damage_taken":[{"damage":0,"enemies":"Small Slimes","floor":1,"turns":3},{"damage":18,"enemies":"Gremlin Nob","floor":6,"turns":4},{"damage":6,"enemies":"Cultist","floor":8,"turns":3},{"damage":0,"enemies":"2 Louse","floor":10,"turns":3},{"damage":23,"enemies":"Exordium Thugs","floor":11,"turns":6},{"damage":9,"enemies":"Red Slaver","floor":12,"turns":4},{"damage":11,"enemies":"Blue Slaver","floor":13,"turns":6},{"damage":59,"enemies":"Slime Boss","floor":16,"turns":14},{"damage":9,"enemies":"Shell Parasite","floor":18,"turns":6},{"damage":11,"enemies":"2 Thieves","floor":20,"turns":4},{"damage":0,"enemies":"Slavers","floor":24,"turns":1},{"damage":8,"enemies":"Snecko","floor":27,"turns":5},{"damage":11,"enemies":"Book of Stabbing","floor":29,"turns":4},{"damage":21,"enemies":"Centurion and Healer","floor":31,"turns":4},{"damage":1,"enemies":"Automaton","floor":33,"turns":6},{"damage":0,"enemies":"3 Darklings","floor":35,"turns":2},{"damage":3,"enemies":"Orb Walker","floor":39,"turns":2},{"damage":6,"enemies":"Giant Head","floor":40,"turns":3},{"damage":0,"enemies":"Reptomancer","floor":42,"turns":2},{"damage":8,"enemies":"Transient","floor":46,"turns":5},{"damage":9,"enemies":"Nemesis","floor":47,"turns":6},{"damage":0,"enemies":"Writhing Mass","floor":48,"turns":2},{"damage":0,"enemies":"Time Eater","floor":50,"turns":4}],"seed_played":"-5965821432108015011","potions_obtained":[{"floor":0,"key":"Energy Potion"},{"floor":0,"key":"ColorlessPotion"},{"floor":0,"key":"SneckoOil"},{"floor":10,"key":"ElixirPotion"},{"floor":11,"key":"ElixirPotion"},{"floor":16,"key":"Swift Potion"},{"floor":20,"key":"SkillPotion"},{"floor":27,"key":"Ancient Potion"},{"floor":31,"key":"ElixirPotion"},{"floor":33,"key":"FearPotion"},{"floor":35,"key":"SteroidPotion"},{"floor":39,"key":"Block Potion"},{"floor":46,"key":"Strength Potion"}],"is_trial":false,"path_per_floor":["M","?","?","$","?","E","R","M","T","M","M","M","M","?","R","B",null,"M","?","M","$","$","R","E","$","T","M","$","E","R","M","R","B",null,"M","T","?","$","M","E","R","E","T","$","R","M","E","M","R","B",null],"character_chosen":"IRONCLAD","items_purchased":["Reaper","Explosive Potion","Shockwave","Dark Embrace","Reckless Charge","Art of War","PowerPotion","True Grit","Feel No Pain","Frozen Eye","Havoc","Medical Kit"],"campfire_rested":3,"item_purchase_floors":[4,4,21,21,22,22,22,25,28,38,38,44],"current_hp_per_floor":[78,78,58,58,50,38,62,62,62,68,60,57,52,45,69,26,67,64,64,64,64,64,64,80,80,80,78,78,73,73,58,80,80,80,80,80,80,80,80,80,80,80,80,80,80,78,75,80,80,80],"gold":72,"neow_bonus":"THREE_SMALL_POTIONS","is_daily":false,"chose_seed":false,"campfire_upgraded":5,"win_rate":0.0,"timestamp":1610418456,"path_taken":["M","?","?","$","?","E","R","M","T","M","?","M","M","?","R","BOSS","M","?","M","?","$","R","E","$","T","M","$","E","R","?","R","BOSS","M","?","?","$","M","E","R","E","T","$","R","?","E","M","R","BOSS"],"items_purchased_type":["Card","Potion","Card","Card","Card","Relic","Potion","Card","Card","Relic","Card","Relic"],"build_version":"2020-12-22","purchased_purges":2,"victory":true,"max_hp_per_floor":[80,80,80,80,80,80,80,80,80,80,80,80,80,80,80,80,80,80,80,80,80,80,80,80,80,80,80,80,80,80,80,80,80,80,80,80,80,80,80,80,80,80,80,80,80,80,80,80,80,80],"card_choices":[{"not_picked":["Thunderclap","Heavy Blade"],"picked":"Shrug It Off","floor":1},{"not_picked":["Infernal Blade","Searing Blow"],"picked":"Armaments","floor":6},{"not_picked":["Clothesline","Dropkick"],"picked":"True Grit","floor":8},{"not_picked":["Combust","Armaments","Flex"],"picked":"SKIP","floor":10},{"not_picked":["Combust","Heavy Blade"],"picked":"Iron Wave","floor":11},{"not_picked":["Offering","Thunderclap","Pommel Strike"],"picked":"SKIP","floor":12},{"not_picked":["Wild Strike","Thunderclap"],"picked":"True Grit","floor":13},{"not_picked":["Juggernaut","Barricade"],"picked":"Corruption","floor":16},{"not_picked":["Twin Strike+1","Perfected Strike","Whirlwind"],"picked":"SKIP","floor":18},{"not_picked":["Bloodletting","Entrench"],"picked":"Warcry+1","floor":20},{"not_picked":["Warcry","Cleave"],"picked":"Sentinel","floor":24},{"not_picked":["Anger","Wild Strike","Pommel Strike"],"picked":"SKIP","floor":27},{"not_picked":["True Grit+1","Carnage"],"picked":"Exhume","floor":29},{"not_picked":["Pommel Strike+1","Reckless Charge"],"picked":"Havoc+1","floor":31},{"not_picked":["Brutality","Impervious"],"picked":"Barricade","floor":33},{"not_picked":["Heavy Blade+1","Wild Strike"],"picked":"Body Slam+1","floor":35},{"not_picked":["Burning Pact+1","Shockwave+1"],"picked":"Havoc+1","floor":39},{"not_picked":["Barricade","Anger+1","Limit Break"],"picked":"SKIP","floor":40},{"not_picked":["Flex","True Grit"],"picked":"Fiend Fire","floor":42},{"not_picked":["Pommel Strike+1","Perfected Strike+1"],"picked":"Shrug It Off","floor":46},{"not_picked":["Iron Wave+1","Sword Boomerang"],"picked":"Body Slam+1","floor":47},{"not_picked":["Clothesline+1","Rage","Flex"],"picked":"SKIP","floor":48}],"player_experience":373307,"relics_obtained":[{"floor":6,"key":"Charon\u0027s Ashes"},{"floor":9,"key":"Toy Ornithopter"},{"floor":24,"key":"PreservedInsect"},{"floor":24,"key":"Whetstone"},{"floor":26,"key":"The Courier"},{"floor":29,"key":"Bag of Preparation"},{"floor":29,"key":"Blue Candle"},{"floor":36,"key":"Bronze Scales"},{"floor":40,"key":"Bottled Flame"},{"floor":40,"key":"Regal Pillow"},{"floor":42,"key":"Unceasing Top"},{"floor":42,"key":"Smiling Mask"},{"floor":43,"key":"Potion Belt"},{"floor":47,"key":"Ginger"},{"floor":47,"key":"Bottled Tornado"}],"event_choices":[{"damage_healed":0,"gold_gain":175,"player_choice":"AGREE","damage_taken":0,"max_hp_gain":0,"max_hp_loss":0,"event_name":"Liars Game","floor":2,"gold_loss":0,"cards_obtained":["Doubt"]},{"damage_healed":0,"gold_gain":0,"player_choice":"Take Damage","damage_taken":20,"relics_obtained":["Golden Idol"],"max_hp_gain":0,"max_hp_loss":0,"event_name":"Golden Idol","floor":3,"gold_loss":0},{"damage_healed":0,"gold_gain":75,"player_choice":"Touch","damage_taken":8,"max_hp_gain":0,"max_hp_loss":0,"event_name":"FaceTrader","floor":5,"gold_loss":0},{"damage_healed":0,"gold_gain":0,"player_choice":"Success","damage_taken":7,"relics_obtained":["Dead Branch"],"max_hp_gain":0,"max_hp_loss":0,"event_name":"Scrap Ooze","floor":14,"gold_loss":0},{"damage_healed":0,"gold_gain":0,"player_choice":"Upgraded","damage_taken":0,"max_hp_gain":0,"max_hp_loss":0,"event_name":"Upgrade Shrine","floor":19,"gold_loss":0,"cards_upgraded":["Armaments"]},{"damage_healed":0,"gold_gain":0,"player_choice":"Ignored","damage_taken":0,"max_hp_gain":0,"max_hp_loss":0,"event_name":"Tomb of Lord Red Mask","floor":37,"gold_loss":0}],"is_beta":false,"boss_relics":[{"not_picked":["Astrolabe","Coffee Dripper"],"picked":"Black Star"},{"not_picked":["Pandora\u0027s Box","SacredBark"],"picked":"Empty Cage"}],"items_purged_floors":[4,38],"is_endless":false,"potions_floor_spawned":[10,11,16,20,27,31,33,35,39,46],"ascension_level":8}}