{"host":"j1lpsl3dsviy43h8","time":1610492858,"event":{"mods":["AchievementEnabler","BaseMod","BetterRewards","Card Forge","Duelist Mod","GifTheSpireLib","Infinite Spire","Minty Spire (QoL Compilation)","Replay The Spire","Shop Mod","StSLib","The Wild Card"],"gold_per_floor":[145,162,162,162,162,186,186,220,220,395,444,475,493,493,507,532,532,658,658,682,707,707,731,731,766,766,786,886,886,901,901,941,957,957,1082,1082,1101,1121,1139,1153,1153,1194,1207,1221,1221,1221,1221],"floor_reached":46,"language":"ENG","playtime":2287,"items_purged":[],"score":781,"play_id":"6b90d56e-8902-4b8b-b057-68e6d2fd1531","local_time":"20210112180738","is_ascension_mode":false,"campfire_choices":[{"floor":9,"key":"REST"},{"floor":14,"key":"REST"},{"floor":17,"key":"REST"},{"floor":26,"key":"REST"},{"floor":31,"key":"REST"},{"floor":34,"key":"REST"}],"circlet_count":0,"master_deck":["theDuelist:BabyDragon+1","theDuelist:CastleWalls","theDuelist:CastleWalls","theDuelist:CaveDragon+1","theDuelist:CaveDragon+1","theDuelist:LesserDragon+1","theDuelist:LesserDragon+1","theDuelist:YamataDragon+1","theDuelist:FiveHeaded+1","theDuelist:AmuletDragon+1","theDuelist:AncientGearGadjiltron+1","theDuelist:MaskedDragon+1","theDuelist:MiraculousDescent+1","theDuelist:InfernityDoomDragon+1","theDuelist:WingedDragonRa+1","theDuelist:CastleDragonSouls+1","theDuelist:CyberDragonVier+1","theDuelist:MirageDragon+1","theDuelist:Dracocension+1","theDuelist:BSkullDragon+1","theDuelist:DragonMastery+1","theDuelist:StardustDragon+1","theDuelist:WingedDragonRa+1","theDuelist:CastleDragonSouls+1","theDuelist:ChimeratechOverdragon+1","theDuelist:EyeTimaeus+1","theDuelist:BoosterDragon+1","theDuelist:TailSwipe+1","theDuelist:CyberDragonCore+1","theDuelist:DragonPiper+1","theDuelist:MetalDragon+1","theDuelist:MegafleetDragon+1","theDuelist:TyrantWing+1","theDuelist:SliferSky+1","theDuelist:SilverWing+1","theDuelist:Dracocension+1","theDuelist:Mountain+1","theDuelist:CyberDragonNachster+1"],"relics":["theDuelist:MillenniumPuzzle","theDuelist:CardPoolRelic","theDuelist:CardPoolBasicRelic","theDuelist:BoosterPackPoolRelic","theDuelist:CardPoolAddRelic","theDuelist:CardPoolMinusRelic","theDuelist:CardPoolSaveRelic","theDuelist:CardPoolOptionsRelic","Hammer of Thor","Seething Fire","Anvil of the Gods","Golden Idol","Dream Catcher","infinitespire:Freezer","Centennial Puzzle","Counterbalance","Painkiller Herb","Simple Rune","Lantern","theDuelist:MillenniumCoin","theDuelist:ElectricToken","Blood Vial","Honey Jar","Replay:Rubber Ducky","Pet Ghost"],"acts_visited":["Exordium","TheCity","TheBeyond"],"potions_floor_usage":[8,15,15,18,21,32,32,46,46],"damage_taken":[{"damage":0,"enemies":"Small Slimes","floor":1,"turns":2},{"damage":0,"enemies":"2 Louse","floor":2,"turns":2},{"damage":0,"enemies":"infinitespire:Voidling","floor":6,"turns":2},{"damage":10,"enemies":"3 Sentries","floor":8,"turns":6},{"damage":0,"enemies":"Lagavulin","floor":12,"turns":2},{"damage":0,"enemies":"Blue Slaver","floor":13,"turns":3},{"damage":11,"enemies":"Exordium Thugs","floor":15,"turns":2},{"damage":0,"enemies":"Exordium Wildlife","floor":16,"turns":2},{"damage":3,"enemies":"Slime Boss","floor":18,"turns":4},{"damage":0,"enemies":"2 Thieves","floor":20,"turns":2},{"damage":11,"enemies":"3 Byrds","floor":21,"turns":4},{"damage":0,"enemies":"Snake Plant","floor":23,"turns":2},{"damage":0,"enemies":"theDuelist:KaibaA2","floor":25,"turns":1},{"damage":0,"enemies":"Snecko","floor":27,"turns":3},{"damage":1,"enemies":"Cultist and Chosen","floor":30,"turns":2},{"damage":0,"enemies":"Gremlin Leader","floor":32,"turns":4},{"damage":16,"enemies":"Shelled Parasite and Fungi","floor":33,"turns":3},{"damage":0,"enemies":"Collector","floor":35,"turns":6},{"damage":9,"enemies":"3 Shapes","floor":37,"turns":3},{"damage":5,"enemies":"3 Darklings","floor":38,"turns":2},{"damage":6,"enemies":"Jaw Worm Horde","floor":39,"turns":4},{"damage":3,"enemies":"Maw","floor":40,"turns":4},{"damage":0,"enemies":"R_Hoarder","floor":42,"turns":6},{"damage":0,"enemies":"3 Darklings","floor":43,"turns":4},{"damage":3,"enemies":"Jaw Worm Horde","floor":44,"turns":4},{"damage":71,"enemies":"Nightmare","floor":46,"turns":6}],"seed_played":"-3571636320690460836","potions_obtained":[{"floor":1,"key":"ColorlessPotion"},{"floor":2,"key":"Strength Potion"},{"floor":6,"key":"Strength Potion"},{"floor":13,"key":"theDuelist:TributeBottle"},{"floor":15,"key":"Explosive Potion"},{"floor":16,"key":"PowerPotion"},{"floor":20,"key":"Toxic Potion"},{"floor":21,"key":"GamblersBrew"},{"floor":25,"key":"SpeedPotion"},{"floor":38,"key":"theDuelist:VampireVial"},{"floor":44,"key":"theDuelist:OrbBottle"}],"is_trial":false,"path_per_floor":["M","M","PTL","PTL","?","M","?","E","R","?","T","E","M","R","M","M","R","B",null,"?","?","?","?","AVR","E","T","?","T","?","?","T","E","?","T","B",null,"?","?","?","?","?","E","?","?","T","NM"],"character_chosen":"THE_DUELIST","items_purchased":[],"campfire_rested":6,"item_purchase_floors":[],"current_hp_per_floor":[80,80,80,80,80,80,80,70,80,80,80,80,80,80,69,69,80,77,80,80,69,69,69,69,69,80,80,80,74,73,80,80,64,80,80,80,71,68,64,63,63,65,67,66,66,0,0],"gold":1221,"neow_bonus":"THREE_RARE_CARDS","is_daily":false,"chose_seed":false,"campfire_upgraded":0,"win_rate":0.0,"timestamp":1610492858,"path_taken":["M","M","PTL","PTL","?","M","?","E","R","?","T","E","M","R","M","M","R","BOSS","?","?","?","?","AVR","E","T","?","T","?","?","T","E","?","T","BOSS","?","?","?","?","?","E","?","?","T","NM"],"items_purchased_type":[],"build_version":"2020-12-22","purchased_purges":0,"victory":false,"max_hp_per_floor":[80,80,80,80,80,80,80,80,80,80,80,80,80,80,80,80,80,80,80,80,80,80,80,80,80,80,80,80,80,80,80,80,80,80,80,80,80,80,80,80,80,80,80,80,80,80,80],"card_choices":[{"not_picked":["theDuelist:ArmedProtectorDragon","theDuelist:QueenDragunDjinn"],"picked":"theDuelist:FiveHeaded","floor":0},{"not_picked":["theDuelist:Freezadon","theDuelist:SuperancientDinobeast"],"picked":"theDuelist:AmuletDragon","floor":1},{"not_picked":["theDuelist:GiantRex","theDuelist:BlackPtera","theDuelist:CyberDragonCore","theDuelist:AncientPixieDragon"],"picked":"theDuelist:AncientGearGadjiltron","floor":1},{"not_picked":["theDuelist:ViceDragon","theDuelist:CyberDinosaur","theDuelist:CurseDragon","theDuelist:CyberDragon"],"picked":"theDuelist:MaskedDragon","floor":2},{"not_picked":["theDuelist:SauropodBrachion","theDuelist:CyberDragonVier"],"picked":"theDuelist:MiraculousDescent","floor":2},{"not_picked":["theDuelist:MoltenDestruction","theDuelist:CyberDragonVier"],"picked":"theDuelist:InfernityDoomDragon","floor":6},{"not_picked":["theDuelist:WaterDragonCluster","theDuelist:TwinHeadedFire","theDuelist:BlackBrutdrago","theDuelist:AncientGearGadjiltron"],"picked":"theDuelist:WingedDragonRa","floor":6},{"not_picked":["theDuelist:VolcanicEruption","theDuelist:StarlightRoad","theDuelist:SafeZone","theDuelist:BurstBreath"],"picked":"theDuelist:CastleDragonSouls","floor":8},{"not_picked":["theDuelist:DragonRavine","theDuelist:RedHeadedOni","theDuelist:BlackBrutdrago"],"picked":"SKIP","floor":8},{"not_picked":["theDuelist:FireDarts","theDuelist:Babycerasaurus"],"picked":"theDuelist:CyberDragonVier","floor":9},{"not_picked":["theDuelist:ScrapIronScarecrow","theDuelist:DarkDriceratops"],"picked":"theDuelist:DefenseDraw","floor":12},{"not_picked":["theDuelist:MaskedDragon","theDuelist:MadSwordBeast","theDuelist:Earthquake","theDuelist:CurseDragon","theDuelist:CyberEndDragon"],"picked":"SKIP","floor":12},{"not_picked":["theDuelist:SnowDragon","theDuelist:TwinHeadedFire","theDuelist:YamataDragon","theDuelist:BarrelDragon"],"picked":"theDuelist:MirageDragon","floor":13},{"not_picked":["theDuelist:MegafleetDragon","theDuelist:HazyFlameHydra","theDuelist:AncientDragon"],"picked":"SKIP","floor":13},{"not_picked":["theDuelist:JurassicImpact","theDuelist:LesserDragon"],"picked":"theDuelist:AncientPixieDragon","floor":14},{"not_picked":["theDuelist:SnowDragon","theDuelist:DefenseDraw"],"picked":"theDuelist:Dracocension","floor":15},{"not_picked":["theDuelist:MirageDragon","theDuelist:LesserDragon","theDuelist:GiantRex","theDuelist:BlackBrutdrago","theDuelist:BlackBrachios"],"picked":"SKIP","floor":15},{"not_picked":["theDuelist:Sabersaurus","theDuelist:CyberEndDragon"],"picked":"theDuelist:BSkullDragon","floor":16},{"not_picked":["theDuelist:SilverWing","theDuelist:ViceDragon"],"picked":"theDuelist:GuardragonJusticia","floor":16},{"not_picked":["theDuelist:TailSwipe","theDuelist:SeismicShockwave","theDuelist:Lancephorhynchus","theDuelist:ArmageddonDragonEmp"],"picked":"theDuelist:DragonMastery","floor":18},{"not_picked":["theDuelist:DefensiveTactics","theDuelist:OceanDragonLord"],"picked":"theDuelist:VoidOgreDragon","floor":18},{"not_picked":["theDuelist:YamataDragon","theDuelist:MirageDragon+1","theDuelist:Earthquake","theDuelist:Beatraptor","theDuelist:DarkHorus"],"picked":"SKIP","floor":20},{"not_picked":["theDuelist:UltraEvolutionPill","theDuelist:HazyFlameHydra","theDuelist:BlackTyranno"],"picked":"SKIP","floor":20},{"not_picked":["theDuelist:CyberTwinDragon+1","theDuelist:DarkstormDragon+1","theDuelist:AutorokketDragon+1","theDuelist:Vandalgyon"],"picked":"theDuelist:StardustDragon+1","floor":21},{"not_picked":["theDuelist:DefenseZone+1","theDuelist:MegafleetDragon","theDuelist:CurseDragon"],"picked":"SKIP","floor":21},{"not_picked":["theDuelist:BusterBlader","theDuelist:Duoterion","theDuelist:BusterDrake","theDuelist:SoulCharge","theDuelist:Babycerasaurus"],"picked":"SKIP","floor":23},{"not_picked":["theDuelist:Sabersaurus","theDuelist:CyberEltanin","theDuelist:TwinHeadedFire"],"picked":"SKIP","floor":23},{"not_picked":["theDuelist:CyberDinosaur","theDuelist:ViceDragon+1"],"picked":"theDuelist:WingedDragonRa","floor":25},{"not_picked":["theDuelist:CurseDragon","theDuelist:CyberDragonNachster+1","theDuelist:FrostflameDragon","theDuelist:DefenseZone","theDuelist:CyberDragon"],"picked":"SKIP","floor":25},{"not_picked":["theDuelist:Hydrogeddon+1","theDuelist:BabyDragon+1"],"picked":"theDuelist:CastleDragonSouls+1","floor":26},{"not_picked":["theDuelist:Lancephorhynchus+1","theDuelist:GenesisDragon+1"],"picked":"theDuelist:ChimeratechOverdragon+1","floor":27},{"not_picked":["theDuelist:DragonPiper","theDuelist:TwinHeadedFire","theDuelist:DefenseDraw"],"picked":"SKIP","floor":27},{"not_picked":["theDuelist:CyberDragonNachster","theDuelist:Babycerasaurus+1","theDuelist:AncientPixieDragon+1","theDuelist:Frostosaurus"],"picked":"theDuelist:EyeTimaeus","floor":30},{"not_picked":["theDuelist:BlasterDragonInfernos","theDuelist:AquaDolphin","theDuelist:SnowdustDragon"],"picked":"SKIP","floor":30},{"not_picked":["theDuelist:TwinBarrelDragon","theDuelist:BlackBrutdrago","theDuelist:MadSwordBeast","theDuelist:InfernityDoomDragon","theDuelist:CyberDragon"],"picked":"SKIP","floor":32},{"not_picked":["theDuelist:Earthquake","theDuelist:FluteSummoning","theDuelist:CyberDragonCore"],"picked":"SKIP","floor":32},{"not_picked":["theDuelist:SeismicShockwave","theDuelist:Lancephorhynchus"],"picked":"theDuelist:BusterBladerDDS","floor":33},{"not_picked":["theDuelist:AxeDespair","theDuelist:DarkDriceratops","theDuelist:MadFlameKaiju"],"picked":"SKIP","floor":33},{"not_picked":["theDuelist:WaterDragon","theDuelist:AncientPixieDragon"],"picked":"theDuelist:BoosterDragon","floor":34},{"not_picked":["theDuelist:FiveHeaded","theDuelist:ArmageddonDragonEmp"],"picked":"theDuelist:TailSwipe","floor":35},{"not_picked":["theDuelist:RedHeadedOni+1","theDuelist:GenesisDragon","theDuelist:Beatraptor"],"picked":"theDuelist:DragonZombie+1","floor":37},{"not_picked":["theDuelist:YamataDragon+1","theDuelist:CoralDragon+1","theDuelist:Earthquake","theDuelist:CurseDragon"],"picked":"theDuelist:CyberDragonCore","floor":37},{"not_picked":["theDuelist:CyberValley+1","theDuelist:RedRisingDragon","theDuelist:Anthrosaurus","theDuelist:UltraEvolutionPill"],"picked":"theDuelist:DragonPiper+1","floor":38},{"not_picked":["theDuelist:AncientPixieDragon","theDuelist:Pyrorex+1","theDuelist:Kabazauls+1"],"picked":"theDuelist:MetalDragon+1","floor":38},{"not_picked":["theDuelist:BackgroundDragon","theDuelist:BlacklandFireDragon","theDuelist:DoomkaiserDragon+1","theDuelist:WingedDragonRa"],"picked":"theDuelist:SeismicShockwave+1","floor":39},{"not_picked":["theDuelist:CyberDragonCore+1","theDuelist:BlackPtera","theDuelist:WhiteHornDragon"],"picked":"theDuelist:MegafleetDragon+1","floor":39},{"not_picked":["theDuelist:DragonMirror","theDuelist:AutorokketDragon","theDuelist:ArtifactSanctum"],"picked":"theDuelist:TyrantWing+1","floor":40},{"not_picked":["theDuelist:FrostflameDragon","theDuelist:SphereChaos+1","theDuelist:DreadnoughtDreadnoid+1"],"picked":"theDuelist:RedRisingDragon","floor":40},{"not_picked":["theDuelist:VoidOgreDragon+1","theDuelist:SeismicShockwave","theDuelist:Lancephorhynchus+1","theDuelist:DefensiveTactics+1"],"picked":"theDuelist:SliferSky","floor":42},{"not_picked":["theDuelist:CaveDragon+1","theDuelist:ArmedProtectorDragon","theDuelist:DefenseDraw+1"],"picked":"theDuelist:BlackBrutdrago","floor":42},{"not_picked":["theDuelist:Vandalgyon+1","theDuelist:SystemDown+1","theDuelist:Berserking+1","theDuelist:DragonMirror+1"],"picked":"theDuelist:SilverWing+1","floor":43},{"not_picked":["theDuelist:CyberDragonVier+1","theDuelist:MadSwordBeast+1","theDuelist:MoltenDestruction"],"picked":"theDuelist:Dracocension+1","floor":43},{"not_picked":["theDuelist:SpiralSpearStrike","theDuelist:ArtifactIgnition+1","theDuelist:SystemDown+1","theDuelist:FangCritias"],"picked":"theDuelist:Mountain+1","floor":44},{"not_picked":["theDuelist:BlackBrachios+1","theDuelist:BlackTyranno","theDuelist:CurseDragon+1"],"picked":"theDuelist:CyberDragonNachster","floor":44}],"player_experience":329858,"relics_obtained":[{"floor":8,"key":"infinitespire:Freezer"},{"floor":11,"key":"Centennial Puzzle"},{"floor":12,"key":"Counterbalance"},{"floor":25,"key":"Lantern"},{"floor":28,"key":"theDuelist:MillenniumCoin"},{"floor":32,"key":"Blood Vial"},{"floor":42,"key":"Replay:Rubber Ducky"},{"floor":45,"key":"Pet Ghost"}],"event_choices":[{"damage_healed":0,"gold_gain":0,"player_choice":"Take Wound","damage_taken":0,"relics_obtained":["Golden Idol"],"max_hp_gain":0,"max_hp_loss":0,"event_name":"Golden Idol","floor":5,"gold_loss":0,"cards_obtained":["Injury"]},{"damage_healed":0,"gold_gain":0,"player_choice":"Box","damage_taken":0,"relics_obtained":["Dream Catcher"],"max_hp_gain":0,"max_hp_loss":0,"event_name":"Big Fish","floor":7,"gold_loss":0,"cards_obtained":["Regret"]},{"damage_healed":0,"gold_gain":175,"player_choice":"AGREE","damage_taken":0,"max_hp_gain":0,"max_hp_loss":0,"event_name":"Liars Game","floor":10,"gold_loss":0,"cards_obtained":["Doubt"]},{"damage_healed":0,"gold_gain":0,"player_choice":"Gave Potion","damage_taken":0,"relics_obtained":["Simple Rune"],"max_hp_gain":0,"max_hp_loss":0,"event_name":"WeMeetAgain","floor":22,"gold_loss":0},{"damage_healed":0,"gold_gain":0,"player_choice":"Dig - random Duelist relic","duelist":true,"damage_taken":0,"max_hp_gain":0,"max_hp_loss":0,"event_name":"Aknamkanon\u0027s Tomb","floor":29,"gold_loss":0},{"damage_healed":0,"gold_gain":0,"player_choice":"Leave","duelist":true,"damage_taken":0,"max_hp_gain":0,"max_hp_loss":0,"event_name":"Egyptian Village","floor":41,"gold_loss":0}],"is_beta":false,"boss_relics":[{"not_picked":["Pandora\u0027s Box","Electric Blood"],"picked":"Painkiller Herb"},{"not_picked":["Sozu","Runic Pyramid"],"picked":"Honey Jar"}],"items_purged_floors":[],"is_endless":false,"potions_floor_spawned":[1,2,6,13,15,16,20,21,25,38,44],"killed_by":"Nightmare","ascension_level":0}}