{"host":"higlslami84dw7m6","time":1610493889,"event":{"mods":["BaseMod","Colored Map","Downfall","Minty Spire (QoL Compilation)","Permanent Neow","Relic Stats","StSLib"],"gold_per_floor":[99,99,112,112,132,132,156,182,182,182,182,182],"floor_reached":10,"language":"ENG","playtime":336,"items_purged":[],"score":74,"play_id":"b36f1ad5-92bc-4061-800c-d2494cf97e60","local_time":"20210113002449","is_ascension_mode":true,"campfire_choices":[{"data":"Slimebound:Split","floor":1,"key":"SMITH"},{"floor":6,"key":"RECALL"}],"circlet_count":0,"master_deck":["Slimebound:Strike_Slimebound","Slimebound:Strike_Slimebound","Slimebound:Tackle","Slimebound:Defend_Slimebound","Slimebound:Defend_Slimebound","Slimebound:Defend_Slimebound","Slimebound:Defend_Slimebound","Slimebound:Split+1","Slimebound:CorrosiveSpit+1","Slimebound:SplitMire","Slimebound:ComboTackle"],"relics":["Slimebound:AbsorbEndCombat","Juzu Bracelet"],"acts_visited":["Exordium"],"potions_floor_usage":[3,10,10,10],"damage_taken":[{"damage":0,"enemies":"Small Slimes","floor":3,"turns":2},{"damage":23,"enemies":"Jaw Worm","floor":5,"turns":2},{"damage":51,"enemies":"Gremlin Nob","floor":8,"turns":4},{"damage":26,"enemies":"3 Sentries","floor":10,"turns":2}],"seed_played":"-7517591514055365613","potions_obtained":[{"floor":0,"key":"CultistPotion"},{"floor":0,"key":"AttackPotion"},{"floor":0,"key":"EssenceOfSteel"},{"floor":3,"key":"Energy Potion"}],"is_trial":false,"path_per_floor":["R","?","M","?","M","R","T","E","?","E"],"character_chosen":"SLIMEBOUND","items_purchased":[],"campfire_rested":0,"item_purchase_floors":[],"current_hp_per_floor":[60,65,65,65,50,50,50,19,19,0,0,0],"gold":182,"neow_bonus":"THREE_SMALL_POTIONS","is_daily":false,"chose_seed":false,"campfire_upgraded":1,"win_rate":0.0,"timestamp":1610493889,"path_taken":["R","?","M","?","?","R","T","E","?","E"],"items_purchased_type":[],"build_version":"2020-12-22","purchased_purges":0,"victory":false,"max_hp_per_floor":[60,65,65,65,65,65,65,65,65,65,65,65],"relic_stats":{"counters":[4,10],"Juzu Bracelet":0,"obtain_stats":[{"Slimebound:AbsorbEndCombat":0,"Juzu Bracelet":8},{"Slimebound:AbsorbEndCombat":0,"Juzu Bracelet":3},{"Slimebound:AbsorbEndCombat":0,"Juzu Bracelet":8}]},"card_choices":[{"not_picked":["Slimebound:Replication","Slimebound:SplitLeeching"],"picked":"Slimebound:SplitMire","floor":3},{"not_picked":["Slimebound:MegaLick","Slimebound:AcidTongue","Slimebound:SlimeBrawl"],"picked":"SKIP","floor":5},{"not_picked":["Slimebound:Repurpose","Slimebound:TongueLash"],"picked":"Slimebound:ComboTackle","floor":8}],"player_experience":909540,"relics_obtained":[{"floor":8,"key":"Juzu Bracelet"}],"event_choices":[{"damage_healed":0,"gold_gain":0,"player_choice":"Donut","damage_taken":0,"max_hp_gain":5,"max_hp_loss":0,"event_name":"Big Fish","floor":2,"gold_loss":0},{"damage_healed":0,"gold_gain":0,"player_choice":"Forge","damage_taken":0,"max_hp_gain":0,"max_hp_loss":0,"event_name":"Accursed Blacksmith","floor":4,"gold_loss":0,"cards_upgraded":["Slimebound:CorrosiveSpit"]},{"cards_removed":["Slimebound:Strike_Slimebound"],"damage_healed":0,"gold_gain":0,"player_choice":"Offered Basic","damage_taken":0,"max_hp_gain":0,"max_hp_loss":0,"event_name":"Bonfire Elementals","floor":9,"gold_loss":0}],"is_beta":false,"boss_relics":[],"items_purged_floors":[],"is_endless":false,"potions_floor_spawned":[3,8],"killed_by":"3 Sentries","ascension_level":3}}