{"host":"xzk9bt2l7avnb6n5","time":1610440058,"event":{"mods":["Aspiration","BaseMod","Conspire","Downfall","Highlight Path","Infinite Spire","Minty Spire (QoL Compilation)","Replay The Spire","Shop Mod","StSLib","The Disciple","The Wild Card"],"gold_per_floor":[99,117,117,133,133,143,143,143,163,179,279,290,310,16,34,139,139,64,84,134,184,234,6,87,155,11,11,61,61,95,95,113,213,213,63,75,125,15,30,230,230,240,257,257,270,331,331,381,397,397,397,425,261,261,261,261,261],"floor_reached":55,"playtime":3073,"items_purged":["Regret","Shame"],"score":806,"play_id":"9bb96648-c95d-4383-be1e-9de219485c67","local_time":"20210112012738","is_ascension_mode":false,"campfire_choices":[{"floor":1,"key":"RECALL"},{"floor":18,"key":"DIG"},{"floor":27,"key":"REST"},{"data":"Slimebound:Split","floor":29,"key":"SMITH"},{"data":"Slimebound:ViciousTackle","floor":35,"key":"SMITH"},{"floor":47,"key":"REST"},{"floor":54,"key":"REST"}],"circlet_count":0,"master_deck":["Slimebound:Strike_Slimebound","Slimebound:Strike_Slimebound","Slimebound:Strike_Slimebound","Slimebound:Tackle","Slimebound:Defend_Slimebound","Slimebound:Defend_Slimebound","Slimebound:Defend_Slimebound","Slimebound:Defend_Slimebound","Slimebound:Split+1","Slimebound:CorrosiveSpit","Slimebound:ViciousTackle+1","Slimebound:RollThrough","Slimebound:SplitMire","Slimebound:SlimeSpikes+1","Slimebound:WasteNot+1","Slimebound:Schlurp+1","Slimebound:PressTheAttack","Slimebound:GrowthPunch","Slimebound:Gluttony+1","Slimebound:OozeBath+1","Slimebound:SamplingLick+1","Slimebound:PressTheAttack","Slimebound:LeadByExample+1","Slimebound:HauntingLick+1","infinitespire:Starlight+1","Slimebound:PressTheAttack","Slimebound:OozeBath+1","Slimebound:Schlurp+1","Slimebound:SlimeBarrage+1","Slimebound:Schlurp+1","Slimebound:RainOfGoop+1","Slimebound:RejuvenatingLick+1","Slimebound:TongueLash+1"],"relics":["Slimebound:AbsorbEndCombatUpgraded","StrikeDummy","Toxic Egg 2","downfall:CloakOfManyFaces","CultistMask","FaceOfCleric","NlothsMask","GremlinMask","SsserpentHead","MerchantsRug","downfall:HeartBlessingRed","Blood Vial","Pantograph","Membership Card","Turnip","HandDrill","Slimebound:TarBlob","downfall:HeartBlessingBlue","downfall:HeartBlessingGreen","Molten Egg 2","Slimebound:SelfDamagePreventRelic","conspire:DeflatedDodgeball","Regal Pillow","Replay:WaspNest","Mercury Hourglass","Guide Book"],"acts_visited":["Exordium","TheCity","TheBeyond","TheEnding"],"potions_floor_usage":[10,12,16,16,16,30,33,33,36,38,38,42,43,46,49,50,52,55],"damage_taken":[{"damage":14,"enemies":"2 Louse","floor":2,"turns":2},{"damage":10,"enemies":"Jaw Worm","floor":4,"turns":3},{"damage":4,"enemies":"Cultist","floor":6,"turns":2},{"damage":19,"enemies":"Blue Slaver","floor":9,"turns":3},{"damage":29,"enemies":"Red Slaver","floor":10,"turns":3},{"damage":17,"enemies":"downfall:FaceTrader","floor":11,"turns":6},{"damage":12,"enemies":"2 Fungi Beasts","floor":12,"turns":5},{"damage":37,"enemies":"Large Slime","floor":13,"turns":5},{"damage":16,"enemies":"downfall:FleeingMerchant","floor":14,"turns":4},{"damage":26,"enemies":"3 Louse","floor":15,"turns":3},{"damage":42,"enemies":"downfall:Silent","floor":16,"turns":6},{"damage":48,"enemies":"3 Byrds","floor":19,"turns":5},{"damage":19,"enemies":"downfall:FleeingMerchant","floor":23,"turns":4},{"damage":33,"enemies":"Snecko","floor":25,"turns":6},{"damage":28,"enemies":"downfall:FleeingMerchant","floor":26,"turns":4},{"damage":44,"enemies":"conspire:Head Lice","floor":30,"turns":8},{"damage":20,"enemies":"conspire:HollyBat","floor":32,"turns":6},{"damage":67,"enemies":"downfall:Ironclad","floor":33,"turns":7},{"damage":13,"enemies":"Orb Walker","floor":36,"turns":2},{"damage":30,"enemies":"downfall:FleeingMerchant","floor":38,"turns":4},{"damage":69,"enemies":"3 Darklings","floor":39,"turns":4},{"damage":87,"enemies":"Writhing Mass","floor":42,"turns":5},{"damage":59,"enemies":"Spire Growth","floor":43,"turns":5},{"damage":35,"enemies":"Sphere and 2 Shapes","floor":45,"turns":3},{"damage":47,"enemies":"3 Darklings","floor":46,"turns":4},{"damage":71,"enemies":"Maw","floor":49,"turns":6},{"damage":41,"enemies":"downfall:Watcher","floor":50,"turns":6},{"damage":143,"enemies":"downfall:CharBossMerchant","floor":52,"turns":8},{"damage":177,"enemies":"downfall:NeowBoss","floor":55,"turns":18}],"seed_played":"5306114097908909631","potions_obtained":[{"floor":2,"key":"Ancient Potion"},{"floor":4,"key":"EssenceOfSteel"},{"floor":9,"key":"champ:CounterPotion"},{"floor":10,"key":"Weak Potion"},{"floor":19,"key":"Elixir"},{"floor":32,"key":"Adrenaline Potion"},{"floor":33,"key":"SteroidPotion"},{"floor":42,"key":"SkillPotion"},{"floor":45,"key":"Elixir"},{"floor":46,"key":"SpeedPotion"}],"is_trial":false,"path_per_floor":["R","M","?","M","?","M","T","?","M","M","?","M","M","$","M","B",null,"R","M","?","?","?","$","T","M","$","R","T","R","E","AVR","M","B",null,"R","M","T","$","M","?","T","M","M","AVR","M","M","R","?","M","B",null,"E","$","R","B"],"character_chosen":"SLIMEBOUND","items_purchased":["MerchantsRug","Dexterity Potion","Pantograph","Membership Card","PowerPotion","Slimebound:SelfDamagePreventRelic","conspire:DeflatedDodgeball","EntropicBrew","Blue Doll","Slimebound:Schlurp+1","CultistPotion","SkillPotion","SkillPotion","Guide Book","Slimebound:RejuvenatingLick+1","Slimebound:TongueLash+1"],"campfire_rested":3,"item_purchase_floors":[14,14,23,26,26,38,38,38,38,38,38,38,53,53,53,53],"current_hp_per_floor":[66,56,56,58,58,62,62,62,55,38,53,62,54,63,62,61,71,71,40,64,64,64,73,73,57,56,75,75,75,76,76,77,65,78,88,80,80,85,71,71,71,44,49,49,49,51,96,96,72,102,102,26,26,71,0,0,0],"gold":261,"neow_bonus":"TEN_PERCENT_HP_BONUS","is_daily":false,"chose_seed":false,"campfire_upgraded":2,"win_rate":0.0,"timestamp":1610440058,"path_taken":["R","M","?","M","?","?","T","?","?","M","?","M","M","$","M","BOSS","R","M","?","?","?","$","T","?","?","R","?","R","E","AVR","M","BOSS","R","M","?","$","M","?","T","M","M","AVR","M","?","R","?","M","BOSS","E","$","R","BOSS"],"items_purchased_type":["Relic","Potion","Relic","Relic","Potion","Relic","Relic","Potion","Relic","Card","Potion","Potion","Potion","Relic","Card","Card"],"build_version":"2020-12-22","purchased_purges":2,"victory":false,"max_hp_per_floor":[66,66,66,66,66,66,66,66,66,66,66,67,68,69,70,71,71,71,72,72,72,72,73,73,74,75,75,75,75,76,76,77,78,78,88,89,89,95,96,96,96,97,98,98,99,100,100,100,101,102,102,103,103,103,103,103,103],"card_choices":[{"not_picked":["Slimebound:RollThrough","Slimebound:SamplingLick"],"picked":"Slimebound:ViciousTackle","floor":2},{"not_picked":["Slimebound:ViciousTackle","Slimebound:SelfFormingGoo"],"picked":"Slimebound:RollThrough","floor":4},{"not_picked":["Slimebound:GrowthPunch","Slimebound:GoopSpray"],"picked":"Slimebound:SplitMire","floor":6},{"not_picked":["Slimebound:FinishingTackle","Slimebound:GrowthPunch","Slimebound:ComboTackle"],"picked":"SKIP","floor":9},{"not_picked":["Slimebound:PressTheAttack","Slimebound:SplitAcid+1"],"picked":"Slimebound:Schlurp+1","floor":10},{"not_picked":["Slimebound:RollThrough","Slimebound:Grow"],"picked":"Slimebound:PressTheAttack","floor":12},{"not_picked":["Slimebound:SplitAcid+1","Slimebound:FormOfPuddle+1"],"picked":"Slimebound:GrowthPunch","floor":13},{"not_picked":["Slimebound:RollThrough","Slimebound:ComboTackle","Slimebound:CheckThePlaybook+1"],"picked":"SKIP","floor":14},{"not_picked":["Slimebound:SplitMire+1","Slimebound:ComboTackle"],"picked":"Slimebound:Gluttony","floor":15},{"not_picked":["Slimebound:Recycling","Slimebound:WasteNot+1"],"picked":"Slimebound:OozeBath+1","floor":16},{"not_picked":["Slimebound:SplitLeeching+1","Slimebound:RollThrough+1"],"picked":"Slimebound:SamplingLick+1","floor":19},{"not_picked":["Slimebound:DisruptingSlam+1","Slimebound:GoopTackle"],"picked":"Slimebound:PressTheAttack","floor":23},{"not_picked":["Slimebound:Dissolve+1","Slimebound:SplitLeeching+1"],"picked":"Slimebound:LeadByExample","floor":25},{"not_picked":["Slimebound:SplitBruiser+1","Slimebound:ViciousTackle+1","Slimebound:Chomp"],"picked":"SKIP","floor":26},{"not_picked":["Slimebound:SelfFormingGoo","Slimebound:LivingWall+1"],"picked":"Slimebound:HauntingLick+1","floor":30},{"not_picked":["Slimebound:FinishingTackle+1","Slimebound:Dissolve+1"],"picked":"Slimebound:PressTheAttack","floor":32},{"not_picked":["Slimebound:Overexert","Slimebound:DouseInSlime+1"],"picked":"Slimebound:OozeBath+1","floor":33},{"not_picked":["Slimebound:SplitBruiser+1","Slimebound:FinishingTackle","Slimebound:GrowthPunch"],"picked":"SKIP","floor":36},{"not_picked":["Slimebound:DisruptingSlam+1","Slimebound:SplitMire+1","Slimebound:PressTheAttack+1"],"picked":"SKIP","floor":38},{"not_picked":["Slimebound:GrowthPunch+1","Slimebound:PressTheAttack+1"],"picked":"Slimebound:SlimeBarrage+1","floor":39},{"not_picked":["Slimebound:FirmFortitude+1","Slimebound:ViciousTackle+1","Slimebound:SplitBruiser+1"],"picked":"SKIP","floor":42},{"not_picked":["Slimebound:GrowthPunch+1","Slimebound:SlimeSpikes+1"],"picked":"Slimebound:Schlurp+1","floor":43},{"not_picked":["Slimebound:SplitAcid+1","Slimebound:Repurpose+1","Slimebound:RallyTheTroops+1"],"picked":"SKIP","floor":45},{"not_picked":["Slimebound:ViciousTackle+1","Slimebound:SlimeSpikes+1"],"picked":"Slimebound:RainOfGoop+1","floor":46},{"not_picked":["Slimebound:SlimeBarrage+1","Slimebound:LeadByExample","Slimebound:GoopSpray+1"],"picked":"SKIP","floor":49},{"not_picked":["Slimebound:SplitLeeching+1","Slimebound:HungryTackle+1","Slimebound:Schlurp+1"],"picked":"SKIP","floor":52}],"player_experience":472020,"relics_obtained":[{"floor":7,"key":"Toxic Egg 2"},{"floor":11,"key":"downfall:CloakOfManyFaces"},{"floor":18,"key":"Blood Vial"},{"floor":30,"key":"Turnip"},{"floor":37,"key":"Molten Egg 2"},{"floor":41,"key":"Regal Pillow"},{"floor":52,"key":"Mercury Hourglass"}],"event_choices":[{"damage_healed":0,"gold_gain":0,"player_choice":"Box","damage_taken":0,"relics_obtained":["StrikeDummy"],"max_hp_gain":0,"max_hp_loss":0,"event_name":"Big Fish","floor":3,"gold_loss":0,"cards_obtained":["Regret"]},{"damage_healed":0,"gold_gain":0,"player_choice":"Disagree","damage_taken":0,"max_hp_gain":0,"max_hp_loss":0,"event_name":"conspire:LoneGhost","floor":5,"gold_loss":0},{"damage_healed":24,"gold_gain":0,"player_choice":"Heal","damage_taken":0,"max_hp_gain":0,"max_hp_loss":0,"event_name":"The Library","floor":20,"gold_loss":0},{"damage_healed":0,"gold_gain":0,"player_choice":"Stole Relic","damage_taken":0,"relics_obtained":["infinitespire:PuzzleCube"],"max_hp_gain":0,"max_hp_loss":0,"event_name":"Addict","floor":21,"gold_loss":0,"cards_obtained":["Shame"]},{"damage_healed":0,"gold_gain":0,"player_choice":"Leave","damage_taken":0,"max_hp_gain":0,"max_hp_loss":0,"event_name":"conspire:Investor","floor":22,"gold_loss":0}],"is_beta":false,"boss_relics":[{"not_picked":["aspiration:RunicSpoon","Coffee Dripper"],"picked":"Slimebound:AbsorbEndCombatUpgraded"},{"not_picked":["aspiration:RitualDagger","Ring of Chaos"],"picked":"Slimebound:TarBlob"}],"items_purged_floors":[14,38],"is_endless":false,"potions_floor_spawned":[2,4,9,10,15,19,32,33,39,42,45,46],"killed_by":"downfall:NeowBoss","ascension_level":0}}