{"host":"sc0o2qwpf9j16a4i","time":1610484327,"event":{"mods":["AchievementEnabler","BaseMod","BetterRewards","Block Reminder","Colored Map","Colored Powertips","Custom Start","Highlight Path","Minty Spire (QoL Compilation)","Relic Stats"],"gold_per_floor":[160,179,190,27,42,68,68,118,141,4,32,49,49,63,63,140,140,159,159,173,173,173,173],"floor_reached":22,"playtime":641,"items_purged":[],"score":392,"play_id":"fe5764de-84e1-4670-a840-cb30ed7f35b2","local_time":"20210112224527","is_ascension_mode":true,"campfire_choices":[{"floor":7,"key":"REST"},{"floor":13,"key":"REST"},{"data":"Dash","floor":15,"key":"SMITH"}],"circlet_count":0,"master_deck":["AscendersBane","Strike_G","Strike_G","Strike_G","Strike_G","Strike_G+1","Defend_G","Defend_G","Defend_G","Defend_G","Defend_G","Survivor","Neutralize","Terror","Dagger Throw","Bouncing Flask","Dash+1","Corpse Explosion","Noxious Fumes","Caltrops","Deflect","Deadly Poison","Bane","Prepared+1","Dash+1","Catalyst"],"relics":["Tiny House","Sling","Dream Catcher","Potion Belt","Tiny Chest","Runic Pyramid","Centennial Puzzle"],"acts_visited":["Exordium","TheCity"],"potions_floor_usage":[6,11,12,16,18,22],"damage_taken":[{"damage":1,"enemies":"Cultist","floor":1,"turns":4},{"damage":0,"enemies":"2 Louse","floor":2,"turns":3},{"damage":0,"enemies":"Jaw Worm","floor":3,"turns":4},{"damage":11,"enemies":"Red Slaver","floor":5,"turns":5},{"damage":22,"enemies":"3 Sentries","floor":6,"turns":9},{"damage":43,"enemies":"Gremlin Nob","floor":11,"turns":5},{"damage":3,"enemies":"Gremlin Gang","floor":12,"turns":5},{"damage":2,"enemies":"3 Louse","floor":14,"turns":4},{"damage":19,"enemies":"Hexaghost","floor":16,"turns":8},{"damage":12,"enemies":"3 Byrds","floor":18,"turns":3},{"damage":17,"enemies":"Shell Parasite","floor":20,"turns":9},{"damage":30,"enemies":"Snake Plant","floor":22,"turns":4}],"seed_played":"-1541474012921187074","potions_obtained":[{"floor":0,"key":"CunningPotion"},{"floor":3,"key":"Energy Potion"},{"floor":5,"key":"Strength Potion"},{"floor":6,"key":"DistilledChaos"},{"floor":14,"key":"LiquidBronze"},{"floor":20,"key":"Poison Potion"}],"is_trial":false,"path_per_floor":["M","M","M","$","M","E","R","?","T","$","E","M","R","M","R","B",null,"M","?","M","T","M"],"character_chosen":"THE_SILENT","items_purchased":["Sling","Caltrops","Block Potion"],"campfire_rested":2,"item_purchase_floors":[4,10,10],"current_hp_per_floor":[63,63,63,63,52,30,51,51,51,51,8,5,26,24,24,5,55,43,43,26,26,0,0],"gold":173,"neow_bonus":"BOSS_RELIC","is_daily":false,"chose_seed":false,"campfire_upgraded":1,"win_rate":0.0,"timestamp":1610484327,"path_taken":["M","M","?","$","M","E","R","?","T","$","E","M","R","?","R","BOSS","M","?","?","?","M"],"items_purchased_type":["Relic","Card","Potion"],"build_version":"2020-12-22","purchased_purges":0,"victory":false,"max_hp_per_floor":[71,71,71,71,71,71,71,71,71,71,71,71,71,71,71,71,71,71,71,71,71,71,71],"relic_stats":{"Dream Catcher":2,"Centennial Puzzle":[3],"counters":[12,63],"Tiny Chest":1,"obtain_stats":[{"Potion Belt":9,"Dream Catcher":6,"Centennial Puzzle":21,"Tiny House":0,"Tiny Chest":11,"Sling":4,"Ring of the Snake":0,"Runic Pyramid":17},{"Potion Belt":5,"Dream Catcher":5,"Centennial Puzzle":11,"Tiny House":0,"Tiny Chest":6,"Sling":3,"Ring of the Snake":0,"Runic Pyramid":9},{"Potion Belt":25,"Dream Catcher":25,"Centennial Puzzle":59,"Tiny House":0,"Tiny Chest":30,"Sling":11,"Ring of the Snake":0,"Runic Pyramid":47}]},"card_choices":[{"not_picked":["PiercingWail","Backflip"],"picked":"Terror","floor":0},{"not_picked":["Well Laid Plans","Acrobatics","Eviscerate"],"picked":"SKIP","floor":1},{"not_picked":["Acrobatics","Deflect"],"picked":"Dagger Throw","floor":2},{"not_picked":["Poisoned Stab","Dodge and Roll"],"picked":"Bouncing Flask","floor":3},{"not_picked":["Heel Hook","Cloak And Dagger"],"picked":"Dash","floor":5},{"not_picked":["Predator","Accuracy"],"picked":"Corpse Explosion","floor":6},{"not_picked":["Well Laid Plans","Caltrops"],"picked":"Noxious Fumes","floor":7},{"not_picked":["Poisoned Stab","Cloak And Dagger"],"picked":"Deflect","floor":11},{"not_picked":["Setup","Reflex"],"picked":"Deadly Poison","floor":12},{"not_picked":["Blade Dance","Outmaneuver"],"picked":"Bane","floor":14},{"not_picked":["Quick Slash","Sucker Punch+1"],"picked":"Prepared+1","floor":18},{"not_picked":["Blur","Flying Knee"],"picked":"Catalyst","floor":20}],"player_experience":622059,"relics_obtained":[{"floor":6,"key":"Dream Catcher"},{"floor":9,"key":"Potion Belt"},{"floor":11,"key":"Tiny Chest"},{"floor":21,"key":"Centennial Puzzle"}],"event_choices":[{"damage_healed":0,"gold_gain":50,"player_choice":"Pray","damage_taken":0,"max_hp_gain":0,"max_hp_loss":0,"event_name":"Golden Shrine","floor":8,"gold_loss":0},{"damage_healed":0,"gold_gain":0,"player_choice":"Copied","damage_taken":0,"max_hp_gain":0,"max_hp_loss":0,"event_name":"Duplicator","floor":19,"gold_loss":0,"cards_obtained":["Dash"]}],"is_beta":false,"boss_relics":[{"not_picked":["Black Star","Sozu"],"picked":"Runic Pyramid"}],"items_purged_floors":[],"is_endless":false,"potions_floor_spawned":[3,5,6,14,20],"killed_by":"Snake Plant","ascension_level":20}}