{"host":"s6mlqkqtr3ey2mm2","time":1610424772,"event":{"mods":["2.2 Compatiblity","AchievementEnabler","Aspiration","BaseMod","Beaked The Cultist","Better Note","Better Vampires","BetterRewards","Challenge The Spire","Clawfect","Colored Map","Colored Powertips","Conspire","Curses Come First","Dark Map","Downfall","Emptier Cage","Energized Spire","GifTheSpireLib","GungeonMod","Halation","Hermit","Hubris","Infinite Spire","Ironclad Rager","Magitek Elite","Marked Mod","Minty Spire (QoL Compilation)","Poor People Problems","Quick Restart","RatMod","Replay The Spire","Retaliation","Robot Space Explorer","Shade Mod","Somnambulant","Spicy Shops","StSLib","Stuff the Spire","The Blue Laboratory","The Construct","The Druid","The Hierophant","The IronCluck","The Necromancer","The Poker Player","The Runesmith","The Servant 0.9.4","The Valiant","vexMod"],"gold_per_floor":[115,53,68,68,80,80,115,127,139,163,175,200,226,256,268,280,280],"floor_reached":16,"playtime":821,"items_purged":[],"score":129,"play_id":"c832c342-ce9c-4147-b6ec-466e557a2ffd","local_time":"20210111231252","is_ascension_mode":false,"campfire_choices":[{"data":"Static Discharge","floor":6,"key":"SMITH"},{"data":"Clawfect:ClawForOne","floor":8,"key":"SMITH"},{"data":"Redo","floor":11,"key":"SMITH"},{"data":"Chaos","floor":15,"key":"SMITH"}],"circlet_count":0,"master_deck":["Gash","Gash","Gash","Gash","Gash","Defend_B","Defend_B","Defend_B","Defend_B","Defend_B","Clawfect:ClawForOne+1","Static Discharge+1","Clawfect:ScrapingClaw+1","Clawfect:ClawSnap+1","Redo+1","Chaos+1","Redo","Clawfect:Clawline+1"],"relics":["Clawfect:DRClaw","Molten Egg 2","MawBank","White Beast Statue"],"acts_visited":["Exordium"],"potions_floor_usage":[12],"damage_taken":[{"damage":1,"enemies":"Jaw Worm","floor":1,"turns":3},{"damage":0,"enemies":"Cultist","floor":3,"turns":2},{"damage":2,"enemies":"2 Louse","floor":5,"turns":2},{"damage":17,"enemies":"3 Sentries","floor":7,"turns":5},{"damage":10,"enemies":"Red Slaver","floor":10,"turns":2},{"damage":11,"enemies":"Exordium Thugs","floor":12,"turns":2},{"damage":6,"enemies":"2 Fungi Beasts","floor":13,"turns":3},{"damage":0,"enemies":"Large Slime","floor":14,"turns":3},{"damage":31,"enemies":"The Guardian","floor":16,"turns":4}],"seed_played":"-7644349066498528222","potions_obtained":[{"floor":3,"key":"blueLaboratory:FrostheartPotion"},{"floor":4,"key":"blueLaboratory:SystemWipe"},{"floor":4,"key":"blueLaboratory:FruitPreserves"},{"floor":12,"key":"hexamod:EctoCoolerPotion"}],"is_trial":false,"path_per_floor":["M","?","M","?","M","R","E","R","T","M","R","M","M","M","R","B"],"character_chosen":"DEFECT","items_purchased":[],"campfire_rested":0,"item_purchase_floors":[],"current_hp_per_floor":[74,74,74,74,72,72,55,55,55,45,45,37,31,31,31,0,0],"gold":280,"neow_bonus":"ONE_RANDOM_RARE_CARD","is_daily":false,"chose_seed":false,"campfire_upgraded":4,"win_rate":0.0,"timestamp":1610424772,"path_taken":["M","?","?","?","?","R","E","R","T","M","R","M","M","M","R","BOSS"],"items_purchased_type":[],"build_version":"2020-12-22","purchased_purges":0,"victory":false,"max_hp_per_floor":[75,75,75,75,75,75,75,75,75,75,75,75,75,75,75,75,75],"card_choices":[{"not_picked":["Leap","Clawfect:ClawAndGloom"],"picked":"Static Discharge","floor":1},{"not_picked":["Clawfect:Clawline+1","conspire:SharedLibrary"],"picked":"Clawfect:ScrapingClaw+1","floor":3},{"not_picked":["ReplayGash+1","StuffTheSpire:EventHorizon"],"picked":"Clawfect:ClawSnap+1","floor":5},{"not_picked":["Clawfect:ClawSnap+1","StuffTheSpire:LoadUp","Crystallizer"],"picked":"SKIP","floor":7},{"not_picked":["Clawfect:ClawSnap+1","ReplayTheSpireMod:Omega Cannon+1"],"picked":"Redo","floor":10},{"not_picked":["Clawfect:ClawForTheEyes+1","Undo"],"picked":"Chaos","floor":12},{"not_picked":["StuffTheSpire:Purify","Hologram"],"picked":"Redo","floor":13},{"not_picked":["Coolheaded","Panic Button"],"picked":"Clawfect:Clawline+1","floor":14}],"player_experience":82192,"relics_obtained":[{"floor":7,"key":"MawBank"},{"floor":9,"key":"White Beast Statue"}],"event_choices":[{"damage_healed":0,"gold_gain":0,"player_choice":"Paid Gold","damage_taken":0,"relics_obtained":["Molten Egg 2"],"max_hp_gain":0,"max_hp_loss":0,"event_name":"WeMeetAgain","floor":2,"gold_loss":62},{"damage_healed":0,"gold_gain":0,"player_choice":"Got Potions","damage_taken":0,"max_hp_gain":0,"max_hp_loss":0,"event_name":"Lab","floor":4,"gold_loss":0}],"is_beta":false,"boss_relics":[],"items_purged_floors":[],"is_endless":false,"potions_floor_spawned":[3,7,10,12,13,14],"killed_by":"The Guardian","ascension_level":0}}