{"host":"4hkuu26ltn0le3bk","time":1610484224,"event":{"mods":["Astrologer","BaseMod","BetterRewards","Clockwork Mod","Colored Map","Colored Powertips","Friendly Minions","Gremlin Mod","Hermit","Marisa????????","Minty Spire (QoL Compilation)","Quick Restart","StSLib","Td1madao Mod","The Bug Knight","The Construct","The Cursed","The Disciple","The Factory","The Hierophant","The Jungle","The Servant 0.9.4"],"gold_per_floor":[110,120,120,139,139,139,139,139],"floor_reached":7,"language":"ENG","playtime":309,"items_purged":[],"score":41,"play_id":"342e6822-34b0-41d3-bb3f-e1dc407e8a03","local_time":"20210112154344","is_ascension_mode":false,"campfire_choices":[{"data":"Clockwork:Tinker","floor":6,"key":"SMITH"}],"circlet_count":0,"master_deck":["Clockwork:Strike","Clockwork:Strike","Clockwork:Strike","Clockwork:Strike","Clockwork:Shield","Clockwork:Shield","Clockwork:Shield","Clockwork:Tinker+1","Clockwork:WarmUp","Clockwork:CogShield","Clockwork:CogBarrier","Clockwork:CogToss","Clockwork:CogBarrier"],"relics":["Clockwork:MomentumEngine","NeowsBlessing","Clockwork:BreathingRoom"],"acts_visited":["Exordium"],"potions_floor_usage":[7],"damage_taken":[{"damage":0,"enemies":"2 Louse","floor":1,"turns":1},{"damage":0,"enemies":"Small Slimes","floor":2,"turns":1},{"damage":0,"enemies":"Cultist","floor":4,"turns":2},{"damage":109,"enemies":"Gremlin Nob","floor":7,"turns":8}],"seed_played":"265916714214431324","potions_obtained":[{"floor":4,"key":"Fire Potion"}],"is_trial":false,"path_per_floor":["M","M","?","M","?","R","E"],"character_chosen":"CLOCKWORK","items_purchased":[],"campfire_rested":0,"item_purchase_floors":[],"current_hp_per_floor":[85,85,85,85,85,85,0,0],"gold":139,"neow_bonus":"THREE_ENEMY_KILL","is_daily":false,"chose_seed":false,"campfire_upgraded":1,"win_rate":0.0,"timestamp":1610484224,"path_taken":["M","M","?","M","?","R","E"],"items_purchased_type":[],"build_version":"2020-12-22","purchased_purges":0,"victory":false,"max_hp_per_floor":[85,85,85,85,85,85,85,85],"card_choices":[{"not_picked":["Clockwork:SnapKeep","Clockwork:StasisBreak"],"picked":"Clockwork:CogShield","floor":1},{"not_picked":["Clockwork:Minimalism","Clockwork:MechanicalBulk"],"picked":"Clockwork:CogBarrier","floor":2},{"not_picked":["Clockwork:SystemScan","Clockwork:Improve"],"picked":"Clockwork:CogBarrier","floor":4}],"player_experience":172482,"relics_obtained":[],"event_choices":[{"damage_healed":0,"gold_gain":0,"cards_transformed":["Clockwork:Shield"],"player_choice":"Change","damage_taken":0,"max_hp_gain":0,"max_hp_loss":0,"event_name":"Living Wall","floor":3,"gold_loss":0,"cards_obtained":["Clockwork:CogToss"]},{"cards_removed":["Clockwork:Handicap"],"damage_healed":0,"gold_gain":0,"player_choice":"Gave Card","damage_taken":0,"relics_obtained":["Clockwork:BreathingRoom"],"max_hp_gain":0,"max_hp_loss":0,"event_name":"WeMeetAgain","floor":5,"gold_loss":0}],"is_beta":false,"boss_relics":[],"items_purged_floors":[],"is_endless":false,"potions_floor_spawned":[4],"killed_by":"Gremlin Nob","ascension_level":0}}