{"host":"tnsigirk6wurdark","time":1610483426,"event":{"mods":["BaseMod","Colored Map","Colored Powertips","Highlight Path","Minty Spire (QoL Compilation)","Quick Restart","Relic Sorter","StSLib","Synergy Search"],"gold_per_floor":[99,99,99,99,28,28,28,28,28,28,28,28,28,28,28,28,28],"floor_reached":16,"playtime":807,"items_purged":[],"score":221,"play_id":"fed19da9-a8ee-4053-ad62-e4149a524efc","local_time":"20210112203026","is_ascension_mode":true,"campfire_choices":[{"floor":10,"key":"REST"},{"floor":13,"key":"REST"},{"data":"Footwork","floor":15,"key":"SMITH"}],"circlet_count":0,"master_deck":["AscendersBane","Strike_G","Strike_G","Strike_G","Strike_G","Strike_G","Defend_G","Defend_G","Defend_G","Defend_G","Defend_G","Survivor","Neutralize","Sucker Punch","Distraction","Footwork+1","Footwork","Crippling Poison","Deflect"],"relics":["Ectoplasm","Bag of Marbles","Bag of Preparation","MealTicket","Orichalcum","Anchor"],"acts_visited":["Exordium"],"potions_floor_usage":[6,6,12],"damage_taken":[{"damage":0,"enemies":"Cultist","floor":1,"turns":5},{"damage":4,"enemies":"Small Slimes","floor":2,"turns":3},{"damage":0,"enemies":"Jaw Worm","floor":3,"turns":5},{"damage":43,"enemies":"Gremlin Nob","floor":6,"turns":6},{"damage":8,"enemies":"Lagavulin","floor":8,"turns":16},{"damage":0,"enemies":"Gremlin Nob","floor":12,"turns":2},{"damage":16,"enemies":"3 Sentries","floor":14,"turns":17},{"damage":51,"enemies":"Hexaghost","floor":16,"turns":14}],"seed_played":"8107359108413162674","potions_obtained":[{"floor":2,"key":"SpeedPotion"},{"floor":3,"key":"ColorlessPotion"},{"floor":6,"key":"SmokeBomb"}],"is_trial":false,"path_per_floor":["M","M","M","T","$","E","?","E","T","R","$","E","R","E","R","B"],"character_chosen":"THE_SILENT","items_purchased":["Footwork"],"campfire_rested":2,"item_purchase_floors":[5],"current_hp_per_floor":[59,55,55,55,66,23,23,15,15,34,49,49,66,50,50,0,0],"gold":28,"neow_bonus":"BOSS_RELIC","is_daily":false,"chose_seed":false,"campfire_upgraded":1,"win_rate":0.0,"timestamp":1610483426,"path_taken":["M","?","M","?","$","E","?","E","T","R","$","E","R","E","R","BOSS"],"items_purchased_type":["Card"],"build_version":"2020-12-22","purchased_purges":0,"victory":false,"max_hp_per_floor":[66,66,66,66,66,66,66,66,66,66,66,66,66,66,66,66,66],"card_choices":[{"not_picked":["Flying Knee","Skewer"],"picked":"Sucker Punch","floor":1},{"not_picked":["Backstab","Calculated Gamble"],"picked":"Distraction","floor":2},{"not_picked":["Prepared","Flying Knee"],"picked":"Footwork","floor":3},{"not_picked":["Well Laid Plans","Cloak And Dagger"],"picked":"Crippling Poison","floor":6},{"not_picked":["Grand Finale","Infinite Blades","A Thousand Cuts"],"picked":"SKIP","floor":8},{"not_picked":["Choke","Reflex"],"picked":"Deflect","floor":14}],"player_experience":690291,"relics_obtained":[{"floor":4,"key":"MealTicket"},{"floor":6,"key":"Orichalcum"},{"floor":8,"key":"Bag of Marbles"},{"floor":9,"key":"Bag of Preparation"},{"floor":14,"key":"Anchor"}],"event_choices":[{"damage_healed":0,"gold_gain":0,"player_choice":"Leave","damage_taken":0,"max_hp_gain":0,"max_hp_loss":0,"event_name":"FaceTrader","floor":7,"gold_loss":0}],"is_beta":false,"boss_relics":[],"items_purged_floors":[],"is_endless":false,"potions_floor_spawned":[2,3,6,12],"killed_by":"Hexaghost","ascension_level":15}}