{"host":"qswkx8hggytna0kc","time":1610424941,"event":{"mods":["Aspiration","BaseMod","BetterRewards","Colored Map","Colored Powertips","Highlight Path","Hubris","Mimic Mod","Minty Spire (QoL Compilation)","MostiFishMod","Quick Restart","Replay The Spire","StSLib","SuperFastMode"],"gold_per_floor":[115,115,132,142,162,162,162,172,195,195,195,195,195],"floor_reached":12,"playtime":253,"items_purged":[],"score":123,"play_id":"f370150c-6e2d-4c93-aadc-0a52bc940396","local_time":"20210112121541","is_ascension_mode":true,"campfire_choices":[{"data":"Heatsinks","floor":6,"key":"SMITH"}],"circlet_count":0,"master_deck":["AscendersBane","Strike_B","Strike_B","Strike_B","Strike_B","Defend_B","Defend_B","Defend_B","Defend_B","Zap+1","Dualcast","Heatsinks+1","Capacitor","Stack","Conserve Battery","ReplayGash"],"relics":["Cracked Core","DaveBox","ImprovedEquipment","SynthV:TestCard","Regal Pillow","hubris:Icosahedron","Smiling Mask"],"acts_visited":["Exordium"],"potions_floor_usage":[8],"damage_taken":[{"damage":0,"enemies":"Small Slimes","floor":1,"turns":3},{"damage":5,"enemies":"Cultist","floor":3,"turns":4},{"damage":9,"enemies":"Jaw Worm","floor":4,"turns":4},{"damage":11,"enemies":"Exordium Wildlife","floor":5,"turns":6},{"damage":10,"enemies":"Gremlin Gang","floor":8,"turns":6},{"damage":31,"enemies":"3 Sentries","floor":12,"turns":7}],"seed_played":"-4457706372111452820","potions_obtained":[{"floor":1,"key":"Weak Potion"},{"floor":5,"key":"FearPotion"}],"is_trial":false,"path_per_floor":["M","?","M","M","M","R","?","M","T","PTL","PTL","E"],"character_chosen":"DEFECT","items_purchased":[],"campfire_rested":0,"item_purchase_floors":[],"current_hp_per_floor":[64,64,59,50,39,39,39,29,29,29,29,0,0],"gold":195,"neow_bonus":"UPGRADE_CARD","is_daily":false,"chose_seed":false,"campfire_upgraded":1,"win_rate":0.0,"timestamp":1610424941,"path_taken":["M","?","M","M","?","R","?","M","T","PTL","PTL","E"],"items_purchased_type":[],"build_version":"2020-12-22","purchased_purges":0,"victory":false,"max_hp_per_floor":[71,71,71,71,71,71,71,71,71,71,71,71,71],"card_choices":[{"not_picked":["Conserve Battery","Turbo"],"picked":"Heatsinks","floor":1},{"not_picked":["Barrage","Hello World","Sweeping Beam","Redo"],"picked":"Capacitor","floor":3},{"not_picked":["Consume","Hologram","Cold Snap","Ball Lightning"],"picked":"Stack","floor":4},{"not_picked":["Tempest","MostiFishMod:LinkProtocol","Barrage","Redo"],"picked":"Conserve Battery","floor":5},{"not_picked":["Beam Cell","Gash","Rebound","Conserve Battery"],"picked":"ReplayGash","floor":8}],"player_experience":272014,"relics_obtained":[{"floor":1,"key":"SynthV:TestCard"},{"floor":9,"key":"Smiling Mask"}],"event_choices":[{"damage_healed":0,"gold_gain":0,"player_choice":"Gave Potion","damage_taken":0,"relics_obtained":["Regal Pillow"],"max_hp_gain":0,"max_hp_loss":0,"event_name":"WeMeetAgain","floor":2,"gold_loss":0}],"is_beta":false,"boss_relics":[],"items_purged_floors":[],"is_endless":false,"potions_floor_spawned":[1,5],"killed_by":"3 Sentries","ascension_level":15}}