{"host":"jggt5i9rbuoqvque","time":1610452614,"event":{"mods":["BaseMod","Colored Map","Minty Spire (QoL Compilation)","StSLib"],"gold_per_floor":[119,130,142,161,86,86,86,114,140,140,166,192,204,214,214,314,314,324,79,90,90,90,125,125,141,191,211,211,211,211,236,236,236,236],"floor_reached":33,"playtime":1008,"items_purged":["Strike_R","Strike_R"],"score":432,"play_id":"94e37b8d-cd59-4b33-984d-55c65621dc3b","local_time":"20210112205654","is_ascension_mode":true,"campfire_choices":[{"data":"Heavy Blade","floor":6.0,"key":"SMITH"},{"data":"Metallicize","floor":10.0,"key":"SMITH"},{"floor":15,"key":"REST"},{"data":"Spot Weakness","floor":24,"key":"SMITH"},{"floor":29,"key":"REST"},{"data":"Flame Barrier","floor":32,"key":"SMITH"}],"circlet_count":0,"master_deck":["Strike_R","Strike_R","Defend_R","Defend_R","Defend_R","Bash","Heavy Blade+1","Spot Weakness+1","Body Slam","Metallicize+1","Shrug It Off","Entrench","Inflame","Impervious","Metallicize","True Grit","Thunderclap","Entrench+1","Seeing Red+1","Discovery","Flame Barrier+1","Exhume","Battle Trance+1"],"relics":["Burning Blood","Regal Pillow","Omamori","Bronze Scales","Odd Mushroom","Lantern","Calling Bell","Orichalcum","Sundial","Charon\u0027s Ashes","Brimstone","Boot","Juzu Bracelet","Strawberry"],"acts_visited":["Exordium","TheCity"],"potions_floor_usage":[13,18,23,23,27],"damage_taken":[{"damage":6.0,"enemies":"Cultist","floor":1.0,"turns":3.0},{"damage":0.0,"enemies":"Small Slimes","floor":2.0,"turns":3.0},{"damage":9.0,"enemies":"Jaw Worm","floor":3.0,"turns":4.0},{"damage":11.0,"enemies":"Looter","floor":4.0,"turns":3.0},{"damage":16.0,"enemies":"3 Sentries","floor":8.0,"turns":6.0},{"damage":26.0,"enemies":"The Mushroom Lair","floor":11.0,"turns":5.0},{"damage":20,"enemies":"Gremlin Nob","floor":12,"turns":4},{"damage":16,"enemies":"Lots of Slimes","floor":13,"turns":4},{"damage":0,"enemies":"Large Slime","floor":14,"turns":4},{"damage":33,"enemies":"The Guardian","floor":16,"turns":9},{"damage":22,"enemies":"Shell Parasite","floor":18,"turns":5},{"damage":4,"enemies":"Chosen","floor":20,"turns":4},{"damage":22,"enemies":"Book of Stabbing","floor":23,"turns":4},{"damage":4,"enemies":"Snecko","floor":25,"turns":4},{"damage":7,"enemies":"3 Cultists","floor":27,"turns":5},{"damage":22,"enemies":"Gremlin Leader","floor":31,"turns":4},{"damage":74,"enemies":"Collector","floor":33,"turns":6}],"seed_played":"-5880838603991846605","potions_obtained":[{"floor":1.0,"key":"SkillPotion"},{"floor":3.0,"key":"Block Potion"},{"floor":11.0,"key":"Energy Potion"},{"floor":16,"key":"ColorlessPotion"},{"floor":18,"key":"SteroidPotion"},{"floor":20,"key":"LiquidMemories"},{"floor":25,"key":"LiquidMemories"}],"is_trial":false,"path_per_floor":["M","M","M","M","$","R","?","E","T","R","?","E","M","M","R","B",null,"M","$","M","?","?","E","R","M","T","M","?","R","?","E","R","B"],"character_chosen":"IRONCLAD","items_purchased":["Brimstone"],"campfire_rested":2,"item_purchase_floors":[19],"current_hp_per_floor":[72,78,75,70,70,70,67,57,57,57,37,23,13,19,58,31,68,52,52,54,54,48,32,32,34,34,33,33,72,72,63,63,0,0],"gold":236,"neow_bonus":"THREE_CARDS","is_daily":false,"chose_seed":false,"campfire_upgraded":4,"win_rate":0.0,"timestamp":1610452614,"path_taken":["M","?","M","M","$","R","?","E","T","R","?","E","M","M","R","BOSS","M","$","M","?","?","E","R","M","T","M","?","R","?","E","R","BOSS"],"items_purchased_type":["Relic"],"build_version":"2020-12-22","purchased_purges":2,"victory":false,"max_hp_per_floor":[80,80,80,80,80,80,80,80,80,80,80,80,80,80,80,80,80,80,80,80,80,80,80,80,80,80,80,80,80,80,87,87,87,87],"card_choices":[{"not_picked":["Blood for Blood","Sword Boomerang"],"picked":"Heavy Blade","floor":0.0},{"not_picked":["Combust","Whirlwind"],"picked":"Spot Weakness","floor":1.0},{"not_picked":["Combust","True Grit"],"picked":"Body Slam","floor":2.0},{"not_picked":["True Grit","Armaments","Flex"],"picked":"SKIP","floor":3.0},{"not_picked":["Shrug It Off","Clash"],"picked":"Metallicize","floor":4.0},{"not_picked":["Inflame","Twin Strike"],"picked":"Shrug It Off","floor":8.0},{"not_picked":["Armaments","Perfected Strike"],"picked":"Entrench","floor":12},{"not_picked":["Pommel Strike","Burning Pact","Armaments"],"picked":"SKIP","floor":13},{"not_picked":["Sentinel","Sword Boomerang"],"picked":"Inflame","floor":14},{"not_picked":["Corruption","Exhume"],"picked":"Impervious","floor":16},{"not_picked":["Thunderclap","Cleave"],"picked":"Metallicize","floor":18},{"not_picked":["Shrug It Off","Evolve+1","Anger"],"picked":"SKIP","floor":20},{"not_picked":["Berserk","Iron Wave+1"],"picked":"Entrench+1","floor":23},{"not_picked":["Dropkick","Twin Strike"],"picked":"Seeing Red+1","floor":25},{"not_picked":["Iron Wave","Uppercut","Clash+1"],"picked":"SKIP","floor":27},{"not_picked":["Pommel Strike","Anger+1"],"picked":"Battle Trance+1","floor":31}],"player_experience":322426,"relics_obtained":[{"floor":8.0,"key":"Omamori"},{"floor":9.0,"key":"Bronze Scales"},{"floor":11.0,"key":"Odd Mushroom"},{"floor":12,"key":"Lantern"},{"floor":17,"key":"Orichalcum"},{"floor":17,"key":"Sundial"},{"floor":17,"key":"Charon\u0027s Ashes"},{"floor":23,"key":"Boot"},{"floor":26,"key":"Juzu Bracelet"},{"floor":31,"key":"Strawberry"}],"event_choices":[{"damage_healed":0.0,"max_hp_gain":0.0,"max_hp_loss":0.0,"gold_gain":0.0,"event_name":"Scrap Ooze","player_choice":"Success","floor":7.0,"gold_loss":0.0,"damage_taken":3.0,"relics_obtained":["Regal Pillow"]},{"damage_healed":0.0,"max_hp_gain":0.0,"max_hp_loss":0.0,"gold_gain":0.0,"event_name":"Mushrooms","player_choice":"Fought Mushrooms","floor":11.0,"gold_loss":0.0,"damage_taken":0.0},{"damage_healed":0,"gold_gain":0,"cards_transformed":["Strike_R","Defend_R"],"player_choice":"Became Test Subject","damage_taken":0,"max_hp_gain":0,"max_hp_loss":0,"event_name":"Drug Dealer","floor":21,"gold_loss":0,"cards_obtained":["True Grit","Thunderclap"]},{"damage_healed":0,"gold_gain":0,"player_choice":"","damage_taken":6,"max_hp_gain":0,"max_hp_loss":0,"event_name":"Knowing Skull","floor":22,"potions_obtained":[],"gold_loss":0,"cards_obtained":[]},{"damage_healed":0,"gold_gain":0,"player_choice":"3 cards matched","damage_taken":0,"max_hp_gain":0,"max_hp_loss":0,"event_name":"Match and Keep!","floor":28,"gold_loss":0,"cards_obtained":["Discovery","Flame Barrier","Exhume"]},{"damage_healed":0,"gold_gain":0,"player_choice":"Ignored","damage_taken":0,"max_hp_gain":0,"max_hp_loss":0,"event_name":"Vampires","floor":30,"gold_loss":0}],"is_beta":false,"boss_relics":[{"not_picked":["Sozu","Coffee Dripper"],"picked":"Calling Bell"}],"items_purged_floors":[5,19],"is_endless":false,"potions_floor_spawned":[1,3,11,16,18,20,25],"killed_by":"Collector","ascension_level":7}}