{"host":"rf8av8ahefvxcu9p","time":1610422442,"event":{"mods":["BaseMod","BetterRewards","Colored Powertips","Infinite Spire","Minty Spire (QoL Compilation)","Replay The Spire","StSLib"],"gold_per_floor":[109,127,146,166,17,33,33,59,113,113,10,10,10,30,30,128,128,139,158,170,96,115,115,115,115,115,141,141,141,141,151,151,250,250,260,260,260,260,270,270,100,100,100,100,100,100,112,126,126,126],"floor_reached":51,"playtime":4843,"items_purged":["Strike_B","Strike_B","Strike_B"],"score":615,"play_id":"f85b7098-30a8-4e22-9a7c-21f17146de26","local_time":"20210111213402","is_ascension_mode":false,"campfire_choices":[{"data":"Seek","floor":10,"key":"SMITH"},{"data":"Hologram","floor":13,"key":"SMITH"},{"data":"Capacitor","floor":15,"key":"SMITH"},{"data":"Consume","floor":23,"key":"SMITH"},{"data":"ReplayTheSpireMod:Calculation Training","floor":25,"key":"SMITH"},{"data":"infinitespire:NeuralNetwork","floor":30,"key":"SMITH"},{"data":"infinitespire:SevenWalls","floor":32,"key":"SMITH"},{"data":"Mirror Shield","floor":40,"key":"SMITH"},{"data":"Storm","floor":42,"key":"SMITH"},{"data":"Coolheaded","floor":46,"key":"SMITH"},{"floor":49,"key":"REST"},{"data":"Enlightenment","floor":49,"key":"SMITH"}],"circlet_count":0,"master_deck":["Defend_B","Defend_B","Defend_B","Zap","Dualcast","Thunder Strike","Coolheaded+1","Leap","Streamline","Hologram+1","Capacitor+1","Coolheaded+1","Mirror Shield+1","Ball Lightning","Consume+1","Crystallizer","ReplayTheSpireMod:Calculation Training+1","Heatsinks","Creative AI+1","infinitespire:NeuralNetwork+1","infinitespire:SevenWalls+1","Amplify","Trip","Enlightenment+1","Darkness","Storm+1","Barrage+1"],"relics":["Cracked Core","Du-Vu Doll","Pen Nib","Sozu","Boot","Sundial","Gremlin Food","Inserter","infinitespire:Magic Flask"],"acts_visited":["Exordium","TheCity","TheBeyond"],"potions_floor_usage":[4,14,16,33],"damage_taken":[{"damage":0,"enemies":"2 Louse","floor":1,"turns":2},{"damage":2,"enemies":"Small Slimes","floor":2,"turns":3},{"damage":0,"enemies":"Cultist","floor":3,"turns":3},{"damage":3,"enemies":"Large Slime","floor":4,"turns":5},{"damage":2,"enemies":"Exordium Wildlife","floor":6,"turns":4},{"damage":22,"enemies":"Lagavulin","floor":8,"turns":6},{"damage":7,"enemies":"Exordium Thugs","floor":14,"turns":4},{"damage":35,"enemies":"Fading Forest","floor":16,"turns":11},{"damage":6,"enemies":"3 Byrds","floor":18,"turns":5},{"damage":2,"enemies":"Spheric Guardian","floor":19,"turns":5},{"damage":19,"enemies":"Snake Plant","floor":20,"turns":6},{"damage":8,"enemies":"Centurion and Healer","floor":22,"turns":8},{"damage":14,"enemies":"Book of Stabbing","floor":27,"turns":5},{"damage":5,"enemies":"Cultist and Chosen","floor":31,"turns":7},{"damage":2,"enemies":"Collector","floor":33,"turns":11},{"damage":7,"enemies":"Orb Walker","floor":35,"turns":4},{"damage":18,"enemies":"3 Shapes","floor":39,"turns":4},{"damage":14,"enemies":"Spire Growth","floor":47,"turns":6},{"damage":0,"enemies":"Transient","floor":48,"turns":5},{"damage":10,"enemies":"Donu and Deca","floor":50,"turns":10}],"seed_played":"-5326174788423744126","potions_obtained":[{"floor":1,"key":"Block Potion"},{"floor":6,"key":"Explosive Potion"},{"floor":8,"key":"Regen Potion"},{"floor":12,"key":"Fire Potion"},{"floor":14,"key":"Ancient Potion"}],"is_trial":false,"path_per_floor":["M","M","M","M","$","M","?","E","T","R","$","?","R","M","R","B",null,"M","M","M","$","M","R","?","R","T","E","?","AVR","R","M","R","B",null,"M","?","?","?","M","R","$","R","T","$","?","R","M","M","R","B",null],"character_chosen":"DEFECT","items_purchased":["Streamline","Hologram","Capacitor","Coolheaded","Crystallizer","Storm"],"campfire_rested":1,"item_purchase_floors":[5,5,11,11,21,41],"current_hp_per_floor":[75,73,73,70,70,68,61,39,39,39,39,39,39,32,32,12,75,69,67,48,48,40,40,40,40,40,26,26,26,26,21,21,19,75,68,68,58,58,40,40,40,40,40,40,40,40,26,26,48,38],"gold":126,"neow_bonus":"TRANSFORM_CARD","is_daily":false,"chose_seed":false,"campfire_upgraded":11,"win_rate":0.0,"timestamp":1610422442,"path_taken":["M","M","M","M","$","M","?","E","T","R","$","?","R","?","R","BOSS","M","M","M","$","M","R","?","R","T","E","?","AVR","R","?","R","BOSS","M","?","?","?","M","R","$","R","T","?","?","R","M","M","R","BOSS"],"items_purchased_type":["Card","Card","Card","Card","Card","Card"],"build_version":"2020-12-22","purchased_purges":3,"victory":true,"max_hp_per_floor":[75,75,75,75,75,75,75,75,75,75,75,75,75,75,75,75,75,75,75,75,75,75,75,75,75,75,75,75,75,75,75,75,75,75,75,75,75,75,75,75,75,75,75,75,75,75,75,75,75,75],"card_choices":[{"not_picked":["Leap","Ball Lightning"],"picked":"Coolheaded","floor":1},{"not_picked":["Beam Cell","Stack"],"picked":"Ball Lightning","floor":2},{"not_picked":["ReplaySolidLightProjector","Sweeping Beam"],"picked":"Leap","floor":3},{"not_picked":["Compile Driver","Rebound","Redo"],"picked":"SKIP","floor":4},{"not_picked":["Gash","Redo","Hello World"],"picked":"SKIP","floor":6},{"not_picked":["ReplayTheSpireMod:Omega Cannon","Double Energy"],"picked":"Seek","floor":8},{"not_picked":["Beam Cell","Hologram","Steam"],"picked":"SKIP","floor":14},{"not_picked":["Hyperbeam","Multi-Cast"],"picked":"Mirror Shield","floor":16},{"not_picked":["Conserve Battery","ReplayTheSpireMod:Reroute Power"],"picked":"Ball Lightning","floor":18},{"not_picked":["Force Field","Coolheaded","Redo"],"picked":"SKIP","floor":19},{"not_picked":["Gash","Panic Button"],"picked":"Consume","floor":20},{"not_picked":["Crystallizer","Hello World+1"],"picked":"ReplayTheSpireMod:Calculation Training","floor":22},{"not_picked":["Conserve Battery","Panic Button"],"picked":"Heatsinks","floor":27},{"not_picked":["Ball Lightning","Machine Learning","Scrape"],"picked":"SKIP","floor":31},{"not_picked":["Meteor Strike","Seek"],"picked":"Amplify","floor":33},{"not_picked":["Rebound","Panic Button","ReplayTheSpireMod:Repulse"],"picked":"SKIP","floor":35},{"not_picked":["Blind","Flash of Steel"],"picked":"Trip","floor":37},{"not_picked":["Thinking Ahead","Transmutation"],"picked":"Enlightenment","floor":37},{"not_picked":["Conserve Battery+1","Gash"],"picked":"Darkness","floor":39},{"not_picked":["Redo+1","Reinforced Body"],"picked":"Barrage+1","floor":47},{"not_picked":["Force Field","Turbo","Coolheaded+1"],"picked":"SKIP","floor":48}],"player_experience":351505,"relics_obtained":[{"floor":8,"key":"Du-Vu Doll"},{"floor":9,"key":"Pen Nib"},{"floor":26,"key":"Boot"},{"floor":27,"key":"Sundial"},{"floor":43,"key":"infinitespire:Magic Flask"}],"event_choices":[{"cards_removed":["Defend_B"],"damage_healed":0,"gold_gain":0,"player_choice":"Card Removal","damage_taken":7,"max_hp_gain":0,"max_hp_loss":0,"event_name":"Golden Wing","floor":7,"gold_loss":0},{"damage_healed":0,"gold_gain":0,"player_choice":"Got Potions","damage_taken":0,"max_hp_gain":0,"max_hp_loss":0,"event_name":"Lab","floor":12,"gold_loss":0},{"cards_removed":["Seek"],"damage_healed":0,"gold_gain":0,"player_choice":"Took Card","damage_taken":0,"max_hp_gain":0,"max_hp_loss":0,"event_name":"NoteForYourself","floor":28,"gold_loss":0,"cards_obtained":["Creative AI"]},{"damage_healed":0,"gold_gain":0,"player_choice":"Ignored","damage_taken":0,"max_hp_gain":0,"max_hp_loss":0,"event_name":"Tomb of Lord Red Mask","floor":36,"gold_loss":0},{"damage_healed":0,"gold_gain":0,"player_choice":"Memory 3","damage_taken":10,"max_hp_gain":0,"max_hp_loss":0,"event_name":"SensoryStone","floor":37,"gold_loss":0},{"cards_removed":["Ball Lightning"],"damage_healed":0,"gold_gain":0,"player_choice":"Removed Attack","damage_taken":0,"max_hp_gain":0,"max_hp_loss":0,"event_name":"Falling","floor":38,"gold_loss":0},{"damage_healed":0,"gold_gain":0,"player_choice":"Upgraded","damage_taken":0,"max_hp_gain":0,"max_hp_loss":0,"event_name":"Upgrade Shrine","floor":45,"gold_loss":0,"cards_upgraded":["Coolheaded"]}],"is_beta":false,"boss_relics":[{"not_picked":["Tiny House","Calling Bell"],"picked":"Sozu"},{"not_picked":["Empty Cage","Ring of Chaos"],"picked":"Inserter"}],"items_purged_floors":[5,29,41],"is_endless":false,"potions_floor_spawned":[1,6,8,14,19,27,31,39,47],"ascension_level":0}}