{"host":"1c52r9kaxdyo25eq","time":1610423497,"event":{"mods":["AchievementEnabler","BaseMod","Minty Spire (QoL Compilation)","Rare Cards Sparkle","SuperFastMode","everything is the same but u backflip on backflip"],"gold_per_floor":[111,129,140,290,178,178,194,214,214,233,233,233,233,283,283,283,283],"floor_reached":16,"playtime":321,"items_purged":["Doubt"],"score":184,"play_id":"440cb686-d38c-4c45-9e48-d143e0202ada","local_time":"20210112125137","is_ascension_mode":true,"campfire_choices":[{"data":"Crippling Poison","floor":6.0,"key":"SMITH"},{"data":"Well Laid Plans","floor":12.0,"key":"SMITH"},{"data":"Dagger Spray","floor":15,"key":"SMITH"}],"circlet_count":0,"master_deck":["AscendersBane","Strike_G","Strike_G","Strike_G","Strike_G","Strike_G","Defend_G","Defend_G","Defend_G","Defend_G","Survivor","Neutralize","Dagger Throw","Crippling Poison+1","Quick Slash","Well Laid Plans+1","Dagger Spray+1","Quick Slash"],"relics":["Ring of the Snake","Incense Burner","Meat on the Bone"],"acts_visited":["Exordium"],"potions_floor_usage":[],"damage_taken":[{"damage":11.0,"enemies":"Jaw Worm","floor":1.0,"turns":4.0},{"damage":0.0,"enemies":"2 Louse","floor":2.0,"turns":3.0},{"damage":8.0,"enemies":"Small Slimes","floor":3.0,"turns":3.0},{"damage":5.0,"enemies":"Red Slaver","floor":7.0,"turns":5.0},{"damage":0.0,"enemies":"2 Fungi Beasts","floor":8.0,"turns":4.0},{"damage":12.0,"enemies":"Gremlin Gang","floor":10.0,"turns":3.0},{"damage":19,"enemies":"Hexaghost","floor":16,"turns":9}],"seed_played":"2013214200311730486","potions_obtained":[{"floor":1.0,"key":"SpeedPotion"},{"floor":3.0,"key":"SneckoOil"}],"is_trial":false,"path_per_floor":["M","M","M","?","$","R","M","M","T","M","?","R","?","?","R","B"],"character_chosen":"THE_SILENT","items_purchased":["Well Laid Plans"],"campfire_rested":0,"item_purchase_floors":[5],"current_hp_per_floor":[33,33,25,25,25,25,20,20,20,20,42,42,42,36,36,17,17],"gold":283,"neow_bonus":"ONE_RARE_RELIC","is_daily":false,"chose_seed":false,"campfire_upgraded":3,"win_rate":0.0,"timestamp":1610423497,"path_taken":["M","M","M","?","$","R","M","M","T","M","?","R","?","?","R","BOSS"],"items_purchased_type":["Card"],"build_version":"2020-12-22","purchased_purges":1,"victory":false,"max_hp_per_floor":[66,66,66,66,66,66,66,66,66,66,66,66,66,66,66,66,66],"card_choices":[{"not_picked":["Distraction","Heel Hook"],"picked":"Dagger Throw","floor":1.0},{"not_picked":["Expertise","Outmaneuver"],"picked":"Crippling Poison","floor":2.0},{"not_picked":["Acrobatics","Catalyst"],"picked":"Quick Slash","floor":3.0},{"not_picked":["Backflip","Setup"],"picked":"Dagger Spray","floor":7.0},{"not_picked":["Predator","Dagger Spray","Deadly Poison"],"picked":"SKIP","floor":8.0},{"not_picked":["Burst","Crippling Poison","Slice"],"picked":"SKIP","floor":10.0}],"player_experience":579711,"relics_obtained":[{"floor":9.0,"key":"Meat on the Bone"}],"event_choices":[{"damage_healed":0.0,"max_hp_gain":0.0,"max_hp_loss":0.0,"gold_gain":150.0,"event_name":"Liars Game","player_choice":"AGREE","floor":4.0,"gold_loss":0.0,"damage_taken":0.0,"cards_obtained":["Doubt"]},{"damage_healed":22.0,"max_hp_gain":0.0,"max_hp_loss":0.0,"gold_gain":0.0,"event_name":"Big Fish","player_choice":"Banana","floor":11.0,"gold_loss":0.0,"damage_taken":0.0},{"damage_healed":0.0,"max_hp_gain":0.0,"max_hp_loss":0.0,"gold_gain":0.0,"cards_transformed":["Defend_G"],"event_name":"Living Wall","player_choice":"Change","floor":13.0,"gold_loss":0.0,"damage_taken":0.0,"cards_obtained":["Quick Slash"]},{"damage_healed":0,"gold_gain":50,"player_choice":"Touch","damage_taken":6,"max_hp_gain":0,"max_hp_loss":0,"event_name":"FaceTrader","floor":14,"gold_loss":0}],"is_beta":false,"boss_relics":[],"items_purged_floors":[5],"is_endless":false,"potions_floor_spawned":[1,3,8],"killed_by":"Hexaghost","ascension_level":20}}