{"host":"uxq2rly8rxtwffuf","time":1610432635,"event":{"mods":["BaseMod","Koishi","Minty Spire (QoL Compilation)","StSLib","The Servant 0.9.4"],"gold_per_floor":[110,127,182,202,48,79,79,97,97,97,97,110,110,125,125,230,230,241,93,106,106,126,126,126,139,211,31,31,61,61,78,78,78,78],"floor_reached":33,"playtime":1515,"items_purged":["Strike_G","Strike_G"],"score":517,"play_id":"430aa10d-92a0-4a50-af1a-c866f970ab7e","local_time":"20210112092355","is_ascension_mode":true,"campfire_choices":[{"data":"Neutralize","floor":7,"key":"SMITH"},{"data":"Predator","floor":11,"key":"SMITH"},{"floor":13,"key":"REST"},{"floor":15,"key":"RECALL"},{"floor":23,"key":"REST"},{"floor":30,"key":"REST"},{"floor":32,"key":"REST"}],"circlet_count":0,"master_deck":["AscendersBane","Strike_G","Strike_G","Strike_G","Defend_G","Defend_G","Defend_G","Defend_G","Defend_G","Survivor","Neutralize+1","Quick Slash","Predator+1","Quick Slash","Infinite Blades","Glass Knife","Infinite Blades","Infinite Blades","Neutralize+1","Infinite Blades"],"relics":["Ring of the Snake","FossilizedHelix","Singing Bowl","Kunai","WristBlade","Anchor","Tingsha"],"acts_visited":["Exordium","TheCity"],"potions_floor_usage":[6,8,18,25],"damage_taken":[{"damage":0,"enemies":"Jaw Worm","floor":1,"turns":6},{"damage":0,"enemies":"2 Louse","floor":2,"turns":3},{"damage":0,"enemies":"Small Slimes","floor":4,"turns":3},{"damage":7,"enemies":"3 Sentries","floor":6,"turns":8},{"damage":25,"enemies":"Gremlin Gang","floor":8,"turns":6},{"damage":6,"enemies":"2 Fungi Beasts","floor":12,"turns":3},{"damage":10,"enemies":"Exordium Thugs","floor":14,"turns":5},{"damage":35,"enemies":"Hexaghost","floor":16,"turns":14},{"damage":0,"enemies":"3 Byrds","floor":18,"turns":5},{"damage":13,"enemies":"2 Thieves","floor":20,"turns":4},{"damage":23,"enemies":"Centurion and Healer","floor":22,"turns":11},{"damage":28,"enemies":"Snake Plant","floor":25,"turns":6},{"damage":0,"enemies":"Gremlin Leader","floor":29,"turns":8},{"damage":15,"enemies":"Shelled Parasite and Fungi","floor":31,"turns":5},{"damage":73,"enemies":"Automaton","floor":33,"turns":6}],"seed_played":"-2503177121975354803","potions_obtained":[{"floor":1,"key":"Strength Potion"},{"floor":6,"key":"Dexterity Potion"},{"floor":16,"key":"LiquidMemories"},{"floor":22,"key":"Dexterity Potion"}],"is_trial":false,"path_per_floor":["M","M","?","M","$","E","R","M","T","?","R","M","R","M","R","B",null,"M","$","M","?","M","R","?","M","T","$","?","E","R","M","R","B"],"character_chosen":"THE_SILENT","items_purchased":["Infinite Blades","Anchor","Infinite Blades"],"campfire_rested":4,"item_purchase_floors":[5,19,27],"current_hp_per_floor":[45,45,45,45,45,40,40,17,17,41,41,37,59,51,51,16,63,65,65,54,54,33,58,58,32,32,32,32,32,57,44,70,0,0],"gold":78,"neow_bonus":"ONE_RARE_RELIC","is_daily":false,"chose_seed":false,"campfire_upgraded":2,"win_rate":0.0,"timestamp":1610432635,"path_taken":["M","M","?","M","$","E","R","M","T","?","R","M","R","M","R","BOSS","M","$","M","?","M","R","?","M","T","$","?","E","R","?","R","BOSS"],"items_purchased_type":["Card","Relic","Card"],"build_version":"2020-12-22","purchased_purges":2,"victory":false,"max_hp_per_floor":[70,70,70,70,70,72,72,74,74,74,74,76,76,78,78,78,78,80,80,82,82,84,84,84,86,86,86,86,86,86,88,88,88,88],"card_choices":[{"not_picked":["Reflex","Acrobatics"],"picked":"Quick Slash","floor":1},{"not_picked":["Sucker Punch","Deadly Poison"],"picked":"Predator","floor":2},{"not_picked":["Underhanded Strike","Flechettes"],"picked":"Quick Slash","floor":4},{"not_picked":["Flying Knee","Concentrate","Bane"],"picked":"Singing Bowl","floor":6},{"not_picked":["Backflip","Predator","Poisoned Stab"],"picked":"Singing Bowl","floor":8},{"not_picked":["Expertise","PiercingWail","Slice"],"picked":"Singing Bowl","floor":12},{"not_picked":["All Out Attack","Flechettes","Deadly Poison"],"picked":"Singing Bowl","floor":14},{"not_picked":["Bullet Time","Burst"],"picked":"Glass Knife","floor":16},{"not_picked":["Deflect","Backflip","Deadly Poison"],"picked":"Singing Bowl","floor":18},{"not_picked":["Well Laid Plans","Bouncing Flask","Heel Hook"],"picked":"Singing Bowl","floor":20},{"not_picked":["Predator","Dodge and Roll","Distraction"],"picked":"Singing Bowl","floor":22},{"not_picked":["Well Laid Plans","Heel Hook","Underhanded Strike"],"picked":"Singing Bowl","floor":25},{"not_picked":["Backflip","Poisoned Stab"],"picked":"Infinite Blades","floor":29},{"not_picked":["Outmaneuver","Bane+1","Sucker Punch"],"picked":"Singing Bowl","floor":31}],"player_experience":1382806,"relics_obtained":[{"floor":6,"key":"Singing Bowl"},{"floor":9,"key":"Kunai"},{"floor":29,"key":"Tingsha"}],"event_choices":[{"damage_healed":0,"gold_gain":55,"player_choice":"Gained Gold","damage_taken":0,"max_hp_gain":0,"max_hp_loss":0,"event_name":"Golden Wing","floor":3,"gold_loss":0},{"damage_healed":24,"gold_gain":0,"player_choice":"Banana","damage_taken":0,"max_hp_gain":0,"max_hp_loss":0,"event_name":"Big Fish","floor":10,"gold_loss":0},{"damage_healed":0,"gold_gain":0,"player_choice":"Ignored","damage_taken":0,"max_hp_gain":0,"max_hp_loss":0,"event_name":"Ghosts","floor":21,"gold_loss":0},{"damage_healed":0,"gold_gain":0,"player_choice":"Read","damage_taken":0,"max_hp_gain":0,"max_hp_loss":0,"event_name":"The Library","floor":24,"gold_loss":0,"cards_obtained":["Infinite Blades"]},{"damage_healed":0,"gold_gain":0,"player_choice":"Copied","damage_taken":0,"max_hp_gain":0,"max_hp_loss":0,"event_name":"Duplicator","floor":28,"gold_loss":0,"cards_obtained":["Neutralize"]}],"is_beta":false,"boss_relics":[{"not_picked":["Velvet Choker","Empty Cage"],"picked":"WristBlade"}],"items_purged_floors":[5,27],"is_endless":false,"potions_floor_spawned":[1,6,16,22],"killed_by":"Automaton","ascension_level":12}}