{"host":"4ftwfwncs88tvnc0","time":1610489907,"event":{"mods":["AchievementEnabler","Arknights The Spire","Aspiration","BaseMod","Beaked The Cultist","Bestiary","Better Altar","Better Match","Better Note","Better Sensory Stone","Better Skull","Better Third Choice","Clawfect","Colored Map","Conspire","Downfall","GifTheSpireLib","Halation","Hubris","Infinite Spire","Mad Scientist","Mimic Mod","Minty Spire (QoL Compilation)","Replay The Spire","Shade Mod","Shop Mod","Spicy Shops","StSLib","Stuff the Spire","The Construct","The Cursed","The Disciple","The Necromancer","The Servant 0.9.4"],"gold_per_floor":[111,111,131,147,164,164,164],"floor_reached":6,"language":"ENG","playtime":360,"items_purged":[],"score":38,"play_id":"5bd95b8e-d9af-4500-9d56-2aaac9cdbd5f","local_time":"20210112221827","is_ascension_mode":false,"campfire_choices":[],"circlet_count":0,"master_deck":["beaked:Strike_Y","beaked:Strike_Y","beaked:Strike_Y","beaked:Strike_Y","beaked:Strike_Y","beaked:Strike_Y","beaked:Defend_Y","beaked:Defend_Y","beaked:Defend_Y","beaked:Defend_Y","beaked:Ceremony","beaked:Ceremony","beaked:Ceremony+1","beaked:DigDeep","beaked:FeelMyPain","beaked:WarriorEssence","beaked:BraceForImpact"],"relics":["beaked:MendingPlumage","StuffTheSpire:OldFever"],"acts_visited":["Exordium"],"potions_floor_usage":[6],"damage_taken":[{"damage":0,"enemies":"conspire:RoseBush","floor":1,"turns":4},{"damage":24,"enemies":"infinitespire:Voidling","floor":3,"turns":6},{"damage":25,"enemies":"2 Louse","floor":4,"turns":1},{"damage":27,"enemies":"Looter","floor":5,"turns":5},{"damage":38,"enemies":"3 Sentries","floor":6,"turns":5}],"seed_played":"-2282758197409689526","potions_obtained":[{"floor":3,"key":"FairyPotion"},{"floor":5,"key":"SpeedPotion"}],"is_trial":false,"path_per_floor":["M","?","M","M","M","E"],"character_chosen":"BEAKED_THE_CULTIST","items_purchased":[],"campfire_rested":0,"item_purchase_floors":[],"current_hp_per_floor":[50,50,50,28,17,17,17],"gold":164,"neow_bonus":"RANDOM_COMMON_RELIC","is_daily":false,"chose_seed":false,"campfire_upgraded":0,"win_rate":0.0,"timestamp":1610489907,"path_taken":["M","?","M","M","M","E"],"items_purchased_type":[],"build_version":"2020-12-22","purchased_purges":0,"victory":false,"max_hp_per_floor":[50,50,50,50,50,50,50],"card_choices":[{"not_picked":["beaked:CursingBlood","beaked:Cower"],"picked":"beaked:DigDeep","floor":1},{"not_picked":["beaked:VigorBurst","beaked:Resilience"],"picked":"beaked:FeelMyPain","floor":3},{"not_picked":["beaked:MimicMachine","beaked:Poke"],"picked":"beaked:WarriorEssence","floor":4},{"not_picked":["beaked:BloodForTheGods","beaked:Mantra"],"picked":"beaked:BraceForImpact","floor":5}],"player_experience":119647,"relics_obtained":[],"event_choices":[{"damage_healed":0,"gold_gain":0,"player_choice":"Upgraded","damage_taken":0,"max_hp_gain":0,"max_hp_loss":0,"event_name":"Upgrade Shrine","floor":2,"gold_loss":0,"cards_upgraded":["beaked:Ceremony"]}],"is_beta":false,"boss_relics":[],"items_purged_floors":[],"is_endless":false,"potions_floor_spawned":[3,5],"killed_by":"3 Sentries","ascension_level":0}}