{"host":"l60rmjjsfi0fipmi","time":1610495639,"event":{"mods":["BaseMod","Colored Map","DeckTracker","Highlight Path","Minty Spire (QoL Compilation)"],"gold_per_floor":[115,128,128,128,151,151,165,165,165,204,204,225,266,188,188,316,316,335,335,354,375,375,375,406,261,286,95,10,34,0,0,0,0,0],"floor_reached":33,"language":"ENG","playtime":2995,"items_purged":["Defend_P","Defend_P"],"score":343,"play_id":"e80d96c5-2394-497c-89e4-b15bbcb57a3b","local_time":"20210112185359","is_ascension_mode":true,"campfire_choices":[{"data":"Eruption","floor":6,"key":"SMITH"},{"data":"Consecrate","floor":8,"key":"SMITH"},{"data":"Meditate","floor":15,"key":"SMITH"},{"floor":23,"key":"REST"},{"floor":32,"key":"REST"}],"circlet_count":0,"master_deck":["Strike_P","Strike_P","Defend_P","Defend_P+1","Eruption+1","Vigilance","ReachHeaven","FlyingSleeves","Consecrate+1","Injury","FollowUp","ClearTheMind","Meditate+1","FearNoEvil","Halt","Protect","Evaluate","CutThroughFate","LessonLearned","EmptyBody+1","Crescendo+1","Tantrum","FlurryOfBlows"],"relics":["PureWater","Golden Idol","Oddly Smooth Stone","Question Card","Matryoshka","Bottled Lightning","CeramicFish","Boot","Sundial"],"acts_visited":["Exordium","TheCity"],"potions_floor_usage":[13,21,29,33,33],"damage_taken":[{"damage":0,"enemies":"2 Louse","floor":1,"turns":3},{"damage":0,"enemies":"Small Slimes","floor":2,"turns":2},{"damage":0,"enemies":"Cultist","floor":5,"turns":3},{"damage":0,"enemies":"Gremlin Gang","floor":7,"turns":4},{"damage":20,"enemies":"Lagavulin","floor":10,"turns":5},{"damage":0,"enemies":"2 Fungi Beasts","floor":12,"turns":2},{"damage":0,"enemies":"Gremlin Nob","floor":13,"turns":2},{"damage":9,"enemies":"The Guardian","floor":16,"turns":8},{"damage":25,"enemies":"Spheric Guardian","floor":18,"turns":6},{"damage":5,"enemies":"Chosen","floor":20,"turns":4},{"damage":32,"enemies":"Snake Plant","floor":21,"turns":5},{"damage":39,"enemies":"Book of Stabbing","floor":24,"turns":6},{"damage":1,"enemies":"3 Cultists","floor":29,"turns":4},{"damage":48,"enemies":"Champ","floor":33,"turns":7}],"seed_played":"7808829737703864041","potions_obtained":[{"floor":2,"key":"AttackPotion"},{"floor":5,"key":"BlessingOfTheForge"},{"floor":12,"key":"FearPotion"},{"floor":20,"key":"StancePotion"},{"floor":21,"key":"Explosive Potion"}],"is_trial":false,"path_per_floor":["M","M","?","?","M","R","M","R","T","E","?","M","E","$","R","B",null,"M","?","M","M","?","R","E","$","T","$","?","M","?","$","R","B"],"character_chosen":"WATCHER","items_purchased":["Evaluate","CutThroughFate","Tantrum","FlurryOfBlows","Block Potion"],"campfire_rested":2,"item_purchase_floors":[14,14,25,27,27],"current_hp_per_floor":[72,72,72,77,77,77,77,77,77,57,57,57,57,57,57,48,77,52,40,35,3,3,26,17,17,17,17,17,16,16,16,39,0,0],"gold":0,"neow_bonus":"TRANSFORM_CARD","is_daily":false,"chose_seed":false,"campfire_upgraded":3,"win_rate":0.0,"timestamp":1610495639,"path_taken":["M","M","?","?","M","R","M","R","T","E","?","M","E","$","R","BOSS","M","?","M","?","?","R","E","$","T","$","?","M","?","?","R","BOSS"],"items_purchased_type":["Card","Card","Card","Card","Potion"],"build_version":"2020-12-22","purchased_purges":2,"victory":false,"max_hp_per_floor":[72,72,72,77,77,77,77,77,77,77,77,77,77,77,77,77,77,77,77,77,77,77,77,77,77,77,77,77,77,77,77,77,77,77],"card_choices":[{"not_picked":["Nirvana","SandsOfTime"],"picked":"FlyingSleeves","floor":1},{"not_picked":["Halt","PathToVictory"],"picked":"Consecrate","floor":2},{"not_picked":["Consecrate","CrushJoints"],"picked":"FollowUp","floor":5},{"not_picked":["Perseverance","Protect"],"picked":"ClearTheMind","floor":7},{"not_picked":["ThirdEye","Wallop"],"picked":"Meditate","floor":10},{"not_picked":["BattleHymn","JustLucky","PathToVictory"],"picked":"Halt","floor":12},{"not_picked":["ThirdEye","MentalFortress","ReachHeaven"],"picked":"Protect","floor":13},{"not_picked":["DeusExMachina","Scrawl","Blasphemy"],"picked":"LessonLearned","floor":16},{"not_picked":["CrushJoints","EmptyMind","BowlingBash"],"picked":"EmptyBody+1","floor":18},{"not_picked":["PathToVictory+1","Halt","SashWhip","Fasting2+1"],"picked":"SKIP","floor":20},{"not_picked":["EmptyBody","WreathOfFlame","Collect"],"picked":"Crescendo+1","floor":21},{"not_picked":["Sanctity","Wireheading+1","Crescendo","Establishment"],"picked":"SKIP","floor":24},{"not_picked":["Evaluate","ClearTheMind","FlurryOfBlows","ReachHeaven"],"picked":"SKIP","floor":29}],"player_experience":358529,"relics_obtained":[{"floor":9,"key":"Oddly Smooth Stone"},{"floor":10,"key":"Question Card"},{"floor":13,"key":"Matryoshka"},{"floor":24,"key":"Bottled Lightning"},{"floor":26,"key":"CeramicFish"},{"floor":26,"key":"Boot"}],"event_choices":[{"damage_healed":0,"gold_gain":0,"player_choice":"Take Wound","damage_taken":0,"relics_obtained":["Golden Idol"],"max_hp_gain":0,"max_hp_loss":0,"event_name":"Golden Idol","floor":3,"gold_loss":0,"cards_obtained":["Injury"]},{"damage_healed":0,"gold_gain":0,"player_choice":"Donut","damage_taken":0,"max_hp_gain":5,"max_hp_loss":0,"event_name":"Big Fish","floor":4,"gold_loss":0},{"damage_healed":0,"gold_gain":0,"cards_transformed":["Strike_P"],"player_choice":"Transformed","damage_taken":0,"max_hp_gain":0,"max_hp_loss":0,"event_name":"Transmorgrifier","floor":11,"gold_loss":0,"cards_obtained":["FearNoEvil"]},{"damage_healed":0,"gold_gain":0,"player_choice":"POTION ","damage_taken":12,"max_hp_gain":0,"max_hp_loss":0,"event_name":"Knowing Skull","floor":19,"potions_obtained":["FairyPotion"],"gold_loss":0,"cards_obtained":[]},{"damage_healed":0,"gold_gain":0,"player_choice":"Ignored","damage_taken":0,"max_hp_gain":0,"max_hp_loss":0,"event_name":"Ghosts","floor":22,"gold_loss":0},{"damage_healed":0,"gold_gain":0,"player_choice":"Obtained Relic","damage_taken":0,"relics_obtained":["Sundial"],"max_hp_gain":0,"max_hp_loss":0,"event_name":"Addict","floor":28,"gold_loss":85},{"damage_healed":0,"gold_gain":0,"player_choice":"Paid Fearfully","damage_taken":0,"max_hp_gain":0,"max_hp_loss":0,"event_name":"Masked Bandits","floor":30,"gold_loss":34}],"is_beta":false,"boss_relics":[{"not_picked":["Runic Dome","Fusion Hammer","Cursed Key"]}],"items_purged_floors":[25,27],"is_endless":false,"potions_floor_spawned":[2,5,12,20,21],"killed_by":"Champ","ascension_level":3}}