{"host":"m2106ztvmcgfoyc9","time":1610465819,"event":{"mods":["BaseMod","Minty Spire (QoL Compilation)","Relic Stats"],"gold_per_floor":[115,2,2,2,27,58,1,1,1],"floor_reached":8,"playtime":197,"items_purged":[],"score":108,"play_id":"fa4aa296-3122-43c4-aa14-b9d73912b9d0","local_time":"20210112163659","is_ascension_mode":true,"campfire_choices":[],"circlet_count":0,"master_deck":["AscendersBane","Strike_B","Strike_B","Strike_B","Strike_B","Defend_B","Defend_B","Defend_B","Defend_B","Zap","Dualcast","Compile Driver","Ball Lightning","Compile Driver","Rainbow"],"relics":["Fusion Hammer","Golden Idol","Nunchaku","Happy Flower"],"acts_visited":["Exordium"],"potions_floor_usage":[6,8,8],"damage_taken":[{"damage":1,"enemies":"Cultist","floor":1,"turns":3},{"damage":4,"enemies":"Small Slimes","floor":5,"turns":3},{"damage":15,"enemies":"3 Sentries","floor":6,"turns":6},{"damage":8,"enemies":"Gremlin Nob","floor":8,"turns":3}],"seed_played":"7259202649306743780","potions_obtained":[{"floor":6,"key":"Regen Potion"}],"is_trial":false,"path_per_floor":["M","$","?","?","M","E","$","E"],"character_chosen":"DEFECT","items_purchased":["Ball Lightning","Explosive Potion","SteroidPotion"],"campfire_rested":0,"item_purchase_floors":[2,2,7],"current_hp_per_floor":[63,63,63,28,24,9,9,10,10],"gold":1,"neow_bonus":"BOSS_RELIC","is_daily":false,"chose_seed":false,"campfire_upgraded":0,"win_rate":0.0,"timestamp":1610465819,"path_taken":["M","?","?","?","M","E","$","E"],"items_purchased_type":["Card","Potion","Potion"],"build_version":"2020-12-22","purchased_purges":0,"victory":false,"max_hp_per_floor":[71,71,64,64,64,64,64,64,64],"relic_stats":{"Nunchaku":[2],"Happy Flower":[1],"counters":[4,15],"Golden Idol":11,"obtain_stats":[{"Nunchaku":4,"Happy Flower":6,"Golden Idol":3,"Fusion Hammer":0,"Cracked Core":0},{"Nunchaku":1,"Happy Flower":3,"Golden Idol":1,"Fusion Hammer":0,"Cracked Core":0},{"Nunchaku":3,"Happy Flower":12,"Golden Idol":3,"Fusion Hammer":0,"Cracked Core":0}]},"card_choices":[{"not_picked":["Rebound","Reinforced Body"],"picked":"Compile Driver","floor":1},{"not_picked":["Stack","Hologram"],"picked":"Compile Driver","floor":5},{"not_picked":["Beam Cell","Chill"],"picked":"Rainbow","floor":6}],"player_experience":978055,"relics_obtained":[{"floor":6,"key":"Happy Flower"}],"event_choices":[{"damage_healed":0,"gold_gain":0,"player_choice":"Lose Max HP","damage_taken":0,"relics_obtained":["Golden Idol"],"max_hp_gain":0,"max_hp_loss":7,"event_name":"Golden Idol","floor":3,"gold_loss":0},{"damage_healed":0,"gold_gain":0,"player_choice":"Success","damage_taken":35,"relics_obtained":["Nunchaku"],"max_hp_gain":0,"max_hp_loss":0,"event_name":"Scrap Ooze","floor":4,"gold_loss":0}],"is_beta":false,"boss_relics":[],"items_purged_floors":[],"is_endless":false,"potions_floor_spawned":[6],"killed_by":"Gremlin Nob","ascension_level":20}}