{"host":"vddkjx04kiwje1tk","time":1610425586,"event":{"mods":["AchievementEnabler","BaseMod","Colored Map","Minty Spire (QoL Compilation)","Quick Restart","SuperFastMode"],"gold_per_floor":[113,188,188,188,208,249,249,249,249,282,296,296,296,321,321,452,452,452,452],"floor_reached":18,"playtime":350,"items_purged":[],"score":270,"play_id":"6a4fc8ce-1d5a-4059-b7a5-7ad0f0be5f09","local_time":"20210112132626","is_ascension_mode":true,"campfire_choices":[{"data":"Perfected Strike","floor":8,"key":"SMITH"},{"floor":13,"key":"REST"},{"data":"Evolve","floor":15,"key":"SMITH"}],"circlet_count":0,"master_deck":["Strike_R+1","Strike_R+1","Strike_R","Strike_R","Strike_R","Defend_R","Defend_R","Defend_R","Bash","Perfected Strike+1","Pommel Strike","Evolve+1","Battle Trance","Berserk"],"relics":["Burning Blood","NeowsBlessing","Golden Idol","Mango","Paper Frog","Question Card"],"acts_visited":["Exordium","TheCity"],"potions_floor_usage":[10],"damage_taken":[{"damage":0,"enemies":"2 Louse","floor":1,"turns":1},{"damage":0,"enemies":"Jaw Worm","floor":5,"turns":1},{"damage":0,"enemies":"Gremlin Nob","floor":6,"turns":1},{"damage":20,"enemies":"Lagavulin","floor":10,"turns":4},{"damage":7,"enemies":"Small Slimes","floor":11,"turns":2},{"damage":16,"enemies":"Blue Slaver","floor":14,"turns":3},{"damage":12,"enemies":"Slime Boss","floor":16,"turns":8},{"damage":48,"enemies":"Shell Parasite","floor":18,"turns":5}],"seed_played":"4542455412314828575","potions_obtained":[{"floor":5,"key":"AttackPotion"},{"floor":6,"key":"Block Potion"},{"floor":14,"key":"Swift Potion"},{"floor":16,"key":"Explosive Potion"}],"is_trial":false,"path_per_floor":["M","?","?","?","M","E","?","R","T","E","M","$","R","M","R","B",null,"M"],"character_chosen":"IRONCLAD","items_purchased":[],"campfire_rested":1,"item_purchase_floors":[],"current_hp_per_floor":[78,67,47,40,46,66,47,47,47,33,32,32,60,50,50,44,82,34,34],"gold":452,"neow_bonus":"THREE_ENEMY_KILL","is_daily":false,"chose_seed":false,"campfire_upgraded":2,"win_rate":0.0,"timestamp":1610425586,"path_taken":["M","?","?","?","M","E","?","R","T","E","?","$","R","M","R","BOSS","M"],"items_purchased_type":[],"build_version":"2020-12-22","purchased_purges":0,"victory":false,"max_hp_per_floor":[80,80,80,80,80,94,94,94,94,94,94,94,94,94,94,94,94,94,94],"card_choices":[{"not_picked":["Sword Boomerang","Twin Strike"],"picked":"Perfected Strike","floor":1},{"not_picked":["Clash","Heavy Blade"],"picked":"Pommel Strike","floor":5},{"not_picked":["Sever Soul","Shrug It Off","Searing Blow"],"picked":"SKIP","floor":6},{"not_picked":["Pummel","True Grit"],"picked":"Evolve","floor":10},{"not_picked":["Rage","Body Slam","Bloodletting","Cleave"],"picked":"SKIP","floor":11},{"not_picked":["Armaments","Carnage","Reckless Charge"],"picked":"Battle Trance","floor":14},{"not_picked":["Immolate","Fiend Fire","Limit Break"],"picked":"Berserk","floor":16}],"player_experience":257741,"relics_obtained":[{"floor":6,"key":"Mango"},{"floor":9,"key":"Paper Frog"},{"floor":10,"key":"Question Card"}],"event_choices":[{"damage_healed":0,"gold_gain":75,"player_choice":"Gather Gold","damage_taken":11,"max_hp_gain":0,"max_hp_loss":0,"event_name":"World of Goop","floor":2,"gold_loss":0},{"damage_healed":0,"gold_gain":0,"player_choice":"Take Damage","damage_taken":20,"relics_obtained":["Golden Idol"],"max_hp_gain":0,"max_hp_loss":0,"event_name":"Golden Idol","floor":3,"gold_loss":0},{"cards_removed":["Defend_R"],"damage_healed":0,"gold_gain":0,"player_choice":"Card Removal","damage_taken":7,"max_hp_gain":0,"max_hp_loss":0,"event_name":"Golden Wing","floor":4,"gold_loss":0},{"damage_healed":0,"gold_gain":0,"player_choice":"Entered Light","damage_taken":19,"max_hp_gain":0,"max_hp_loss":0,"event_name":"Shining Light","floor":7,"gold_loss":0,"cards_upgraded":["Strike_R","Strike_R"]}],"is_beta":false,"boss_relics":[{"not_picked":["Runic Cube","Cursed Key","Fusion Hammer"]}],"items_purged_floors":[],"is_endless":false,"potions_floor_spawned":[5,6,14,16],"killed_by":"Shell Parasite","ascension_level":8}}