{"host":"qswkx8hggytna0kc","time":1610445063,"event":{"mods":["Aspiration","BaseMod","BetterRewards","Colored Map","Colored Powertips","Highlight Path","Hubris","Mimic Mod","Minty Spire (QoL Compilation)","MostiFishMod","Quick Restart","Replay The Spire","StSLib","SuperFastMode"],"gold_per_floor":[109,127,127,141,157,184,184,197,197,197,228,153,170,87,87,158,158,175,191,206,217,217,217,243,256,256,275,290,290,290],"floor_reached":29,"playtime":1123,"items_purged":["Pain"],"score":575,"play_id":"37a58381-6df5-4ed4-bf1b-bc23603f0dda","local_time":"20210112175103","is_ascension_mode":true,"campfire_choices":[{"data":"Zap","floor":7,"key":"SMITH"},{"data":"Dualcast","floor":10,"key":"SMITH"},{"floor":15,"key":"REST"},{"floor":23,"key":"REST"}],"circlet_count":0,"master_deck":["AscendersBane","Strike_B","Strike_B","Strike_B","Strike_B","Defend_B","Defend_B","Defend_B","Defend_B","Zap+1","Dualcast+1","Fission","Genetic Algorithm","White Noise","ReplayGash","ReplayTheSpireMod:System Scan","Scrape","Beam Cell","Scrape","MostiFishMod:InterfaceCompatibility","MostiFishMod:EE1D","MostiFishMod:EE1D","MostiFishMod:EE1D","Turbo","Hologram","hubris:DuctTapeCard","Go for the Eyes","Gash","Panic Button+1","Steam+1"],"relics":["Cracked Core","DaveBox","EGODaCapo","SynthV:TestCard","WarpedTongs","Emotion Chip","Gremlin Horn","hubris:Metronome","EE1DDrone","Nilry\u0027s Codex","hubris:DuctTape","Toxic Egg 2"],"acts_visited":["Exordium","TheCity"],"potions_floor_usage":[11,19,19,29],"damage_taken":[{"damage":2,"enemies":"Small Slimes","floor":1,"turns":3},{"damage":1,"enemies":"Cultist","floor":2,"turns":4},{"damage":5,"enemies":"Jaw Worm","floor":4,"turns":4},{"damage":6,"enemies":"Exordium Thugs","floor":5,"turns":5},{"damage":4,"enemies":"Replay:BlueRogue","floor":6,"turns":7},{"damage":4,"enemies":"Exordium Wildlife","floor":8,"turns":3},{"damage":16,"enemies":"Lagavulin","floor":11,"turns":7},{"damage":0,"enemies":"Looter","floor":13,"turns":3},{"damage":0,"enemies":"Slime Boss","floor":16,"turns":7},{"damage":12,"enemies":"2 Thieves","floor":18,"turns":5},{"damage":0,"enemies":"Shell Parasite","floor":19,"turns":6},{"damage":0,"enemies":"Centurion and Healer","floor":20,"turns":4},{"damage":10,"enemies":"Snake Plant","floor":21,"turns":6},{"damage":5,"enemies":"Replay:Snechameleon","floor":24,"turns":8},{"damage":0,"enemies":"Cultist and Chosen","floor":25,"turns":5},{"damage":22,"enemies":"Sentry and Sphere","floor":27,"turns":5},{"damage":0,"enemies":"Chosen and Byrds","floor":28,"turns":5},{"damage":18,"enemies":"Gremlin Leader","floor":29,"turns":4}],"seed_played":"5181545846121553983","potions_obtained":[{"floor":1,"key":"LifebloodPotion"},{"floor":4,"key":"SkillPotion"},{"floor":11,"key":"SkillPotion"},{"floor":19,"key":"Dexterity Potion"},{"floor":20,"key":"Weak Potion"},{"floor":25,"key":"PowerPotion"}],"is_trial":false,"path_per_floor":["M","M","?","M","M","E","R","M","T","R","E","$","M","$","R","B",null,"M","M","M","M","?","R","E","M","T","M","M","E"],"character_chosen":"DEFECT","items_purchased":["Scrape"],"campfire_rested":2,"item_purchase_floors":[14],"current_hp_per_floor":[62,61,61,56,50,46,46,42,42,42,26,26,26,26,47,47,65,53,53,53,43,22,43,38,38,38,16,16,0,0],"gold":290,"neow_bonus":"ONE_RANDOM_RARE_CARD","is_daily":false,"chose_seed":false,"campfire_upgraded":2,"win_rate":0.0,"timestamp":1610445063,"path_taken":["M","M","?","M","M","E","R","M","T","R","E","$","M","?","R","BOSS","M","M","M","M","?","R","E","M","T","M","M","E"],"items_purchased_type":["Card"],"build_version":"2020-12-22","purchased_purges":1,"victory":false,"max_hp_per_floor":[71,71,71,71,71,71,71,71,71,71,71,71,71,71,71,71,71,71,71,71,71,71,71,71,71,71,71,71,71,71],"card_choices":[{"not_picked":["Loop","ReplayTheSpireMod:Repulse"],"picked":"Genetic Algorithm","floor":1},{"not_picked":["Conserve Battery","Steam","Redo","Defragment"],"picked":"Gash","floor":2},{"not_picked":["Sweeping Beam","Static Discharge","Conserve Battery","MostiFishMod:PushDownKick"],"picked":"Go for the Eyes","floor":4},{"not_picked":["Conserve Battery","Redo","Beam Cell","BasicCrystalCard"],"picked":"White Noise","floor":5},{"not_picked":["Lockon","Melter","Coolheaded","Self Repair"],"picked":"ReplayGash","floor":6},{"not_picked":["Echo Form","Recycle","Chaos","Streamline"],"picked":"ReplayTheSpireMod:System Scan","floor":8},{"not_picked":["Stack","Loop","MostiFishMod:LinkProtocol","Biased Cognition"],"picked":"Scrape","floor":11},{"not_picked":["ReplaySort","Hologram","Chill","Ball Lightning"],"picked":"Beam Cell","floor":13},{"not_picked":["Multi-Cast","ReplayRNGCard","MostiFishMod:Distribution","Amplify"],"picked":"MostiFishMod:InterfaceCompatibility","floor":16},{"not_picked":["FIFO Queue","Leap","Melter","BasicCrystalCard+1","Capacitor"],"picked":"SKIP","floor":18},{"not_picked":["Barrage","Coolheaded","FIFO Queue","Genetic Algorithm"],"picked":"Turbo","floor":19},{"not_picked":["Hello World","Ball Lightning","Panic Button","Double Energy"],"picked":"Hologram","floor":20},{"not_picked":["MostiFishMod:PushDownKick","Chill","Sweeping Beam","BasicCrystalCard","MostiFishMod:Distribution"],"picked":"SKIP","floor":21},{"not_picked":["Coolheaded","Cold Snap","Capacitor","Hologram+1"],"picked":"Go for the Eyes","floor":24},{"not_picked":["Glacier","Ball Lightning","Force Field+1","Reinforced Body"],"picked":"Gash","floor":25},{"not_picked":["Barrage+1","Storm","Cold Snap","Steam+1"],"picked":"Panic Button+1","floor":27},{"not_picked":["MostiFishMod:DawningShadow","Compile Driver","Sweeping Beam","Undo+1"],"picked":"Steam+1","floor":28}],"player_experience":279084,"relics_obtained":[{"floor":1,"key":"SynthV:TestCard"},{"floor":6,"key":"Emotion Chip"},{"floor":9,"key":"Gremlin Horn"},{"floor":11,"key":"hubris:Metronome"},{"floor":22,"key":"Nilry\u0027s Codex"},{"floor":24,"key":"hubris:DuctTape"},{"floor":26,"key":"Toxic Egg 2"}],"event_choices":[{"damage_healed":0,"gold_gain":0,"player_choice":"Rummage","damage_taken":0,"relics_obtained":["WarpedTongs"],"max_hp_gain":0,"max_hp_loss":0,"event_name":"Accursed Blacksmith","floor":3,"gold_loss":0,"cards_obtained":["Pain"]},{"damage_healed":0,"gold_gain":0,"player_choice":"Obtained Book","damage_taken":21,"max_hp_gain":0,"max_hp_loss":0,"event_name":"Cursed Tome","floor":22,"gold_loss":0}],"is_beta":false,"boss_relics":[{"not_picked":["hubris:VirtuousBlindfold","Coffee Dripper"],"picked":"EE1DDrone"}],"items_purged_floors":[12],"is_endless":false,"potions_floor_spawned":[1,4,11,19,20,24,25],"killed_by":"Gremlin Leader","ascension_level":17}}