{"host":"dxhqtkke6bt2qzoz","time":1610459023,"event":{"mods":["ATMod(阿瑾Mod)","Act Like it!","Arknights The Spire","Astrologer","BaseMod","Chen","Dota2Spire","Gensokyo","KinomotoSakuraMod(木之本樱)","Koishi","LagranYue(拉格朗・月)","Marisa（F雨　魔理沙）","Minty Spire (QoL Compilation)","Nova Terra(诺娃・泰拉)","Prisma Mod","Reimu（博丽灵梦）","Relic Stats","Remilia（蕾米莉亚）","SIMod","StSLib","TestMod","The Alterego","The Dragon Tamer","The Marked","Waifu the Spire","WarShipGirlsR/战舰少女R mod","Yakumo Yukari mod","Youmu（魂魄妖梦）","Yuri Mod","Yuyuko","[IsaacMod]以撒尖塔","vexMod","【遗物卡牌】REMEMod"],"gold_per_floor":[110,127,142,142,142,172,172,201,228,208,208],"floor_reached":10,"playtime":223,"items_purged":[],"score":118,"play_id":"b9d05b55-8b9a-47bc-80e5-1d3ebed782a1","local_time":"20210112214343","is_ascension_mode":true,"campfire_choices":[{"data":"AT_Desolate","floor":7,"key":"SMITH"}],"circlet_count":0,"master_deck":["AscendersBane","PrismaMod:ChloeCommonAttack","PrismaMod:ChloeCommonAttack","PrismaMod:ChloeCommonAttack","PrismaMod:ChloeCommonAttack","PrismaMod:ChloeCommonAttack","PrismaMod:ChloeCommonDefend","PrismaMod:ChloeCommonDefend","PrismaMod:ChloeCommonDefend","PrismaMod:ChloeCommonDefend","PrismaMod:ChloeCommonDefend","PrismaMod:ChloeCheapAttack","PrismaMod:ChloeCheapDefend","EpicFetus","PrismaMod:ChloeHalloween","AT_Desolate+1","ForecastOfChange","PrismaMod:ChloeExhaustOne","PrismaMod:ChloeRuleBreaker","PrismaMod:ChloeDemonicTutor","PrismaMod:ChloeCaladbolg","PrismaMod:ChloeDevil"],"relics":["PrismaMod:PrismaTraceOn","HushsDoor","REME_ComplimentaryCards","testmod-TestBox","AT_ATBox","LagranYue:RandomDrawCardRelic","testmod-HeartOfStrike","TheBible","Lantern","AT_BellDemon","Pen Nib"],"acts_visited":["Exordium"],"potions_floor_usage":[10,10],"damage_taken":[{"damage":6,"enemies":"Cultist","floor":1,"turns":3},{"damage":9,"enemies":"Jaw Worm","floor":2,"turns":3},{"damage":8,"enemies":"2 Louse","floor":3,"turns":3},{"damage":17,"enemies":"Lagavulin","floor":6,"turns":4},{"damage":18,"enemies":"Gremlin Nob","floor":8,"turns":3},{"damage":20,"enemies":"3 Sentries","floor":10,"turns":2}],"seed_played":"-3149009770243303602","potions_obtained":[{"floor":6,"key":"Block Potion"},{"floor":8,"key":"Swift Potion"}],"is_trial":false,"path_per_floor":["M","M","M","?","?","E","R","E","T","E"],"character_chosen":"CHLOE","items_purchased":[],"campfire_rested":0,"item_purchase_floors":[],"current_hp_per_floor":[62,53,45,45,45,28,28,10,10,0,0],"gold":208,"neow_bonus":"ONE_RANDOM_RARE_CARD","is_daily":false,"chose_seed":false,"campfire_upgraded":1,"win_rate":0.0,"timestamp":1610459023,"path_taken":["M","M","M","?","?","E","R","E","T","E"],"items_purchased_type":[],"build_version":"2020-12-22","purchased_purges":0,"victory":false,"max_hp_per_floor":[75,75,75,75,75,75,75,75,75,75,75],"relic_stats":{"counters":[6,18],"Pen Nib":[0],"obtain_stats":[{"KeepersGift":0,"AT_BellDemon":8,"testmod-HeartOfStrike":0,"Lantern":6,"testmod-TestBox":0,"AT_ATBox":0,"LagranYue:RandomDrawCardRelic":0,"TheBible":0,"Pen Nib":9,"HushsDoor":0,"PrismaMod:PrismaTraceOn":0,"REME_ComplimentaryCards":0},{"KeepersGift":0,"AT_BellDemon":5,"testmod-HeartOfStrike":0,"Lantern":4,"testmod-TestBox":0,"AT_ATBox":0,"LagranYue:RandomDrawCardRelic":0,"TheBible":0,"Pen Nib":5,"HushsDoor":0,"PrismaMod:PrismaTraceOn":0,"REME_ComplimentaryCards":0},{"KeepersGift":0,"AT_BellDemon":16,"testmod-HeartOfStrike":0,"Lantern":13,"testmod-TestBox":0,"AT_ATBox":0,"LagranYue:RandomDrawCardRelic":0,"TheBible":0,"Pen Nib":16,"HushsDoor":0,"PrismaMod:PrismaTraceOn":0,"REME_ComplimentaryCards":0}]},"card_choices":[{"not_picked":[],"picked":"EpicFetus","floor":0},{"not_picked":["PrismaMod:ChloeDiscardRecovery","PrismaMod:ChloeCheapDefend"],"picked":"PrismaMod:ChloeExhaustOne","floor":1},{"not_picked":["PrismaMod:ChloeCheapDefendTwo","PrismaMod:ChloeCommonAOEAttack"],"picked":"PrismaMod:ChloeRuleBreaker","floor":2},{"not_picked":["PrismaMod:ChloeHalloween","PrismaMod:ChloeDiscardRecovery"],"picked":"PrismaMod:ChloeDemonicTutor","floor":3},{"not_picked":["PrismaMod:ChloeCheapDefendTwo","PrismaMod:ChloeRuleBreaker"],"picked":"PrismaMod:ChloeCaladbolg","floor":6},{"not_picked":["PrismaMod:ChloeCommonAOEAttack","PrismaMod:ChloeEyeOfTheEuryale"],"picked":"PrismaMod:ChloeDevil","floor":8}],"player_experience":237277,"relics_obtained":[{"floor":6,"key":"Lantern"},{"floor":8,"key":"AT_BellDemon"},{"floor":9,"key":"Pen Nib"}],"event_choices":[{"damage_healed":0,"gold_gain":0,"player_choice":"Ignored","damage_taken":0,"max_hp_gain":0,"max_hp_loss":0,"event_name":"给自己的盒子","floor":4,"gold_loss":0}],"is_beta":false,"boss_relics":[],"items_purged_floors":[],"is_endless":false,"potions_floor_spawned":[6,8],"killed_by":"3 Sentries","ascension_level":11}}