{"host":"fkig9nrckec4xsh0","time":1610432490,"event":{"mods":["BaseMod","Colored Map","Minty Spire (QoL Compilation)","Quick Restart","Replay The Spire","StSLib"],"gold_per_floor":[115,115,115,126,6,6,32,32,55,74,105,105,105,131,131,226,226,238,153,428,438,438,465,485,83,83,83,103,103,128,10,10,109,109,121,121,121,121,121,148,148,148,148],"floor_reached":42,"playtime":2310,"items_purged":["Defend_G","Regret"],"score":605,"play_id":"e8228e9a-81e5-4679-a5b4-b5901297906d","local_time":"20210112012130","is_ascension_mode":true,"campfire_choices":[{"data":"Deadly Poison","floor":6,"key":"SMITH"},{"data":"Catalyst","floor":8,"key":"SMITH"},{"data":"Poison Darts","floor":12,"key":"SMITH"},{"data":"Deadly Poison","floor":15,"key":"SMITH"},{"data":"Draining Mist","floor":27,"key":"SMITH"},{"floor":29,"key":"REST"},{"floor":32,"key":"REST"},{"data":"ReplayTheSpireMod:Necrosis","floor":41,"key":"SMITH"}],"circlet_count":0,"master_deck":["Strike_G","Strike_G+1","Strike_G","Strike_G","Defend_G","Defend_G","Defend_G","Survivor","Neutralize","Dagger Throw","Catalyst+1","Deadly Poison+1","Dagger Throw","Deadly Poison+1","Poison Darts+1","ReplayTheSpireMod:Speed Training+1","Die Die Die","Toxin Wave+1","Draining Mist+1","Replay:Poison Smokescreen","Poison Darts","Deflect","Acrobatics+1","Hidden Blade+1","ReplayTheSpireMod:Necrosis+1","Cloak And Dagger+1","Replay:Bootleg Shield Generator+1","Calculated Gamble+1","Poisoned Stab+1"],"relics":["Ring of the Snake","NeowsBlessing","Mercury Hourglass","Nunchaku","Vajra","Gremlin Food","Durian","Replay:Bronze Core","Orichalcum","InkBottle","Juzu Bracelet","Happy Flower","The Courier","Anchor","HandDrill","HoveringKite","Toxic Egg 2","Bag of Preparation"],"acts_visited":["Exordium","TheCity","TheBeyond"],"potions_floor_usage":[14,23,24,30,33,33],"damage_taken":[{"damage":0,"enemies":"2 Louse","floor":1,"turns":1},{"damage":0,"enemies":"Jaw Worm","floor":4,"turns":1},{"damage":0,"enemies":"3 Sentries","floor":7,"turns":1},{"damage":0,"enemies":"Cultist","floor":10,"turns":2},{"damage":7,"enemies":"Gremlin Nob","floor":11,"turns":3},{"damage":20,"enemies":"Lagavulin","floor":14,"turns":3},{"damage":5,"enemies":"The Guardian","floor":16,"turns":5},{"damage":8,"enemies":"Chosen","floor":18,"turns":3},{"damage":0,"enemies":"3 Byrds","floor":21,"turns":3},{"damage":48,"enemies":"Book of Stabbing","floor":23,"turns":5},{"damage":5,"enemies":"3 Cultists","floor":24,"turns":2},{"damage":0,"enemies":"Snake Plant","floor":28,"turns":3},{"damage":17,"enemies":"Replay:Snechameleon","floor":30,"turns":3},{"damage":26,"enemies":"Collector","floor":33,"turns":6},{"damage":0,"enemies":"Orb Walker","floor":35,"turns":2},{"damage":9,"enemies":"Nemesis","floor":40,"turns":5},{"damage":80,"enemies":"Giant Head","floor":42,"turns":7}],"seed_played":"-7211219053565742022","potions_obtained":[{"floor":1,"key":"Poison Potion"},{"floor":4,"key":"DuplicationPotion"},{"floor":11,"key":"Dexterity Potion"},{"floor":14,"key":"Swift Potion"},{"floor":23,"key":"SkillPotion"},{"floor":24,"key":"GamblersBrew"},{"floor":30,"key":"Energy Potion"}],"is_trial":false,"path_per_floor":["M","?","T","M","$","R","E","R","T","M","E","R","?","E","R","B",null,"M","?","?","M","?","E","M","$","T","R","M","R","E","$","R","B",null,"M","?","?","?","?","E","R","E"],"character_chosen":"THE_SILENT","items_purchased":["Deadly Poison","Juzu Bracelet","Happy Flower","HandDrill"],"campfire_rested":2,"item_purchase_floors":[5,25,25,31],"current_hp_per_floor":[70,63,63,63,63,63,63,63,63,63,56,56,56,41,41,36,75,67,67,67,67,67,19,14,14,14,14,14,36,19,19,41,15,75,75,75,75,75,71,62,62,0,0],"gold":148,"neow_bonus":"THREE_ENEMY_KILL","is_daily":false,"chose_seed":false,"campfire_upgraded":6,"win_rate":0.0,"timestamp":1610432490,"path_taken":["M","?","?","?","$","R","E","R","T","?","E","R","?","E","R","BOSS","M","?","?","?","?","E","M","?","T","R","M","R","E","$","R","BOSS","M","?","?","?","?","E","R","E"],"items_purchased_type":["Card","Relic","Relic","Relic"],"build_version":"2020-12-22","purchased_purges":2,"victory":false,"max_hp_per_floor":[70,70,70,70,70,70,70,70,70,70,70,70,70,75,75,75,75,75,75,75,75,75,75,75,75,75,75,75,75,75,75,75,75,75,75,75,75,75,71,71,71,71,71],"card_choices":[{"not_picked":["Choke","Cloak And Dagger"],"picked":"Dagger Throw","floor":1},{"not_picked":["Deadly Poison","Prepared"],"picked":"Catalyst","floor":4},{"not_picked":["Slice","Cloak And Dagger"],"picked":"Dagger Throw","floor":7},{"not_picked":["Outmaneuver","Acrobatics"],"picked":"Deadly Poison","floor":10},{"not_picked":["Fluid Movement","Quick Slash"],"picked":"Poison Darts","floor":11},{"not_picked":["Deadly Poison","Well Laid Plans"],"picked":"ReplayTheSpireMod:Speed Training","floor":14},{"not_picked":["Envenom","Wraith Form v2"],"picked":"Die Die Die","floor":16},{"not_picked":["Blade Dance+1","Dagger Spray"],"picked":"Toxin Wave+1","floor":18},{"not_picked":["Dagger Throw","Blade Dance+1"],"picked":"Draining Mist","floor":21},{"not_picked":["Predator","Underhanded Strike"],"picked":"Poison Darts","floor":23},{"not_picked":["Flechettes","Sneak Up"],"picked":"Deflect","floor":24},{"not_picked":["Cloak And Dagger+1","Underhanded Strike"],"picked":"Acrobatics+1","floor":28},{"not_picked":["Eviscerate","Calculated Gamble"],"picked":"Hidden Blade+1","floor":30},{"not_picked":["Malaise","Corpse Explosion"],"picked":"ReplayTheSpireMod:Necrosis","floor":33},{"not_picked":["Fluid Movement+1","Deflect"],"picked":"Cloak And Dagger+1","floor":35},{"not_picked":["Replay:BasicMightCard","Blind+1"],"picked":"Replay:Bootleg Shield Generator+1","floor":37},{"not_picked":["ReplayTheSpireMod:Tripwire+1","Quick Slash+1"],"picked":"Poisoned Stab+1","floor":40}],"player_experience":288589,"relics_obtained":[{"floor":3,"key":"Mercury Hourglass"},{"floor":7,"key":"Nunchaku"},{"floor":9,"key":"Vajra"},{"floor":11,"key":"Gremlin Food"},{"floor":14,"key":"Durian"},{"floor":23,"key":"InkBottle"},{"floor":26,"key":"The Courier"},{"floor":30,"key":"Anchor"},{"floor":40,"key":"Bag of Preparation"}],"event_choices":[{"cards_removed":["Strike_G"],"damage_healed":0,"gold_gain":0,"player_choice":"Card Removal","damage_taken":7,"max_hp_gain":0,"max_hp_loss":0,"event_name":"Golden Wing","floor":2,"gold_loss":0},{"damage_healed":0,"gold_gain":0,"player_choice":"Obtained Relic","damage_taken":0,"relics_obtained":["Orichalcum"],"max_hp_gain":0,"max_hp_loss":0,"event_name":"Addict","floor":19,"gold_loss":85},{"damage_healed":0,"gold_gain":275,"player_choice":"Desecrate","damage_taken":0,"max_hp_gain":0,"max_hp_loss":0,"event_name":"Golden Shrine","floor":20,"gold_loss":0,"cards_obtained":["Regret"]},{"damage_healed":0,"gold_gain":0,"player_choice":"Read","damage_taken":0,"max_hp_gain":0,"max_hp_loss":0,"event_name":"The Library","floor":22,"gold_loss":0,"cards_obtained":["Replay:Poison Smokescreen"]},{"damage_healed":0,"gold_gain":0,"player_choice":"Gave Potion","damage_taken":0,"relics_obtained":["Toxic Egg 2"],"max_hp_gain":0,"max_hp_loss":0,"event_name":"WeMeetAgain","floor":36,"gold_loss":0},{"damage_healed":0,"gold_gain":0,"player_choice":"Memory 1","damage_taken":0,"max_hp_gain":0,"max_hp_loss":0,"event_name":"SensoryStone","floor":37,"gold_loss":0},{"damage_healed":0,"gold_gain":0,"cards_transformed":["Defend_G"],"player_choice":"Transformed","damage_taken":0,"max_hp_gain":0,"max_hp_loss":0,"event_name":"Transmorgrifier","floor":38,"gold_loss":0,"cards_obtained":["Calculated Gamble"]},{"damage_healed":0,"gold_gain":0,"player_choice":"Max HP","damage_taken":0,"max_hp_gain":0,"max_hp_loss":4,"event_name":"Winding Halls","floor":39,"gold_loss":0}],"is_beta":false,"boss_relics":[{"not_picked":["Snecko Eye","Tiny House"],"picked":"Replay:Bronze Core"},{"not_picked":["ReplayTheSpireMod:DimensionalGlitch","Sozu"],"picked":"HoveringKite"}],"items_purged_floors":[5,25],"is_endless":false,"potions_floor_spawned":[1,4,11,14,23,24,30],"killed_by":"Giant Head","ascension_level":3}}