{"host":"odz7g4gpgch153rb","time":1610477111,"event":{"mods":["AchievementEnabler","BaseMod","Better Match","Better Third Choice","BetterRewards","GifTheSpireLib","Infinite Spire","Jedi Mod","Minty Spire (QoL Compilation)","Quick Restart","Replay The Spire","Spikes Relics","StSLib","Stuff the Spire","The Blue Laboratory","Trackpad"],"gold_per_floor":[111,36,36,36,36,36,70,70,111,134,152,192,192,207,207,286,286,313,325,339,38,38,70,90,119,119,119,131,157,177,202,202,288,288,304,304,304,68,68,68,80,113,113,113,113,113],"floor_reached":45,"playtime":1774,"items_purged":["Strike_P","Strike_P"],"score":964,"play_id":"d409d5db-5c48-4ac0-8d4d-4a1db790a972","local_time":"20210112134511","is_ascension_mode":true,"campfire_choices":[{"data":"ForeignInfluence","floor":6,"key":"SMITH"},{"data":"infinitespire:DeathsTouch","floor":8,"key":"SMITH"},{"data":"MasterReality","floor":13,"key":"SMITH"},{"floor":15,"key":"REST"},{"floor":27,"key":"REST"},{"floor":32,"key":"REST"},{"data":"Alpha","floor":40,"key":"SMITH"}],"circlet_count":0,"master_deck":["AscendersBane","Defend_P","Defend_P","Defend_P","Eruption","Vigilance","CarveReality","infinitespire:DeathsTouch+1","ForeignInfluence+1","Steam","Pot Of Greed","Pot Of Greed","Protect","MasterReality+1","Consecrate","Conclude","Alpha+1","infinitespire:DeathsTouch+1"],"relics":["PureWater","NeowsBlessing","Happy Flower","CeramicFish","Grinning Jar","Bag of Preparation","Busted Crown","jedi:kaleidoscope","Nunchaku","infinitespire:Satchel","Boot","RollingBoulder","ReplayFunnel","Red Mask","Velvet Choker","DollysMirror","Toy Ornithopter","StuffTheSpire:EmeraldSignet","StuffTheSpire:Rhapsscallions"],"acts_visited":["Exordium","TheCity","TheBeyond"],"potions_floor_usage":[16,16,25,33,42],"damage_taken":[{"damage":0,"enemies":"Jaw Worm","floor":1,"turns":1},{"damage":0,"enemies":"Gremlin Nob","floor":7,"turns":1},{"damage":0,"enemies":"2 Louse","floor":10,"turns":1},{"damage":0,"enemies":"Small Slimes","floor":11,"turns":2},{"damage":8,"enemies":"3 Sentries","floor":12,"turns":4},{"damage":4,"enemies":"3 Louse","floor":14,"turns":2},{"damage":4,"enemies":"Hexaghost","floor":16,"turns":6},{"damage":4,"enemies":"2 Thieves","floor":18,"turns":2},{"damage":0,"enemies":"Spheric Guardian","floor":19,"turns":2},{"damage":30,"enemies":"Snake Plant","floor":20,"turns":5},{"damage":19,"enemies":"Book of Stabbing","floor":23,"turns":4},{"damage":0,"enemies":"Centurion and Healer","floor":24,"turns":1},{"damage":10,"enemies":"Slavers","floor":25,"turns":2},{"damage":0,"enemies":"Shelled Parasite and Fungi","floor":28,"turns":2},{"damage":12,"enemies":"Book of Stabbing","floor":29,"turns":3},{"damage":0,"enemies":"3 Cultists","floor":30,"turns":2},{"damage":0,"enemies":"Masked Bandits","floor":31,"turns":2},{"damage":0,"enemies":"Automaton","floor":33,"turns":4},{"damage":0,"enemies":"Orb Walker","floor":35,"turns":2},{"damage":0,"enemies":"3 Shapes","floor":41,"turns":2},{"damage":57,"enemies":"Nemesis","floor":42,"turns":7},{"damage":52,"enemies":"Maw","floor":45,"turns":2}],"seed_played":"4418600013142139842","potions_obtained":[{"floor":7,"key":"blueLaboratory:MidnightOil"},{"floor":10,"key":"Weak Potion"},{"floor":11,"key":"BlessingOfTheForge"},{"floor":18,"key":"blueLaboratory:BottledHope"},{"floor":20,"key":"blueLaboratory:FaithlessPotion"},{"floor":24,"key":"Adrenaline Potion"},{"floor":31,"key":"Energy Potion"},{"floor":41,"key":"Elixir"}],"is_trial":false,"path_per_floor":["M","$","?","?","?","R","E","R","T","M","M","E","R","M","R","B",null,"M","M","M","$","?","E","M","E","T","R","M","E","M","?","R","B",null,"M","?","?","$","?","R","M","E","T","T","M"],"character_chosen":"WATCHER","items_purchased":["jedi:kaleidoscope","DollysMirror"],"campfire_rested":3,"item_purchase_floors":[21,38],"current_hp_per_floor":[65,65,58,39,39,39,39,39,39,39,39,31,31,27,48,44,65,61,61,31,31,31,12,12,2,2,23,23,11,11,11,32,32,62,62,62,62,62,62,62,62,5,5,8,0,0],"gold":113,"neow_bonus":"THREE_ENEMY_KILL","is_daily":false,"chose_seed":false,"campfire_upgraded":4,"win_rate":0.0,"timestamp":1610477111,"path_taken":["M","$","?","?","?","R","E","R","T","M","M","E","R","M","R","BOSS","M","M","M","$","?","E","M","E","T","R","M","E","?","?","R","BOSS","M","?","?","$","?","R","M","E","T","?","M"],"items_purchased_type":["Relic","Relic"],"build_version":"2020-12-22","purchased_purges":2,"victory":false,"max_hp_per_floor":[72,72,72,72,72,72,72,72,72,72,72,72,72,72,72,72,72,72,72,72,72,72,72,72,72,72,72,72,72,72,72,72,72,72,72,68,68,68,68,68,68,68,68,71,71,71],"card_choices":[{"not_picked":["CrushJoints","EmptyBody"],"picked":"CarveReality","floor":1},{"not_picked":["infinitespire:UltimateForm","Replay:Fractal Strike"],"picked":"infinitespire:DeathsTouch","floor":4},{"not_picked":["Prostrate","ThirdEye","CrushJoints"],"picked":"SKIP","floor":7},{"not_picked":["EmptyBody","Meditate"],"picked":"Protect","floor":10},{"not_picked":["FlyingSleeves","Evaluate","Replay:AtTheReady"],"picked":"SKIP","floor":11},{"not_picked":["CutThroughFate","Evaluate"],"picked":"MasterReality","floor":12},{"not_picked":["Prostrate","Swivel","Replay:Hum"],"picked":"SKIP","floor":14},{"not_picked":[],"picked":"Consecrate","floor":18},{"not_picked":["Crescendo"],"picked":"SKIP","floor":19},{"not_picked":["CutThroughFate"],"picked":"SKIP","floor":20},{"not_picked":["ThirdEye"],"picked":"SKIP","floor":23},{"not_picked":["Replay:AtTheReady"],"picked":"SKIP","floor":24},{"not_picked":["Replay:ManipulateFuture"],"picked":"SKIP","floor":25},{"not_picked":["ForeignInfluence"],"picked":"SKIP","floor":28},{"not_picked":["EmptyFist"],"picked":"SKIP","floor":29},{"not_picked":[],"picked":"Conclude","floor":30},{"not_picked":[],"picked":"Alpha","floor":33},{"not_picked":["ClearTheMind"],"picked":"SKIP","floor":35},{"not_picked":["EmptyMind"],"picked":"SKIP","floor":41},{"not_picked":["ConjureBlade"],"picked":"SKIP","floor":42}],"player_experience":1041670,"relics_obtained":[{"floor":7,"key":"CeramicFish"},{"floor":9,"key":"Grinning Jar"},{"floor":12,"key":"Bag of Preparation"},{"floor":23,"key":"infinitespire:Satchel"},{"floor":25,"key":"Boot"},{"floor":26,"key":"RollingBoulder"},{"floor":29,"key":"ReplayFunnel"},{"floor":31,"key":"Red Mask"},{"floor":42,"key":"Toy Ornithopter"},{"floor":43,"key":"StuffTheSpire:EmeraldSignet"},{"floor":44,"key":"StuffTheSpire:Rhapsscallions"}],"event_choices":[{"damage_healed":0,"gold_gain":0,"player_choice":"Relic ","damage_taken":7,"max_hp_gain":0,"max_hp_loss":0,"event_name":"betterThird:BetterScrap","floor":3,"gold_loss":0,"cards_obtained":["Reckless Charge"]},{"damage_healed":0,"gold_gain":0,"player_choice":"Gave Potion","damage_taken":0,"relics_obtained":["Nunchaku"],"max_hp_gain":0,"max_hp_loss":0,"event_name":"WeMeetAgain","floor":22,"gold_loss":0},{"damage_healed":0,"gold_gain":0,"player_choice":"Fought Bandits","damage_taken":0,"max_hp_gain":0,"max_hp_loss":0,"event_name":"Masked Bandits","floor":31,"gold_loss":0},{"damage_healed":0,"gold_gain":0,"player_choice":"Max HP","damage_taken":0,"max_hp_gain":0,"max_hp_loss":4,"event_name":"Winding Halls","floor":36,"gold_loss":0}],"is_beta":false,"boss_relics":[{"not_picked":["Painkiller Herb","trackpad:StolenKidneys"],"picked":"Busted Crown"},{"not_picked":["Coffee Dripper","trackpad:Trackpad"],"picked":"Velvet Choker"}],"items_purged_floors":[2,38],"is_endless":false,"potions_floor_spawned":[7,10,11,18,20,24,25,28,31,41],"killed_by":"Maw","ascension_level":13}}