{"host":"v4pe0ixo3k7iwzp0","time":1610443156,"event":{"mods":["BaseMod","Bestiary","Highlight Path","Minty Spire (QoL Compilation)","StSLib","The Marked"],"gold_per_floor":[113,66,80,98,47,82,82,82,82,82,97,107,121,140,140,242,242,253,253,353,367,367,367,386,386,386,401,416,3,3,22,22,22,22],"floor_reached":33,"playtime":4237,"items_purged":["Strike_P"],"score":251,"play_id":"52d8eec7-3d4e-44f3-a7cb-fbfd8a6670b4","local_time":"20210112011916","is_ascension_mode":false,"campfire_choices":[{"data":"MentalFortress","floor":8.0,"key":"SMITH"},{"data":"Eruption","floor":10.0,"key":"SMITH"},{"floor":15.0,"key":"REST"},{"floor":25.0,"key":"REST"},{"floor":32,"key":"REST"}],"circlet_count":0,"master_deck":["Strike_P","Strike_P","Strike_P","Defend_P","Defend_P","Defend_P","Defend_P","Eruption+1","Vigilance","ClearTheMind","ThirdEye","FlurryOfBlows","Halt","JustLucky","MentalFortress+1","TalkToTheHand","CutThroughFate","Judgement","Crescendo+1","Necronomicurse","Decay","FlurryOfBlows","Tantrum","FlurryOfBlows","ClearTheMind"],"relics":["PureWater","Ornamental Fan","HornCleat","Velvet Choker","Necronomicon","Mango","Letter Opener","Melange"],"acts_visited":["Exordium","TheCity"],"potions_floor_usage":[28,33,33],"damage_taken":[{"damage":0.0,"enemies":"Cultist","floor":1.0,"turns":4.0},{"damage":0.0,"enemies":"Small Slimes","floor":3.0,"turns":6.0},{"damage":0.0,"enemies":"Jaw Worm","floor":4.0,"turns":4.0},{"damage":13.0,"enemies":"Lagavulin","floor":6.0,"turns":5.0},{"damage":0.0,"enemies":"Blue Slaver","floor":11.0,"turns":4.0},{"damage":7.0,"enemies":"Lots of Slimes","floor":12.0,"turns":7.0},{"damage":6.0,"enemies":"3 Louse","floor":13.0,"turns":5.0},{"damage":2.0,"enemies":"Blue Slaver","floor":14.0,"turns":4.0},{"damage":22.0,"enemies":"Slime Boss","floor":16.0,"turns":9.0},{"damage":0.0,"enemies":"Spheric Guardian","floor":18.0,"turns":3.0},{"damage":0.0,"enemies":"3 Byrds","floor":21.0,"turns":5.0},{"damage":12.0,"enemies":"Snecko","floor":24.0,"turns":7.0},{"damage":16.0,"enemies":"Centurion and Healer","floor":27.0,"turns":7.0},{"damage":16,"enemies":"Snake Plant","floor":28,"turns":6},{"damage":2,"enemies":"Cultist and Chosen","floor":31,"turns":5},{"damage":81,"enemies":"Collector","floor":33,"turns":11}],"seed_played":"-1850780844652766961","potions_obtained":[{"floor":0.0,"key":"Dexterity Potion"},{"floor":0.0,"key":"Strength Potion"},{"floor":0.0,"key":"ColorlessPotion"},{"floor":16.0,"key":"Explosive Potion"},{"floor":18.0,"key":"Dexterity Potion"},{"floor":31,"key":"DistilledChaos"}],"is_trial":false,"path_per_floor":["M","$","M","M","$","E","?","R","T","R","M","M","M","M","R","B",null,"M","?","?","M","?","T","M","R","T","M","M","$","?","M","R","B"],"character_chosen":"WATCHER","items_purchased":["ThirdEye","JustLucky","Tantrum","FlurryOfBlows","Fire Potion","Melange"],"campfire_rested":3,"item_purchase_floors":[2,5,29,29,29,29],"current_hp_per_floor":[72,72,72,72,72,59,59,59,59,59,59,52,46,44,65,43,72,72,56,56,56,56,70,58,83,83,67,51,51,51,49,74,0,0],"gold":22,"neow_bonus":"THREE_SMALL_POTIONS","is_daily":false,"chose_seed":false,"campfire_upgraded":2,"win_rate":0.0,"timestamp":1610443156,"path_taken":["M","?","M","M","$","E","?","R","T","R","M","M","?","M","R","BOSS","M","?","?","?","?","?","M","R","T","?","?","?","?","M","R","BOSS"],"items_purchased_type":["Card","Card","Card","Card","Potion","Relic"],"build_version":"2020-12-22","purchased_purges":1,"victory":false,"max_hp_per_floor":[72,72,72,72,72,72,72,72,72,72,72,72,72,72,72,72,72,72,72,72,72,72,86,86,86,86,86,86,86,86,86,86,86,86],"card_choices":[{"not_picked":["BattleHymn","DeceiveReality"],"picked":"ClearTheMind","floor":1.0},{"not_picked":["Consecrate","Sanctity"],"picked":"FlurryOfBlows","floor":3.0},{"not_picked":["Study","BowlingBash"],"picked":"Halt","floor":4.0},{"not_picked":["FlurryOfBlows","MasterReality"],"picked":"MentalFortress","floor":6.0},{"not_picked":["ReachHeaven","EmptyBody","PathToVictory"],"picked":"SKIP","floor":11.0},{"not_picked":["Halt","Conclude","SignatureMove"],"picked":"SKIP","floor":12.0},{"not_picked":["FollowUp","Pray"],"picked":"TalkToTheHand","floor":13.0},{"not_picked":["Halt","JustLucky"],"picked":"CutThroughFate","floor":14.0},{"not_picked":["SpiritShield","Alpha"],"picked":"Judgement","floor":16.0},{"not_picked":["FlyingSleeves","Sanctity"],"picked":"Crescendo+1","floor":18.0},{"not_picked":["BattleHymn+1","Prostrate+1","Crescendo+1"],"picked":"SKIP","floor":21.0},{"not_picked":["FollowUp","Collect+1"],"picked":"FlurryOfBlows","floor":24.0},{"not_picked":["Halt","ThirdEye","Collect"],"picked":"SKIP","floor":27.0},{"not_picked":["Wallop","Collect","Swivel"],"picked":"SKIP","floor":28},{"not_picked":["WindmillStrike","FlyingSleeves"],"picked":"ClearTheMind","floor":31}],"player_experience":122199,"relics_obtained":[{"floor":6.0,"key":"Ornamental Fan"},{"floor":9.0,"key":"HornCleat"},{"floor":19.0,"key":"Necronomicon"},{"floor":23.0,"key":"Mango"},{"floor":26.0,"key":"Letter Opener"}],"event_choices":[{"damage_healed":0.0,"max_hp_gain":0.0,"max_hp_loss":0.0,"gold_gain":0.0,"event_name":"Shining Light","player_choice":"Ignored","floor":7.0,"gold_loss":0.0,"damage_taken":0.0},{"damage_healed":0.0,"max_hp_gain":0.0,"max_hp_loss":0.0,"gold_gain":0.0,"event_name":"Cursed Tome","player_choice":"Obtained Book","floor":19.0,"gold_loss":0.0,"damage_taken":16.0},{"damage_healed":0.0,"max_hp_gain":0.0,"max_hp_loss":0.0,"gold_gain":100.0,"event_name":"Golden Shrine","player_choice":"Pray","floor":20.0,"gold_loss":0.0,"damage_taken":0.0},{"damage_healed":0.0,"max_hp_gain":0.0,"max_hp_loss":0.0,"gold_gain":0.0,"event_name":"Forgotten Altar","player_choice":"Smashed Altar","floor":22.0,"gold_loss":0.0,"damage_taken":0.0,"cards_obtained":["Decay"]},{"damage_healed":0,"gold_gain":0,"player_choice":"Ignored","damage_taken":0,"max_hp_gain":0,"max_hp_loss":0,"event_name":"Vampires","floor":30,"gold_loss":0}],"is_beta":false,"boss_relics":[{"not_picked":["Philosopher\u0027s Stone","Empty Cage"],"picked":"Velvet Choker"}],"items_purged_floors":[29],"is_endless":false,"potions_floor_spawned":[4,12,13,16,18,31],"killed_by":"Collector","ascension_level":0}}