{"host":"f6f8cjhjgha9mpdq","time":1610444792,"event":{"mods":["BaseMod","Minty Spire (QoL Compilation)","Permanent Neow","StSLib","SuperFastMode"],"gold_per_floor":[115,128,108,118,133,133,162,189,224,254,301,388,435,459,471,560,572,603,615,726,738,762,774,774],"floor_reached":23,"playtime":1087,"items_purged":[],"score":362,"play_id":"2a59c6bc-65e3-4153-81c9-a8b03525f0b6","local_time":"20210112184632","is_ascension_mode":true,"campfire_choices":[{"data":"Zap","floor":6,"key":"SMITH"},{"data":"Dualcast","floor":15,"key":"SMITH"}],"circlet_count":0,"master_deck":["AscendersBane","Strike_B","Defend_B","Defend_B","Defend_B","Zap+1","Dualcast+1","Rip and Tear+1","Self Repair","Melter","Leap","Defragment","Doom and Gloom+1","Redo","Skim","Conserve Battery","BootSequence","Fission","Self Repair+1","Turbo"],"relics":["Cracked Core","MawBank","Centennial Puzzle","Whetstone","Dream Catcher","Empty Cage"],"acts_visited":["Exordium","TheCity"],"potions_floor_usage":[7,11,13,23,23],"damage_taken":[{"damage":1,"enemies":"Cultist","floor":1,"turns":3},{"damage":16,"enemies":"Small Slimes","floor":2,"turns":3},{"damage":0,"enemies":"2 Louse","floor":4,"turns":2},{"damage":10,"enemies":"Exordium Wildlife","floor":5,"turns":3},{"damage":16,"enemies":"3 Sentries","floor":7,"turns":4},{"damage":3,"enemies":"Looter","floor":8,"turns":3},{"damage":3,"enemies":"2 Fungi Beasts","floor":10,"turns":3},{"damage":18,"enemies":"Gremlin Nob","floor":11,"turns":4},{"damage":13,"enemies":"3 Sentries","floor":13,"turns":4},{"damage":4,"enemies":"Blue Slaver","floor":14,"turns":3},{"damage":16,"enemies":"The Guardian","floor":16,"turns":9},{"damage":0,"enemies":"Spheric Guardian","floor":18,"turns":1},{"damage":18,"enemies":"2 Thieves","floor":22,"turns":5},{"damage":45,"enemies":"Book of Stabbing","floor":23,"turns":5}],"seed_played":"-3354692821724038734","potions_obtained":[{"floor":2,"key":"Energy Potion"},{"floor":3,"key":"LiquidMemories"},{"floor":8,"key":"SpeedPotion"},{"floor":11,"key":"Energy Potion"},{"floor":16,"key":"Weak Potion"}],"is_trial":false,"path_per_floor":["M","M","?","M","M","R","E","M","T","M","E","?","E","M","R","B",null,"M","?","?","?","M","E"],"character_chosen":"DEFECT","items_purchased":[],"campfire_rested":0,"item_purchase_floors":[],"current_hp_per_floor":[64,55,55,62,59,59,43,40,40,44,33,22,16,19,19,10,51,51,51,51,40,39,0,0],"gold":774,"neow_bonus":"TRANSFORM_TWO_CARDS","is_daily":false,"chose_seed":false,"campfire_upgraded":2,"win_rate":0.0,"timestamp":1610444792,"path_taken":["M","?","?","M","?","R","E","M","T","M","E","?","E","M","R","BOSS","M","?","?","?","M","E"],"items_purchased_type":[],"build_version":"2020-12-22","purchased_purges":0,"victory":false,"max_hp_per_floor":[64,64,64,64,64,64,64,64,64,64,64,64,64,64,64,64,64,64,64,64,69,69,69,69],"card_choices":[{"not_picked":["Redo","Go for the Eyes"],"picked":"Melter","floor":1},{"not_picked":["Hologram","Heatsinks"],"picked":"Leap","floor":2},{"not_picked":["Steam","Ball Lightning"],"picked":"Defragment","floor":4},{"not_picked":["Streamline","Sweeping Beam"],"picked":"Doom and Gloom","floor":5},{"not_picked":["Gash","Glacier"],"picked":"Redo","floor":7},{"not_picked":["Barrage","Melter"],"picked":"Skim","floor":8},{"not_picked":["Steam","Compile Driver"],"picked":"Conserve Battery","floor":10},{"not_picked":["Recycle","Static Discharge","Steam"],"picked":"SKIP","floor":11},{"not_picked":["Cold Snap","Glacier","Barrage"],"picked":"SKIP","floor":13},{"not_picked":["Sunder","Genetic Algorithm"],"picked":"BootSequence","floor":14},{"not_picked":["Thunder Strike","Core Surge"],"picked":"Fission","floor":16},{"not_picked":["Go for the Eyes","Sunder+1"],"picked":"Self Repair+1","floor":18},{"not_picked":["Gash","Steam Power"],"picked":"Turbo","floor":22}],"player_experience":554723,"relics_obtained":[{"floor":7,"key":"MawBank"},{"floor":9,"key":"Centennial Puzzle"},{"floor":11,"key":"Whetstone"},{"floor":13,"key":"Dream Catcher"}],"event_choices":[{"damage_healed":0,"gold_gain":0,"player_choice":"Bought 1 Potion","damage_taken":0,"max_hp_gain":0,"max_hp_loss":0,"event_name":"The Woman in Blue","floor":3,"gold_loss":0},{"damage_healed":0,"gold_gain":75,"player_choice":"Gather Gold","damage_taken":11,"max_hp_gain":0,"max_hp_loss":0,"event_name":"World of Goop","floor":12,"gold_loss":0},{"damage_healed":0,"gold_gain":0,"player_choice":"Ignored","damage_taken":0,"max_hp_gain":0,"max_hp_loss":0,"event_name":"Ghosts","floor":19,"gold_loss":0},{"damage_healed":0,"gold_gain":99,"player_choice":"Stole From Cult","damage_taken":0,"max_hp_gain":0,"max_hp_loss":0,"event_name":"Nest","floor":20,"gold_loss":0},{"damage_healed":0,"gold_gain":0,"player_choice":"Shed Blood","damage_taken":16,"max_hp_gain":5,"max_hp_loss":0,"event_name":"Forgotten Altar","floor":21,"gold_loss":0}],"is_beta":false,"boss_relics":[{"not_picked":["Busted Crown","Snecko Eye"],"picked":"Empty Cage"}],"items_purged_floors":[],"is_endless":false,"potions_floor_spawned":[2,5,8,11,16,18],"killed_by":"Book of Stabbing","ascension_level":14}}