{"host":"1sqx9dmsrxu9kvq7","time":1610431839,"event":{"mods":["2.2 Compatiblity","Act Like it!","BaseMod","CapriCore","Colored Powertips","Custom Start","Friendly Minions","Gensokyo","Highlight Path","Koishi","KomeijiMod","Marisa（霧雨　魔理沙）","Minty Spire (QoL Compilation)","Quick Restart","Rare Cards Sparkle","Reimu（博??梦）","Relic Stats","Remilia（蕾米莉?）","RumiaBox-露米?的神秘盒子","Shop Mod","Spicy Shops","StSLib","The Administrix","The Immortal","The Servant 0.9.4","Waifu the Spire","Yakumo Yukari mod","Youmu（魂魄妖梦）","Yuyuko"],"gold_per_floor":[115,127,127,127,127,127,127],"floor_reached":6,"playtime":401,"items_purged":[],"score":34,"play_id":"10cf7843-408a-432c-9685-5a2ef7355aee","local_time":"20210112001039","is_ascension_mode":false,"campfire_choices":[],"circlet_count":0,"master_deck":["Koishi:BasicStrike","Koishi:BasicStrike","Koishi:BasicStrike","Koishi:BasicStrike","Koishi:BasicDefend","Koishi:BasicDefend","Koishi:BasicDefend","Koishi:BasicDefend","Koishi:Provoke","Koishi:HauntingSlash","Koishi:HeartStoppingHorror+1","Koishi:PredatoryInstincts","Koishi:PhantomBarrier","Injury"],"relics":["Koishi:ImaginaryFriend","Eternal Feather","Strawberry"],"acts_visited":["Gensokyo:Gensokyo"],"potions_floor_usage":[],"damage_taken":[{"damage":0,"enemies":"Gensokyo:3_Fairies","floor":1,"turns":4},{"damage":4,"enemies":"Gensokyo:Gryphon","floor":2,"turns":6},{"damage":64,"enemies":"Gensokyo:Aya","floor":6,"turns":9}],"seed_played":"5558762838203485622","potions_obtained":[],"is_trial":false,"path_per_floor":["M","M","?","?","?","E"],"character_chosen":"KOISHI","items_purchased":[],"campfire_rested":0,"item_purchase_floors":[],"current_hp_per_floor":[60,60,60,60,57,0,0],"gold":127,"neow_bonus":"ONE_RANDOM_RARE_CARD","is_daily":false,"chose_seed":false,"campfire_upgraded":0,"win_rate":0.0,"timestamp":1610431839,"path_taken":["M","M","?","?","?","E"],"items_purchased_type":[],"build_version":"2020-12-22","purchased_purges":0,"victory":false,"max_hp_per_floor":[60,60,60,60,67,67,67],"relic_stats":{"counters":[3,19],"Eternal Feather":0,"obtain_stats":[{"Strawberry":5,"Eternal Feather":4,"Koishi:ImaginaryFriend":0},{"Strawberry":2,"Eternal Feather":2,"Koishi:ImaginaryFriend":0},{"Strawberry":10,"Eternal Feather":10,"Koishi:ImaginaryFriend":0}]},"card_choices":[{"not_picked":["Koishi:RacingHeart","Koishi:Possession"],"picked":"Koishi:PredatoryInstincts","floor":1},{"not_picked":["Koishi:VengefulSpirit","Koishi:ReleaseOfTheId"],"picked":"Koishi:PhantomBarrier","floor":2}],"player_experience":175460,"relics_obtained":[],"event_choices":[],"is_beta":false,"boss_relics":[],"items_purged_floors":[],"is_endless":false,"potions_floor_spawned":[],"killed_by":"Gensokyo:Aya","ascension_level":0}}