{"host":"dr5ef424til0p8zn","time":1610484572,"event":{"mods":["2.2 Compatiblity","Act Like it!","BaseMod","Better Skull","Downfall","Gremlin Skip","Hallownest","Hermit","Minty Spire (QoL Compilation)","Shade Mod","StSLib","Td1madao Mod","The Bug Knight","The Hierophant","The Marked"],"gold_per_floor":[99,114,129,144,144,159,159,189,24,24,24,54,54,39,54,154,154,154,169,184,184,160,175,200,125,140,155,80,80,95,195,210,310,310,610,625,725,428,278,308,308,233,83,83,83,113,113,128,143,143],"floor_reached":51,"language":"ENG","playtime":4589,"items_purged":["Guardian:Gem_Cyan","Guardian:WalkerClaw"],"score":1015,"play_id":"5fa60f47-b9a9-43fc-8408-6e781d6d13ad","local_time":"20210112214932","daily_mods":["Draft","Flight","downfall:Hexed"],"is_ascension_mode":false,"campfire_choices":[{"data":"Guardian:PrismaticBeam","floor":1,"key":"SMITH"},{"data":"Guardian:SpikerProtocol","floor":25,"key":"SMITH"},{"data":"Guardian:MultiBeam","floor":35,"key":"SMITH"},{"floor":42,"key":"REST"},{"floor":44,"key":"REST"}],"circlet_count":0,"master_deck":["Guardian:VentSteam+1","Guardian:BronzeOrb","Guardian:PiercingHide","Guardian:PrismaticBeam+1","Guardian:TemporalStrike","Guardian:EvasiveProtocol","Guardian:Recover","Guardian:ChargeUp","Guardian:PolyBeam","Guardian:Incinerate","Guardian:PiercingHide","Guardian:FastForward","Guardian:SpikerProtocol+1","expansioncontent:TimeRipple","Slimebound:SplitBruiser","Skewer","Guardian:MultiBeam+1","hexamod:Hexaguard","hierophant:Glossolalia","Guardian:PrismaticBeam","champ:ShieldSlam","Guardian:Suspension","HollowMod:GoodIntentions+1","Slimebound:Grow+1","Doubt"],"relics":["Guardian:ModeShifterPlus","Velvet Choker","Boot","Bottled Flame","PrismaticShard","Guardian:PickAxe","Ice Cream","downfall:HeartBlessingBlue","downfall:GremlinWheel","downfall:GremlinWheel","Pen Nib","HandDrill","champ:DeflectingBracers","Blood Vial","downfall:HeartBlessingGreen","Guardian:StasisUpgradeRelic","MealTicket"],"acts_visited":["Exordium","TheCity","TheBeyond"],"potions_floor_usage":[4,8,19,22,27,37,40,50,50,50],"damage_taken":[{"damage":0,"enemies":"Cultist","floor":2,"turns":2},{"damage":0,"enemies":"2 Louse","floor":3,"turns":2},{"damage":0,"enemies":"Jaw Worm","floor":4,"turns":1},{"damage":0,"enemies":"Looter","floor":6,"turns":2},{"damage":7,"enemies":"Gremlin Nob","floor":8,"turns":3},{"damage":0,"enemies":"downfall:FleeingMerchant","floor":9,"turns":4},{"damage":0,"enemies":"downfall:FleeingMerchant","floor":10,"turns":2},{"damage":10,"enemies":"Lagavulin","floor":12,"turns":5},{"damage":0,"enemies":"downfall:FleeingMerchant","floor":14,"turns":4},{"damage":0,"enemies":"Large Slime","floor":15,"turns":3},{"damage":12,"enemies":"The Guardian","floor":16,"turns":7},{"damage":0,"enemies":"Spheric Guardian","floor":19,"turns":3},{"damage":8,"enemies":"Snake Plant","floor":20,"turns":3},{"damage":0,"enemies":"downfall:FleeingMerchant","floor":22,"turns":3},{"damage":9,"enemies":"Centurion and Healer","floor":23,"turns":3},{"damage":0,"enemies":"Cultist and Chosen","floor":26,"turns":3},{"damage":0,"enemies":"3 Cultists","floor":27,"turns":4},{"damage":0,"enemies":"Sentry and Sphere","floor":30,"turns":3},{"damage":0,"enemies":"Sentry and Sphere","floor":31,"turns":3},{"damage":0,"enemies":"Chosen and Byrds","floor":32,"turns":3},{"damage":11,"enemies":"downfall:Silent","floor":33,"turns":5},{"damage":0,"enemies":"Orb Walker","floor":36,"turns":2},{"damage":0,"enemies":"Orb Walker","floor":37,"turns":3},{"damage":85,"enemies":"Giant Head","floor":40,"turns":9},{"damage":10,"enemies":"HollowMod:StalkingDevout","floor":46,"turns":6},{"damage":10,"enemies":"3 Darklings","floor":48,"turns":3},{"damage":15,"enemies":"Transient","floor":49,"turns":5},{"damage":0,"enemies":"downfall:Watcher","floor":50,"turns":5}],"seed_played":"-5514344210177769252","potions_obtained":[{"floor":2,"key":"DuplicationPotion"},{"floor":3,"key":"Strength Potion"},{"floor":6,"key":"Dexterity Potion"},{"floor":12,"key":"Energy Potion"},{"floor":16,"key":"champ:CounterPotion"},{"floor":23,"key":"Dexterity Potion"},{"floor":26,"key":"Fire Potion"},{"floor":27,"key":"SpeedPotion"},{"floor":31,"key":"Guardian:DefensiveModePotion"},{"floor":37,"key":"champ:CounterPotion"},{"floor":48,"key":"Guardian:BlockOnCardUsePotion"}],"is_trial":false,"path_per_floor":["R","M","M","M","?","M","T","E","$","?","?","E","R","$","M","B",null,"R","M","M","?","$","M","T","R","M","M","$","R","M","?","M","B",null,"R","M","?","$","$","E","T","R","?","R","$","E","?","M","M","B",null],"character_chosen":"GUARDIAN","items_purchased":["PrismaticShard","Guardian:Gem_Orange","Guardian:MultiBeam","Fruit Juice","Guardian:PrismaticBeam","Pen Nib","Guardian:Suspension","HandDrill","Guardian:StasisUpgradeRelic"],"campfire_rested":2,"item_purchase_floors":[9,22,22,22,28,38,38,39,43],"current_hp_per_floor":[80,80,80,80,80,80,80,73,73,61,80,70,70,70,70,62,80,80,80,76,68,73,68,68,78,78,78,78,78,78,78,78,71,95,95,95,95,95,95,14,14,42,42,70,70,62,95,85,72,74],"gold":143,"neow_bonus":"","is_daily":true,"chose_seed":false,"campfire_upgraded":3,"win_rate":0.0,"timestamp":1610484572,"path_taken":["R","M","M","?","?","M","T","E","$","?","?","E","R","$","M","BOSS","R","M","?","?","$","M","T","R","M","M","$","R","?","?","M","BOSS","R","M","?","?","$","E","T","R","?","R","?","E","?","?","M","BOSS"],"items_purchased_type":["Relic","Card","Card","Potion","Card","Relic","Card","Relic","Relic"],"build_version":"2020-12-22","purchased_purges":2,"victory":true,"max_hp_per_floor":[80,80,80,80,80,80,80,80,80,80,80,80,80,80,80,80,80,80,80,80,80,85,85,85,95,95,95,95,95,95,95,95,95,95,95,95,95,95,95,95,95,95,95,95,95,95,95,95,95,95],"card_choices":[{"not_picked":["Guardian:TemporalShield","Guardian:Gem_White"],"picked":"Guardian:VentSteam","floor":0},{"not_picked":["Guardian:Emergency","Guardian:Suspension"],"picked":"Guardian:BronzeOrb","floor":0},{"not_picked":["Guardian:Recover","Guardian:DecasProtection"],"picked":"Guardian:PiercingHide","floor":0},{"not_picked":["Guardian:PrimingBeam","Guardian:ChargeCore"],"picked":"Guardian:Gem_Blue","floor":0},{"not_picked":["Guardian:Repulse","Guardian:TemporalShield"],"picked":"Guardian:PrismaticBeam","floor":0},{"not_picked":["Guardian:PrimingBeam","Guardian:Reroute"],"picked":"Guardian:Clone","floor":0},{"not_picked":["Guardian:Gem_Green","Guardian:PrismaticBeam"],"picked":"Guardian:Gem_Yellow","floor":0},{"not_picked":["Guardian:CrystalBeam","Guardian:Gem_Red"],"picked":"Guardian:TemporalStrike","floor":0},{"not_picked":["Guardian:Gem_Red","Guardian:WalkerClaw"],"picked":"Guardian:EvasiveProtocol","floor":0},{"not_picked":["Guardian:SentryBeam","Guardian:ChargeCore"],"picked":"Guardian:Recover","floor":0},{"not_picked":["Guardian:WalkerClaw","Guardian:CrystalBeam"],"picked":"Guardian:BronzeOrb","floor":0},{"not_picked":["Guardian:Recover","Guardian:PrimingBeam"],"picked":"Guardian:ChargeUp","floor":0},{"not_picked":["Guardian:Planning","Guardian:TemporalShield"],"picked":"Guardian:Gem_Lightblue","floor":0},{"not_picked":["Guardian:GuardianWhirl","Guardian:Clone"],"picked":"Guardian:PolyBeam","floor":0},{"not_picked":["Guardian:Gem_White","Guardian:Gem_Lightblue"],"picked":"Guardian:Gem_Blue","floor":0},{"not_picked":["Guardian:PrimingBeam","Guardian:ShieldCharger"],"picked":"Guardian:Incinerate","floor":2},{"not_picked":["Guardian:Clone","Guardian:PrimingBeam"],"picked":"Guardian:PiercingHide","floor":3},{"not_picked":["Guardian:Reroute","Guardian:Gem_Lightblue"],"picked":"Guardian:Gem_Crimson","floor":4},{"not_picked":["Guardian:PolyBeam","Guardian:FuturePlans"],"picked":"Guardian:Gem_Green","floor":6},{"not_picked":["Guardian:PiercingHide","Guardian:DecasProtection"],"picked":"Guardian:FastForward","floor":8},{"not_picked":["Guardian:SentryBeam","Guardian:CrystalBeam"],"picked":"Guardian:SpikerProtocol","floor":9},{"not_picked":["Concentrate","Guardian:Harden"],"picked":"expansioncontent:TimeRipple","floor":12},{"not_picked":["Chrysalis","sneckomod:Unknown1Cost","Havoc"],"picked":"SKIP","floor":14},{"not_picked":["Slimebound:LevelUp","sneckomod:TrashToTreasure"],"picked":"Slimebound:SplitBruiser","floor":15},{"not_picked":["HollowMod:LifebloodCocoon+1","Infinite Blades"],"picked":"Skewer","floor":19},{"not_picked":["Shade:AncientSpear","sneckomod:UnknownClassRED","hierophant:Encroach"],"picked":"SKIP","floor":20},{"not_picked":["Guardian:PrimingBeam","sneckomod:Unknown3Cost","Shade:FreshBones"],"picked":"SKIP","floor":22},{"not_picked":["hexamod:GhostOfSpireFuture+1","sneckomod:DiceCrush"],"picked":"hexamod:Hexaguard","floor":23},{"not_picked":["Slice","Shade:RavenousHorde","Slimebound:DivideAndConquer+1"],"picked":"SKIP","floor":26},{"not_picked":["Undo","Secret Weapon"],"picked":"hierophant:Glossolalia","floor":27},{"not_picked":["Dagger Throw","Shade:WallOfFlesh"],"picked":"Guardian:WalkerClaw","floor":30},{"not_picked":["champ:CrookedStrike","hierophant:FlamingChariot","hexamod:FastForward"],"picked":"SKIP","floor":32},{"not_picked":["Bludgeon","Guardian:ConstructionForm"],"picked":"champ:ShieldSlam","floor":33},{"not_picked":["hermit:Maintenance","hierophant:Bribe+1","hierophant:ArchangelShield+1"],"picked":"SKIP","floor":36},{"not_picked":["Guardian:Gem_White","Shade:CallWraith+1"],"picked":"HollowMod:GoodIntentions+1","floor":40},{"not_picked":["Fire Up+1","Sudden Beat+1"],"picked":"Slimebound:Grow+1","floor":46},{"not_picked":["hexamod:HauntingEcho","Conserve Battery","hexamod:DynamicBlow"],"picked":"SKIP","floor":48},{"not_picked":["Guardian:Gem_Green","hermit:LoneWolf","sneckomod:IronFang+1"],"picked":"SKIP","floor":49}],"player_experience":491054,"relics_obtained":[{"floor":7,"key":"Boot"},{"floor":8,"key":"Bottled Flame"},{"floor":12,"key":"Ice Cream"},{"floor":31,"key":"downfall:GremlinWheel"},{"floor":37,"key":"downfall:GremlinWheel"},{"floor":40,"key":"champ:DeflectingBracers"},{"floor":41,"key":"Blood Vial"},{"floor":46,"key":"MealTicket"}],"event_choices":[{"cards_removed":["Guardian:BronzeOrb"],"damage_healed":19,"gold_gain":0,"player_choice":"Offered Uncommon","damage_taken":0,"max_hp_gain":0,"max_hp_loss":0,"event_name":"Bonfire Elementals","floor":11,"gold_loss":0},{"damage_healed":0,"gold_gain":300,"player_choice":"Gold","damage_taken":0,"max_hp_gain":0,"max_hp_loss":0,"event_name":"Wheel of Change","floor":35,"gold_loss":0}],"is_beta":false,"boss_relics":[{"not_picked":["Runic Pyramid","SacredBark"],"picked":"Guardian:ModeShifterPlus"},{"not_picked":["Cursed Key","Runic Dome","Sozu"]}],"items_purged_floors":[22,38],"is_endless":false,"potions_floor_spawned":[2,3,6,12,16,23,26,27,31,37,48],"ascension_level":0}}