{"host":"t4313i2190y6fz3q","time":1610411258,"event":{"mods":["2.2 Compatiblity","AchievementEnabler","Act Like it!","BaseMod","Colored Powertips","Downfall","Highlight Path","Minty Spire (QoL Compilation)","Permanent Neow","Quick Restart","Rare Cards Sparkle","StSLib"],"gold_per_floor":[111,111,131,158,175,175,208,208,282,317,317,282,297,297,297,396,396,414,432,283,294,308,308,308,308],"floor_reached":24,"playtime":806,"items_purged":[],"score":299,"play_id":"e4ed4099-2237-4640-81be-21a2fd0197b5","local_time":"20210111162738","is_ascension_mode":true,"campfire_choices":[{"data":"Zap","floor":6,"key":"SMITH"},{"floor":8,"key":"REST"},{"data":"Sunder","floor":11,"key":"SMITH"},{"data":"Lockon","floor":15,"key":"SMITH"},{"data":"Creative AI","floor":23,"key":"SMITH"}],"circlet_count":0,"master_deck":["Strike_B+1","Strike_B","Strike_B","Defend_B","Defend_B+1","Defend_B","Zap+1","Dualcast","Amplify","Core Surge","Rebound","Genetic Algorithm","Conserve Battery","Capacitor","Sunder+1","Lockon+1","Creative AI+1","Double Energy","Coolheaded","Beam Cell"],"relics":["Cracked Core","Toy Ornithopter","StrikeDummy","Meat on the Bone","Ancient Tea Set","Nuclear Battery","Guardian:PocketSentry"],"acts_visited":["Exordium","TheCity"],"potions_floor_usage":[19,24],"damage_taken":[{"damage":0,"enemies":"Cultist","floor":1,"turns":4},{"damage":4,"enemies":"Jaw Worm","floor":3,"turns":2},{"damage":10,"enemies":"2 Louse","floor":5,"turns":2},{"damage":16,"enemies":"Gremlin Nob","floor":7,"turns":4},{"damage":15,"enemies":"3 Sentries","floor":10,"turns":7},{"damage":0,"enemies":"2 Fungi Beasts","floor":13,"turns":2},{"damage":20,"enemies":"Slime Boss","floor":16,"turns":9},{"damage":32,"enemies":"Chosen","floor":18,"turns":5},{"damage":11,"enemies":"Spheric Guardian","floor":19,"turns":3},{"damage":3,"enemies":"Snecko","floor":21,"turns":4},{"damage":14,"enemies":"Snake Plant","floor":22,"turns":4},{"damage":49,"enemies":"Book of Stabbing","floor":24,"turns":4}],"seed_played":"-7090754661753007269","potions_obtained":[{"floor":1,"key":"Energy Potion"},{"floor":7,"key":"CultistPotion"},{"floor":10,"key":"Dexterity Potion"},{"floor":13,"key":"Ancient Potion"},{"floor":22,"key":"EssenceOfSteel"}],"is_trial":false,"path_per_floor":["M","?","M","T","M","R","E","R","T","E","R","?","M","?","R","B",null,"M","M","$","M","M","R","E"],"character_chosen":"DEFECT","items_purchased":["Guardian:PocketSentry"],"campfire_rested":1,"item_purchase_floors":[20],"current_hp_per_floor":[50,35,31,31,21,21,5,27,27,24,24,42,42,47,47,39,70,50,44,44,41,39,39,0,0],"gold":308,"neow_bonus":"TRANSFORM_TWO_CARDS","is_daily":false,"chose_seed":false,"campfire_upgraded":4,"win_rate":0.0,"timestamp":1610411258,"path_taken":["M","?","M","?","M","R","E","R","T","E","R","?","M","?","R","BOSS","M","M","$","M","M","R","E"],"items_purchased_type":["Relic"],"build_version":"2020-12-22","purchased_purges":0,"victory":false,"max_hp_per_floor":[75,75,75,75,75,75,75,75,75,75,75,75,75,80,80,80,80,80,80,80,80,80,80,80,80],"card_choices":[{"not_picked":["Storm","Fusion"],"picked":"Rebound","floor":1},{"not_picked":["Gash","Doom and Gloom"],"picked":"Genetic Algorithm","floor":3},{"not_picked":["Turbo","Sweeping Beam"],"picked":"Conserve Battery","floor":5},{"not_picked":["Force Field","Leap"],"picked":"Capacitor","floor":7},{"not_picked":["Cold Snap","Scrape"],"picked":"Sunder","floor":10},{"not_picked":["Sweeping Beam","All For One"],"picked":"Lockon","floor":13},{"not_picked":["Seek","Amplify"],"picked":"Creative AI","floor":16},{"not_picked":["Redo","Tempest"],"picked":"Double Energy","floor":18},{"not_picked":["Sweeping Beam","Stack","Aggregate+1"],"picked":"SKIP","floor":19},{"not_picked":["Cold Snap","Doom and Gloom+1"],"picked":"Coolheaded","floor":21},{"not_picked":["White Noise","Stack"],"picked":"Beam Cell","floor":22}],"player_experience":255802,"relics_obtained":[{"floor":4,"key":"Toy Ornithopter"},{"floor":7,"key":"StrikeDummy"},{"floor":9,"key":"Meat on the Bone"},{"floor":10,"key":"Ancient Tea Set"}],"event_choices":[{"damage_healed":0,"gold_gain":0,"player_choice":"Entered Light","damage_taken":15,"max_hp_gain":0,"max_hp_loss":0,"event_name":"Shining Light","floor":2,"gold_loss":0,"cards_upgraded":["Defend_B","Strike_B"]},{"damage_healed":18,"gold_gain":0,"player_choice":"Healed","damage_taken":0,"max_hp_gain":0,"max_hp_loss":0,"event_name":"The Cleric","floor":12,"gold_loss":35},{"damage_healed":0,"gold_gain":0,"player_choice":"Donut","damage_taken":0,"max_hp_gain":5,"max_hp_loss":0,"event_name":"Big Fish","floor":14,"gold_loss":0}],"is_beta":false,"boss_relics":[{"not_picked":["Cursed Key","Runic Dome"],"picked":"Nuclear Battery"}],"items_purged_floors":[],"is_endless":false,"potions_floor_spawned":[1,7,10,13,21,22],"killed_by":"Book of Stabbing","ascension_level":9}}