{"host":"oiw60b5ins9fyx34","time":1610455181,"event":{"mods":["BaseMod","Colored Map","Colored Powertips","Minty Spire (QoL Compilation)","Permanent Neow","Quick Restart","Rare Cards Sparkle","Relic Stats","StSLib"],"gold_per_floor":[110,125,125,139,139,139,139,139,193,193,210,236,247,277,277,372,372,389,404,329,329,329,329,329,363,363,363,383,402,431,443,443,540,540,557,557,577,595,615,650,650,423,423,434,434,434,208,227,227,227],"floor_reached":51,"playtime":1675,"items_purged":[],"score":812,"play_id":"066fae32-d18e-4f2c-b3ca-f74f624b700b","local_time":"20210112213941","is_ascension_mode":true,"campfire_choices":[{"data":"Shockwave","floor":6,"key":"SMITH"},{"data":"Clothesline","floor":8,"key":"SMITH"},{"data":"Defend_R","floor":10,"key":"SMITH"},{"data":"Corruption","floor":15,"key":"SMITH"},{"data":"Immolate","floor":23,"key":"SMITH"},{"data":"Feel No Pain","floor":27,"key":"SMITH"},{"data":"Metallicize","floor":32,"key":"SMITH"},{"data":"Uppercut","floor":41,"key":"SMITH"},{"data":"Feel No Pain","floor":46,"key":"SMITH"},{"data":"Feel No Pain","floor":49,"key":"SMITH"}],"circlet_count":0,"master_deck":["Defend_R+1","Defend_R","Defend_R","Defend_R","Bash+1","Shockwave+1","Clothesline+1","Evolve","Metallicize+1","Cleave","Battle Trance","Corruption+1","Immolate+1","Feel No Pain+1","Carnage","Offering","Fire Breathing+1","Uppercut+1","Feel No Pain+1","Feel No Pain+1","Fire Breathing","Parasite","Feel No Pain","Sentinel","Burning Pact","Burning Pact+1"],"relics":["Burning Blood","Smiling Mask","InkBottle","Mummified Hand","Mark of Pain","Nloth\u0027s Gift","Bottled Tornado","Bag of Preparation","Regal Pillow","Empty Cage","Meat on the Bone","Nunchaku","Lantern"],"acts_visited":["Exordium","TheCity","TheBeyond"],"potions_floor_usage":[16,25,30,50],"damage_taken":[{"damage":0,"enemies":"Jaw Worm","floor":1,"turns":1},{"damage":0,"enemies":"Small Slimes","floor":2,"turns":1},{"damage":0,"enemies":"Cultist","floor":4,"turns":1},{"damage":4,"enemies":"Looter","floor":11,"turns":4},{"damage":27,"enemies":"Gremlin Nob","floor":12,"turns":6},{"damage":6,"enemies":"2 Fungi Beasts","floor":13,"turns":4},{"damage":15,"enemies":"3 Sentries","floor":14,"turns":6},{"damage":39,"enemies":"The Guardian","floor":16,"turns":9},{"damage":1,"enemies":"Chosen","floor":18,"turns":4},{"damage":15,"enemies":"2 Thieves","floor":19,"turns":3},{"damage":2,"enemies":"Slavers","floor":25,"turns":2},{"damage":0,"enemies":"Cultist and Chosen","floor":28,"turns":4},{"damage":0,"enemies":"3 Cultists","floor":29,"turns":3},{"damage":7,"enemies":"Book of Stabbing","floor":30,"turns":4},{"damage":2,"enemies":"Snake Plant","floor":31,"turns":2},{"damage":65,"enemies":"Champ","floor":33,"turns":10},{"damage":2,"enemies":"Orb Walker","floor":35,"turns":3},{"damage":6,"enemies":"3 Darklings","floor":37,"turns":4},{"damage":0,"enemies":"4 Shapes","floor":38,"turns":1},{"damage":6,"enemies":"Spire Growth","floor":39,"turns":4},{"damage":6,"enemies":"Reptomancer","floor":40,"turns":5},{"damage":6,"enemies":"Writhing Mass","floor":44,"turns":4},{"damage":13,"enemies":"Sphere and 2 Shapes","floor":48,"turns":3},{"damage":34,"enemies":"Time Eater","floor":50,"turns":10}],"seed_played":"1633670837934056016","potions_obtained":[{"floor":1,"key":"ColorlessPotion"},{"floor":4,"key":"EssenceOfSteel"},{"floor":14,"key":"Swift Potion"},{"floor":16,"key":"LiquidBronze"},{"floor":19,"key":"AttackPotion"},{"floor":25,"key":"Regen Potion"},{"floor":33,"key":"Strength Potion"},{"floor":48,"key":"AttackPotion"}],"is_trial":false,"path_per_floor":["M","M","?","M","?","R","?","R","T","R","M","E","M","E","R","B",null,"M","M","?","?","?","R","?","E","T","R","M","M","E","M","R","B",null,"M","?","M","M","M","E","R","$","T","M","?","R","$","M","R","B",null],"character_chosen":"IRONCLAD","items_purchased":["Nunchaku","Fire Breathing","Feel No Pain","Sentinel","Burning Pact"],"campfire_rested":0,"item_purchase_floors":[42,42,47,47,47],"current_hp_per_floor":[80,80,85,85,78,78,78,78,78,78,80,59,59,50,50,17,85,85,76,76,76,76,76,76,80,80,80,85,85,84,85,85,26,85,85,85,85,85,85,85,85,85,85,85,81,81,81,74,74,58],"gold":227,"neow_bonus":"THREE_ENEMY_KILL","is_daily":false,"chose_seed":false,"campfire_upgraded":10,"win_rate":0.0,"timestamp":1610455181,"path_taken":["M","M","?","M","?","R","?","R","T","R","?","E","M","E","R","BOSS","M","M","?","?","?","R","?","E","T","R","M","?","E","M","R","BOSS","M","?","?","?","M","E","R","$","T","M","?","R","$","M","R","BOSS"],"items_purchased_type":["Relic","Card","Card","Card","Card"],"build_version":"2020-12-22","purchased_purges":0,"victory":true,"max_hp_per_floor":[80,80,85,85,85,85,85,85,85,85,85,85,85,85,85,85,85,85,85,85,85,85,85,85,85,85,85,85,85,85,85,85,85,85,85,85,85,85,85,85,85,85,85,85,81,81,81,81,81,81],"relic_stats":{"Regal Pillow":0,"Nunchaku":[2],"counters":[24,98],"Mummified Hand":[109],"Nloth\u0027s Gift":1,"Bag of Preparation":[26],"Smiling Mask":0,"obtain_stats":[{"Regal Pillow":30,"Lantern":43,"NeowsBlessing":0,"Bag of Preparation":26,"Bottled Tornado":25,"Smiling Mask":9,"Empty Cage":34,"Burning Blood":0,"Nunchaku":42,"Mummified Hand":14,"Mark of Pain":17,"Nloth\u0027s Gift":24,"InkBottle":12,"Meat on the Bone":40},{"Regal Pillow":14,"Lantern":21,"NeowsBlessing":0,"Bag of Preparation":11,"Bottled Tornado":11,"Smiling Mask":3,"Empty Cage":16,"Burning Blood":0,"Nunchaku":21,"Mummified Hand":7,"Mark of Pain":8,"Nloth\u0027s Gift":10,"InkBottle":5,"Meat on the Bone":21},{"Regal Pillow":52,"Lantern":81,"NeowsBlessing":0,"Bag of Preparation":41,"Bottled Tornado":41,"Smiling Mask":3,"Empty Cage":64,"Burning Blood":0,"Nunchaku":81,"Mummified Hand":23,"Mark of Pain":32,"Nloth\u0027s Gift":39,"InkBottle":13,"Meat on the Bone":81}],"Burning Blood":101,"InkBottle":[20],"Meat on the Bone":12},"card_choices":[{"not_picked":["Flame Barrier","Havoc"],"picked":"Shockwave","floor":1},{"not_picked":["Headbutt","Combust"],"picked":"Clothesline","floor":2},{"not_picked":["Body Slam","Twin Strike"],"picked":"Evolve","floor":4},{"not_picked":["Ghostly Armor","Warcry"],"picked":"Metallicize","floor":11},{"not_picked":["Clash","Bloodletting"],"picked":"Cleave","floor":12},{"not_picked":["Metallicize","Twin Strike"],"picked":"Battle Trance","floor":13},{"not_picked":["Clothesline","Ghostly Armor"],"picked":"Corruption","floor":14},{"not_picked":["Demon Form","Barricade"],"picked":"Immolate","floor":16},{"not_picked":["Sever Soul","Perfected Strike","Flex"],"picked":"SKIP","floor":18},{"not_picked":["Anger","Havoc","Heavy Blade"],"picked":"SKIP","floor":19},{"not_picked":["Thunderclap","Dark Embrace"],"picked":"Feel No Pain","floor":25},{"not_picked":["Carnage","Iron Wave","Sword Boomerang"],"picked":"SKIP","floor":28},{"not_picked":["Iron Wave","Sword Boomerang"],"picked":"Carnage","floor":28},{"not_picked":["Flex","Cleave","Brutality"],"picked":"SKIP","floor":29},{"not_picked":["Havoc+1","Rampage","Dropkick"],"picked":"SKIP","floor":30},{"not_picked":["Wild Strike","Anger","Armaments+1"],"picked":"SKIP","floor":31},{"not_picked":["Immolate","Bludgeon"],"picked":"Offering","floor":33},{"not_picked":["Clothesline+1","Inflame+1"],"picked":"Fire Breathing","floor":35},{"not_picked":["Pummel+1","Iron Wave"],"picked":"Uppercut","floor":37},{"not_picked":["Clash","Cleave"],"picked":"Feel No Pain","floor":38},{"not_picked":["Second Wind","Entrench"],"picked":"Feel No Pain","floor":39},{"not_picked":["Clash+1","Berserk","Heavy Blade"],"picked":"SKIP","floor":40},{"not_picked":["Clash+1","Berserk","Heavy Blade"],"picked":"SKIP","floor":40},{"not_picked":["Carnage+1","Rage","Armaments"],"picked":"SKIP","floor":44},{"not_picked":["Headbutt","Flex"],"picked":"Burning Pact+1","floor":48}],"player_experience":631922,"relics_obtained":[{"floor":9,"key":"Smiling Mask"},{"floor":12,"key":"InkBottle"},{"floor":14,"key":"Mummified Hand"},{"floor":25,"key":"Bottled Tornado"},{"floor":26,"key":"Bag of Preparation"},{"floor":30,"key":"Regal Pillow"},{"floor":40,"key":"Meat on the Bone"},{"floor":43,"key":"Lantern"}],"event_choices":[{"damage_healed":0,"gold_gain":0,"player_choice":"Donut","damage_taken":0,"max_hp_gain":5,"max_hp_loss":0,"event_name":"Big Fish","floor":3,"gold_loss":0},{"cards_removed":["Strike_R"],"damage_healed":0,"gold_gain":0,"player_choice":"Card Removal","damage_taken":7,"max_hp_gain":0,"max_hp_loss":0,"event_name":"Golden Wing","floor":5,"gold_loss":0},{"damage_healed":0,"gold_gain":0,"player_choice":"Upgraded","damage_taken":0,"max_hp_gain":0,"max_hp_loss":0,"event_name":"Upgrade Shrine","floor":7,"gold_loss":0,"cards_upgraded":["Bash"]},{"cards_removed":["Strike_R"],"damage_healed":0,"gold_gain":0,"player_choice":"Gave Gold","damage_taken":0,"max_hp_gain":0,"max_hp_loss":0,"event_name":"Beggar","floor":20,"gold_loss":75},{"cards_removed":["Strike_R"],"damage_healed":0,"gold_gain":0,"player_choice":"Elegance","damage_taken":0,"max_hp_gain":0,"max_hp_loss":0,"event_name":"Back to Basics","floor":21,"gold_loss":0},{"damage_healed":0,"gold_gain":0,"player_choice":"Ignored","damage_taken":0,"max_hp_gain":0,"max_hp_loss":0,"event_name":"Vampires","floor":22,"gold_loss":0},{"damage_healed":0,"gold_gain":0,"player_choice":"Traded Relic","damage_taken":0,"relics_obtained":["Nloth\u0027s Gift"],"max_hp_gain":0,"max_hp_loss":0,"event_name":"N\u0027loth","floor":24,"relics_lost":["NeowsBlessing"],"gold_loss":0},{"damage_healed":0,"gold_gain":0,"player_choice":"Forge","damage_taken":0,"max_hp_gain":0,"max_hp_loss":0,"event_name":"Accursed Blacksmith","floor":36,"gold_loss":0,"cards_upgraded":["Fire Breathing"]},{"damage_healed":0,"gold_gain":0,"player_choice":"Max HP","damage_taken":0,"max_hp_gain":0,"max_hp_loss":4,"event_name":"Winding Halls","floor":45,"gold_loss":0}],"is_beta":false,"boss_relics":[{"not_picked":["Ectoplasm","Velvet Choker"],"picked":"Mark of Pain"},{"not_picked":["Snecko Eye","Runic Cube"],"picked":"Empty Cage"}],"items_purged_floors":[],"is_endless":false,"potions_floor_spawned":[1,4,14,16,19,25,29,33,35,37,39,40,48],"ascension_level":1}}