{"host":"hw39lwcp0ma2fmrr","time":1610424885,"event":{"mods":["BaseMod","Minty Spire (QoL Compilation)"],"gold_per_floor":[119,119,132,146,157,157,192,192,192,217,217,227,227,237,237,339,339,324,156,156,166,179,179,179,179],"floor_reached":24,"playtime":1825,"items_purged":["Strike_B"],"score":270,"play_id":"40d402f8-518b-4fdb-8c21-d874a888866b","local_time":"20210111221445","is_ascension_mode":true,"campfire_choices":[{"data":"Loop","floor":6,"key":"SMITH"},{"data":"Zap","floor":8,"key":"SMITH"},{"data":"Force Field","floor":15,"key":"SMITH"},{"data":"Panacea","floor":23,"key":"SMITH"}],"circlet_count":0,"master_deck":["Strike_B","Strike_B","Strike_B","Defend_B","Defend_B","Defend_B","Defend_B+1","Zap+1","Dualcast","Ball Lightning","Self Repair+1","Loop+1","Glacier","Steam","Turbo","Force Field+1","Ball Lightning","Multi-Cast","Self Repair+1","Panacea+1","Writhe","Reinforced Body"],"relics":["Cracked Core","Ancient Tea Set","Mango","Emotion Chip","FossilizedHelix","Bottled Tornado","Cursed Key","Cables"],"acts_visited":["Exordium","TheCity"],"potions_floor_usage":[16,22,24],"damage_taken":[{"damage":1,"enemies":"Cultist","floor":1,"turns":3},{"damage":0,"enemies":"Small Slimes","floor":3,"turns":3},{"damage":9,"enemies":"Jaw Worm","floor":4,"turns":3},{"damage":22,"enemies":"Large Slime","floor":5,"turns":5},{"damage":16,"enemies":"Gremlin Nob","floor":7,"turns":3},{"damage":11,"enemies":"Lagavulin","floor":10,"turns":6},{"damage":0,"enemies":"Looter","floor":12,"turns":4},{"damage":0,"enemies":"3 Louse","floor":14,"turns":3},{"damage":14,"enemies":"Slime Boss","floor":16,"turns":11},{"damage":5,"enemies":"2 Thieves","floor":18,"turns":5},{"damage":0,"enemies":"Spheric Guardian","floor":21,"turns":3},{"damage":27,"enemies":"Shelled Parasite and Fungi","floor":22,"turns":5},{"damage":81,"enemies":"Gremlin Leader","floor":24,"turns":8}],"seed_played":"1656944141792150877","potions_obtained":[{"floor":1,"key":"Dexterity Potion"},{"floor":4,"key":"GamblersBrew"},{"floor":5,"key":"Dexterity Potion"},{"floor":13,"key":"LiquidMemories"},{"floor":18,"key":"ColorlessPotion"},{"floor":22,"key":"SpeedPotion"}],"is_trial":false,"path_per_floor":["M","?","M","M","M","R","E","R","T","E","?","M","?","M","R","B",null,"M","$","T","M","M","R","E"],"character_chosen":"DEFECT","items_purchased":["Panacea"],"campfire_rested":0,"item_purchase_floors":[19],"current_hp_per_floor":[67,69,69,67,52,52,43,43,43,39,21,31,31,41,41,37,76,81,81,81,81,74,74,0,0],"gold":179,"neow_bonus":"RANDOM_COMMON_RELIC","is_daily":false,"chose_seed":false,"campfire_upgraded":4,"win_rate":0.0,"timestamp":1610424885,"path_taken":["M","?","M","M","M","R","E","R","T","E","?","M","?","M","R","BOSS","M","$","?","M","M","R","E"],"items_purchased_type":["Card"],"build_version":"2020-12-22","purchased_purges":1,"victory":false,"max_hp_per_floor":[75,89,89,89,89,89,89,89,89,89,89,89,89,89,89,89,89,89,89,89,89,89,89,89,89],"card_choices":[{"not_picked":["Tempest","Reinforced Body"],"picked":"Ball Lightning","floor":1},{"not_picked":["Beam Cell","Reprogram"],"picked":"Self Repair","floor":3},{"not_picked":["Auto Shields","Compile Driver"],"picked":"Loop","floor":4},{"not_picked":["Blizzard","Capacitor"],"picked":"Glacier","floor":5},{"not_picked":["Stack","Machine Learning"],"picked":"Steam","floor":7},{"not_picked":["Steam Power","Turbo","Glacier"],"picked":"SKIP","floor":10},{"not_picked":["Steam Power","Glacier"],"picked":"Turbo","floor":10},{"not_picked":["Gash","Steam"],"picked":"Force Field","floor":12},{"not_picked":["Beam Cell","Coolheaded"],"picked":"Ball Lightning","floor":14},{"not_picked":["Machine Learning","Seek"],"picked":"Multi-Cast","floor":16},{"not_picked":["Static Discharge","Streamline"],"picked":"Self Repair+1","floor":18},{"not_picked":["Conserve Battery","Gash","Steam"],"picked":"SKIP","floor":21},{"not_picked":["Steam","Multi-Cast"],"picked":"Reinforced Body","floor":22}],"player_experience":311604,"relics_obtained":[{"floor":7,"key":"Emotion Chip"},{"floor":9,"key":"FossilizedHelix"},{"floor":10,"key":"Bottled Tornado"},{"floor":20,"key":"Cables"}],"event_choices":[{"damage_healed":0,"gold_gain":0,"player_choice":"Success","damage_taken":12,"relics_obtained":["Mango"],"max_hp_gain":0,"max_hp_loss":0,"event_name":"Scrap Ooze","floor":2,"gold_loss":0},{"damage_healed":0,"gold_gain":0,"player_choice":"Entered Light","damage_taken":18,"max_hp_gain":0,"max_hp_loss":0,"event_name":"Shining Light","floor":11,"gold_loss":0,"cards_upgraded":["Defend_B","Self Repair"]},{"damage_healed":0,"gold_gain":0,"player_choice":"Got Potions","damage_taken":0,"max_hp_gain":0,"max_hp_loss":0,"event_name":"Lab","floor":13,"gold_loss":0}],"is_beta":false,"boss_relics":[{"not_picked":["Astrolabe","Philosopher\u0027s Stone"],"picked":"Cursed Key"}],"items_purged_floors":[19],"is_endless":false,"potions_floor_spawned":[1,4,5,14,18,22],"killed_by":"Gremlin Leader","ascension_level":6}}