{"host":"7t8rqoeeopyy0nh0","time":1610452969,"event":{"mods":["AchievementEnabler","Aspiration","Bard","BaseMod","Better Third Choice","BetterRewards","Colored Map","Colored Powertips","Conspire","Downfall","Hermit","Hubris","Infinite Spire","Koishi","Minty Spire (QoL Compilation)","Permanent Neow","Quick Restart","Rare Cards Sparkle","Reimu??????","Replay The Spire","StSLib","Td1madao Mod","The Administrix","The Blackbeard","The Bug Knight","The Gatherer","The Hayseed","The Jungle","The Marked","The Servant 0.9.4","The Wild Card","TheBandit"],"gold_per_floor":[15,15,33,43,43,56,84,134,152,171,171,187,201,201,201,201],"floor_reached":16,"playtime":541,"items_purged":[],"score":106,"play_id":"571b7e0b-7b23-4888-8420-2d8d052e0b14","local_time":"20210112070249","is_ascension_mode":false,"campfire_choices":[{"data":"theMarked:RogueSparks","floor":6,"key":"SMITH"},{"floor":12,"key":"REST"},{"floor":15,"key":"REST"}],"circlet_count":0,"master_deck":["theMarked:Strike","theMarked:Strike","theMarked:Strike","theMarked:Strike","theMarked:Defend","theMarked:Defend","theMarked:Defend","theMarked:Defend","theMarked:SoldierOfQuellstein","theMarked:HeightenedSenses","theMarked:RogueSparks+1","theMarked:SwordAndMagic","theMarked:DispelDoubt","theMarked:Levitate","theMarked:ReduceFriction","theMarked:StartUp"],"relics":["theMarked:ArtifactOfAir","hubris:Teleporter","Replay:Kaleidoscope","Strawberry"],"acts_visited":["Exordium"],"potions_floor_usage":[8,13,16,16],"damage_taken":[{"damage":1,"enemies":"Cultist","floor":1,"turns":3},{"damage":6,"enemies":"Jaw Worm","floor":3,"turns":4},{"damage":2,"enemies":"Small Slimes","floor":5,"turns":4},{"damage":4,"enemies":"Blue Slaver","floor":7,"turns":3},{"damage":6,"enemies":"Gremlin Nob","floor":8,"turns":3},{"damage":17,"enemies":"Gremlin Gang","floor":10,"turns":4},{"damage":10,"enemies":"Looter","floor":11,"turns":3},{"damage":5,"enemies":"3 Louse","floor":13,"turns":3},{"damage":22,"enemies":"Lots of Slimes","floor":14,"turns":4},{"damage":50,"enemies":"Hexaghost","floor":16,"turns":9}],"seed_played":"1353322415407117794","potions_obtained":[{"floor":1,"key":"Swift Potion"},{"floor":5,"key":"Elixir"},{"floor":7,"key":"Adrenaline Potion"},{"floor":11,"key":"DuplicationPotion"}],"is_trial":false,"path_per_floor":["M","?","M","M","R","M","E","T","M","M","R","M","M","R","B"],"character_chosen":"THE_DEFAULT","items_purchased":[],"campfire_rested":2,"item_purchase_floors":[],"current_hp_per_floor":[69,69,63,61,61,57,51,58,41,31,54,49,27,50,0,0],"gold":201,"neow_bonus":"ONE_RARE_RELIC","is_daily":false,"chose_seed":false,"campfire_upgraded":1,"win_rate":0.0,"timestamp":1610452969,"path_taken":["M","?","M","?","R","M","E","T","M","M","R","?","M","R","BOSS"],"items_purchased_type":[],"build_version":"2020-12-22","purchased_purges":0,"victory":false,"max_hp_per_floor":[70,70,70,70,70,70,70,77,77,77,77,77,77,77,77,77],"card_choices":[{"not_picked":["theMarked:Frustration","theMarked:WastefulAttack"],"picked":"theMarked:HeightenedSenses","floor":1},{"not_picked":["theMarked:ResourceFulStrike","theMarked:Static"],"picked":"theMarked:RogueSparks","floor":3},{"not_picked":["theMarked:RepellingDischarge","theMarked:Parry"],"picked":"theMarked:SwordAndMagic","floor":5},{"not_picked":["theMarked:ElectricStrings","theMarked:WastefulAttack"],"picked":"theMarked:DispelDoubt","floor":7},{"not_picked":["theMarked:Frustration","theMarked:ChainLightning"],"picked":"theMarked:Levitate","floor":8},{"not_picked":["theMarked:ChainLightning","theMarked:RepellingDischarge","theMarked:KeepCalmAndFightOn"],"picked":"SKIP","floor":10},{"not_picked":["theMarked:Seal","theMarked:EnhanceMovement","theMarked:ChainLightning"],"picked":"SKIP","floor":11},{"not_picked":["theMarked:ResourceFulStrike","theMarked:Aftermath"],"picked":"theMarked:ReduceFriction","floor":13},{"not_picked":["theMarked:SwordAndMagic","theMarked:TwofoldDefense"],"picked":"theMarked:StartUp","floor":14}],"player_experience":399862,"relics_obtained":[{"floor":8,"key":"Replay:Kaleidoscope"},{"floor":9,"key":"Strawberry"}],"event_choices":[{"cards_removed":["theMarked:Strike"],"damage_healed":0,"gold_gain":0,"player_choice":"Offered Basic","damage_taken":0,"max_hp_gain":0,"max_hp_loss":0,"event_name":"Bonfire Elementals","floor":2,"gold_loss":0}],"is_beta":false,"boss_relics":[],"items_purged_floors":[],"is_endless":false,"potions_floor_spawned":[1,5,7,11],"killed_by":"Hexaghost","ascension_level":0}}