{"host":"7sy3dyg71hje4mzx","time":1610453343,"event":{"mods":["BaseMod","Downfall","Minty Spire (QoL Compilation)","StSLib"],"gold_per_floor":[99,99,15,33,52,82,82,7,25,43,58,73,73,101,121,217,217,217,234,244,229,249,249,249,263,188,188,69,84,84,111,111,111,111],"floor_reached":32,"playtime":3027,"items_purged":[],"score":288,"play_id":"aad3616c-6a2b-437f-a0e9-94b84a8ebc88","local_time":"20210112230902","is_ascension_mode":true,"campfire_choices":[{"floor":1,"key":"RECALL"},{"data":"Slimebound:GrowthPunch","floor":8,"key":"SMITH"},{"floor":13,"key":"REST"},{"data":"Slimebound:Prepare","floor":18,"key":"SMITH"},{"data":"Slimebound:LivingWall","floor":23,"key":"SMITH"},{"floor":26,"key":"REST"},{"floor":30,"key":"REST"}],"circlet_count":0,"master_deck":["Slimebound:Tackle","Slimebound:Split","Slimebound:CorrosiveSpit","Slimebound:GrowthPunch+1","Slimebound:Gluttony","Slimebound:LeechingTouch","Slimebound:RollThrough","Slimebound:HungryTackle","Slimebound:Grow+1","Slimebound:Gluttony+1","Slimebound:GoopSpray","Slimebound:Nibble","Slimebound:MassRepurpose","Slimebound:LivingWall+1","Slimebound:Overexert+1","Slimebound:DuplicatedForm+1","Slimebound:Prepare+1","Slimebound:MinionMaster+1","Slimebound:Recollect","Slimebound:MegaLick","Slimebound:BestDefense+1","Slimebound:HauntingLick","Slimebound:SpikyOuterGoop+1","Slimebound:LeadByExample+1","Slimebound:SplitAcid","Slimebound:Recollect","Slimebound:DisruptingSlam+1","Slimebound:LeechLife+1","Slimebound:FirmFortitude+1","Slimebound:SplitMire","Slimebound:SplitAcid","Slimebound:BestDefense+1"],"relics":["Slimebound:AbsorbEndCombat","Omamori","Frozen Egg 2","downfall:HeartBlessingGreen","Pandora\u0027s Box","Molten Egg 2","downfall:HeartBlessingRed","downfall:RedIOU","MealTicket"],"acts_visited":["Exordium","TheCity"],"potions_floor_usage":[16,29,32],"damage_taken":[{"damage":4,"enemies":"downfall:FleeingMerchant","floor":3,"turns":4},{"damage":7,"enemies":"Small Slimes","floor":4,"turns":3},{"damage":6,"enemies":"Cultist","floor":5,"turns":4},{"damage":28,"enemies":"Gremlin Nob","floor":6,"turns":5},{"damage":12,"enemies":"Jaw Worm","floor":9,"turns":4},{"damage":9,"enemies":"Exordium Thugs","floor":10,"turns":4},{"damage":19,"enemies":"Red Slaver","floor":11,"turns":5},{"damage":6,"enemies":"3 Louse","floor":12,"turns":2},{"damage":18,"enemies":"Lagavulin","floor":14,"turns":5},{"damage":8,"enemies":"Gremlin Gang","floor":15,"turns":2},{"damage":55,"enemies":"downfall:Ironclad","floor":16,"turns":10},{"damage":25,"enemies":"Shell Parasite","floor":19,"turns":6},{"damage":46,"enemies":"Spheric Guardian","floor":20,"turns":5},{"damage":4,"enemies":"downfall:FleeingMerchant","floor":21,"turns":4},{"damage":42,"enemies":"Centurion and Healer","floor":22,"turns":7},{"damage":25,"enemies":"Snake Plant","floor":25,"turns":4},{"damage":23,"enemies":"downfall:FleeingMerchant","floor":28,"turns":4},{"damage":55,"enemies":"3 Cultists","floor":29,"turns":5},{"damage":30,"enemies":"Gremlin Leader","floor":31,"turns":8},{"damage":81,"enemies":"Chosen and Byrds","floor":32,"turns":8}],"seed_played":"-1313348127526130463","potions_obtained":[{"floor":4,"key":"ColorlessPotion"},{"floor":9,"key":"Block Potion"},{"floor":10,"key":"Energy Potion"},{"floor":14,"key":"FairyPotion"},{"floor":16,"key":"ColorlessPotion"}],"is_trial":false,"path_per_floor":["R","?","$","M","M","E","T","R","M","M","M","M","R","E","M","B",null,"R","M","M","$","M","R","T","M","R","?","$","M","R","E","M"],"character_chosen":"SLIMEBOUND","items_purchased":["Slimebound:Gluttony","Slimebound:FirmFortitude+1","Slimebound:SplitMire"],"campfire_rested":3,"item_purchase_floors":[3,28,28],"current_hp_per_floor":[66,66,66,66,66,46,46,46,48,55,46,46,65,58,62,39,66,66,63,48,62,57,57,57,44,63,63,52,23,42,36,0,0,0],"gold":111,"neow_bonus":"TEN_PERCENT_HP_BONUS","is_daily":false,"chose_seed":false,"campfire_upgraded":3,"win_rate":0.0,"timestamp":1610453342,"path_taken":["R","?","?","M","M","E","T","R","M","M","M","M","R","E","M","BOSS","R","M","?","$","M","R","T","M","R","?","?","M","R","E","M"],"items_purchased_type":["Card","Card","Card"],"build_version":"2020-12-22","purchased_purges":0,"victory":false,"max_hp_per_floor":[66,66,66,66,66,66,66,66,66,66,66,66,66,66,66,66,66,66,66,66,66,66,66,66,66,66,66,66,66,66,66,66,66,66],"card_choices":[{"not_picked":["Slimebound:PressTheAttack","Slimebound:FormOfPuddle"],"picked":"Slimebound:GrowthPunch","floor":3},{"not_picked":["Slimebound:SpikyOuterGoop","Slimebound:HungryTackle"],"picked":"Slimebound:LeechingTouch","floor":4},{"not_picked":["Slimebound:LeechEnergy","Slimebound:HungryTackle"],"picked":"Slimebound:RollThrough","floor":5},{"not_picked":["Slimebound:GoopTackle","Slimebound:SplitAcid"],"picked":"Slimebound:HungryTackle","floor":6},{"not_picked":["Slimebound:LeechEnergy","Slimebound:SamplingLick"],"picked":"Slimebound:Grow+1","floor":9},{"not_picked":["Slimebound:ComboTackle","Slimebound:PressTheAttack"],"picked":"Slimebound:Gluttony+1","floor":10},{"not_picked":["Slimebound:ViciousTackle","Slimebound:ComboTackle"],"picked":"Slimebound:GoopSpray","floor":11},{"not_picked":["Slimebound:MegaLick","Slimebound:LeechingTouch"],"picked":"Slimebound:Nibble","floor":12},{"not_picked":["Slimebound:RejuvenatingLick","Slimebound:ViciousTackle"],"picked":"Slimebound:MassRepurpose","floor":14},{"not_picked":["Slimebound:ForwardTackle","Slimebound:DisruptingSlam"],"picked":"Slimebound:LivingWall","floor":15},{"not_picked":["Slimebound:TagTeam","Slimebound:RallyTheTroops"],"picked":"Slimebound:Overexert+1","floor":16},{"not_picked":["Slimebound:GoopTackle","Slimebound:RollThrough"],"picked":"Slimebound:SpikyOuterGoop+1","floor":19},{"not_picked":["Slimebound:Chomp","Slimebound:LivingWall"],"picked":"Slimebound:LeadByExample+1","floor":20},{"not_picked":["Slimebound:Schlurp","Slimebound:DisruptingSlam+1"],"picked":"Slimebound:SplitAcid","floor":21},{"not_picked":["Slimebound:ViciousTackle","Slimebound:SamplingLick+1"],"picked":"Slimebound:Recollect","floor":22},{"not_picked":["Slimebound:GoopSpray","Slimebound:ViciousTackle+1"],"picked":"Slimebound:DisruptingSlam+1","floor":25},{"not_picked":["Slimebound:ComboTackle+1","Slimebound:HauntingLick+1"],"picked":"Slimebound:LeechLife+1","floor":28},{"not_picked":["Slimebound:FirmFortitude+1","Slimebound:SamplingLick+1"],"picked":"Slimebound:SplitAcid","floor":29},{"not_picked":["Slimebound:ComboTackle+1","Slimebound:SpikyOuterGoop+1"],"picked":"Slimebound:BestDefense+1","floor":31}],"player_experience":201156,"relics_obtained":[{"floor":6,"key":"Omamori"},{"floor":7,"key":"Frozen Egg 2"},{"floor":14,"key":"War Paint"},{"floor":24,"key":"Molten Egg 2"},{"floor":31,"key":"MealTicket"}],"event_choices":[{"cards_removed":["Bash"],"damage_healed":0,"gold_gain":0,"player_choice":"Took Card","damage_taken":0,"max_hp_gain":0,"max_hp_loss":0,"event_name":"NoteForYourself","floor":2,"gold_loss":0,"cards_obtained":["Bash"]}],"is_beta":false,"boss_relics":[{"not_picked":["Fusion Hammer","Sozu"],"picked":"Pandora\u0027s Box"}],"items_purged_floors":[],"is_endless":false,"potions_floor_spawned":[4,9,10,14,15,16,22,25],"killed_by":"Chosen and Byrds","ascension_level":1}}