{"host":"g0h2b624hxmxacav","time":1610429643,"event":{"mods":["BaseMod","Colored Map","Downfall","Luminous","Marisa£®ÏF”Í°°ƒß¿Ì…≥£©","Minty Spire (QoL Compilation)","Replay The Spire","StSLib","°æ“≈ŒÔø®≈∆°øREMEMod"],"gold_per_floor":[99,99,99,374,242,277,323,358,208,221,22,22,22,32,51,51,51,51],"floor_reached":16,"playtime":1195,"items_purged":["Regret"],"score":106,"play_id":"8549fcc1-2753-4fb4-9592-5f8069c427ea","local_time":"20210112133403","is_ascension_mode":false,"campfire_choices":[{"floor":1,"key":"RECALL"},{"floor":9,"key":"REST"},{"data":"hexamod:TimeOfNeed","floor":12,"key":"SMITH"}],"circlet_count":0,"master_deck":["hexamod:Strike","hexamod:Strike","hexamod:Strike","hexamod:Strike","hexamod:Defend","hexamod:Defend","hexamod:Defend","hexamod:Defend","hexamod:Sear","hexamod:Float","Replay:DivineShield","hexamod:BurningTouch","hexamod:ChargedBarrage","hexamod:TimeOfNeed+1","hexamod:PhantomFireball","hexamod:PhantomFireball","hexamod:BacktrackSmack","hexamod:CatchUp","hexamod:ThirdSeal","hexamod:ParanormalForm","hexamod:SpectersWail","hexamod:InspiringFlames","hexamod:InspiringFlames","hexamod:HauntingEcho","hexamod:NightmareGuise"],"relics":["hexamod:SpiritBrand","REME_ComplimentaryCards","downfall:HeartsMalice","Letter Opener","Boot","downfall:HeartBlessingRed","downfall:HeartBlessingBlue","Replay:Baseball"],"acts_visited":["Exordium"],"potions_floor_usage":[16],"damage_taken":[{"damage":0,"enemies":"2 Louse","floor":2,"turns":1},{"damage":0,"enemies":"Cultist","floor":3,"turns":1},{"damage":0,"enemies":"downfall:FleeingMerchant","floor":5,"turns":1},{"damage":26,"enemies":"3 Sentries","floor":6,"turns":12},{"damage":7,"enemies":"Lagavulin","floor":8,"turns":6},{"damage":2,"enemies":"Small Slimes","floor":10,"turns":3},{"damage":4,"enemies":"downfall:FleeingMerchant","floor":11,"turns":4},{"damage":27,"enemies":"Gremlin Gang","floor":14,"turns":5},{"damage":12,"enemies":"3 Louse","floor":15,"turns":3},{"damage":28,"enemies":"downfall:Watcher","floor":16,"turns":5}],"seed_played":"4940497690639416838","potions_obtained":[{"floor":6,"key":"SmokeBomb"},{"floor":10,"key":"Dexterity Potion"},{"floor":13,"key":"DuplicationPotion"},{"floor":13,"key":"Guardian:BlockOnCardUsePotion"},{"floor":13,"key":"Reflective Coating"}],"is_trial":false,"path_per_floor":["R","M","M","?","$","E","T","E","R","M","$","R","?","M","M","B"],"character_chosen":"THE_SPIRIT","items_purchased":["hexamod:PhantomFireball","hexamod:InspiringFlames","Replay:Baseball"],"campfire_rested":1,"item_purchase_floors":[5,11,11],"current_hp_per_floor":[70,70,70,70,70,44,44,37,71,69,65,65,65,38,26,0,0,0],"gold":51,"neow_bonus":"THREE_ENEMY_KILL","is_daily":false,"chose_seed":false,"campfire_upgraded":1,"win_rate":0.0,"timestamp":1610429643,"path_taken":["R","M","M","?","?","E","T","E","R","M","$","R","?","M","M","BOSS"],"items_purchased_type":["Card","Card","Relic"],"build_version":"2020-12-22","purchased_purges":1,"victory":false,"max_hp_per_floor":[70,70,70,70,70,70,70,70,80,80,80,80,80,80,80,80,80,80],"card_choices":[{"not_picked":["hexamod:Haunt","hexamod:NecessarySacrifice"],"picked":"hexamod:BurningTouch","floor":2},{"not_picked":["hexamod:GhostShield","hexamod:HeatMetal"],"picked":"hexamod:ChargedBarrage","floor":3},{"not_picked":["hexamod:FirstSeal","hexamod:Firestarter"],"picked":"hexamod:TimeOfNeed","floor":5},{"not_picked":["hexamod:Hexaguard","hexamod:ThermalTransfer"],"picked":"hexamod:BacktrackSmack","floor":6},{"not_picked":["hexamod:SwordOfDarkness","hexamod:ThermalTransfer"],"picked":"hexamod:CatchUp","floor":8},{"not_picked":["hexamod:ExtraCrispy","hexamod:BacktrackSmack"],"picked":"hexamod:ThirdSeal","floor":10},{"not_picked":["hexamod:GhostLash","hexamod:FastForward"],"picked":"hexamod:ParanormalForm","floor":11},{"not_picked":["hexamod:GhostLash","hexamod:SwordOfDarkness"],"picked":"hexamod:SpectersWail","floor":11},{"not_picked":["hexamod:RetreatToShadows","hexamod:ShieldOfDarkness"],"picked":"hexamod:HauntingEcho","floor":14},{"not_picked":["hexamod:HauntingEcho","hexamod:AdvancingGuard"],"picked":"hexamod:NightmareGuise","floor":15}],"player_experience":60729,"relics_obtained":[{"floor":6,"key":"Letter Opener"},{"floor":8,"key":"Boot"}],"event_choices":[{"damage_healed":0,"gold_gain":0,"player_choice":"Got Potions","damage_taken":0,"max_hp_gain":0,"max_hp_loss":0,"event_name":"Lab","floor":13,"gold_loss":0}],"is_beta":false,"boss_relics":[],"items_purged_floors":[5],"is_endless":false,"potions_floor_spawned":[6,10,15],"killed_by":"downfall:Watcher","ascension_level":0}}