{"host":"mitik7wjjpoqy3i6","time":1610477278,"event":{"mods":["AchievementEnabler","AlwaysNeverKeys","Aspiration","BaseMod","BetterRewards","Custom Start","Force Act Four","Gold Saver","Hyrulean Relics","Minty Spire (QoL Compilation)","Rare Cards Sparkle","Remove Card Discount Mod","Replay The Spire","Small Relic Pack","Spicy Shops","StSLib","The Animator","The Sage","Treasure Hunter","??????REMEMod"],"gold_per_floor":[1255,1255,1265,1276,818,847,866,879,879,879,879,893,933,948,948,1077,1077,1122,1122,1122],"floor_reached":19,"playtime":2097,"items_purged":[],"score":463,"play_id":"0705e242-fb59-41b0-bb87-521c9f9a2291","local_time":"20210112194758","is_ascension_mode":true,"campfire_choices":[],"circlet_count":0,"master_deck":["Strike_B+2","Strike_B+1","Strike_B","Strike_B+1","Defend_B","Defend_B","Defend_B","Zap","Dualcast","Compile Driver","Cold Snap+1","Loop","Barrage","TH:Mimic","Panic Button+1","Fusion","Turbo","TH:CopperCoins","Regret","Gash","TH:CopperCoins","White Noise","Time Bomb","TH:Mimic","REME_ForAll","Gash"],"relics":["Cracked Core","REME_ComplimentaryCards","REME_CardOfGreed","Guide Book","aspiration:ChemicalBlood","Question Card","Membership Card","DataDisk","Bag of Marbles","Golden Idol","Mango","Simple Rune","aspiration:Stellarator"],"acts_visited":["Exordium","TheCity"],"potions_floor_usage":[13,16,16,16,18,19],"damage_taken":[{"damage":7,"enemies":"Jaw Worm","floor":1,"turns":2},{"damage":0,"enemies":"Cultist","floor":3,"turns":2},{"damage":0,"enemies":"2 Louse","floor":4,"turns":2},{"damage":6,"enemies":"Replay:BlueRogue","floor":6,"turns":4},{"damage":3,"enemies":"Looter","floor":7,"turns":2},{"damage":1,"enemies":"2 Fungi Beasts","floor":8,"turns":2},{"damage":8,"enemies":"Blue Slaver","floor":12,"turns":2},{"damage":3,"enemies":"3 Sentries","floor":13,"turns":2},{"damage":0,"enemies":"Gremlin Gang","floor":14,"turns":2},{"damage":3,"enemies":"Slime Boss","floor":16,"turns":4},{"damage":46,"enemies":"Shell Parasite","floor":18,"turns":7},{"damage":31,"enemies":"3 Byrds","floor":19,"turns":2}],"seed_played":"2768435749372193016","potions_obtained":[{"floor":4,"key":"PowerPotion"},{"floor":6,"key":"Adrenaline Potion"},{"floor":8,"key":"LiquidBronze"},{"floor":12,"key":"PowerPotion"},{"floor":13,"key":"SkillPotion"}],"is_trial":false,"path_per_floor":["M","?","M","M","$","E","M","M","T","?","?","M","E","M","R","B",null,"M","M"],"character_chosen":"DEFECT","items_purchased":["REME_CardOfGreed","Guide Book","Question Card","Membership Card","DataDisk"],"campfire_rested":0,"item_purchase_floors":[0,0,5,5,5],"current_hp_per_floor":[44,44,44,44,44,38,35,34,34,34,48,40,37,37,61,58,77,31,0,0],"gold":1122,"neow_bonus":"","is_daily":false,"chose_seed":false,"campfire_upgraded":0,"win_rate":0.0,"timestamp":1610477278,"path_taken":["M","?","?","M","?","E","M","?","T","?","?","M","E","M","R","BOSS","M","M"],"items_purchased_type":["Relic","Relic","Relic","Relic","Relic"],"build_version":"2020-12-22","purchased_purges":0,"victory":false,"max_hp_per_floor":[75,75,75,75,75,75,75,75,75,69,83,83,83,83,83,83,83,83,83,83],"card_choices":[{"not_picked":["Hologram","Coolheaded"],"picked":"Cold Snap","floor":1},{"not_picked":["Barrage","Stack"],"picked":"Loop","floor":3},{"not_picked":["Stack","Force Field"],"picked":"Barrage","floor":4},{"not_picked":["TH:CursedSword","TH:EnergyPotion"],"picked":"TH:Mimic","floor":6},{"not_picked":["Reinforced Body","Force Field","Chill"],"picked":"Panic Button","floor":6},{"not_picked":["Compile Driver","Leap","Rebound"],"picked":"Fusion","floor":7},{"not_picked":["Leap","Panic Button","Coolheaded"],"picked":"Turbo","floor":8},{"not_picked":["TH:EnergyPotion","TH:TreasureMap"],"picked":"TH:CopperCoins","floor":9},{"not_picked":["Coolheaded","Steam Power","Turbo"],"picked":"Gash","floor":12},{"not_picked":["TH:BikiniMail","TH:PixieDust"],"picked":"TH:CopperCoins","floor":13},{"not_picked":["Hologram","Hello World","Meteor Strike"],"picked":"White Noise","floor":13},{"not_picked":["Leap","Rebound","Beam Cell"],"picked":"Time Bomb","floor":14},{"not_picked":["TH:ArmorSpikes","TH:ElvenBoots"],"picked":"TH:Mimic","floor":16},{"not_picked":["All For One","Electrodynamics","Meteor Strike"],"picked":"REME_ForAll","floor":16},{"not_picked":["Reprogram","Sunder","Glacier","Cold Snap"],"picked":"Gash","floor":18}],"player_experience":180817,"relics_obtained":[{"floor":6,"key":"Bag of Marbles"},{"floor":13,"key":"Simple Rune"}],"event_choices":[{"damage_healed":0,"gold_gain":0,"player_choice":"Upgraded","damage_taken":0,"max_hp_gain":0,"max_hp_loss":0,"event_name":"Upgrade Shrine","floor":2,"gold_loss":0,"cards_upgraded":["Cold Snap"]},{"damage_healed":0,"gold_gain":0,"player_choice":"Lose Max HP","damage_taken":0,"relics_obtained":["Golden Idol"],"max_hp_gain":0,"max_hp_loss":6,"event_name":"Golden Idol","floor":10,"gold_loss":0},{"damage_healed":0,"gold_gain":0,"player_choice":"Box","damage_taken":0,"relics_obtained":["Mango"],"max_hp_gain":0,"max_hp_loss":0,"event_name":"Big Fish","floor":11,"gold_loss":0,"cards_obtained":["Regret"]}],"is_beta":false,"boss_relics":[{"not_picked":["Ring of Chaos","aspiration:RitualDagger"],"picked":"aspiration:Stellarator"}],"items_purged_floors":[],"is_endless":false,"potions_floor_spawned":[4,6,8,12,13],"killed_by":"3 Byrds","ascension_level":6}}