{"host":"5waj3nq586zfb9qv","time":1610456448,"event":{"mods":["BaseMod","Better Vampires","Colored Map","Colored Powertips","GifTheSpireLib","Highlight Path","Minty Spire (QoL Compilation)","Quick Restart","Shop Mod","StSLib","SuperFastMode","Waifu the Spire"],"gold_per_floor":[115,115,190,204,204,233,233,265,288,288,136,154,10,44,44,143,143,157,35,55,154,172,172,201,18,18,29,42,75,75,108,108,211,211,223,223,235,288,53,53,53,84,110,136,148,160,202,229,241,253],"floor_reached":51,"playtime":2395,"items_purged":["Strike_G","Strike_G"],"score":1076,"play_id":"9779ca6d-94c0-44ba-965e-94b2ee1cc3fa","local_time":"20210112210048","is_ascension_mode":true,"campfire_choices":[{"data":"Accuracy","floor":7.0,"key":"SMITH"},{"data":"Blur","floor":10.0,"key":"SMITH"},{"data":"Cloak And Dagger","floor":15.0,"key":"SMITH"},{"data":"Cloak And Dagger","floor":23.0,"key":"SMITH"},{"data":"Tactician","floor":30.0,"key":"SMITH"},{"floor":32.0,"key":"REST"},{"data":"Footwork","floor":40.0,"key":"SMITH"},{"data":"Tools of the Trade","floor":45.0,"key":"SMITH"},{"floor":49.0,"key":"REST"}],"circlet_count":0,"master_deck":["Strike_G","Defend_G+1","Defend_G+1","Defend_G","Defend_G","Defend_G","Survivor","Neutralize+1","Blur+1","Quick Slash","Accuracy+1","Accuracy+1","Terror","Cloak And Dagger+1","Escape Plan","Tools of the Trade+1","PiercingWail","Cloak And Dagger+1","Reflex","Blade Dance","Acrobatics","Footwork+1","Tactician+1","Backflip","Dagger Throw+1","Burst","CurseOfTheBell","Outmaneuver","Blade Dance","Apotheosis","Well Laid Plans","Blade Dance+1","Accuracy+1","Reflex","Cloak And Dagger+1"],"relics":["Ring of the Snake","NeowsBlessing","Orichalcum","Boot","War Paint","Oddly Smooth Stone","CaptainsWheel","Philosopher\u0027s Stone","Nunchaku","Membership Card","Pantograph","Darkstone Periapt","PreservedInsect","Calling Bell","Vajra","Pear","FossilizedHelix","Mango","Ornamental Fan","Du-Vu Doll","Omamori","MawBank","Paper Crane"],"acts_visited":["Exordium","TheCity","TheBeyond"],"potions_floor_usage":[50],"damage_taken":[{"damage":0.0,"enemies":"2 Louse","floor":1.0,"turns":1.0},{"damage":0.0,"enemies":"Cultist","floor":4.0,"turns":1.0},{"damage":0.0,"enemies":"Gremlin Nob","floor":6.0,"turns":1.0},{"damage":12.0,"enemies":"3 Sentries","floor":8.0,"turns":9.0},{"damage":0.0,"enemies":"Jaw Worm","floor":12.0,"turns":6.0},{"damage":15.0,"enemies":"Gremlin Nob","floor":14.0,"turns":5.0},{"damage":4.0,"enemies":"Slime Boss","floor":16.0,"turns":9.0},{"damage":9.0,"enemies":"Chosen","floor":18.0,"turns":6.0},{"damage":0.0,"enemies":"Spheric Guardian","floor":20.0,"turns":4.0},{"damage":0.0,"enemies":"Shelled Parasite and Fungi","floor":22.0,"turns":4.0},{"damage":0.0,"enemies":"Book of Stabbing","floor":24.0,"turns":4.0},{"damage":0.0,"enemies":"Centurion and Healer","floor":27.0,"turns":6.0},{"damage":0.0,"enemies":"3 Cultists","floor":28.0,"turns":4.0},{"damage":3.0,"enemies":"Slavers","floor":29.0,"turns":5.0},{"damage":25.0,"enemies":"Gremlin Leader","floor":31.0,"turns":5.0},{"damage":33.0,"enemies":"Champ","floor":33.0,"turns":11.0},{"damage":0.0,"enemies":"Orb Walker","floor":35.0,"turns":4.0},{"damage":0.0,"enemies":"3 Shapes","floor":37.0,"turns":2.0},{"damage":21.0,"enemies":"2 Orb Walkers","floor":38.0,"turns":6.0},{"damage":7.0,"enemies":"Reptomancer","floor":42.0,"turns":6.0},{"damage":0.0,"enemies":"Nemesis","floor":44.0,"turns":2.0},{"damage":7.0,"enemies":"Giant Head","floor":47.0,"turns":6.0},{"damage":0.0,"enemies":"Jaw Worm Horde","floor":48.0,"turns":3.0},{"damage":0,"enemies":"Awakened One","floor":50,"turns":8}],"seed_played":"3430464863702450570","potions_obtained":[{"floor":4.0,"key":"Fire Potion"},{"floor":6.0,"key":"Fire Potion"},{"floor":12.0,"key":"SkillPotion"},{"floor":16.0,"key":"Ancient Potion"},{"floor":20.0,"key":"DuplicationPotion"},{"floor":22.0,"key":"EssenceOfSteel"},{"floor":28.0,"key":"SteroidPotion"},{"floor":37.0,"key":"DuplicationPotion"},{"floor":42.0,"key":"SneckoOil"},{"floor":47.0,"key":"Explosive Potion"}],"is_trial":false,"path_per_floor":["M","?","?","M","?","E","R","E","T","R","$","M","$","E","R","B",null,"M","$","M","?","M","R","E","$","T","M","M","E","R","E","R","B",null,"M","?","M","?","$","R","?","E","T","E","R","?","E","M","R","B",null],"character_chosen":"THE_SILENT","items_purchased":["Terror","Oddly Smooth Stone","Cloak And Dagger","Membership Card","Footwork","Apotheosis","Ornamental Fan","Well Laid Plans"],"campfire_rested":2,"item_purchase_floors":[11,13,19,25,25,39,39,39],"current_hp_per_floor":[70,63,52,52,52,52,52,40,40,40,40,40,40,25,25,21,70,61,61,61,61,61,61,61,61,61,61,61,58,58,33,54,37,86,86,86,86,79,79,79,79,72,72,72,72,72,65,65,95,100],"gold":265,"neow_bonus":"THREE_ENEMY_KILL","is_daily":false,"chose_seed":false,"campfire_upgraded":7,"win_rate":0.0,"timestamp":1610456448,"path_taken":["M","?","?","M","?","E","R","E","T","R","$","M","$","E","R","BOSS","M","?","M","?","M","R","E","$","T","M","M","E","R","E","R","BOSS","M","?","?","?","$","R","?","E","T","E","R","?","E","M","R","BOSS"],"items_purchased_type":["Card","Relic","Card","Relic","Card","Card","Relic","Card"],"build_version":"2020-12-22","purchased_purges":2,"victory":true,"max_hp_per_floor":[70,70,70,70,70,70,70,70,70,70,70,70,70,70,70,70,70,70,70,70,70,70,70,70,70,70,70,70,70,70,70,70,70,86,86,86,86,100,100,100,100,100,100,100,100,100,100,100,100,100],"card_choices":[{"not_picked":["Slice","Flechettes"],"picked":"Blur","floor":1.0},{"not_picked":["Sucker Punch","Flying Knee"],"picked":"Quick Slash","floor":4.0},{"not_picked":["Bouncing Flask","Reflex"],"picked":"Accuracy","floor":6.0},{"not_picked":["Phantasmal Killer","Flying Knee"],"picked":"Accuracy","floor":8.0},{"not_picked":["Acrobatics","Deadly Poison"],"picked":"Cloak And Dagger","floor":12.0},{"not_picked":["PiercingWail","Expertise"],"picked":"Escape Plan","floor":14.0},{"not_picked":["Storm of Steel","Glass Knife"],"picked":"Tools of the Trade","floor":16.0},{"not_picked":["Outmaneuver","Quick Slash+1"],"picked":"PiercingWail","floor":18.0},{"not_picked":["Bouncing Flask","Infinite Blades"],"picked":"Reflex","floor":20.0},{"not_picked":["Dodge and Roll","Distraction+1"],"picked":"Blade Dance","floor":22.0},{"not_picked":["Bouncing Flask+1","Deadly Poison"],"picked":"Acrobatics","floor":24.0},{"not_picked":["Quick Slash","Acrobatics"],"picked":"Tactician","floor":27.0},{"not_picked":["Cloak And Dagger","Phantasmal Killer"],"picked":"Backflip","floor":28.0},{"not_picked":["Deflect+1","Bane","Prepared"],"picked":"SKIP","floor":29.0},{"not_picked":["Deadly Poison","Bane"],"picked":"Dagger Throw+1","floor":31.0},{"not_picked":["Tools of the Trade","Night Terror"],"picked":"Burst","floor":33.0},{"not_picked":["Predator+1","Underhanded Strike+1"],"picked":"Outmaneuver","floor":35.0},{"not_picked":["Flying Knee+1","Cloak And Dagger+1"],"picked":"Blade Dance","floor":37.0},{"not_picked":["Endless Agony","Sucker Punch"],"picked":"Accuracy","floor":38.0},{"not_picked":["Caltrops","Eviscerate"],"picked":"Blade Dance+1","floor":42.0},{"not_picked":["Reflex+1","All Out Attack"],"picked":"Accuracy+1","floor":44.0},{"not_picked":["Noxious Fumes+1","Dodge and Roll"],"picked":"Reflex","floor":47.0},{"not_picked":["Masterful Stab","Poisoned Stab+1"],"picked":"Cloak And Dagger+1","floor":48.0}],"player_experience":29373,"relics_obtained":[{"floor":6.0,"key":"Orichalcum"},{"floor":8.0,"key":"Boot"},{"floor":9.0,"key":"War Paint"},{"floor":14.0,"key":"CaptainsWheel"},{"floor":24.0,"key":"Nunchaku"},{"floor":26.0,"key":"Pantograph"},{"floor":29.0,"key":"Darkstone Periapt"},{"floor":31.0,"key":"PreservedInsect"},{"floor":34.0,"key":"Vajra"},{"floor":34.0,"key":"Pear"},{"floor":34.0,"key":"FossilizedHelix"},{"floor":38.0,"key":"Mango"},{"floor":42.0,"key":"Du-Vu Doll"},{"floor":43.0,"key":"Omamori"},{"floor":44.0,"key":"MawBank"},{"floor":47.0,"key":"Paper Crane"}],"event_choices":[{"cards_removed":["Strike_G"],"damage_healed":0.0,"max_hp_gain":0.0,"max_hp_loss":0.0,"gold_gain":0.0,"event_name":"Golden Wing","player_choice":"Card Removal","floor":2.0,"gold_loss":0.0,"damage_taken":7.0},{"damage_healed":0.0,"max_hp_gain":0.0,"max_hp_loss":0.0,"gold_gain":75.0,"event_name":"World of Goop","player_choice":"Gather Gold","floor":3.0,"gold_loss":0.0,"damage_taken":11.0},{"damage_healed":0.0,"max_hp_gain":0.0,"max_hp_loss":0.0,"gold_gain":0.0,"event_name":"Upgrade Shrine","player_choice":"Upgraded","floor":5.0,"gold_loss":0.0,"damage_taken":0.0,"cards_upgraded":["Neutralize"]},{"damage_healed":0.0,"max_hp_gain":0.0,"max_hp_loss":0.0,"gold_gain":99.0,"event_name":"Nest","player_choice":"Stole From Cult","floor":21.0,"gold_loss":0.0,"damage_taken":0.0},{"cards_removed":["Strike_G"],"damage_healed":0.0,"max_hp_gain":0.0,"max_hp_loss":0.0,"gold_gain":0.0,"event_name":"Bonfire Elementals","player_choice":"Offered Basic","floor":36.0,"gold_loss":0.0,"damage_taken":0.0},{"damage_healed":0.0,"max_hp_gain":0.0,"max_hp_loss":0.0,"gold_gain":0.0,"event_name":"Mysterious Sphere","player_choice":"Fight","floor":38.0,"gold_loss":0.0,"damage_taken":0.0},{"cards_removed":["Accuracy"],"damage_healed":0.0,"max_hp_gain":0.0,"max_hp_loss":0.0,"gold_gain":0.0,"event_name":"Falling","player_choice":"Removed Power","floor":41.0,"gold_loss":0.0,"damage_taken":0.0},{"damage_healed":0.0,"max_hp_gain":0.0,"max_hp_loss":0.0,"gold_gain":0.0,"event_name":"Accursed Blacksmith","player_choice":"Forge","floor":46.0,"gold_loss":0.0,"damage_taken":0.0,"cards_upgraded":["Accuracy"]}],"is_beta":false,"boss_relics":[{"not_picked":["Velvet Choker","Coffee Dripper"],"picked":"Philosopher\u0027s Stone"},{"not_picked":["SacredBark","Runic Dome"],"picked":"Calling Bell"}],"items_purged_floors":[11,19],"is_endless":false,"potions_floor_spawned":[4,6,12,16,20,22,27,28,37,42,47,48],"ascension_level":1}}