{"host":"hve1dyh1ly81yl9f","time":1610470229,"event":{"mods":["BaseMod","Colored Map","DeckTracker","Highlight Path","Keyboard Shortcuts","Minty Spire (QoL Compilation)","Permanent Neow","Quick Restart","StSLib","SuperFastMode"],"gold_per_floor":[14,29,29,29,29,29,69,90,90,90,104,138,138,178,178,298,298,313,334,129,228,228,264,264,264,338,87,121,142,142,158,158,158,158],"floor_reached":33,"playtime":864,"items_purged":["Strike_R","Strike_R"],"score":456,"play_id":"a043c4fd-9e50-4351-a2ce-61c9b047a2aa","local_time":"20210113015029","is_ascension_mode":true,"campfire_choices":[{"data":"Wild Strike","floor":6.0,"key":"SMITH"},{"floor":13.0,"key":"REST"},{"data":"Fire Breathing","floor":15.0,"key":"SMITH"},{"data":"Wild Strike","floor":30.0,"key":"SMITH"},{"floor":32.0,"key":"REST"}],"circlet_count":0,"master_deck":["Strike_R","Strike_R","Strike_R","Defend_R","Defend_R","Defend_R+1","Defend_R+1","Bash","Fiend Fire+1","Sever Soul+1","Wild Strike+1","Immolate","Body Slam","Fire Breathing+1","Immolate","Wild Strike+1","Armaments+1","Feel No Pain+1"],"relics":["Burning Blood","Golden Idol","Mummified Hand","Smiling Mask","Anchor","Juzu Bracelet","Busted Crown","WarpedTongs","HornCleat","Molten Egg 2","Toxic Egg 2","Regal Pillow","War Paint"],"acts_visited":["Exordium","TheCity"],"potions_floor_usage":[33],"damage_taken":[{"damage":7.0,"enemies":"2 Louse","floor":1.0,"turns":2.0},{"damage":0.0,"enemies":"Small Slimes","floor":2.0,"turns":2.0},{"damage":32.0,"enemies":"Gremlin Nob","floor":7.0,"turns":4.0},{"damage":0.0,"enemies":"Cultist","floor":8.0,"turns":2.0},{"damage":11.0,"enemies":"Looter","floor":11.0,"turns":2.0},{"damage":40.0,"enemies":"Lagavulin","floor":12.0,"turns":4.0},{"damage":0.0,"enemies":"3 Sentries","floor":14.0,"turns":3.0},{"damage":8.0,"enemies":"Slime Boss","floor":16.0,"turns":6.0},{"damage":23.0,"enemies":"2 Thieves","floor":18.0,"turns":3.0},{"damage":18.0,"enemies":"Shell Parasite","floor":19.0,"turns":3.0},{"damage":42.0,"enemies":"Book of Stabbing","floor":23.0,"turns":4.0},{"damage":31.0,"enemies":"Gremlin Leader","floor":28.0,"turns":4.0},{"damage":0.0,"enemies":"Snecko","floor":29.0,"turns":3.0},{"damage":0.0,"enemies":"Sentry and Sphere","floor":31.0,"turns":3.0},{"damage":92,"enemies":"Automaton","floor":33,"turns":8}],"seed_played":"1128172348346935285","potions_obtained":[{"floor":7.0,"key":"Fire Potion"},{"floor":11.0,"key":"DuplicationPotion"},{"floor":12.0,"key":"BloodPotion"},{"floor":16.0,"key":"ElixirPotion"},{"floor":19.0,"key":"Fire Potion"},{"floor":23.0,"key":"Dexterity Potion"},{"floor":28.0,"key":"Regen Potion"}],"is_trial":false,"path_per_floor":["M","M","?","?","?","R","E","M","T","?","M","E","R","E","R","B",null,"M","M","$","?","?","E","?","T","T","$","E","M","R","M","R","B"],"character_chosen":"IRONCLAD","items_purchased":["Wild Strike","FairyPotion","Regal Pillow","BloodPotion"],"campfire_rested":2,"item_purchase_floors":[20,20,27,27],"current_hp_per_floor":[71,77,77,77,77,77,51,57,57,57,52,34,58,64,64,62,76,59,47,47,47,47,11,11,11,11,11,30,45,45,51,80,0,0],"gold":158,"neow_bonus":"THREE_RARE_CARDS","is_daily":false,"chose_seed":false,"campfire_upgraded":3,"win_rate":0.0,"timestamp":1610470229,"path_taken":["M","M","?","?","?","R","E","?","T","?","M","E","R","E","R","BOSS","M","M","?","?","?","E","?","?","T","$","E","M","R","M","R","BOSS"],"items_purchased_type":["Card","Potion","Relic","Potion"],"build_version":"2020-12-22","purchased_purges":2,"victory":false,"max_hp_per_floor":[80,80,80,80,80,80,80,80,80,80,80,80,80,80,80,80,80,80,80,80,80,80,80,80,80,80,80,80,80,80,80,80,80,80],"card_choices":[{"not_picked":["Immolate","Juggernaut"],"picked":"Fiend Fire","floor":0.0},{"not_picked":["Thunderclap","Sentinel"],"picked":"Sever Soul","floor":1.0},{"not_picked":["Thunderclap","Armaments"],"picked":"Wild Strike","floor":2.0},{"not_picked":["Combust","Seeing Red","Spot Weakness"],"picked":"SKIP","floor":7.0},{"not_picked":["Headbutt","Anger","Blood for Blood"],"picked":"SKIP","floor":8.0},{"not_picked":["True Grit","Clash"],"picked":"Immolate","floor":11.0},{"not_picked":["Pommel Strike","Thunderclap"],"picked":"Body Slam","floor":12.0},{"not_picked":["Bludgeon","Entrench"],"picked":"Fire Breathing","floor":14.0},{"not_picked":["Feed","Juggernaut"],"picked":"Immolate","floor":16.0},{"not_picked":["Thunderclap"],"picked":"SKIP","floor":18.0},{"not_picked":["Entrench"],"picked":"SKIP","floor":19.0},{"not_picked":["Clash"],"picked":"SKIP","floor":23.0},{"not_picked":["Cleave+1"],"picked":"SKIP","floor":28.0},{"not_picked":[],"picked":"Armaments+1","floor":29.0},{"not_picked":[],"picked":"Feel No Pain+1","floor":31.0}],"player_experience":317838,"relics_obtained":[{"floor":7.0,"key":"Mummified Hand"},{"floor":9.0,"key":"Smiling Mask"},{"floor":12.0,"key":"Anchor"},{"floor":14.0,"key":"Juzu Bracelet"},{"floor":23.0,"key":"HornCleat"},{"floor":25.0,"key":"Molten Egg 2"},{"floor":26.0,"key":"Toxic Egg 2"},{"floor":28.0,"key":"War Paint"}],"event_choices":[{"damage_healed":0.0,"max_hp_gain":0.0,"max_hp_loss":0.0,"gold_gain":0.0,"event_name":"Living Wall","player_choice":"Grow","floor":3.0,"gold_loss":0.0,"damage_taken":0.0,"cards_upgraded":["Fiend Fire"]},{"damage_healed":0.0,"max_hp_gain":0.0,"max_hp_loss":0.0,"gold_gain":0.0,"event_name":"Golden Idol","player_choice":"Take Wound","floor":4.0,"gold_loss":0.0,"damage_taken":0.0,"relics_obtained":["Golden Idol"],"cards_obtained":["Injury"]},{"damage_healed":0.0,"max_hp_gain":0.0,"max_hp_loss":0.0,"gold_gain":0.0,"event_name":"Upgrade Shrine","player_choice":"Upgraded","floor":5.0,"gold_loss":0.0,"damage_taken":0.0,"cards_upgraded":["Sever Soul"]},{"cards_removed":["Injury"],"damage_healed":0.0,"max_hp_gain":0.0,"max_hp_loss":0.0,"gold_gain":0.0,"event_name":"Fountain of Cleansing","player_choice":"Removed Curses","floor":10.0,"gold_loss":0.0,"damage_taken":0.0},{"damage_healed":0.0,"max_hp_gain":0.0,"max_hp_loss":0.0,"gold_gain":99.0,"event_name":"Nest","player_choice":"Stole From Cult","floor":21.0,"gold_loss":0.0,"damage_taken":0.0},{"damage_healed":0.0,"max_hp_gain":0.0,"max_hp_loss":0.0,"gold_gain":0.0,"event_name":"Accursed Blacksmith","player_choice":"Rummage","floor":22.0,"gold_loss":0.0,"damage_taken":0.0,"relics_obtained":["WarpedTongs"],"cards_obtained":["Pain"]},{"cards_removed":["Pain"],"damage_healed":0.0,"max_hp_gain":0.0,"max_hp_loss":0.0,"gold_gain":0.0,"event_name":"Purifier","player_choice":"Purged","floor":24.0,"gold_loss":0.0,"damage_taken":0.0}],"is_beta":false,"boss_relics":[{"not_picked":["Ectoplasm","Runic Cube"],"picked":"Busted Crown"}],"items_purged_floors":[20,27],"is_endless":false,"potions_floor_spawned":[7,11,12,16,19,23,28],"killed_by":"Automaton","ascension_level":8}}