{"host":"5waj3nq586zfb9qv","time":1610463642,"event":{"mods":["BaseMod","Better Vampires","Colored Map","Colored Powertips","GifTheSpireLib","Highlight Path","Minty Spire (QoL Compilation)","Quick Restart","Shop Mod","StSLib","SuperFastMode","Waifu the Spire"],"gold_per_floor":[114,129,139,159,39,39,39,66,66,99,99,125,125,105,105,207,207,226,28,103,114,125,125,156,172,197,197,213,30,65,79,79,174,174,188,238,238,117,132,164,137,69,122,153,153,184,13,29,29,29],"floor_reached":51,"playtime":1966,"items_purged":["Strike_G","Strike_G","Strike_G"],"score":1100,"play_id":"3b7ad547-3992-427d-bc53-5b1bde9ce351","local_time":"20210112230042","is_ascension_mode":true,"campfire_choices":[{"data":"Acrobatics","floor":6.0,"key":"SMITH"},{"data":"Neutralize","floor":11.0,"key":"SMITH"},{"data":"Cloak And Dagger","floor":13.0,"key":"SMITH"},{"data":"Blade Dance","floor":15.0,"key":"SMITH"},{"data":"Calculated Gamble","floor":23.0,"key":"SMITH"},{"data":"Tactician","floor":27.0,"key":"SMITH"},{"data":"Phantasmal Killer","floor":32.0,"key":"SMITH"},{"data":"Tactician","floor":49,"key":"SMITH"}],"circlet_count":0,"master_deck":["Defend_G","Defend_G","Defend_G","Defend_G","Survivor","Neutralize+1","Blade Dance+1","Accuracy","Blur","Accuracy","Acrobatics+1","Backflip","Cloak And Dagger+1","Phantasmal Killer+1","Cloak And Dagger+1","Calculated Gamble+1","Backflip","Tactician+1","PiercingWail","Blade Dance+1","Terror","Finisher+1","Burst","Concentrate+1","Panache","Blade Dance","Blade Dance+1","Reflex+1","Acrobatics","Envenom","Outmaneuver","Footwork","Panache","Tactician+1"],"relics":["WristBlade","Ninja Scroll","Paper Crane","MealTicket","Anchor","Coffee Dripper","Membership Card","Orichalcum","Bronze Scales","Calipers","Lizard Tail","Empty Cage","WingedGreaves","Vajra","Lantern","Strawberry","Regal Pillow"],"acts_visited":["Exordium","TheCity","TheBeyond"],"potions_floor_usage":[50],"damage_taken":[{"damage":1.0,"enemies":"Cultist","floor":1.0,"turns":5.0},{"damage":2.0,"enemies":"Jaw Worm","floor":2.0,"turns":3.0},{"damage":0.0,"enemies":"2 Louse","floor":3.0,"turns":1.0},{"damage":0.0,"enemies":"Blue Slaver","floor":4.0,"turns":4.0},{"damage":17.0,"enemies":"3 Sentries","floor":8.0,"turns":8.0},{"damage":5.0,"enemies":"Gremlin Nob","floor":10.0,"turns":3.0},{"damage":2.0,"enemies":"Lagavulin","floor":12.0,"turns":4.0},{"damage":0.0,"enemies":"Hexaghost","floor":16.0,"turns":6.0},{"damage":0.0,"enemies":"2 Thieves","floor":18.0,"turns":2.0},{"damage":0.0,"enemies":"3 Byrds","floor":21.0,"turns":5.0},{"damage":0.0,"enemies":"Centurion and Healer","floor":22.0,"turns":3.0},{"damage":0.0,"enemies":"Book of Stabbing","floor":24.0,"turns":2.0},{"damage":0.0,"enemies":"3 Cultists","floor":25.0,"turns":5.0},{"damage":0.0,"enemies":"Shelled Parasite and Fungi","floor":28.0,"turns":2.0},{"damage":0.0,"enemies":"Gremlin Leader","floor":30.0,"turns":3.0},{"damage":0.0,"enemies":"Centurion and Healer","floor":31.0,"turns":1.0},{"damage":29.0,"enemies":"Collector","floor":33.0,"turns":6.0},{"damage":0.0,"enemies":"Orb Walker","floor":35.0,"turns":2.0},{"damage":0.0,"enemies":"Mind Bloom Boss Battle","floor":36.0,"turns":2.0},{"damage":1,"enemies":"3 Darklings","floor":39,"turns":5},{"damage":0,"enemies":"Nemesis","floor":40,"turns":3},{"damage":0,"enemies":"Reptomancer","floor":44,"turns":3},{"damage":17,"enemies":"Nemesis","floor":46,"turns":3},{"damage":11,"enemies":"Maw","floor":48,"turns":4},{"damage":21,"enemies":"Donu and Deca","floor":50,"turns":4}],"seed_played":"-5050772551994768523","potions_obtained":[{"floor":4.0,"key":"Dexterity Potion"},{"floor":10.0,"key":"AttackPotion"},{"floor":14.0,"key":"Swift Potion"},{"floor":21.0,"key":"CunningPotion"},{"floor":25.0,"key":"FearPotion"},{"floor":31.0,"key":"GhostInAJar"},{"floor":40,"key":"Weak Potion"},{"floor":46,"key":"Strength Potion"}],"is_trial":false,"path_per_floor":["M","M","M","M","$","R","$","E","T","E","R","E","R","?","R","B",null,"M","$","?","M","M","R","E","M","T","R","M","$","E","M","R","B",null,"M","?","?","$","M","E","$","$","T","E","?","E","$","M","R","B",null],"character_chosen":"THE_SILENT","items_purchased":["Acrobatics","Membership Card","Terror","Calipers","Panache","Blade Dance","Acrobatics","Envenom","Footwork","Panache"],"campfire_rested":0,"item_purchase_floors":[5,19,29,29,38,38,41,42,47,47],"current_hp_per_floor":[69,67,67,67,67,67,67,50,50,45,45,43,43,43,43,43,70,70,70,63,63,63,63,63,63,63,63,63,70,70,70,70,41,70,70,70,70,70,69,69,70,70,70,77,77,60,75,64,64,43],"gold":29,"neow_bonus":"BOSS_RELIC","is_daily":false,"chose_seed":false,"campfire_upgraded":8,"win_rate":0.0,"timestamp":1610463642,"path_taken":["M","M","M","M","$","R","?","E","T","E","R","E","R","?","R","BOSS","M","$","?","M","M","R","E","M","T","R","?","$","E","M","R","BOSS","M","?","?","?","M","E","$","$","T","E","?","E","$","?","R","BOSS"],"items_purchased_type":["Card","Relic","Card","Relic","Card","Card","Card","Card","Card","Card"],"build_version":"2020-12-22","purchased_purges":3,"victory":true,"max_hp_per_floor":[70,70,70,70,70,70,70,70,70,70,70,70,70,70,70,70,70,70,70,70,70,70,70,70,70,70,70,70,70,70,70,70,70,70,70,70,70,70,70,70,70,70,70,77,77,77,77,77,77,77],"card_choices":[{"not_picked":["Slice","Sucker Punch"],"picked":"Blade Dance","floor":1.0},{"not_picked":["Calculated Gamble","Caltrops"],"picked":"Accuracy","floor":2.0},{"not_picked":["Dodge and Roll","Bane"],"picked":"Blur","floor":3.0},{"not_picked":["Reflex","Distraction"],"picked":"Accuracy","floor":4.0},{"not_picked":["Sucker Punch","Footwork"],"picked":"Backflip","floor":8.0},{"not_picked":["Underhanded Strike","Flying Knee","Quick Slash"],"picked":"SKIP","floor":10.0},{"not_picked":["Infinite Blades","Blade Dance"],"picked":"Cloak And Dagger","floor":12.0},{"not_picked":["Envenom","Wraith Form v2"],"picked":"Phantasmal Killer","floor":16.0},{"not_picked":["Acrobatics","Expertise+1"],"picked":"Cloak And Dagger+1","floor":18.0},{"not_picked":["Concentrate","Poisoned Stab"],"picked":"Calculated Gamble","floor":21.0},{"not_picked":["Flechettes+1","Underhanded Strike"],"picked":"Backflip","floor":22.0},{"not_picked":["Tools of the Trade","Leg Sweep+1"],"picked":"Tactician","floor":24.0},{"not_picked":["Poisoned Stab","Slice"],"picked":"PiercingWail","floor":25.0},{"not_picked":["Endless Agony","Poisoned Stab"],"picked":"Blade Dance+1","floor":28.0},{"not_picked":["Eviscerate+1","All Out Attack"],"picked":"Finisher+1","floor":30.0},{"not_picked":["Endless Agony","Dash","Noxious Fumes"],"picked":"SKIP","floor":31.0},{"not_picked":["Storm of Steel","Corpse Explosion"],"picked":"Burst","floor":33.0},{"not_picked":["Backflip","Bane+1"],"picked":"Concentrate+1","floor":35.0},{"not_picked":["Slice+1","Setup+1"],"picked":"Blade Dance+1","floor":39},{"not_picked":["Underhanded Strike","Bane+1"],"picked":"Reflex+1","floor":40},{"not_picked":["Flechettes","Phantasmal Killer","Underhanded Strike+1"],"picked":"SKIP","floor":44},{"not_picked":["Sucker Punch","Blade Dance+1"],"picked":"Outmaneuver","floor":46},{"not_picked":["Reflex","Dagger Spray+1"],"picked":"Tactician","floor":48}],"player_experience":34476,"relics_obtained":[{"floor":8.0,"key":"Ninja Scroll"},{"floor":9.0,"key":"Paper Crane"},{"floor":10.0,"key":"MealTicket"},{"floor":12.0,"key":"Anchor"},{"floor":24.0,"key":"Orichalcum"},{"floor":26.0,"key":"Bronze Scales"},{"floor":30.0,"key":"Lizard Tail"},{"floor":36.0,"key":"WingedGreaves"},{"floor":40,"key":"Vajra"},{"floor":43,"key":"Lantern"},{"floor":44,"key":"Strawberry"},{"floor":46,"key":"Regal Pillow"}],"event_choices":[{"damage_healed":0.0,"max_hp_gain":0.0,"max_hp_loss":0.0,"gold_gain":0.0,"event_name":"The Woman in Blue","player_choice":"Bought 1 Potion","floor":14.0,"gold_loss":0.0,"damage_taken":0.0},{"damage_healed":0.0,"max_hp_gain":0.0,"max_hp_loss":0.0,"gold_gain":75.0,"event_name":"FaceTrader","player_choice":"Touch","floor":20.0,"gold_loss":0.0,"damage_taken":7.0},{"damage_healed":0.0,"max_hp_gain":0.0,"max_hp_loss":0.0,"gold_gain":0.0,"event_name":"MindBloom","player_choice":"Fight","floor":36.0,"gold_loss":0.0,"damage_taken":0.0},{"cards_removed":["Defend_G"],"damage_healed":0.0,"max_hp_gain":0.0,"max_hp_loss":0.0,"gold_gain":0.0,"event_name":"Falling","player_choice":"Removed Skill","floor":37.0,"gold_loss":0.0,"damage_taken":0.0},{"damage_healed":0,"gold_gain":0,"player_choice":"Ignored","damage_taken":0,"max_hp_gain":0,"max_hp_loss":0,"event_name":"SecretPortal","floor":45,"gold_loss":0}],"is_beta":false,"boss_relics":[{"not_picked":["Runic Pyramid","Snecko Eye"],"picked":"Coffee Dripper"},{"not_picked":["Pandora\u0027s Box","Tiny House"],"picked":"Empty Cage"}],"items_purged_floors":[5,19,47],"is_endless":false,"potions_floor_spawned":[4,10,21,25,28,31,39,40,46,48],"ascension_level":3}}