{"host":"qrec1pgksm53712r","time":1610425406,"event":{"mods":["100% Spire Juice","Act Like it!","BaseMod","CapriCore","Energized Spire","Hubris","Hyrulean Relics","Kalas","Minty Spire (QoL Compilation)","StSLib","The Judge","Yuri Mod"],"gold_per_floor":[117,134,144,144,144,144,172,172,172,184,184,198,215,246,246,365,365,384,409,409,49,49,90,90,124,124,124,224,224,323,372,372,487,487,516,516,516,549,578,578,605,386,411,457,208,208,208,208,208,223],"floor_reached":51,"playtime":2019,"items_purged":["yuri:yuriStrike","yuri:yuriStrike"],"score":896,"play_id":"66661e0b-ae28-4131-99b7-c3bd2f61e31c","local_time":"20210111222326","is_ascension_mode":false,"campfire_choices":[{"data":"yuri:yuriStab","floor":6,"key":"SMITH"},{"data":"yuri:Oolong","floor":8,"key":"SMITH"},{"data":"yuri:NerfBat","floor":15,"key":"SMITH"},{"data":"yuri:Virus","floor":24,"key":"SMITH"},{"data":"yuri:HoldBack","floor":27,"key":"SMITH"},{"data":"yuri:BookRed","floor":29,"key":"SMITH"},{"data":"yuri:ThornRemove","floor":32,"key":"SMITH"},{"data":"yuri:BookGreen","floor":40,"key":"SMITH"},{"data":"yuri:HeavierStrike","floor":49,"key":"SMITH"}],"circlet_count":0,"master_deck":["yuri:yuriStrike","yuri:yuriStrike","yuri:yuriStrike+1","yuri:yuriDefend","yuri:yuriDefend","yuri:yuriDefend+1","yuri:yuriDefend","yuri:Oolong+1","yuri:yuriStab+1","yuri:ThornRemove+1","yuri:ThrowingKnives","yuri:MPose","yuri:NerfBat+1","yuri:HeavierStrike+1","yuri:StealPen","yuri:BookRed+1","yuri:MPose","yuri:Virus+1","yuri:Stare","yuri:InsanityDefense","yuri:HoldBack+1","yuri:BookRed","yuri:BookBlue+1","yuri:BookGreen+1","yuri:ArmBrace+1","yuri:BookRed+1"],"relics":["yuri:yuriKnife","Matryoshka","Strawberry","InkBottle","Juzu Bracelet","Sozu","StoneCalendar","hubris:BottledHeart","hubris:CuriousFeather","Centennial Puzzle","Eternal Feather","Bag of Preparation","hubris:RunicObelisk","hubris:SlimyHat","Bag of Marbles","hubris:SphereOfDissonance","Medical Kit"],"acts_visited":["Exordium","TheCity","TheBeyond"],"potions_floor_usage":[31],"damage_taken":[{"damage":2,"enemies":"Small Slimes","floor":1,"turns":3},{"damage":0,"enemies":"2 Louse","floor":2,"turns":3},{"damage":2,"enemies":"Cultist","floor":3,"turns":3},{"damage":16,"enemies":"3 Sentries","floor":7,"turns":9},{"damage":6,"enemies":"2 Fungi Beasts","floor":10,"turns":4},{"damage":1,"enemies":"Exordium Wildlife","floor":12,"turns":3},{"damage":13,"enemies":"Lots of Slimes","floor":13,"turns":6},{"damage":26,"enemies":"Gremlin Nob","floor":14,"turns":4},{"damage":34,"enemies":"Hexaghost","floor":16,"turns":10},{"damage":2,"enemies":"Shell Parasite","floor":18,"turns":4},{"damage":20,"enemies":"Spheric Guardian","floor":19,"turns":5},{"damage":0,"enemies":"Book of Stabbing","floor":23,"turns":7},{"damage":0,"enemies":"Centurion and Healer","floor":25,"turns":6},{"damage":0,"enemies":"Gremlin Leader","floor":31,"turns":8},{"damage":0,"enemies":"Champ","floor":33,"turns":10},{"damage":0,"enemies":"3 Darklings","floor":35,"turns":7},{"damage":0,"enemies":"3 Shapes","floor":38,"turns":3},{"damage":0,"enemies":"Sphere and 2 Shapes","floor":39,"turns":5},{"damage":0,"enemies":"Maw","floor":41,"turns":7},{"damage":0,"enemies":"Reptomancer","floor":44,"turns":7},{"damage":0,"enemies":"Donu and Deca","floor":50,"turns":13}],"seed_played":"-6020460754466989685","potions_obtained":[{"floor":1,"key":"DistilledChaos"},{"floor":2,"key":"SteroidPotion"},{"floor":3,"key":"Weak Potion"},{"floor":16,"key":"DuplicationPotion"}],"is_trial":false,"path_per_floor":["M","M","M","?","?","R","E","R","T","M","?","M","M","E","R","B",null,"M","M","?","$","?","E","R","M","T","R","?","R","?","E","R","B",null,"M","?","?","M","M","R","M","$","T","E","$","?","?","$","R","B",null],"character_chosen":"YURI","items_purchased":["yuri:HoldBack","StoneCalendar","hubris:SlimyHat","Medical Kit"],"campfire_rested":0,"item_purchase_floors":[21,21,42,45],"current_hp_per_floor":[86,88,86,68,68,68,56,56,63,64,69,75,69,52,52,28,100,100,89,89,89,1,1,1,1,1,1,1,1,1,1,1,1,1,1,1,1,1,1,1,1,1,1,1,1,1,1,1,1,1],"gold":223,"neow_bonus":"TEN_PERCENT_HP_BONUS","is_daily":false,"chose_seed":false,"campfire_upgraded":9,"win_rate":0.0,"timestamp":1610425406,"path_taken":["M","M","M","?","?","R","E","R","T","?","?","M","M","E","R","BOSS","M","M","?","$","?","E","R","M","T","R","?","R","?","E","R","BOSS","M","?","?","M","M","R","M","$","T","E","$","?","?","?","R","BOSS"],"items_purchased_type":["Card","Relic","Relic","Relic"],"build_version":"2020-12-22","purchased_purges":2,"victory":true,"max_hp_per_floor":[88,88,88,88,88,88,88,88,95,95,100,100,100,100,100,100,100,100,100,100,100,1,1,1,1,1,1,1,1,1,1,1,1,1,1,1,1,1,1,1,1,1,1,1,1,1,1,1,1,1],"card_choices":[{"not_picked":["yuri:GlitchedStrike","yuri:Spin"],"picked":"yuri:ThornRemove","floor":1},{"not_picked":["yuri:BrokenCode","yuri:RecklessStrike"],"picked":"yuri:ThrowingKnives","floor":2},{"not_picked":["yuri:DistillInsanity","yuri:BookBlue"],"picked":"yuri:MPose","floor":3},{"not_picked":["yuri:yuriQuickStrike","yuri:DebugCard"],"picked":"yuri:NerfBat","floor":7},{"not_picked":["yuri:Stalk","yuri:GlitchedStrike"],"picked":"yuri:HeavierStrike","floor":10},{"not_picked":["yuri:ThrowingKnives","yuri:DeepBreathing"],"picked":"yuri:StealPen","floor":12},{"not_picked":["yuri:ChibiInvasion","yuri:GreenTea"],"picked":"yuri:BookRed","floor":13},{"not_picked":["yuri:RepairCode","yuri:yuriHeavyStrike"],"picked":"yuri:MPose","floor":14},{"not_picked":["yuri:Suicide","yuri:DisableStrike"],"picked":"yuri:Virus","floor":16},{"not_picked":["yuri:BookBlue+1","yuri:MPose"],"picked":"yuri:Stare","floor":18},{"not_picked":["yuri:yuriQuickStrike+1","yuri:DebugCard+1"],"picked":"yuri:InsanityDefense","floor":19},{"not_picked":["yuri:Stalk+1","yuri:JumpScare"],"picked":"yuri:BookRed","floor":23},{"not_picked":["yuri:TPose+1","yuri:Stare+1","yuri:yuriQuickStrike"],"picked":"SKIP","floor":25},{"not_picked":["yuri:NerfBat","yuri:yuriQuickStrike","yuri:BookRed"],"picked":"SKIP","floor":31},{"not_picked":["yuri:JumpScare","yuri:DuplicateCode"],"picked":"yuri:RemoveSafetyChecks","floor":33},{"not_picked":["yuri:StealPen+1","yuri:GlitchedStrike+1"],"picked":"yuri:BookBlue+1","floor":35},{"not_picked":["yuri:ThrowBook","yuri:Spin"],"picked":"yuri:ArmBrace+1","floor":38},{"not_picked":["yuri:RecklessStrike","yuri:yuriQuickStrike","yuri:ThrowBook"],"picked":"SKIP","floor":39},{"not_picked":["yuri:Skip+1","yuri:CalmingAura+1"],"picked":"yuri:BookRed+1","floor":41},{"not_picked":["yuri:GrowingInsanity","yuri:DebugCard","yuri:MagneticKnives"],"picked":"SKIP","floor":44}],"player_experience":181560,"relics_obtained":[{"floor":7,"key":"Matryoshka"},{"floor":9,"key":"Strawberry"},{"floor":9,"key":"InkBottle"},{"floor":14,"key":"Juzu Bracelet"},{"floor":23,"key":"hubris:CuriousFeather"},{"floor":26,"key":"Centennial Puzzle"},{"floor":26,"key":"Eternal Feather"},{"floor":31,"key":"Bag of Preparation"},{"floor":43,"key":"Bag of Marbles"},{"floor":44,"key":"hubris:SphereOfDissonance"}],"event_choices":[{"damage_healed":0,"gold_gain":0,"player_choice":"Entered Light","damage_taken":18,"max_hp_gain":0,"max_hp_loss":0,"event_name":"Shining Light","floor":4,"gold_loss":0,"cards_upgraded":["yuri:yuriDefend","yuri:yuriStrike"]},{"cards_removed":["yuri:yuriDefend"],"damage_healed":0,"gold_gain":0,"player_choice":"Purged","damage_taken":0,"max_hp_gain":0,"max_hp_loss":0,"event_name":"Purifier","floor":5,"gold_loss":0},{"damage_healed":0,"gold_gain":0,"player_choice":"Donut","damage_taken":0,"max_hp_gain":5,"max_hp_loss":0,"event_name":"Big Fish","floor":11,"gold_loss":0},{"damage_healed":0,"gold_gain":0,"player_choice":"Got Potions","damage_taken":0,"max_hp_gain":0,"max_hp_loss":0,"event_name":"Lab","floor":20,"gold_loss":0},{"damage_healed":0,"gold_gain":100,"player_choice":"Pray","damage_taken":0,"max_hp_gain":0,"max_hp_loss":0,"event_name":"Golden Shrine","floor":28,"gold_loss":0},{"damage_healed":0,"gold_gain":99,"player_choice":"Stole From Cult","damage_taken":0,"max_hp_gain":0,"max_hp_loss":0,"event_name":"Nest","floor":30,"gold_loss":0},{"damage_healed":0,"gold_gain":0,"cards_transformed":["yuri:RemoveSafetyChecks"],"player_choice":"Transformed","damage_taken":0,"max_hp_gain":0,"max_hp_loss":0,"event_name":"Transmorgrifier","floor":36,"gold_loss":0,"cards_obtained":["yuri:BookGreen"]},{"damage_healed":0,"gold_gain":0,"player_choice":"Cursed","damage_taken":0,"max_hp_gain":0,"max_hp_loss":0,"event_name":"Wheel of Change","floor":46,"gold_loss":0,"cards_obtained":["Decay"]},{"cards_removed":["Decay"],"damage_healed":0,"gold_gain":0,"player_choice":"Purged","damage_taken":0,"max_hp_gain":0,"max_hp_loss":0,"event_name":"Purifier","floor":47,"gold_loss":0}],"is_beta":false,"boss_relics":[{"not_picked":["Velvet Choker","Busted Crown"],"picked":"Sozu"},{"not_picked":["hubris:HollowSoul","energizedSpire:OgreHead"],"picked":"hubris:RunicObelisk"}],"items_purged_floors":[42,45],"is_endless":false,"potions_floor_spawned":[1,2,3,16,18,19,35,41,44],"ascension_level":0}}