{"host":"jrpypersx2nqejuc","time":1610443448,"event":{"mods":["100% Spire Juice","2.2 Compatiblity","AlwaysNeverKeys","BaseMod","Better Sensory Stone","Better Skull","BetterRewards","CapriCore","Card Forge","Colored Map","Colored Powertips","Conspire","Displayed Cursed Tome","Downfall","Energized Spire","Highlight Path","Infinite Spire","Marked Mod","Minty Spire (QoL Compilation)","Replay The Spire","Shop Mod","StSLib","The Animator","Wandering Minibosses","??????REMEMod"],"gold_per_floor":[139,64,24,62,102,58,58,13,13,13,13,13,97,17,17,169,169,207,126,169,119,119,119,104,104,129,49,84,84,128,173,173,391,391,431,431,631,631,713,812,881,881,881,881,1133,1360,1569,1774,1774,1889,1889,1889,1059,1218,1463],"floor_reached":56,"playtime":3955,"items_purged":[],"score":1987,"play_id":"77fce153-bac3-48fd-a867-e806a23d3b30","local_time":"20210112012408","is_ascension_mode":false,"campfire_choices":[{"floor":10.0,"key":"REST"},{"floor":12.0,"key":"REST"},{"floor":23,"key":"REST"},{"floor":25,"key":"REST"},{"floor":29,"key":"REST"},{"floor":32,"key":"REST"},{"floor":42,"key":"REST"},{"floor":44,"key":"REST"},{"floor":52,"key":"REST"}],"circlet_count":0,"master_deck":["Moonworks:Ambush+1","Moonworks:LongDistanceShot+1","animator:BlackLotus+1","expansioncontent:DecasProtection+1","Finesse+1","Flash of Steel+1","FameAndFortune+1","Pot Of Greed+1","animator:Defend_Konosuba+1","animator:Defend_GATE+1","animator:Strike_TenSura+1","Insight+1","Master of Strategy+1","Miracle+1","ReplayTheSpireMod:Private Reserves+1","animator:Yusarin+1","Moonworks:NicePresent+1","Moonworks:DeployBits+1","Moonworks:JonathanRush+1","Moonworks:JonathanRush+1","Moonworks:LulusLuckyEgg+1","Moonworks:EvilSpyWorkPreparation+1","Moonworks:StiffCrystal+1","Moonworks:MetallicMonocoque+1","Moonworks:SweetBattle+1","Moonworks:CloudOfSeagulls+1","Moonworks:ShieldCounter+1","infinitespire:Menacing+1","Moonworks:JonathanRush+1","Moonworks:SakisCookie+1","Moonworks:CloudOfSeagulls+1","Moonworks:ImOnFire+1","Moonworks:MetallicMonocoque+1","Moonworks:EvilSpyWorkPreparation+1","infinitespire:UltimateForm+1","Moonworks:CloudOfSeagulls+1","Moonworks:ForcedRevival+1","Moonworks:JonathanRush+1","Moonworks:JonathanRush+1","Moonworks:RagingMadness+1","Moonworks:BigBangBell+1"],"relics":["Moonworks:BrokenBomb","Moonworks:Homemark","Hammer of Thor","Seething Fire","Anvil of the Gods","REME_ComplimentaryCards","NeowsBlessing","Du-Vu Doll","ReplayTheSpireMod:Ninjato","conspire:BottledYoYo","conspire:RunicOctahedron","infinitespire:Golems Mask","energizedSpire:HugeHouse","ReplayTheSpireMod:Shallot","Tiny Chest","infinitespire:EvilPickle","REME_DemonsWealth","Ring of Peace","Ring of Searing","infinitespire:BottledMercury","Mirror","Replay:Bandana","wanderingMiniBosses:Blackblade","War Paint","Strange Spoon","Ginger","Boot","Happy Flower"],"acts_visited":["Exordium","TheCity","TheBeyond","TheEnding"],"potions_floor_usage":[16,46,48,55,55,55],"damage_taken":[{"damage":0.0,"enemies":"2 Louse","floor":1.0,"turns":1.0},{"damage":0.0,"enemies":"Cultist","floor":2.0,"turns":1.0},{"damage":0.0,"enemies":"Small Slimes","floor":4.0,"turns":1.0},{"damage":0.0,"enemies":"conspire:2 RoseBushes","floor":5.0,"turns":1.0},{"damage":0.0,"enemies":"Lagavulin","floor":6.0,"turns":2.0},{"damage":0.0,"enemies":"Gremlin Nob","floor":13.0,"turns":2.0},{"damage":0.0,"enemies":"Exordium Thugs","floor":14.0,"turns":2.0},{"damage":10,"enemies":"Hexaghost","floor":16,"turns":1},{"damage":0,"enemies":"Spheric Guardian","floor":18,"turns":1},{"damage":0,"enemies":"2 Thieves","floor":20,"turns":1},{"damage":0,"enemies":"Nightmare","floor":24,"turns":2},{"damage":0,"enemies":"Chosen and Byrds","floor":27,"turns":1},{"damage":0,"enemies":"3 Cultists","floor":28,"turns":1},{"damage":0,"enemies":"Centurion and Healer","floor":30,"turns":1},{"damage":0,"enemies":"Snake Plant","floor":31,"turns":2},{"damage":0,"enemies":"Pondfish","floor":33,"turns":3},{"damage":0,"enemies":"Orb Walker","floor":35,"turns":1},{"damage":11,"enemies":"3 Shapes","floor":39,"turns":1},{"damage":0,"enemies":"Nemesis","floor":40,"turns":2},{"damage":0,"enemies":"3 Darklings","floor":45,"turns":2},{"damage":0,"enemies":"Nightmare","floor":46,"turns":2},{"damage":0,"enemies":"4 Shapes","floor":47,"turns":2},{"damage":5,"enemies":"Jaw Worm Horde","floor":48,"turns":2},{"damage":0,"enemies":"conspire:OrnateMirror","floor":50,"turns":1},{"damage":0,"enemies":"Shield and Spear","floor":54,"turns":2},{"damage":2,"enemies":"The Heart","floor":55,"turns":3}],"seed_played":"3769961835283711990","potions_obtained":[{"floor":1.0,"key":"Fruit Juice"},{"floor":3.0,"key":"FairyPotion"},{"floor":3.0,"key":"Venom Potion"},{"floor":3.0,"key":"Languid Potion"},{"floor":15,"key":"Moonworks:OneHundredPercentOrangeJuicePotion"},{"floor":16,"key":"ColorlessPotion"},{"floor":24,"key":"ColorlessPotion"},{"floor":27,"key":"Moonworks:OneHundredPercentOrangeJuicePotion"},{"floor":45,"key":"Energy Potion"},{"floor":46,"key":"SpeedPotion"},{"floor":47,"key":"EssenceOfSteel"}],"is_trial":false,"path_per_floor":["M","M","?","M","M","E","?","$","T","R","?","R","E","M","R_BF","B",null,"M","$","M","AVR","?","R","NM","R","T","M","M","R","M","M","R","B",null,"M","?","?","?","M","E","T","R","T","R","M","NM","M","M","R_BF","B",null,"R","$","E","B",null],"character_chosen":"THE_STARBREAKER","items_purchased":["Moonworks:LulusLuckyEgg","Elixir","Moonworks:CloudOfSeagulls","Strange Spoon","Ginger","Moonworks:RagingMadness","Boot","infinitespire:BlackPotion"],"campfire_rested":9,"item_purchase_floors":[8,19,19,53,53,53,53,53],"current_hp_per_floor":[65,65,65,65,65,65,65,65,65,65,65,65,65,65,65,55,65,65,65,65,60,60,60,60,60,60,60,60,60,60,60,60,60,60,60,60,60,46,40,43,43,60,60,60,60,60,60,58,60,60,60,60,60,60,58],"gold":1463,"neow_bonus":"THREE_ENEMY_KILL","is_daily":false,"chose_seed":false,"campfire_upgraded":0,"win_rate":0.0,"timestamp":1610443448,"path_taken":["M","M","?","M","?","E","?","$","T","R","?","R","E","M","R_BF","BOSS","M","$","M","AVR","?","R","NM","R","T","M","M","R","M","M","R","BOSS","M","?","?","?","M","E","?","R","T","R","M","NM","M","M","R_BF","BOSS","R","$","E","BOSS"],"items_purchased_type":["Card","Potion","Card","Relic","Relic","Card","Relic","Potion"],"build_version":"2020-12-22","purchased_purges":0,"victory":true,"max_hp_per_floor":[65,65,65,65,65,65,65,65,65,65,65,65,65,65,65,65,65,65,65,65,60,60,60,60,60,60,60,60,60,60,60,60,60,60,60,60,60,60,60,60,60,60,60,60,60,60,60,60,60,60,60,60,60,60,60],"card_choices":[{"not_picked":["Moonworks:BigMagnum","Moonworks:SealedMemories"],"picked":"Moonworks:TreasureThief","floor":1.0},{"not_picked":["Moonworks:WindyEnchantment","Moonworks:LeapThroughSpace"],"picked":"Moonworks:NicePresent","floor":2.0},{"not_picked":["Moonworks:Assault","Moonworks:ForcedRevival"],"picked":"Moonworks:DeployBits","floor":4.0},{"not_picked":["Moonworks:LulusLuckyEgg","Moonworks:x16BigRocket"],"picked":"Moonworks:JonathanRush","floor":5.0},{"not_picked":["Moonworks:NicePresent","Moonworks:DeployBits"],"picked":"Moonworks:JonathanRush","floor":6.0},{"not_picked":["Moonworks:DeployBits","Moonworks:CloudOfSeagulls"],"picked":"Moonworks:EvilSpyWorkPreparation","floor":13.0},{"not_picked":["Moonworks:LuckyCharm","Moonworks:BigMagnum"],"picked":"Moonworks:StiffCrystal","floor":14},{"not_picked":["Moonworks:Blazing","Moonworks:CrystalBarrier"],"picked":"Moonworks:MetallicMonocoque","floor":16},{"not_picked":["Moonworks:SelfDestruct","Moonworks:DeployBits+1"],"picked":"Moonworks:SweetBattle","floor":18},{"not_picked":["Moonworks:IndiscriminateFireSupport","Moonworks:SweetBattle","Moonworks:DevilHand"],"picked":"SKIP","floor":20},{"not_picked":["Moonworks:BigMagnum","Moonworks:NicePresent"],"picked":"Moonworks:JonathanRush","floor":24},{"not_picked":["Moonworks:LulusLuckyEgg+1","Moonworks:EvilSpyWorkPreparation"],"picked":"Moonworks:SakisCookie+1","floor":27},{"not_picked":["Moonworks:CookingTime","Moonworks:IndiscriminateFireSupport","Moonworks:EvilMastermind"],"picked":"SKIP","floor":28},{"not_picked":["Moonworks:IndiscriminateFireSupport","Moonworks:Bloodlust"],"picked":"Moonworks:CloudOfSeagulls","floor":30},{"not_picked":["Moonworks:Assault","Moonworks:DevilHand+1"],"picked":"Moonworks:ImOnFire+1","floor":31},{"not_picked":["Moonworks:EvilMastermind","Moonworks:Blazing"],"picked":"Moonworks:MetallicMonocoque","floor":33},{"not_picked":["Moonworks:BigMagnum+1","Moonworks:LulusLuckyEgg+1","Spreading Infection"],"picked":"Moonworks:EvilSpyWorkPreparation+1","floor":35},{"not_picked":["ReplayTheSpireMod:Echoes of Time","ReplayTheSpireMod:Chaos Vortex"],"picked":"infinitespire:UltimateForm","floor":38},{"not_picked":["Moonworks:NicePresent","Moonworks:StiffCrystal","Doubt"],"picked":"Moonworks:CloudOfSeagulls","floor":39},{"not_picked":["Moonworks:JonathanRush+1","Moonworks:ExtendedPhotonRifle","Replay:Hysterical Blindness"],"picked":"Moonworks:ForcedRevival","floor":40},{"not_picked":["wanderingMiniBosses:FinaleOfPromise"],"picked":"SKIP","floor":45},{"not_picked":["Moonworks:SakisCookie","Moonworks:BindingChains+1","Moonworks:IndiscriminateFireSupport+1","animator:Curse_GriefSeed"],"picked":"SKIP","floor":45},{"not_picked":["Moonworks:ImmovableObject+1","Moonworks:DeployBits","Moonworks:ImOnFire+1","Clumsy"],"picked":"SKIP","floor":46},{"not_picked":["Moonworks:CloudOfSeagulls+1","Moonworks:EvilSpyWorkPreparation+1","Regret"],"picked":"Moonworks:JonathanRush+1","floor":47},{"not_picked":["Moonworks:CloudOfSeagulls+1","Moonworks:Bloodlust+1","animator:Curse_Greed"],"picked":"Moonworks:JonathanRush+1","floor":48},{"not_picked":["Moonworks:BigMagnum+1","Moonworks:ImOnFire","ReplayTheSpireMod:Restless Dread"],"picked":"Moonworks:BigBangBell","floor":54}],"player_experience":623731,"relics_obtained":[{"floor":6.0,"key":"Du-Vu Doll"},{"floor":9.0,"key":"ReplayTheSpireMod:Ninjato"},{"floor":13.0,"key":"conspire:BottledYoYo"},{"floor":24,"key":"ReplayTheSpireMod:Shallot"},{"floor":26,"key":"Tiny Chest"},{"floor":37,"key":"Ring of Peace"},{"floor":37,"key":"Ring of Searing"},{"floor":40,"key":"infinitespire:BottledMercury"},{"floor":41,"key":"Mirror"},{"floor":43,"key":"Replay:Bandana"},{"floor":45,"key":"wanderingMiniBosses:Blackblade"},{"floor":46,"key":"War Paint"},{"floor":54,"key":"Happy Flower"}],"event_choices":[{"damage_healed":0.0,"max_hp_gain":0.0,"max_hp_loss":0.0,"gold_gain":0.0,"event_name":"The Woman in Blue","player_choice":"Bought 3 Potions","floor":3.0,"gold_loss":0.0,"damage_taken":0.0},{"damage_healed":0.0,"max_hp_gain":0.0,"max_hp_loss":0.0,"gold_gain":0.0,"event_name":"The Cleric","player_choice":"Leave","floor":7.0,"gold_loss":0.0,"damage_taken":0.0},{"damage_healed":0.0,"max_hp_gain":0.0,"max_hp_loss":0.0,"gold_gain":0.0,"event_name":"NoteForYourself","player_choice":"Ignored","floor":11.0,"gold_loss":0.0,"damage_taken":0.0},{"damage_healed":0,"gold_gain":0,"player_choice":"Got Potions","damage_taken":0,"max_hp_gain":0,"max_hp_loss":0,"event_name":"Lab","floor":15,"gold_loss":0},{"damage_healed":0,"gold_gain":0,"player_choice":"Leave","damage_taken":0,"max_hp_gain":0,"max_hp_loss":0,"event_name":"conspire:Investor","floor":36,"gold_loss":0}],"is_beta":false,"boss_relics":[{"not_picked":["Replay:Drink Me","conspire:SpecialSausage"],"picked":"conspire:RunicOctahedron"},{"not_picked":["Astrolabe","Runic Pyramid"],"picked":"REME_DemonsWealth"}],"items_purged_floors":[],"is_endless":false,"potions_floor_spawned":[1,5,16,24,27,30,31,33,35,45,46,47],"ascension_level":0}}