{"host":"t57cmx9i4dws44v8","time":1610465124,"event":{"mods":["BaseMod","Hermit","Minty Spire (QoL Compilation)","StSLib","The Servant 0.9.4"],"gold_per_floor":[128,160,160,193,79,109,127,160,160,220,236,236,236,254,254,364,364,337,337,362,24,24,29,29],"floor_reached":23,"playtime":1364,"items_purged":["Pain"],"score":203,"play_id":"429c9a15-0538-47c4-818a-d5855990c98a","local_time":"20210112232524","is_ascension_mode":false,"campfire_choices":[{"floor":12,"key":"REST"},{"data":"hermit:Maintenance","floor":15,"key":"SMITH"}],"circlet_count":0,"master_deck":["hermit:Strike_Hermit","hermit:Strike_Hermit","hermit:Strike_Hermit","hermit:Strike_Hermit","hermit:Defend_Hermit","hermit:Defend_Hermit","hermit:Defend_Hermit","hermit:Defend_Hermit","hermit:Snapshot","hermit:Covet","hermit:DeadOrAlive","hermit:Combo","hermit:Maintenance+1","hermit:Headshot","hermit:RoundhouseKick","hermit:TakeAim","hermit:TrackingShot","hermit:ItchyTrigger","hermit:Dive","hermit:BigShot","Parasite","hermit:Scavenge"],"relics":["hermit:ClaspedLocket","Centennial Puzzle","Sundial","Bottled Tornado","HornCleat","Singing Bowl"],"acts_visited":["Exordium","TheCity"],"potions_floor_usage":[7,10,10,11,16,21,23],"damage_taken":[{"damage":1.0,"enemies":"Jaw Worm","floor":1.0,"turns":4.0},{"damage":6.0,"enemies":"Cultist","floor":2.0,"turns":4.0},{"damage":0,"enemies":"Small Slimes","floor":4,"turns":2},{"damage":39,"enemies":"Gremlin Nob","floor":6,"turns":5},{"damage":2,"enemies":"Looter","floor":7,"turns":4},{"damage":12,"enemies":"3 Louse","floor":8,"turns":2},{"damage":3,"enemies":"3 Sentries","floor":10,"turns":6},{"damage":8,"enemies":"Large Slime","floor":11,"turns":6},{"damage":0,"enemies":"Lots of Slimes","floor":14,"turns":1},{"damage":27,"enemies":"Hexaghost","floor":16,"turns":12},{"damage":20,"enemies":"2 Thieves","floor":18,"turns":6},{"damage":25,"enemies":"Chosen","floor":20,"turns":8},{"damage":40,"enemies":"Gremlin Leader","floor":23,"turns":6}],"seed_played":"-568840829745692120","potions_obtained":[{"floor":2.0,"key":"SneckoOil"},{"floor":6,"key":"SkillPotion"},{"floor":8,"key":"Explosive Potion"},{"floor":10,"key":"DistilledChaos"},{"floor":16,"key":"Fruit Juice"},{"floor":18,"key":"ColorlessPotion"}],"is_trial":false,"path_per_floor":["M","M","?","M","$","E","M","M","T","E","M","R","?","M","R","B",null,"M","?","M","$","?","E"],"character_chosen":"HERMIT","items_purchased":["hermit:TakeAim","Singing Bowl","Fruit Juice"],"campfire_rested":1,"item_purchase_floors":[5,21,21],"current_hp_per_floor":[74,68,68,68,68,29,27,15,15,12,4,26,44,44,44,22,80,60,60,35,40,40,0,0],"gold":29,"neow_bonus":"THREE_RARE_CARDS","is_daily":false,"chose_seed":false,"campfire_upgraded":1,"win_rate":0.0,"timestamp":1610465124,"path_taken":["M","M","?","?","$","E","M","M","T","E","M","R","?","M","R","BOSS","M","?","M","$","?","E"],"items_purchased_type":["Card","Relic","Potion"],"build_version":"2020-12-22","purchased_purges":1,"victory":false,"max_hp_per_floor":[75,75,75,75,75,75,75,75,75,75,75,75,75,75,75,80,80,80,80,80,85,85,85,85],"card_choices":[{"not_picked":["hermit:OverwhelmingPower","hermit:RoundhouseKick"],"picked":"hermit:DeadOrAlive","floor":0.0},{"not_picked":["hermit:TakeCover","hermit:Roulette"],"picked":"hermit:Combo","floor":1.0},{"not_picked":["hermit:Manifest","hermit:Spite"],"picked":"hermit:Maintenance","floor":2.0},{"not_picked":["hermit:GoldenBullet","hermit:Malice","hermit:CursedWeapon"],"picked":"SKIP","floor":4},{"not_picked":["hermit:Coalescence","hermit:Scavenge"],"picked":"hermit:TrackingShot","floor":6},{"not_picked":["hermit:FatalDesire","hermit:FlashPowder"],"picked":"hermit:ItchyTrigger","floor":7},{"not_picked":["hermit:DeadOrAlive","hermit:Manifest"],"picked":"hermit:Dive","floor":8},{"not_picked":["hermit:Spite","hermit:Roulette"],"picked":"hermit:BigShot","floor":10},{"not_picked":["hermit:ItchyTrigger","hermit:FatalDesire","hermit:HoleUp"],"picked":"SKIP","floor":11},{"not_picked":["hermit:Spite","hermit:Roulette"],"picked":"hermit:Scavenge","floor":14},{"not_picked":["hermit:Misfire+1","hermit:Roulette","hermit:LoneWolf"],"picked":"SKIP","floor":18},{"not_picked":["hermit:Misfire+1","hermit:Desperado","hermit:Roulette"],"picked":"SKIP","floor":20}],"player_experience":1021043,"relics_obtained":[{"floor":6,"key":"Centennial Puzzle"},{"floor":9,"key":"Sundial"},{"floor":10,"key":"Bottled Tornado"}],"event_choices":[{"damage_healed":0,"gold_gain":0,"player_choice":"2 cards matched","damage_taken":0,"max_hp_gain":0,"max_hp_loss":0,"event_name":"Match and Keep!","floor":3,"gold_loss":0,"cards_obtained":["hermit:Headshot","hermit:RoundhouseKick"]},{"damage_healed":18,"gold_gain":0,"player_choice":"Healed and dodged fight","damage_taken":0,"max_hp_gain":0,"max_hp_loss":0,"event_name":"Mushrooms","floor":13,"gold_loss":0,"cards_obtained":["Parasite"]},{"damage_healed":0,"gold_gain":0,"player_choice":"Opened","damage_taken":0,"relics_obtained":["HornCleat"],"max_hp_gain":0,"max_hp_loss":0,"event_name":"The Mausoleum","floor":19,"gold_loss":0},{"damage_healed":0,"gold_gain":0,"player_choice":"Ignored","damage_taken":0,"max_hp_gain":0,"max_hp_loss":0,"event_name":"Ghosts","floor":22,"gold_loss":0}],"is_beta":false,"boss_relics":[{"not_picked":["SlaversCollar","Pandora\u0027s Box"],"picked":"hermit:ClaspedLocket"}],"items_purged_floors":[5],"is_endless":false,"potions_floor_spawned":[2,6,8,10,16,18],"killed_by":"Gremlin Leader","ascension_level":0}}