{"host":"bf9sa99gaumonoeu","time":1610467024,"event":{"mods":["AchievementEnabler","Act Like it!","BaseMod","Better Sensory Stone","Colored Map","Colored Powertips","Fox Events","Friendly Minions","Gensokyo","GifTheSpireLib","Googly Eyes","Hallownest","Hermit","Hubris","Jorbs\u0027s Wanderer Trilogy","KinomotoSakuraMod(????)","Koishi","Lobotomy","Marisa????????","Minty Spire (QoL Compilation)","Rare Cards Sparkle","Reimu??????","Relic Stats","Remilia??????","Replay The Spire","StSLib","The Administrix","The Animator","The Bug Knight","The Construct","The Cursed","The Disciple","The Hierophant","The Mystic","The Necromancer","The Poker Player","The Runesmith","The Senshi","The Servant 0.9.4","TheLocksmith","Yakumo Yukari mod","thorton"],"gold_per_floor":[123,138,149,174,185,185,210,210,210,409,421,439,439,465,465,550,550,568,568,583,583,583],"floor_reached":21,"playtime":3182,"items_purged":[],"score":322,"play_id":"594b7806-7cf4-45fc-946e-6237843a2c50","local_time":"20210112135704","is_ascension_mode":true,"campfire_choices":[{"data":"animator:Elsword","floor":6,"key":"SMITH"},{"floor":15,"key":"REST"}],"circlet_count":0,"master_deck":["AscendersBane","animator:Strike_Elsword","animator:Defend_Elsword","animator:Strike","animator:Strike","animator:Strike","animator:Defend","animator:Defend","animator:Defend","animator:Chung","animator:Raven","animator:QuestionMark","animator:Shinoa","animator:Megumin+3","animator:Elsword+1","animator:Fredrika","animator:Biyorigo","animator:Ciel","animator:Hitei","animator:Eve"],"relics":["animator:LivingPicture","animator:TheMissingPiece","MealTicket","HollowMod:PaleOreRelic","InkBottle","Replay:Bronze Core"],"acts_visited":["Exordium","TheCity"],"potions_floor_usage":[5,13,14,20],"damage_taken":[{"damage":0,"enemies":"2 Louse","floor":1,"turns":3},{"damage":0,"enemies":"Small Slimes","floor":2,"turns":7},{"damage":0,"enemies":"Cultist","floor":3,"turns":4},{"damage":0,"enemies":"Exordium Wildlife","floor":4,"turns":3},{"damage":16,"enemies":"Large Slime","floor":5,"turns":8},{"damage":30,"enemies":"Replay:BlueRogue","floor":7,"turns":7},{"damage":4,"enemies":"Exordium Thugs","floor":11,"turns":4},{"damage":1,"enemies":"2 Fungi Beasts","floor":12,"turns":3},{"damage":0,"enemies":"Blue Slaver","floor":13,"turns":1},{"damage":30,"enemies":"Gremlin Nob","floor":14,"turns":4},{"damage":32,"enemies":"Hexaghost","floor":16,"turns":15},{"damage":17,"enemies":"3 Byrds","floor":18,"turns":3},{"damage":13,"enemies":"2 Thieves","floor":20,"turns":4},{"damage":21,"enemies":"Snake Plant","floor":21,"turns":3}],"seed_played":"3625734743269405112","potions_obtained":[{"floor":4,"key":"Swift Potion"},{"floor":7,"key":"SmokeBomb"},{"floor":12,"key":"FearPotion"},{"floor":16,"key":"Strength Potion"},{"floor":18,"key":"GrandPatriotsElixir:ReiMu"}],"is_trial":false,"path_per_floor":["M","M","M","M","M","R","E","?","T","?","M","M","M","E","R","B",null,"M","?","M","M"],"character_chosen":"THE_ANIMATOR","items_purchased":[],"campfire_rested":1,"item_purchase_floors":[],"current_hp_per_floor":[59,59,59,59,43,43,13,66,66,50,47,46,46,16,36,4,51,34,34,21,0,0],"gold":583,"neow_bonus":"RANDOM_COLORLESS","is_daily":false,"chose_seed":false,"campfire_upgraded":1,"win_rate":0.0,"timestamp":1610467024,"path_taken":["M","M","M","M","M","R","E","?","T","?","M","M","M","E","R","BOSS","M","?","M","M"],"items_purchased_type":[],"build_version":"2020-12-22","purchased_purges":0,"victory":false,"max_hp_per_floor":[66,66,66,66,66,66,66,66,66,66,67,67,67,67,67,67,67,67,67,67,67,67],"relic_stats":{"counters":[14,69],"MealTicket":0,"obtain_stats":[{"animator:TheMissingPiece":0,"Replay:Bronze Core":17,"MealTicket":7,"animator:LivingPicture":0,"HollowMod:PaleOreRelic":9,"InkBottle":14},{"animator:TheMissingPiece":0,"Replay:Bronze Core":11,"MealTicket":6,"animator:LivingPicture":0,"HollowMod:PaleOreRelic":6,"InkBottle":10},{"animator:TheMissingPiece":0,"Replay:Bronze Core":59,"MealTicket":32,"animator:LivingPicture":0,"HollowMod:PaleOreRelic":32,"InkBottle":44}],"InkBottle":[6]},"card_choices":[{"not_picked":["animator:Zero","animator:MisakiNakahara"],"picked":"animator:QuestionMark","floor":0},{"not_picked":["animator:Guy","animator:Demiurge"],"picked":"animator:Shinoa","floor":1},{"not_picked":["animator:Shinoa","animator:Viivi","animator:NagisaMomoe"],"picked":"SKIP","floor":2},{"not_picked":["animator:Aqua","animator:Fredrika"],"picked":"animator:Megumin","floor":3},{"not_picked":["animator:Raven","animator:Ara"],"picked":"animator:Elsword","floor":4},{"not_picked":["animator:Ainz","animator:Viivi"],"picked":"animator:Fredrika","floor":5},{"not_picked":["animator:Raven","animator:Yoichi"],"picked":"animator:Biyorigo","floor":7},{"not_picked":["animator:KrulTepes","animator:OrikoMikuni"],"picked":"animator:Ciel","floor":11},{"not_picked":["animator:Mitsuba","animator:Raven"],"picked":"animator:Hitei","floor":14},{"not_picked":["animator:Ainz","animator:HigakiRinne"],"picked":"animator:Eve","floor":16},{"not_picked":["animator:Mikaela","animator:MamiTomoe","animator:Konayuki"],"picked":"SKIP","floor":18}],"player_experience":917243,"relics_obtained":[{"floor":7,"key":"MealTicket"},{"floor":9,"key":"HollowMod:PaleOreRelic"},{"floor":14,"key":"InkBottle"}],"event_choices":[{"cards_removed":["Amnesia"],"damage_healed":0,"gold_gain":0,"player_choice":"Removed","damage_taken":0,"max_hp_gain":0,"max_hp_loss":0,"event_name":"The Cursed Forest","floor":19,"gold_loss":0}],"is_beta":false,"boss_relics":[{"not_picked":["SacredBark","Replay:Ancient Bell"],"picked":"Replay:Bronze Core"}],"items_purged_floors":[],"is_endless":false,"potions_floor_spawned":[4,7,12,13,16,18],"killed_by":"Snake Plant","ascension_level":13}}