{"host":"nxmai6bb3m0amvdf","time":1610489330,"event":{"mods":["Aspiration","BaseMod","Conspire","Energized Spire","Friendly Minions","GifTheSpireLib","Halation","Hubris","Infinite Spire","Ironclad Rager","Jedi Mod","Marked Mod","Mimic Mod","Minty Spire (QoL Compilation)","Replay The Spire","RumiaBox-????????","Spikes Relics","StSLib","Stuff the Spire","Trackpad","vexMod"],"gold_per_floor":[112,123,138,150,160,160,171,204,228,228,241,46,46,78,78,152,152,171,171,190,190,190],"floor_reached":21,"language":"ENG","playtime":2726,"items_purged":[],"score":376,"play_id":"c9a95d39-e505-41ab-8205-4689b5f4b8dc","local_time":"20210112230850","is_ascension_mode":true,"campfire_choices":[{"floor":6.0,"key":"RECALL"},{"floor":15.0,"key":"REST"}],"circlet_count":0,"master_deck":["AscendersBane","Strike_R","Strike_R","Defend_R","Defend_R","Defend_R","Defend_R","Bash","StuffTheSpire:Resist","StuffTheSpire:Pyroclast","jedi:strikingstrike","Defy Death","Wild Strike+1","StuffTheSpire:Resist","True Grit","Heel Hook","Predator","Flying Knee","BarbarianYell","Bandage Up","Second Wind","Burning Pact","hubris:StunningStrike","Shrug It Off","Twin Strike","Thunder Strike","jedi:onestrike","Perfected Strike","True Grit"],"relics":["Burning Blood","aspiration:Nostalgia","Ring of the Snake","BrokenLever","StuffTheSpire:EmeraldSignet","hubris:Backtick","Dead Branch"],"acts_visited":["Exordium","TheCity"],"potions_floor_usage":[18],"damage_taken":[{"damage":17.0,"enemies":"infinitespire:Voidling","floor":1.0,"turns":4.0},{"damage":2.0,"enemies":"conspire:RoseBush","floor":2.0,"turns":8.0},{"damage":7.0,"enemies":"Small Slimes","floor":3.0,"turns":3.0},{"damage":2.0,"enemies":"Looter","floor":4.0,"turns":3.0},{"damage":19.0,"enemies":"Exordium Wildlife","floor":5.0,"turns":5.0},{"damage":3.0,"enemies":"conspire:2 RoseBushes","floor":7.0,"turns":6.0},{"damage":37.0,"enemies":"Gremlin Nob","floor":8.0,"turns":5.0},{"damage":12.0,"enemies":"3 Louse","floor":11.0,"turns":3.0},{"damage":13.0,"enemies":"3 Sentries","floor":14.0,"turns":11.0},{"damage":2.0,"enemies":"Fading Forest","floor":16.0,"turns":13.0},{"damage":16,"enemies":"conspire:FuzzyDice","floor":18,"turns":5},{"damage":35,"enemies":"2 Thieves","floor":20,"turns":4},{"damage":62,"enemies":"3 Cultists","floor":21,"turns":6}],"seed_played":"7847895594342575736","potions_obtained":[{"floor":1.0,"key":"jedi:holywater"},{"floor":4.0,"key":"Energy Potion"},{"floor":5.0,"key":"ColorlessPotion"},{"floor":14.0,"key":"Venom Potion"},{"floor":16.0,"key":"Fire Potion"}],"is_trial":false,"path_per_floor":["M","M","M","M","M","R","M","E","T","?","M","$","?","E","R","B",null,"M","?","M","M"],"character_chosen":"IRONCLAD","items_purchased":["Bandage Up","Second Wind"],"campfire_rested":1,"item_purchase_floors":[12,12],"current_hp_per_floor":[62,66,65,69,56,56,59,28,28,28,22,22,22,19,41,61,72,66,66,41,0,0],"gold":190,"neow_bonus":"NOSTALGIA","is_daily":false,"chose_seed":false,"campfire_upgraded":0,"win_rate":0.0,"timestamp":1610489330,"path_taken":["M","?","M","M","M","R","M","E","T","?","M","$","?","E","R","BOSS","M","?","M","M"],"items_purchased_type":["Card","Card"],"build_version":"2020-12-22","purchased_purges":0,"victory":false,"max_hp_per_floor":[75,75,75,75,75,75,75,75,75,75,75,75,75,75,75,75,75,75,75,75,75,75],"card_choices":[{"not_picked":["Run Through","ReplayTheSpireMod:Corrosion Curse"],"picked":"StuffTheSpire:Resist","floor":1.0},{"not_picked":["ReplayTheSpireMod:Strike From Hell","Rampage"],"picked":"StuffTheSpire:Pyroclast","floor":2.0},{"not_picked":["Searing Blow","Anger"],"picked":"jedi:strikingstrike","floor":3.0},{"not_picked":["Clash","Flex"],"picked":"Defy Death","floor":4.0},{"not_picked":["Life Link","Uppercut"],"picked":"Wild Strike","floor":5.0},{"not_picked":["Clothesline","Iron Wave"],"picked":"StuffTheSpire:Resist","floor":7.0},{"not_picked":["Replay:Undeath\u0027s Touch","Pommel Strike"],"picked":"True Grit","floor":8.0},{"not_picked":["True Grit","Twin Strike"],"picked":"BarbarianYell","floor":11.0},{"not_picked":["StuffTheSpire:BloodClot","Seeing Red"],"picked":"Burning Pact","floor":14.0},{"not_picked":["Bludgeon","StuffTheSpire:TitanForm"],"picked":"hubris:StunningStrike","floor":16.0},{"not_picked":["Carnage","Body Slam"],"picked":"Shrug It Off","floor":18},{"not_picked":["Massacre","Cleave"],"picked":"True Grit","floor":20}],"player_experience":1092103,"relics_obtained":[{"floor":8.0,"key":"BrokenLever"},{"floor":14.0,"key":"StuffTheSpire:EmeraldSignet"}],"event_choices":[],"is_beta":false,"boss_relics":[{"not_picked":["aspiration:RitualDagger","Pandora\u0027s Box"],"picked":"hubris:Backtick"}],"items_purged_floors":[],"is_endless":false,"potions_floor_spawned":[1,4,5,14,16],"killed_by":"3 Cultists","ascension_level":19}}