{"host":"3q8x5nua6nulvkr6","time":1610454087,"event":{"mods":["Aspiration","BaseMod","Better Note","BetterRewards","Colored Map","Colored Powertips","Conspire","GifTheSpireLib","Hubris","Infinite Spire","Minty Spire (QoL Compilation)","Rare Cards Sparkle","Replay The Spire","StSLib","Stuff the Spire","Wandering Minibosses"],"gold_per_floor":[111,129,144,164,89,89,109,9,9,35,52,80,80,91,91,189,189,200,200,300,312,312,312,342,360,360,371,100,115,130,146,146,259,259,294,294,294,294,325,359,395,454,454,499,499,549,598,97,97,206,206,234,234,234,89,111,134,150,171,171,248,277,301,146,164,164,261,261,278,278,309,309,334,353,377,377,377,420,420,420,519,551,551,658,658,699,699,699,749,788,837,837,896,896,965,965,1033,879,931,931,1064,1064,1139,1225,1320,768,768,831,831,897,897,897,958,1039,1110,1110,1110,1265,1265,1357,1154,1233,1233,1233,1233,1233,1323,1405,1522,1628,1742,1742,1861,1861,2064,2064,2203,2230,2363,2363,2495,2655,2835,2436,2436,2576,2576,2746,2942,3129,3129,3351,3351,3351,2729,2903,3117],"floor_reached":158,"playtime":7201,"items_purged":["Leap","Protect","Pommel Strike","Shrug It Off"],"score":4341,"play_id":"9ba9f324-6f70-474c-9473-2a5362163270","local_time":"20210112072127","daily_mods":["SealedDeck","Red Cards","Green Cards","Blue Cards","Purple Cards","Colorless Cards"],"is_ascension_mode":false,"campfire_choices":[{"data":"PathToVictory","floor":6.0,"key":"SMITH"},{"data":"PathToVictory","floor":15.0,"key":"SMITH"},{"data":"Mirror Shield","floor":23.0,"key":"SMITH"},{"data":"Calculated Gamble","floor":32.0,"key":"SMITH"},{"floor":45.0,"key":"REST"},{"data":"Prostrate","floor":49.0,"key":"SMITH"},{"data":"Master of Strategy","floor":66.0,"key":"SMITH"},{"data":"Rebound","floor":80.0,"key":"SMITH"},{"data":"Echo Form","floor":83.0,"key":"SMITH"},{"data":"infinitespire:Collect","floor":134,"key":"SMITH"},{"floor":151,"key":"DIG"}],"circlet_count":0,"master_deck":["PathToVictory+1","PathToVictory+1","Mirror Shield+1","Master of Strategy+1","infinitespire:Gouge+1","Echo Form+1","PathToVictory+1","hubris:DuctTapeCard","infinitespire:Collect+1","ReplayReversal+1"],"relics":["Burning Blood","Replay:Bottled Steam","Akabeko","Boot","Philosopher\u0027s Stone","StuffTheSpire:Mouthbags","Red Skull","Paper Frog","Oddly Smooth Stone","wanderingMiniBosses:Inkheart","infinitespire:EvilPickle","SacredBark","Replay:WaspNest","Bronze Scales","CaptainsWheel","TheAbacus","ReplayFunnel","ReplayTheSpireMod:Lightbulb","Strange Spoon","PreservedInsect","infinitespire:CursedDice","infinitespire:FocusingShard","hubris:EmptyBottle","Gremlin Horn","Bottled Lightning","Omamori","Coffee Dripper","Lizard Tail","Regal Pillow","Another Sword","Blue Candle","infinitespire:Beetle Shell","hubris:Backtick","StuffTheSpire:DarkSteelAnvil","hubris:CrystalStatue","Strawberry","DollysMirror","Pen Nib","Replay:Arrowhead","ClockworkSouvenir","hubris:Towel","hubris:DuctTape","InkBottle","Happy Flower","StrikeDummy","FossilizedHelix","Replay:Wax Seal","hubris:ToyBattleship","StuffTheSpire:BottledEssence","aspiration:ChemicalBlood","Black Star","Replay:Baseball","infinitespire:EmpoweringShard","Lee\u0027s Waffle","Smiling Mask","Meat on the Bone"],"acts_visited":["Exordium","TheCity","TheBeyond","Exordium","TheCity","TheBeyond","Exordium","TheCity","TheBeyond","TheEnding"],"potions_floor_usage":[91,91,99,108,118,118,120,138,138,143,149,152,152,152,152,157,157],"damage_taken":[{"damage":0.0,"enemies":"Jaw Worm","floor":1.0,"turns":2.0},{"damage":0.0,"enemies":"Small Slimes","floor":2.0,"turns":3.0},{"damage":0.0,"enemies":"Cultist","floor":3.0,"turns":2.0},{"damage":3.0,"enemies":"3 Louse","floor":4.0,"turns":3.0},{"damage":2.0,"enemies":"Large Slime","floor":7.0,"turns":5.0},{"damage":8.0,"enemies":"Lagavulin","floor":10.0,"turns":3.0},{"damage":0.0,"enemies":"Gremlin Gang","floor":11.0,"turns":3.0},{"damage":9.0,"enemies":"Replay:BlueRogue","floor":12.0,"turns":2.0},{"damage":8.0,"enemies":"Blue Slaver","floor":14.0,"turns":2.0},{"damage":38.0,"enemies":"Hexaghost","floor":16.0,"turns":4.0},{"damage":0.0,"enemies":"conspire:FuzzyDice","floor":18.0,"turns":3.0},{"damage":0.0,"enemies":"Chosen","floor":21.0,"turns":2.0},{"damage":8.0,"enemies":"Replay:Snechameleon","floor":24.0,"turns":2.0},{"damage":4.0,"enemies":"Centurion and Healer","floor":25.0,"turns":3.0},{"damage":6.0,"enemies":"Snake Plant","floor":27.0,"turns":2.0},{"damage":3.0,"enemies":"3 Cultists","floor":29.0,"turns":6.0},{"damage":3.0,"enemies":"Cultist and Chosen","floor":30.0,"turns":3.0},{"damage":0.0,"enemies":"Snake Plant","floor":31.0,"turns":2.0},{"damage":30.0,"enemies":"Pondfish","floor":33.0,"turns":6.0},{"damage":2.0,"enemies":"3 Darklings","floor":35.0,"turns":4.0},{"damage":0.0,"enemies":"Orb Walker","floor":39.0,"turns":2.0},{"damage":0.0,"enemies":"Jaw Worm Horde","floor":40.0,"turns":2.0},{"damage":0.0,"enemies":"3 Darklings","floor":41.0,"turns":2.0},{"damage":32.0,"enemies":"Nightmare","floor":42.0,"turns":5.0},{"damage":0.0,"enemies":"Maw","floor":44.0,"turns":3.0},{"damage":0.0,"enemies":"Jaw Worm Horde","floor":46.0,"turns":3.0},{"damage":0.0,"enemies":"Writhing Mass","floor":47.0,"turns":2.0},{"damage":21.0,"enemies":"Replay:Hell Engine","floor":50.0,"turns":3.0},{"damage":0.0,"enemies":"Small Slimes","floor":52.0,"turns":1.0},{"damage":0.0,"enemies":"Jaw Worm","floor":56.0,"turns":1.0},{"damage":0.0,"enemies":"Lagavulin","floor":57.0,"turns":2.0},{"damage":0.0,"enemies":"2 Louse","floor":58.0,"turns":1.0},{"damage":0.0,"enemies":"Red Slaver","floor":59.0,"turns":1.0},{"damage":0.0,"enemies":"3 Sentries","floor":62.0,"turns":3.0},{"damage":0.0,"enemies":"Gremlin Gang","floor":63.0,"turns":3.0},{"damage":0.0,"enemies":"Looter","floor":65.0,"turns":1.0},{"damage":0.0,"enemies":"The Guardian","floor":67.0,"turns":3.0},{"damage":0.0,"enemies":"Chosen","floor":69.0,"turns":2.0},{"damage":0.0,"enemies":"Spheric Guardian","floor":71.0,"turns":2.0},{"damage":0.0,"enemies":"Snecko","floor":73.0,"turns":3.0},{"damage":0.0,"enemies":"Sentry and Sphere","floor":74.0,"turns":3.0},{"damage":0.0,"enemies":"Cultist and Chosen","floor":75.0,"turns":3.0},{"damage":0.0,"enemies":"Gremlin Leader","floor":78.0,"turns":2.0},{"damage":0.0,"enemies":"3 Cultists","floor":82.0,"turns":2.0},{"damage":14.0,"enemies":"hubris:MusketHawk","floor":84.0,"turns":3.0},{"damage":0,"enemies":"3 Darklings","floor":86,"turns":2},{"damage":14,"enemies":"3 Shapes","floor":89,"turns":2},{"damage":0,"enemies":"3 Darklings","floor":90,"turns":2},{"damage":0,"enemies":"R_Hoarder","floor":91,"turns":5},{"damage":0,"enemies":"Sphere and 2 Shapes","floor":93,"turns":2},{"damage":0,"enemies":"Nightmare","floor":95,"turns":3},{"damage":0,"enemies":"Jaw Worm Horde","floor":97,"turns":2},{"damage":0,"enemies":"4 Shapes","floor":99,"turns":1},{"damage":0,"enemies":"hubris:GrandSnecko","floor":101,"turns":3},{"damage":0,"enemies":"Cultist","floor":103,"turns":1},{"damage":0,"enemies":"2 Louse","floor":104,"turns":1},{"damage":0,"enemies":"Jaw Worm","floor":105,"turns":1},{"damage":16,"enemies":"3 Sentries","floor":108,"turns":2},{"damage":0,"enemies":"2 Fungi Beasts","floor":110,"turns":1},{"damage":0,"enemies":"Large Slime","floor":113,"turns":1},{"damage":0,"enemies":"Lagavulin","floor":114,"turns":1},{"damage":0,"enemies":"Looter","floor":115,"turns":1},{"damage":0,"enemies":"The Guardian","floor":118,"turns":2},{"damage":0,"enemies":"Chosen","floor":120,"turns":2},{"damage":0,"enemies":"3 Byrds","floor":122,"turns":1},{"damage":0,"enemies":"Slavers","floor":127,"turns":2},{"damage":0,"enemies":"Book of Stabbing","floor":129,"turns":1},{"damage":0,"enemies":"Shelled Parasite and Fungi","floor":130,"turns":1},{"damage":0,"enemies":"Snecko","floor":131,"turns":1},{"damage":0,"enemies":"Chosen and Byrds","floor":133,"turns":1},{"damage":10,"enemies":"hubris:MusketHawk","floor":135,"turns":2},{"damage":0,"enemies":"3 Shapes","floor":137,"turns":1},{"damage":0,"enemies":"2 Orb Walkers","floor":138,"turns":2},{"damage":0,"enemies":"3 Darklings","floor":139,"turns":2},{"damage":0,"enemies":"Transient","floor":141,"turns":3},{"damage":0,"enemies":"Maw","floor":142,"turns":2},{"damage":0,"enemies":"Writhing Mass","floor":143,"turns":1},{"damage":0,"enemies":"Transient","floor":146,"turns":3},{"damage":0,"enemies":"3 Darklings","floor":148,"turns":1},{"damage":0,"enemies":"Nightmare","floor":149,"turns":1},{"damage":0,"enemies":"4 Shapes","floor":150,"turns":2},{"damage":127,"enemies":"infinitespire:LordOfFortification","floor":152,"turns":7},{"damage":0,"enemies":"Shield and Spear","floor":156,"turns":2},{"damage":1,"enemies":"The Heart","floor":157,"turns":6}],"seed_played":"8121998550085496943","potions_obtained":[{"floor":2.0,"key":"FearPotion"},{"floor":10.0,"key":"Swift Potion"},{"floor":11.0,"key":"FairyPotion"},{"floor":25.0,"key":"Adrenaline Potion"},{"floor":29.0,"key":"SteroidPotion"},{"floor":42.0,"key":"Milkshake"},{"floor":57.0,"key":"Fruit Juice"},{"floor":62.0,"key":"AttackPotion"},{"floor":84,"key":"AttackPotion"},{"floor":91,"key":"PowerPotion"},{"floor":108,"key":"LiquidMemories"},{"floor":110,"key":"Flashbang"},{"floor":129,"key":"DistilledChaos"},{"floor":139,"key":"Energy Potion"},{"floor":146,"key":"Swift Potion"}],"is_trial":true,"path_per_floor":["M","M","M","M","$","R","M","$","T","E","M","E","?","M","R","B",null,"M","?","?","M","?","R","E","M","T","M","$","M","M","M","R","B",null,"M","?","?","AVR","M","M","M","NM","T","M","R","M","M","$","R","B",null,"M","AVR","?","$","M","E","M","M","T","?","E","M","$","M","R","B",null,"M","?","M","?","M","M","M","$","T","E","AVR","R","?","M","R","B",null,"M","AVR","?","M","M","E","R","M","T","NM","R","M","$","M","R","B",null,"M","M","M","$","?","E","R","M","T","R","M","E","M","?","R","B",null,"M","$","M","?","?","R","?","E","T","E","M","M","AVR","M","R","B",null,"M","?","M","?","M","M","M","$","T","M","R","M","NM","M","R_BF","B",null,"R","$","E","B",null],"character_chosen":"IRONCLAD","items_purchased":["Oddly Smooth Stone","TheAbacus","ReplayFunnel","ReplayTheSpireMod:Lightbulb","Strange Spoon","hubris:EmptyBottle","infinitespire:Beetle Shell","hubris:CrystalStatue","Strawberry","DollysMirror","ClockworkSouvenir","Swift Potion","Replay:Wax Seal","hubris:ToyBattleship","LiquidMemories","StuffTheSpire:BottledEssence","Replay:Baseball","infinitespire:EmpoweringShard","Lee\u0027s Waffle","Elixir","Block Potion"],"campfire_rested":1,"item_purchase_floors":[28,48,48,48,55,64,98,106,106,106,121,121,144,144,144,144,155,155,155,155,155],"current_hp_per_floor":[80,80,80,80,80,80,80,80,80,78,80,77,77,75,75,43,80,80,80,80,80,80,80,78,80,80,80,80,80,80,80,80,56,80,80,80,80,80,80,80,80,54,54,60,80,80,80,80,80,65,80,80,80,80,80,80,90,90,90,90,54,60,66,66,72,72,78,90,90,90,90,90,90,90,90,90,90,90,90,90,90,90,90,82,90,90,90,90,82,88,90,90,90,90,90,90,90,90,90,90,90,90,90,90,90,97,97,87,87,93,93,93,97,97,97,97,97,97,97,97,97,97,97,97,97,97,97,97,97,97,97,97,97,97,93,97,97,97,97,97,97,97,97,97,97,97,97,97,97,97,97,54,97,97,104,104,104],"gold":3117,"neow_bonus":"","is_daily":false,"chose_seed":false,"campfire_upgraded":9,"win_rate":0.0,"timestamp":1610454087,"path_taken":["M","M","M","M","$","R","M","$","T","E","M","E","?","M","R","BOSS","M","?","?","?","?","R","E","M","T","?","$","?","M","M","R","BOSS","M","?","?","AVR","M","M","M","NM","T","M","R","M","?","$","R","BOSS","M","AVR","?","$","M","E","M","M","T","?","E","M","$","?","R","BOSS","M","?","M","?","M","M","M","$","T","E","AVR","R","?","M","R","BOSS","BOSS","M","AVR","?","M","M","E","R","M","T","NM","R","M","$","M","R","BOSS","M","?","M","$","?","E","R","M","T","R","M","E","M","?","R","BOSS","M","$","M","?","?","R","?","E","T","E","M","?","AVR","M","R","BOSS","M","?","M","?","M","M","M","$","T","?","R","M","NM","M","R_BF","BOSS","R","$","E","BOSS"],"items_purchased_type":["Relic","Relic","Relic","Relic","Relic","Relic","Relic","Relic","Relic","Relic","Relic","Potion","Relic","Relic","Potion","Relic","Relic","Relic","Relic","Potion","Potion"],"build_version":"2020-12-22","purchased_purges":4,"victory":true,"max_hp_per_floor":[80,80,80,80,80,80,80,80,80,80,80,80,80,80,80,80,80,80,80,80,80,80,80,80,80,80,80,80,80,80,80,80,80,80,80,80,80,80,80,80,80,80,80,80,80,80,80,80,80,80,80,80,80,80,80,80,90,90,90,90,90,90,90,90,90,90,90,90,90,90,90,90,90,90,90,90,90,90,90,90,90,90,90,90,90,90,90,90,90,90,90,90,90,90,90,90,90,90,90,90,90,90,90,90,90,97,97,97,97,97,97,97,97,97,97,97,97,97,97,97,97,97,97,97,97,97,97,97,97,97,97,97,97,97,97,97,97,97,97,97,97,97,97,97,97,97,97,97,97,97,97,97,97,97,104,104,104],"card_choices":[{"not_picked":["Steam","Mind Blast","StuffTheSpire:ReptileScales"],"picked":"SKIP","floor":1.0},{"not_picked":["True Grit","Toxin Wave","Stack"],"picked":"SKIP","floor":2.0},{"not_picked":["EmptyBody","Deadly Poison","Apotheosis"],"picked":"SKIP","floor":3.0},{"not_picked":["Slice","Reinforced Body"],"picked":"Prostrate","floor":4.0},{"not_picked":["Consecrate","CutThroughFate","Metallicize"],"picked":"SKIP","floor":7.0},{"not_picked":["Dagger Throw","Sword Boomerang","Thinking Ahead"],"picked":"SKIP","floor":10.0},{"not_picked":["hubris:CleavingFinish","ReplayTheSpireMod:Repulse","Draining Mist"],"picked":"SKIP","floor":11.0},{"not_picked":["Armaments","Crystallizer","Cloak And Dagger"],"picked":"SKIP","floor":12.0},{"not_picked":["Cloak And Dagger","SashWhip","Quick Slash"],"picked":"SKIP","floor":14.0},{"not_picked":["hubris:EnhanceAbility","Wraith Form v2"],"picked":"Mirror Shield","floor":16.0},{"not_picked":["True Grit","WindmillStrike","Predator"],"picked":"SKIP","floor":18.0},{"not_picked":["Ball Lightning","StuffTheSpire:ClusterCrunch","Anger+1"],"picked":"SKIP","floor":21.0},{"not_picked":["Warcry+1","Bane","Inflame"],"picked":"SKIP","floor":24.0},{"not_picked":["Dramatic Entrance","hubris:Counter","Clothesline"],"picked":"SKIP","floor":25.0},{"not_picked":["Impatience","Rampage","FlurryOfBlows+1"],"picked":"SKIP","floor":27.0},{"not_picked":["Jack Of All Trades","EmptyMind","Footwork"],"picked":"SKIP","floor":29.0},{"not_picked":["Jack Of All Trades","EmptyMind","Footwork"],"picked":"SKIP","floor":29.0},{"not_picked":["Poisoned Stab+1","hubris:SlightOfHand","hubris:ReadiedAction+1"],"picked":"SKIP","floor":30.0},{"not_picked":["Wireheading","Calculated Gamble","conspire:Banana"],"picked":"SKIP","floor":31.0},{"not_picked":["Ball Lightning+1","EmptyBody","Bane+1"],"picked":"SKIP","floor":35.0},{"not_picked":["ReplayGash+1","Clothesline+1","Go for the Eyes"],"picked":"SKIP","floor":39.0},{"not_picked":["Well Laid Plans","Streamline","hubris:SlightOfHand+1"],"picked":"SKIP","floor":40.0},{"not_picked":["FollowUp+1","Run Through","ReplayTheSpireMod:Brewmster"],"picked":"SKIP","floor":41.0},{"not_picked":["InnerPeace+1","aspiration:Lunge","FlyingSleeves"],"picked":"SKIP","floor":42.0},{"not_picked":["InnerPeace+1","aspiration:Lunge","FlyingSleeves"],"picked":"SKIP","floor":42.0},{"not_picked":["BowlingBash","Leap+1","StuffTheSpire:RockThrow+1"],"picked":"SKIP","floor":44.0},{"not_picked":["Blade Dance+1","Shrug It Off","Masterful Stab+1"],"picked":"SKIP","floor":46.0},{"not_picked":["Flame Barrier","Bandage Up","Panacea"],"picked":"SKIP","floor":47.0},{"not_picked":["Venomology","Offering"],"picked":"Master of Strategy","floor":50.0},{"not_picked":["StuffTheSpire:Incantation","Replay:Sssssssssshield","Streamline"],"picked":"SKIP","floor":52.0},{"not_picked":["Compile Driver","ReplayTheSpireMod:Private Reserves","Flex"],"picked":"SKIP","floor":56.0},{"not_picked":["StuffTheSpire:Slingshot","PiercingWail","Crescendo"],"picked":"SKIP","floor":57.0},{"not_picked":["Dark Shackles","Compile Driver","hubris:Ssssneak"],"picked":"SKIP","floor":58.0},{"not_picked":["StuffTheSpire:LoadUp","JustLucky","FlyingSleeves"],"picked":"SKIP","floor":59.0},{"not_picked":["EmptyBody","Hidden Blade"],"picked":"Echo Form","floor":62.0},{"not_picked":["Blade Dance","StuffTheSpire:CleanHardDrive","hubris:SlightOfHand"],"picked":"SKIP","floor":63.0},{"not_picked":["ReplayTheSpireMod:Exploit Weakness","Hidden Blade","Terror"],"picked":"SKIP","floor":65.0},{"not_picked":["Riddle With Holes","StuffTheSpire:RockThrow","Crescendo"],"picked":"SKIP","floor":69.0},{"not_picked":["Barrage","StuffTheSpire:Repulse","Blood for Blood"],"picked":"SKIP","floor":71.0},{"not_picked":["StuffTheSpire:BumpUp","Sword Boomerang","Dagger Throw"],"picked":"SKIP","floor":73.0},{"not_picked":["Headbutt","LikeWater","Whirlwind"],"picked":"SKIP","floor":74.0},{"not_picked":["Flex+1","Stack+1","Hello World"],"picked":"SKIP","floor":75.0},{"not_picked":["Good Instincts","Anger","Clash"],"picked":"SKIP","floor":78.0},{"not_picked":["Slice","Sword Boomerang+1","Backflip"],"picked":"SKIP","floor":82.0},{"not_picked":["Barrage","Vengeance","Choke+1"],"picked":"SKIP","floor":86},{"not_picked":["Burning Pact","hubris:ReadiedAction","Slice"],"picked":"SKIP","floor":89},{"not_picked":["Thunderclap+1","Hologram+1","Blur"],"picked":"SKIP","floor":90},{"not_picked":["ReplayTheSpireMod:From All Sides","ReplayGash+1","Life Link+1"],"picked":"SKIP","floor":91},{"not_picked":["StuffTheSpire:Plugnplay","Carnage+1","Backflip+1"],"picked":"SKIP","floor":93},{"not_picked":["StuffTheSpire:Plugnplay","Carnage+1","Backflip+1"],"picked":"SKIP","floor":93},{"not_picked":["Body Slam+1","ForeignInfluence+1","Hologram"],"picked":"SKIP","floor":95},{"not_picked":["Clothesline","BootSequence+1","Clash+1"],"picked":"SKIP","floor":97},{"not_picked":["Sword Boomerang","hubris:Ukulele","Blade Dance+1"],"picked":"SKIP","floor":99},{"not_picked":["PathToVictory","Toxin Wave","Consecrate"],"picked":"SKIP","floor":103},{"not_picked":["Cleave","Flex","Bandage Up"],"picked":"SKIP","floor":104},{"not_picked":["Dagger Throw","Dash","Iron Wave"],"picked":"SKIP","floor":105},{"not_picked":["Leg Sweep","Barrage","Replay:Cycle"],"picked":"SKIP","floor":108},{"not_picked":["Twin Strike","Go for the Eyes","Massacre"],"picked":"SKIP","floor":110},{"not_picked":["Barrage","BattleHymn","Slice"],"picked":"SKIP","floor":113},{"not_picked":["hubris:TrickCloak","ClearTheMind","Burst"],"picked":"SKIP","floor":114},{"not_picked":["ReplayTheSpireMod:Stacked","hubris:TrickCloak","Conclude"],"picked":"SKIP","floor":115},{"not_picked":["Body Slam+1","ThirdEye","Vengeance"],"picked":"SKIP","floor":120},{"not_picked":["Perfected Strike","Anger+1","Dagger Throw+1"],"picked":"SKIP","floor":122},{"not_picked":["Backflip","Prostrate","Headbutt"],"picked":"SKIP","floor":127},{"not_picked":["Rampage","StuffTheSpire:Python","hubris:ReadiedAction"],"picked":"SKIP","floor":129},{"not_picked":["JustLucky","StuffTheSpire:Plugnplay","Entrench"],"picked":"SKIP","floor":130},{"not_picked":["Replay:BluntJabs","Reaper","Replay:Sssssssssshield"],"picked":"SKIP","floor":131},{"not_picked":["hubris:Sniper","ThirdEye+1","Accuracy+1"],"picked":"SKIP","floor":133},{"not_picked":["FlyingSleeves","Blade Dance","Searing Blow+1"],"picked":"SKIP","floor":137},{"not_picked":["Shrug It Off+1","Prostrate+1"],"picked":"ReplayReversal+1","floor":138},{"not_picked":["Clothesline+1","Deadly Poison","Prostrate+1"],"picked":"SKIP","floor":139},{"not_picked":["Prostrate","ReplayTheSpireMod:Muscle Training","StuffTheSpire:Injection+1"],"picked":"SKIP","floor":141},{"not_picked":["Body Slam+1","Dash","Reckless Charge"],"picked":"SKIP","floor":142},{"not_picked":["Shockwave+1","JustLucky","Pommel Strike"],"picked":"SKIP","floor":143},{"not_picked":["InnerPeace+1","Sword Boomerang","Barrage+1"],"picked":"SKIP","floor":146},{"not_picked":["InnerPeace+1","Sword Boomerang","Barrage+1"],"picked":"SKIP","floor":146},{"not_picked":["Replay:ManipulateFuture","EmptyFist+1","Protect+1"],"picked":"SKIP","floor":148},{"not_picked":["Burning Pact","DeusExMachina","Self Repair+1"],"picked":"SKIP","floor":149},{"not_picked":["Turbo+1","Hidden Blade+1","Backflip+1"],"picked":"SKIP","floor":150},{"not_picked":["Bane+1","ReplayTheSpireMod:Brewmster","Prepared+1"],"picked":"SKIP","floor":156}],"player_experience":1047752,"relics_obtained":[{"floor":9.0,"key":"Replay:Bottled Steam"},{"floor":10.0,"key":"Akabeko"},{"floor":12.0,"key":"Boot"},{"floor":24.0,"key":"Red Skull"},{"floor":26.0,"key":"Paper Frog"},{"floor":29.0,"key":"wanderingMiniBosses:Inkheart"},{"floor":42.0,"key":"Bronze Scales"},{"floor":43.0,"key":"CaptainsWheel"},{"floor":57.0,"key":"PreservedInsect"},{"floor":60.0,"key":"infinitespire:CursedDice"},{"floor":62.0,"key":"infinitespire:FocusingShard"},{"floor":77.0,"key":"Gremlin Horn"},{"floor":78.0,"key":"Bottled Lightning"},{"floor":91,"key":"Regal Pillow"},{"floor":94,"key":"Another Sword"},{"floor":95,"key":"Blue Candle"},{"floor":108,"key":"Pen Nib"},{"floor":114,"key":"Replay:Arrowhead"},{"floor":127,"key":"hubris:DuctTape"},{"floor":128,"key":"InkBottle"},{"floor":129,"key":"Happy Flower"},{"floor":138,"key":"FossilizedHelix"},{"floor":145,"key":"aspiration:ChemicalBlood"},{"floor":156,"key":"Smiling Mask"},{"floor":156,"key":"Meat on the Bone"}],"event_choices":[{"damage_healed":0.0,"max_hp_gain":0.0,"max_hp_loss":0.0,"gold_gain":0.0,"event_name":"Transmorgrifier","player_choice":"Ignored","floor":19.0,"gold_loss":0.0,"damage_taken":0.0},{"damage_healed":0.0,"max_hp_gain":0.0,"max_hp_loss":0.0,"gold_gain":100.0,"event_name":"Golden Shrine","player_choice":"Pray","floor":20.0,"gold_loss":0.0,"damage_taken":0.0},{"damage_healed":0.0,"max_hp_gain":0.0,"max_hp_loss":0.0,"gold_gain":0.0,"event_name":"WeMeetAgain","player_choice":"Gave Potion","floor":22.0,"gold_loss":0.0,"damage_taken":0.0,"relics_obtained":["StuffTheSpire:Mouthbags"]},{"damage_healed":0.0,"max_hp_gain":0.0,"max_hp_loss":0.0,"gold_gain":0.0,"event_name":"SensoryStone","player_choice":"Memory 1","floor":36.0,"gold_loss":0.0,"damage_taken":0.0},{"cards_removed":["Warcry"],"damage_healed":0.0,"max_hp_gain":0.0,"max_hp_loss":0.0,"gold_gain":0.0,"event_name":"Purifier","player_choice":"Purged","floor":37.0,"gold_loss":0.0,"damage_taken":0.0},{"damage_healed":0.0,"max_hp_gain":0.0,"max_hp_loss":0.0,"gold_gain":0.0,"event_name":"Living Wall","player_choice":"Grow","floor":54.0,"gold_loss":0.0,"damage_taken":0.0,"cards_upgraded":["infinitespire:Gouge"]},{"damage_healed":0.0,"max_hp_gain":0.0,"max_hp_loss":0.0,"gold_gain":0.0,"event_name":"Ghosts","player_choice":"Ignored","floor":72.0,"gold_loss":0.0,"damage_taken":0.0},{"damage_healed":0.0,"max_hp_gain":0.0,"max_hp_loss":0.0,"gold_gain":99.0,"event_name":"Nest","player_choice":"Stole From Cult","floor":81.0,"gold_loss":0.0,"damage_taken":0.0},{"damage_healed":0,"gold_gain":0,"player_choice":"Ignored","damage_taken":0,"max_hp_gain":0,"max_hp_loss":0,"event_name":"SecretPortal","floor":88,"gold_loss":0},{"damage_healed":0,"gold_gain":0,"player_choice":"Ignored","damage_taken":0,"max_hp_gain":0,"max_hp_loss":0,"event_name":"Golden Idol","floor":116,"gold_loss":0},{"damage_healed":0,"gold_gain":0,"player_choice":"Ignored","damage_taken":0,"max_hp_gain":0,"max_hp_loss":0,"event_name":"Beggar","floor":124,"gold_loss":0},{"damage_healed":0,"gold_gain":0,"player_choice":"0 cards matched","damage_taken":0,"max_hp_gain":0,"max_hp_loss":0,"event_name":"Match and Keep!","floor":126,"gold_loss":0,"cards_obtained":[]},{"damage_healed":0,"gold_gain":0,"player_choice":"Fight","damage_taken":0,"max_hp_gain":0,"max_hp_loss":0,"event_name":"Mysterious Sphere","floor":138,"gold_loss":0},{"cards_removed":["Rebound"],"damage_healed":5,"gold_gain":0,"player_choice":"Offered Common","damage_taken":0,"max_hp_gain":0,"max_hp_loss":0,"event_name":"Bonfire Elementals","floor":140,"gold_loss":0},{"cards_removed":["Rebound"],"damage_healed":5,"gold_gain":0,"player_choice":"Offered Special","damage_taken":0,"max_hp_gain":0,"max_hp_loss":0,"event_name":"Bonfire Elementals","floor":140,"gold_loss":0}],"is_beta":false,"boss_relics":[{"not_picked":["Velvet Choker","aspiration:PoetsPen_weak"],"picked":"Philosopher\u0027s Stone"},{"not_picked":["hubris:Stopwatch","Replay:Drink Me"],"picked":"SacredBark"},{"not_picked":["StuffTheSpire:Kangaroo","Electric Blood","hubris:VirtuousBlindfold"]},{"not_picked":["hubris:VirtuousBlindfold","Calling Bell","Electric Blood"]},{"not_picked":["hubris:ScarierMask","Replay:Wanted Poster"],"picked":"Coffee Dripper"},{"not_picked":["Replay:Grab Bag","ChewingGum"],"picked":"hubris:Backtick"},{"not_picked":["aspiration:PoetsPen_weak","ReplayTheSpireMod:DimensionalGlitch","aspiration:SecretTechniqueScroll"]},{"not_picked":["conspire:RunicOctahedron","hubris:Stopwatch","aspiration:RunicSpoon"]},{"not_picked":["hubris:ScarierMask","Runic Cube"],"picked":"Black Star"}],"items_purged_floors":[5,8,28,38],"is_endless":true,"potions_floor_spawned":[2,10,11,12,14,25,29,31,39,42,46,47,56,57,62,65,71,74,78,84,89,90,91,101,108,110,114,127,129,130,133,137,139,146,148,149,152,156],"ascension_level":0}}