{"host":"ldbx2jhnvtia1ouf","time":1610494013,"event":{"mods":["BaseMod","Better Note","Better Sensory Stone","Better Skull","Better Third Choice","Block Reminder","Colored Map","Colored Powertips","Curses Come First","Highlight Path","Minty Spire (QoL Compilation)","Permanent Neow","Spicy Shops","StSLib","Transform Curses","Unceasing Turn Reminder"],"gold_per_floor":[110,121,121,196,196,207,207,225,225,259,259,278,289,303,303,400,400,415,433,449,449,469,469,469,63,63,93,93,93,93,122,122,224,274,286,301,301,301,22,52,64,119,119,0,15,15,30,57,57,57,57,57,24,51,51],"floor_reached":56,"language":"ENG","playtime":3626,"items_purged":["Strike_P","Defend_P"],"score":1272,"play_id":"bdbd563a-f552-487b-90da-769657facdb7","local_time":"20210113092653","is_ascension_mode":false,"campfire_choices":[{"floor":7.0,"key":"RECALL"},{"data":"Swivel","floor":11.0,"key":"SMITH"},{"data":"Perseverance","floor":15.0,"key":"SMITH"},{"data":"Devotion","floor":23.0,"key":"SMITH"},{"floor":29.0,"key":"REST"},{"data":"Vigilance","floor":32.0,"key":"SMITH"},{"floor":46.0,"key":"REST"},{"floor":49.0,"key":"REST"},{"data":"DevaForm","floor":52.0,"key":"SMITH"}],"circlet_count":0,"master_deck":["Strike_P","Strike_P","Defend_P","Defend_P","Defend_P","Eruption","Vigilance+1","Swivel+1","Wallop+1","SandsOfTime+1","Perseverance+1","Devotion+1","SandsOfTime+1","Wallop+1","DevaForm","DevaForm+1","SandsOfTime+1","Writhe","Apotheosis","WheelKick+1","WindmillStrike+1","Fasting2+1","WindmillStrike+1","Omniscience","SashWhip+1"],"relics":["Snecko Eye","Molten Egg 2","VioletLotus","Nloth\u0027s Gift","Lizard Tail","Toolbox","Question Card","Ornamental Fan","MealTicket","Tiny House","Vajra","Turnip","Ancient Tea Set","Red Mask","Gremlin Horn","Bag of Marbles"],"acts_visited":["Exordium","TheCity","TheBeyond","TheEnding"],"potions_floor_usage":[],"damage_taken":[{"damage":0.0,"enemies":"Small Slimes","floor":1.0,"turns":3.0},{"damage":0.0,"enemies":"Jaw Worm","floor":2.0,"turns":3.0},{"damage":0.0,"enemies":"Cultist","floor":6.0,"turns":3.0},{"damage":5.0,"enemies":"Lots of Slimes","floor":8.0,"turns":2.0},{"damage":1.0,"enemies":"3 Sentries","floor":10.0,"turns":7.0},{"damage":0.0,"enemies":"Exordium Thugs","floor":12.0,"turns":2.0},{"damage":0.0,"enemies":"3 Louse","floor":13.0,"turns":2.0},{"damage":0.0,"enemies":"Gremlin Gang","floor":14.0,"turns":2.0},{"damage":10.0,"enemies":"Slime Boss","floor":16.0,"turns":6.0},{"damage":0.0,"enemies":"Shell Parasite","floor":18.0,"turns":4.0},{"damage":0.0,"enemies":"Spheric Guardian","floor":19.0,"turns":2.0},{"damage":0.0,"enemies":"Snecko","floor":20.0,"turns":4.0},{"damage":1.0,"enemies":"Centurion and Healer","floor":22.0,"turns":4.0},{"damage":33.0,"enemies":"Slavers","floor":27.0,"turns":6.0},{"damage":0.0,"enemies":"Book of Stabbing","floor":31.0,"turns":3.0},{"damage":63.0,"enemies":"Collector","floor":33.0,"turns":8.0},{"damage":0.0,"enemies":"3 Shapes","floor":35.0,"turns":3.0},{"damage":9.0,"enemies":"3 Darklings","floor":36.0,"turns":3.0},{"damage":8.0,"enemies":"Giant Head","floor":40.0,"turns":6.0},{"damage":25.0,"enemies":"Sphere and 2 Shapes","floor":41.0,"turns":5.0},{"damage":0.0,"enemies":"2 Orb Walkers","floor":42.0,"turns":4.0},{"damage":7.0,"enemies":"Maw","floor":45.0,"turns":5.0},{"damage":27.0,"enemies":"Writhing Mass","floor":47.0,"turns":5.0},{"damage":1.0,"enemies":"Reptomancer","floor":48.0,"turns":3.0},{"damage":27.0,"enemies":"Donu and Deca","floor":50.0,"turns":6.0},{"damage":41.0,"enemies":"Shield and Spear","floor":54.0,"turns":5.0},{"damage":149,"enemies":"The Heart","floor":55,"turns":8}],"seed_played":"-6239822699695640640","potions_obtained":[{"floor":6.0,"key":"FairyPotion"},{"floor":10.0,"key":"Swift Potion"},{"floor":12.0,"key":"Regen Potion"},{"floor":16.0,"key":"CultistPotion"},{"floor":20.0,"key":"LiquidBronze"},{"floor":30.0,"key":"FairyPotion"}],"is_trial":false,"path_per_floor":["M","M","?","?","T","M","R","M","T","E","R","M","M","M","R","B",null,"M","M","M","?","M","R","?","$","T","E","$","R","?","E","R","B",null,"M","M","?","?","$","E","M","?","T","?","M","R","M","E","R","B",null,"R","$","E","B",null],"character_chosen":"WATCHER","items_purchased":["Lizard Tail","Toolbox","Apotheosis","WheelKick+1","SashWhip+1"],"campfire_rested":3,"item_purchase_floors":[25,25,39,39,53],"current_hp_per_floor":[72,72,77,66,66,66,66,61,61,70,70,70,70,70,70,75,87,87,87,87,79,78,78,78,78,78,45,45,71,71,71,71,8,92,92,83,83,92,92,84,59,59,59,59,52,79,52,51,78,51,92,92,92,51,8],"gold":51,"neow_bonus":"BOSS_RELIC","is_daily":false,"chose_seed":false,"campfire_upgraded":5,"win_rate":0.0,"timestamp":1610494013,"path_taken":["M","M","?","?","?","M","R","?","T","E","R","?","M","M","R","BOSS","M","?","M","?","?","R","?","$","T","E","?","R","?","E","R","BOSS","M","M","?","?","$","E","M","?","T","?","M","R","M","E","R","BOSS","R","$","E","BOSS"],"items_purchased_type":["Relic","Relic","Card","Card","Card"],"build_version":"2020-12-22","purchased_purges":2,"victory":true,"max_hp_per_floor":[72,72,77,77,77,77,77,77,77,87,87,87,87,87,87,87,87,87,87,87,87,87,87,87,87,87,87,87,87,87,87,87,87,92,92,92,92,92,92,92,92,92,92,92,92,92,92,92,92,92,92,92,92,92,92],"card_choices":[{"not_picked":["Prostrate","FlyingSleeves"],"picked":"Swivel","floor":1.0},{"not_picked":["FlurryOfBlows","Evaluate","PathToVictory"],"picked":"SKIP","floor":2.0},{"not_picked":["Pray","FollowUp+1"],"picked":"Wallop+1","floor":6.0},{"not_picked":["FlyingSleeves+1","FlurryOfBlows+1","FollowUp+1"],"picked":"SKIP","floor":8.0},{"not_picked":["MasterReality","EmptyFist+1"],"picked":"SandsOfTime+1","floor":10.0},{"not_picked":["ThirdEye","EmptyFist+1"],"picked":"Perseverance","floor":12.0},{"not_picked":["FlyingSleeves+1","FollowUp+1","SignatureMove+1"],"picked":"SKIP","floor":13.0},{"not_picked":["EmptyFist+1","Collect","Evaluate"],"picked":"SKIP","floor":14.0},{"not_picked":["Brilliance+1","Scrawl"],"picked":"Devotion","floor":16.0},{"not_picked":["BowlingBash+1","SignatureMove+1"],"picked":"SandsOfTime+1","floor":18.0},{"not_picked":["Fasting2","CrushJoints+1","Consecrate+1"],"picked":"SKIP","floor":19.0},{"not_picked":["DeceiveReality","FlyingSleeves+1","FlurryOfBlows+1"],"picked":"SKIP","floor":20.0},{"not_picked":["CrushJoints+1","EmptyFist+1"],"picked":"Wallop+1","floor":22.0},{"not_picked":["Scrawl","FollowUp+1","Consecrate+1","Halt"],"picked":"SKIP","floor":27.0},{"not_picked":["DeusExMachina","Vengeance+1","Consecrate+1","WreathOfFlame"],"picked":"SKIP","floor":31.0},{"not_picked":["Scrawl","MasterReality","Blasphemy"],"picked":"DevaForm","floor":33.0},{"not_picked":["EmptyFist+1","FlurryOfBlows+1","FollowUp+1"],"picked":"DevaForm","floor":34.0},{"not_picked":["PathToVictory+1","Evaluate+1","Vengeance","FlurryOfBlows+1"],"picked":"SKIP","floor":35.0},{"not_picked":["Consecrate+1","InnerPeace","Indignation+1"],"picked":"SandsOfTime+1","floor":36.0},{"not_picked":["Meditate","EmptyMind","EmptyFist+1"],"picked":"WindmillStrike+1","floor":40.0},{"not_picked":["JustLucky+1","BowlingBash+1","EmptyFist+1"],"picked":"Fasting2+1","floor":41.0},{"not_picked":["InnerPeace","ThirdEye+1","Study"],"picked":"WindmillStrike+1","floor":42.0},{"not_picked":["EmptyFist+1","WreathOfFlame+1","PathToVictory","EmptyBody"],"picked":"SKIP","floor":45.0},{"not_picked":["Fasting2+1","ThirdEye","Collect"],"picked":"Omniscience","floor":47.0},{"not_picked":["Scrawl","Pray","Weave+1","CutThroughFate+1"],"picked":"SKIP","floor":48.0},{"not_picked":["ClearTheMind","JustLucky+1","Indignation","Vengeance+1"],"picked":"SKIP","floor":54.0}],"player_experience":127984,"relics_obtained":[{"floor":5.0,"key":"Molten Egg 2"},{"floor":10.0,"key":"Pear"},{"floor":26.0,"key":"Question Card"},{"floor":27.0,"key":"Ornamental Fan"},{"floor":31.0,"key":"MealTicket"},{"floor":40.0,"key":"Vajra"},{"floor":42.0,"key":"Turnip"},{"floor":43.0,"key":"Ancient Tea Set"},{"floor":48.0,"key":"Gremlin Horn"},{"floor":54.0,"key":"Bag of Marbles"}],"event_choices":[{"damage_healed":0.0,"max_hp_gain":5.0,"max_hp_loss":0.0,"gold_gain":0.0,"event_name":"Big Fish","player_choice":"Donut","floor":3.0,"gold_loss":0.0,"damage_taken":0.0},{"damage_healed":0.0,"max_hp_gain":0.0,"max_hp_loss":0.0,"gold_gain":75.0,"event_name":"betterThird:BetterGoop","player_choice":"Gold","floor":4.0,"gold_loss":0.0,"damage_taken":11.0},{"damage_healed":0.0,"max_hp_gain":0.0,"max_hp_loss":0.0,"gold_gain":0.0,"event_name":"Wheel of Change","player_choice":"Damaged","floor":21.0,"gold_loss":0.0,"damage_taken":8.0},{"damage_healed":0.0,"max_hp_gain":0.0,"max_hp_loss":0.0,"gold_gain":0.0,"event_name":"N\u0027loth","player_choice":"Traded Relic","floor":24.0,"relics_lost":["Pear"],"gold_loss":0.0,"damage_taken":0.0,"relics_obtained":["Nloth\u0027s Gift"]},{"damage_healed":0.0,"max_hp_gain":0.0,"max_hp_loss":0.0,"gold_gain":0.0,"event_name":"Lab","player_choice":"Got Potions","floor":30.0,"gold_loss":0.0,"damage_taken":0.0},{"cards_removed":["Strike_P"],"damage_healed":0.0,"max_hp_gain":0.0,"max_hp_loss":0.0,"gold_gain":0.0,"event_name":"Falling","player_choice":"Removed Attack","floor":37.0,"gold_loss":0.0,"damage_taken":0.0},{"damage_healed":23.0,"max_hp_gain":0.0,"max_hp_loss":0.0,"gold_gain":0.0,"event_name":"Winding Halls","player_choice":"Writhe","floor":38.0,"gold_loss":0.0,"damage_taken":0.0,"cards_obtained":["Writhe"]},{"damage_healed":0.0,"max_hp_gain":0.0,"max_hp_loss":0.0,"gold_gain":0.0,"event_name":"Mysterious Sphere","player_choice":"Fight","floor":42.0,"gold_loss":0.0,"damage_taken":0.0},{"damage_healed":0.0,"max_hp_gain":0.0,"max_hp_loss":0.0,"gold_gain":0.0,"event_name":"Tomb of Lord Red Mask","player_choice":"Paid","floor":44.0,"gold_loss":119.0,"damage_taken":0.0,"relics_obtained":["Red Mask"]}],"is_beta":false,"boss_relics":[{"not_picked":["Coffee Dripper","Fusion Hammer"],"picked":"VioletLotus"},{"not_picked":["Busted Crown","Runic Dome"],"picked":"Tiny House"}],"items_purged_floors":[25,25],"is_endless":false,"potions_floor_spawned":[6,10,12,16,20,31,33,41,47,48,54],"ascension_level":0}}