{"host":"ixbvfs3so5a39bhe","time":1610437584,"event":{"mods":["BaseMod","Downfall","Minty Spire (QoL Compilation)","Quick Restart","StSLib"],"gold_per_floor":[119,119,134,134,148,184,220,220,246,246,14,29,70,70,70,201,201,224,274,298,248,273,313,331,135,135,178,178,191,214,239,239,239,239],"floor_reached":33,"playtime":1725,"items_purged":["Injury","Strike_R","Defend_R"],"score":320,"play_id":"5136e152-5a20-43ba-839a-9d3370790167","local_time":"20210112154624","is_ascension_mode":false,"campfire_choices":[{"data":"Demon Form","floor":8.0,"key":"SMITH"},{"data":"Cleave","floor":10.0,"key":"SMITH"},{"floor":15.0,"key":"RECALL"},{"data":"Ghostly","floor":32,"key":"SMITH"}],"circlet_count":0,"master_deck":["Strike_R","Strike_R","Strike_R","Defend_R","Defend_R","Defend_R","Demon Form+1","Cleave+1","Iron Wave","Double Tap","Thunderclap+1","Heavy Blade","Iron Wave","Ghostly","Ghostly","Ghostly","Ghostly","Ghostly+1"],"relics":["Burning Blood","Golden Idol","Akabeko","Odd Mushroom","Red Skull","Bag of Marbles","Smiling Mask","Empty Cage","Bag of Preparation","Sling","Ornamental Fan","InkBottle"],"acts_visited":["TheCity"],"potions_floor_usage":[27,33,33],"damage_taken":[{"damage":14.0,"enemies":"2 Louse","floor":1.0,"turns":3.0},{"damage":12.0,"enemies":"Small Slimes","floor":3.0,"turns":4.0},{"damage":10.0,"enemies":"Cultist","floor":5.0,"turns":4.0},{"damage":40.0,"enemies":"Gremlin Nob","floor":6.0,"turns":5.0},{"damage":25.0,"enemies":"The Mushroom Lair","floor":7.0,"turns":5.0},{"damage":1.0,"enemies":"3 Louse","floor":12.0,"turns":2.0},{"damage":13.0,"enemies":"Lagavulin","floor":13.0,"turns":5.0},{"damage":16.0,"enemies":"Hexaghost","floor":16.0,"turns":7.0},{"damage":17.0,"enemies":"Shell Parasite","floor":18.0,"turns":4.0},{"damage":42,"enemies":"2 Thieves","floor":20,"turns":4},{"damage":10,"enemies":"Cultist and Chosen","floor":22,"turns":3},{"damage":25,"enemies":"Slavers","floor":23,"turns":3},{"damage":0,"enemies":"Snake Plant","floor":24,"turns":2},{"damage":12,"enemies":"Book of Stabbing","floor":27,"turns":2},{"damage":10,"enemies":"Centurion and Healer","floor":29,"turns":4},{"damage":12,"enemies":"Shelled Parasite and Fungi","floor":31,"turns":3},{"damage":16,"enemies":"Collector","floor":33,"turns":7}],"seed_played":"7495664846499718711","potions_obtained":[{"floor":1.0,"key":"BloodPotion"},{"floor":3.0,"key":"Dexterity Potion"},{"floor":5.0,"key":"SkillPotion"},{"floor":12.0,"key":"AttackPotion"},{"floor":20,"key":"FairyPotion"},{"floor":24,"key":"Strength Potion"},{"floor":29,"key":"Ancient Potion"},{"floor":31,"key":"champ:CounterPotion"}],"is_trial":false,"path_per_floor":["M","?","M","?","M","E","?","R","T","R","$","M","E","?","R","B",null,"M","?","M","$","M","E","M","$","T","E","?","M","T","M","R","B"],"character_chosen":"IRONCLAD","items_purchased":["Bag of Marbles","Sling"],"campfire_rested":0,"item_purchase_floors":[11,25],"current_hp_per_floor":[72,72,66,66,62,28,9,9,9,9,9,14,23,23,23,13,80,69,69,33,33,29,10,16,16,16,10,10,18,18,12,12,0,0],"gold":239,"neow_bonus":"ONE_RANDOM_RARE_CARD","is_daily":false,"chose_seed":false,"campfire_upgraded":3,"win_rate":0.0,"timestamp":1610437584,"path_taken":["M","?","M","?","M","E","?","R","T","R","$","M","E","?","R","BOSS","M","?","M","$","M","E","?","$","T","E","?","M","?","M","R","BOSS"],"items_purchased_type":["Relic","Relic"],"build_version":"2020-12-22","purchased_purges":3,"victory":false,"max_hp_per_floor":[80,80,80,80,80,80,80,80,80,80,80,80,80,80,80,80,80,80,80,80,80,80,80,80,80,80,80,40,40,40,40,40,40,40],"card_choices":[{"not_picked":["Feel No Pain","Power Through","Pummel"],"picked":"SKIP","floor":1.0},{"not_picked":["Perfected Strike","Feel No Pain","Clash"],"picked":"SKIP","floor":3.0},{"not_picked":["True Grit","Sever Soul","Bloodletting"],"picked":"SKIP","floor":5.0},{"not_picked":["Impervious","Wild Strike","Uppercut"],"picked":"SKIP","floor":6.0},{"not_picked":["True Grit","Pommel Strike"],"picked":"Cleave","floor":7.0},{"not_picked":["Headbutt","True Grit"],"picked":"Iron Wave","floor":12.0},{"not_picked":["Flex","Cleave","Blood for Blood"],"picked":"SKIP","floor":13.0},{"not_picked":["Juggernaut","Offering"],"picked":"Double Tap","floor":16.0},{"not_picked":["Shrug It Off","Infernal Blade"],"picked":"Thunderclap+1","floor":18.0},{"not_picked":["Sentinel","Clash","Headbutt+1"],"picked":"SKIP","floor":20},{"not_picked":["Searing Blow","Twin Strike","Warcry"],"picked":"SKIP","floor":22},{"not_picked":["Clothesline","Iron Wave"],"picked":"Heavy Blade","floor":23},{"not_picked":["Dropkick","Warcry","Whirlwind"],"picked":"SKIP","floor":24},{"not_picked":["Cleave","Barricade"],"picked":"Iron Wave","floor":27},{"not_picked":["Headbutt","Havoc+1","Pommel Strike"],"picked":"SKIP","floor":29},{"not_picked":["Anger+1","Reckless Charge+1","Twin Strike"],"picked":"SKIP","floor":31}],"player_experience":160018,"relics_obtained":[{"floor":6.0,"key":"Akabeko"},{"floor":7.0,"key":"Odd Mushroom"},{"floor":9.0,"key":"Red Skull"},{"floor":13.0,"key":"Smiling Mask"},{"floor":23,"key":"Bag of Preparation"},{"floor":26,"key":"Ornamental Fan"},{"floor":27,"key":"InkBottle"}],"event_choices":[{"damage_healed":0.0,"max_hp_gain":0.0,"max_hp_loss":0.0,"gold_gain":0.0,"event_name":"Shining Light","player_choice":"Ignored","floor":2.0,"gold_loss":0.0,"damage_taken":0.0},{"damage_healed":0.0,"max_hp_gain":0.0,"max_hp_loss":0.0,"gold_gain":0.0,"event_name":"Golden Idol","player_choice":"Take Wound","floor":4.0,"gold_loss":0.0,"damage_taken":0.0,"relics_obtained":["Golden Idol"],"cards_obtained":["Injury"]},{"damage_healed":0.0,"max_hp_gain":0.0,"max_hp_loss":0.0,"gold_gain":0.0,"event_name":"Mushrooms","player_choice":"Fought Mushrooms","floor":7.0,"gold_loss":0.0,"damage_taken":0.0},{"damage_healed":0.0,"max_hp_gain":0.0,"max_hp_loss":0.0,"gold_gain":0.0,"cards_transformed":["Bash"],"event_name":"Living Wall","player_choice":"Change","floor":14.0,"gold_loss":0.0,"damage_taken":0.0,"cards_obtained":["Combust"]},{"damage_healed":0,"gold_gain":100,"player_choice":"Bet on Murderer","damage_taken":0,"max_hp_gain":0,"max_hp_loss":0,"event_name":"The Joust","floor":19,"gold_loss":50},{"damage_healed":0,"gold_gain":0,"player_choice":"Became a Ghost","damage_taken":0,"max_hp_gain":0,"max_hp_loss":40,"event_name":"Ghosts","floor":28,"gold_loss":0,"cards_obtained":["Ghostly","Ghostly","Ghostly","Ghostly","Ghostly"]}],"is_beta":false,"boss_relics":[{"not_picked":["Cursed Key","SacredBark"],"picked":"Empty Cage"}],"items_purged_floors":[11,21,25],"is_endless":false,"potions_floor_spawned":[1,3,5,12,20,24,29,31],"killed_by":"Collector","ascension_level":0}}