{"host":"3h5qf14xt40jhha0","time":1610433277,"event":{"mods":["AlwaysNeverKeys","BaseMod","Colored Powertips","Minty Spire (QoL Compilation)","Permanent Neow","Relic Stats","StSLib"],"gold_per_floor":[109,120,140,153,167,167,196,28,52,86,86,111,147,161,161,263,263,291,271,299,319,349,349,384,414,414,437,2,49,77,211,211,313,313,335,335,23,48,63,113,166,206,206,259,259,111,120,169,169,169,169,169,169,19,69,69,69],"floor_reached":56,"playtime":4764,"items_purged":["Strike_G","Strike_G"],"score":2318,"play_id":"a9590651-4990-4d38-ac4b-a0020d4099c1","local_time":"20210112013437","is_ascension_mode":true,"campfire_choices":[{"data":"Sucker Punch","floor":6.0,"key":"SMITH"},{"data":"Blade Dance","floor":15.0,"key":"SMITH"},{"floor":23,"key":"REST"},{"floor":32,"key":"REST"},{"floor":49,"key":"RECALL"},{"floor":53,"key":"REST"}],"circlet_count":0,"master_deck":["AscendersBane","Strike_G+1","Strike_G","Strike_G","Defend_G","Defend_G","Defend_G","Defend_G","Defend_G","Survivor","Neutralize+1","Sucker Punch+1","Slice","Leg Sweep","Footwork","Dagger Spray","Backstab","Blade Dance+1","Venomology","Dagger Spray","Terror","Crippling Poison","Cloak And Dagger","Blade Dance","Doppelganger+1","Footwork","Leg Sweep+1","Night Terror+1","Reflex+1","Burst+1","Prepared+1","Acrobatics+1","Footwork","Acrobatics+1","Backflip+1","Bouncing Flask+1","PanicButton+1","Acrobatics+1","Calculated Gamble+1","Leg Sweep+1","Well Laid Plans"],"relics":["Ring of the Snake","Vajra","Incense Burner","Blood Vial","Orichalcum","CeramicFish","Golden Idol","Whetstone","Fusion Hammer","Smiling Mask","Thread and Needle","Toxic Egg 2","Akabeko","Bag of Marbles","WingedGreaves","StrikeDummy","SlaversCollar","ClockworkSouvenir","Tough Bandages","Pantograph","Snake Skull","Eternal Feather","Ice Cream","Oddly Smooth Stone"],"acts_visited":["Exordium","TheCity","TheBeyond","TheEnding"],"potions_floor_usage":[16,18,20,21,22,24,27,29,29,29,30,31,33,33,33,39,40,41,41,42,44,44,44,48,48,51,51,55,56,56,56],"damage_taken":[{"damage":1.0,"enemies":"Cultist","floor":1.0,"turns":4.0},{"damage":1.0,"enemies":"Small Slimes","floor":2.0,"turns":5.0},{"damage":0.0,"enemies":"Jaw Worm","floor":3.0,"turns":4.0},{"damage":6.0,"enemies":"Lots of Slimes","floor":4.0,"turns":4.0},{"damage":7.0,"enemies":"Gremlin Gang","floor":5.0,"turns":7.0},{"damage":17.0,"enemies":"Lagavulin","floor":7.0,"turns":9.0},{"damage":3.0,"enemies":"3 Sentries","floor":10.0,"turns":7.0},{"damage":0.0,"enemies":"3 Louse","floor":12.0,"turns":9.0},{"damage":17.0,"enemies":"Gremlin Nob","floor":13.0,"turns":4.0},{"damage":0.0,"enemies":"Looter","floor":14.0,"turns":2.0},{"damage":13,"enemies":"Slime Boss","floor":16,"turns":12},{"damage":3,"enemies":"3 Byrds","floor":18,"turns":7},{"damage":4,"enemies":"Spheric Guardian","floor":20,"turns":4},{"damage":0,"enemies":"Chosen and Byrds","floor":21,"turns":5},{"damage":11,"enemies":"Centurion and Healer","floor":22,"turns":9},{"damage":9,"enemies":"Slavers","floor":24,"turns":5},{"damage":0,"enemies":"Snecko","floor":25,"turns":3},{"damage":2,"enemies":"Cultist and Chosen","floor":27,"turns":7},{"damage":14,"enemies":"Book of Stabbing","floor":29,"turns":4},{"damage":8,"enemies":"Snake Plant","floor":30,"turns":3},{"damage":0,"enemies":"Colosseum Slavers","floor":31,"turns":6},{"damage":0,"enemies":"Colosseum Nobs","floor":31,"turns":6},{"damage":51,"enemies":"Collector","floor":33,"turns":12},{"damage":4,"enemies":"3 Shapes","floor":35,"turns":4},{"damage":0,"enemies":"3 Darklings","floor":38,"turns":1},{"damage":0,"enemies":"Spire Growth","floor":39,"turns":5},{"damage":5,"enemies":"Nemesis","floor":40,"turns":7},{"damage":0,"enemies":"Giant Head","floor":41,"turns":5},{"damage":35,"enemies":"Reptomancer","floor":42,"turns":7},{"damage":15,"enemies":"Nemesis","floor":44,"turns":7},{"damage":0,"enemies":"Reptomancer","floor":48,"turns":5},{"damage":32,"enemies":"Awakened One","floor":50,"turns":23},{"damage":28,"enemies":"Time Eater","floor":51,"turns":12},{"damage":50,"enemies":"Shield and Spear","floor":55,"turns":8},{"damage":40,"enemies":"The Heart","floor":56,"turns":12}],"seed_played":"-6004685448809255981","potions_obtained":[{"floor":2.0,"key":"LiquidBronze"},{"floor":3.0,"key":"FearPotion"},{"floor":7.0,"key":"Energy Potion"},{"floor":12.0,"key":"SkillPotion"},{"floor":13.0,"key":"Weak Potion"},{"floor":19,"key":"LiquidBronze"},{"floor":22,"key":"Fire Potion"},{"floor":29,"key":"AttackPotion"},{"floor":31,"key":"Block Potion"},{"floor":35,"key":"DuplicationPotion"},{"floor":40,"key":"Fruit Juice"},{"floor":41,"key":"Energy Potion"},{"floor":44,"key":"Fire Potion"},{"floor":55,"key":"GhostInAJar"}],"is_trial":false,"path_per_floor":["M","M","M","M","M","R","E","$","T","E","?","M","E","M","R","B",null,"M","?","M","M","M","R","E","M","T","M","$","E","M","?","R","B",null,"M","?","$","M","M","E","E","E","T","E","?","$","?","E","R","B","B",null,"R","$","E","B"],"character_chosen":"THE_SILENT","items_purchased":["Blood Vial","Toxic Egg 2","Akabeko","Burst+1","ClockworkSouvenir","Backflip+1","Bouncing Flask+1","Calculated Gamble+1","Leg Sweep+1"],"campfire_rested":3,"item_purchase_floors":[8,28,28,37,37,46,46,54,54],"current_hp_per_floor":[58,57,57,51,44,44,27,27,27,26,26,28,13,15,15,4,46,45,45,43,45,36,54,47,49,49,49,49,37,31,35,53,4,46,44,44,44,46,48,45,52,19,19,6,6,6,6,8,29,24,23,52,62,62,12,0,0],"gold":69,"neow_bonus":"RANDOM_COMMON_RELIC","is_daily":false,"chose_seed":false,"campfire_upgraded":2,"win_rate":0.0,"timestamp":1610433277,"path_taken":["M","M","?","M","M","R","E","$","T","E","?","M","E","M","R","BOSS","M","?","?","?","M","R","E","M","T","M","$","E","M","?","R","BOSS","M","?","$","M","M","E","E","E","T","E","?","?","?","E","R","BOSS","BOSS","R","$","E","BOSS"],"items_purchased_type":["Relic","Relic","Relic","Card","Relic","Card","Card","Card","Card"],"build_version":"2020-12-22","purchased_purges":2,"victory":false,"max_hp_per_floor":[66,66,66,66,66,66,66,66,66,66,60,60,60,60,60,60,60,60,60,60,60,60,60,60,60,60,60,60,60,60,60,60,60,60,60,60,60,60,60,60,65,65,65,65,62,62,62,62,62,62,62,62,62,62,62,62,62],"relic_stats":{"counters":[35,234],"Golden Idol":215,"CeramicFish":225,"Eternal Feather":31,"Snake Skull":[97],"Whetstone":["Strike_G","Neutralize"],"Orichalcum":[378],"Smiling Mask":75,"Blood Vial":56,"Tough Bandages":[333],"Pantograph":75,"obtain_stats":[{"Ice Cream":48,"Golden Idol":11,"CeramicFish":10,"Vajra":0,"Oddly Smooth Stone":55,"Thread and Needle":26,"Eternal Feather":44,"Snake Skull":42,"Incense Burner":7,"Whetstone":13,"Orichalcum":9,"Smiling Mask":24,"Akabeko":28,"ClockworkSouvenir":37,"Blood Vial":8,"SlaversCollar":34,"Tough Bandages":40,"Pantograph":41,"Fusion Hammer":17,"WingedGreaves":31,"Bag of Marbles":29,"Toxic Egg 2":28,"StrikeDummy":31,"Ring of the Snake":0},{"Ice Cream":31,"Golden Idol":7,"CeramicFish":7,"Vajra":0,"Oddly Smooth Stone":34,"Thread and Needle":17,"Eternal Feather":30,"Snake Skull":29,"Incense Burner":6,"Whetstone":9,"Orichalcum":6,"Smiling Mask":16,"Akabeko":18,"ClockworkSouvenir":24,"Blood Vial":6,"SlaversCollar":23,"Tough Bandages":27,"Pantograph":28,"Fusion Hammer":11,"WingedGreaves":22,"Bag of Marbles":19,"Toxic Egg 2":18,"StrikeDummy":22,"Ring of the Snake":0},{"Ice Cream":179,"Golden Idol":40,"CeramicFish":40,"Vajra":0,"Oddly Smooth Stone":222,"Thread and Needle":100,"Eternal Feather":174,"Snake Skull":167,"Incense Burner":33,"Whetstone":53,"Orichalcum":33,"Smiling Mask":97,"Akabeko":107,"ClockworkSouvenir":142,"Blood Vial":33,"SlaversCollar":138,"Tough Bandages":155,"Pantograph":160,"Fusion Hammer":67,"WingedGreaves":126,"Bag of Marbles":111,"Toxic Egg 2":107,"StrikeDummy":126,"Ring of the Snake":0}],"Ring of the Snake":[70]},"card_choices":[{"not_picked":["Backflip","Poisoned Stab"],"picked":"Sucker Punch","floor":1.0},{"not_picked":["PiercingWail","Flying Knee"],"picked":"Slice","floor":2.0},{"not_picked":["Quick Slash","PiercingWail"],"picked":"Slice","floor":3.0},{"not_picked":["Predator","PiercingWail"],"picked":"Leg Sweep","floor":4.0},{"not_picked":["Quick Slash","Sucker Punch"],"picked":"Footwork","floor":5.0},{"not_picked":["Acrobatics","Storm of Steel"],"picked":"Dagger Spray","floor":7.0},{"not_picked":["Predator","Flying Knee"],"picked":"Backstab","floor":10.0},{"not_picked":["Sucker Punch","Acrobatics"],"picked":"Blade Dance","floor":12.0},{"not_picked":["Infinite Blades","Distraction","Deadly Poison"],"picked":"SKIP","floor":13.0},{"not_picked":["Underhanded Strike","Blur","Sucker Punch"],"picked":"SKIP","floor":14.0},{"not_picked":["Storm of Steel","Grand Finale"],"picked":"Venomology","floor":16},{"not_picked":["Sucker Punch","Noxious Fumes"],"picked":"Dagger Spray","floor":18},{"not_picked":["Dagger Spray","Prepared"],"picked":"Terror","floor":20},{"not_picked":["Infinite Blades","Catalyst","Tactician+1"],"picked":"SKIP","floor":21},{"not_picked":["Dagger Spray","Bouncing Flask"],"picked":"Crippling Poison","floor":22},{"not_picked":["Bullet Time","Distraction","Dagger Spray"],"picked":"SKIP","floor":24},{"not_picked":["Predator","Masterful Stab"],"picked":"Cloak And Dagger","floor":25},{"not_picked":["Poisoned Stab","Flechettes"],"picked":"Blade Dance","floor":27},{"not_picked":["Noxious Fumes+1","Well Laid Plans"],"picked":"Doppelganger+1","floor":29},{"not_picked":["Bane","Underhanded Strike+1"],"picked":"Footwork","floor":30},{"not_picked":["Deadly Poison+1","Underhanded Strike"],"picked":"Leg Sweep+1","floor":31},{"not_picked":["Envenom","Doppelganger+1"],"picked":"Night Terror+1","floor":33},{"not_picked":["Bane","Tactician+1"],"picked":"Reflex+1","floor":35},{"not_picked":["Underhanded Strike","Quick Slash+1"],"picked":"Prepared+1","floor":38},{"not_picked":["Deadly Poison+1","Flying Knee","Poisoned Stab"],"picked":"SKIP","floor":39},{"not_picked":["Deflect+1","Noxious Fumes"],"picked":"Acrobatics+1","floor":40},{"not_picked":["Flechettes+1","Underhanded Strike+1"],"picked":"Footwork","floor":41},{"not_picked":["Leg Sweep+1","Predator","Sucker Punch+1"],"picked":"SKIP","floor":42},{"not_picked":["Die Die Die","Deadly Poison+1"],"picked":"Acrobatics+1","floor":44},{"not_picked":["Impatience+1","Metamorphosis+1"],"picked":"PanicButton+1","floor":47},{"not_picked":["Deadly Poison+1","Burst+1"],"picked":"Acrobatics+1","floor":48},{"not_picked":["Deflect+1","Prepared+1"],"picked":"Well Laid Plans","floor":55}],"player_experience":1324812,"relics_obtained":[{"floor":7.0,"key":"Incense Burner"},{"floor":9.0,"key":"Orichalcum"},{"floor":10.0,"key":"CeramicFish"},{"floor":13.0,"key":"Whetstone"},{"floor":24,"key":"Smiling Mask"},{"floor":26,"key":"Thread and Needle"},{"floor":29,"key":"Bag of Marbles"},{"floor":31,"key":"WingedGreaves"},{"floor":31,"key":"StrikeDummy"},{"floor":40,"key":"Tough Bandages"},{"floor":41,"key":"Pantograph"},{"floor":42,"key":"Snake Skull"},{"floor":44,"key":"Eternal Feather"},{"floor":48,"key":"Ice Cream"},{"floor":55,"key":"Oddly Smooth Stone"}],"event_choices":[{"damage_healed":0.0,"max_hp_gain":0.0,"max_hp_loss":6.0,"gold_gain":0.0,"event_name":"Golden Idol","player_choice":"Lose Max HP","floor":11.0,"gold_loss":0.0,"damage_taken":0.0,"relics_obtained":["Golden Idol"]},{"damage_healed":0,"gold_gain":0,"player_choice":"Bought 1 Potion","damage_taken":0,"max_hp_gain":0,"max_hp_loss":0,"event_name":"The Woman in Blue","floor":19,"gold_loss":0},{"damage_healed":0,"gold_gain":0,"player_choice":"Fight","damage_taken":0,"max_hp_gain":0,"max_hp_loss":0,"event_name":"Colosseum","floor":31,"gold_loss":0},{"damage_healed":0,"gold_gain":0,"player_choice":"Fought Nobs","damage_taken":0,"max_hp_gain":0,"max_hp_loss":0,"event_name":"Colosseum","floor":31,"gold_loss":0},{"cards_removed":["Slice"],"damage_healed":0,"gold_gain":0,"player_choice":"Removed Attack","damage_taken":0,"max_hp_gain":0,"max_hp_loss":0,"event_name":"Falling","floor":36,"gold_loss":0},{"damage_healed":0,"gold_gain":0,"player_choice":"Max HP","damage_taken":0,"max_hp_gain":0,"max_hp_loss":3,"event_name":"Winding Halls","floor":45,"gold_loss":0},{"damage_healed":0,"gold_gain":0,"player_choice":"Memory 1","damage_taken":0,"max_hp_gain":0,"max_hp_loss":0,"event_name":"SensoryStone","floor":47,"gold_loss":0}],"is_beta":false,"boss_relics":[{"not_picked":["Busted Crown","Ectoplasm"],"picked":"Fusion Hammer"},{"not_picked":["Velvet Choker","Snecko Eye"],"picked":"SlaversCollar"}],"items_purged_floors":[46,54],"is_endless":false,"potions_floor_spawned":[2,3,7,12,13,21,22,24,29,31,35,40,41,44,55],"killed_by":"The Heart","ascension_level":20}}