{"host":"m77rrhbqzv44va4v","time":1610455463,"event":{"mods":["AchievementEnabler","BaseMod","Colored Map","DeckTracker","Keyboard Shortcuts","Minty Spire (QoL Compilation)","StSLib","SuperFastMode","everything is the same but u backflip on backflip"],"gold_per_floor":[116,129,279,279,32,62,62,82,150,170,170,170,189,209,209,209,209],"floor_reached":16,"playtime":311,"items_purged":["Pain"],"score":250,"play_id":"934bf5d9-f6e5-4772-884a-c2635e4ce11a","local_time":"20210112214423","is_ascension_mode":true,"campfire_choices":[{"floor":12.0,"key":"REST"},{"data":"Noxious Fumes","floor":15,"key":"SMITH"}],"circlet_count":0,"master_deck":["AscendersBane","Strike_G","Strike_G","Strike_G","Strike_G","Strike_G","Defend_G","Defend_G","Defend_G","Defend_G","Defend_G","Survivor","Neutralize","Tactician","Blade Dance","Doubt","Burst","Acrobatics","PiercingWail","Cloak And Dagger","Noxious Fumes+1"],"relics":["Ring of the Snake","NeowsBlessing","WarpedTongs","PreservedInsect","Oddly Smooth Stone","The Courier","Odd Mushroom"],"acts_visited":["Exordium"],"potions_floor_usage":[],"damage_taken":[{"damage":0.0,"enemies":"Cultist","floor":1.0,"turns":1.0},{"damage":0.0,"enemies":"Small Slimes","floor":2.0,"turns":1.0},{"damage":0.0,"enemies":"Lagavulin","floor":6.0,"turns":1.0},{"damage":12.0,"enemies":"Jaw Worm","floor":8.0,"turns":4.0},{"damage":9.0,"enemies":"The Mushroom Lair","floor":10.0,"turns":5.0},{"damage":12.0,"enemies":"Gremlin Gang","floor":13.0,"turns":6.0},{"damage":0,"enemies":"Blue Slaver","floor":14,"turns":5},{"damage":47,"enemies":"Hexaghost","floor":16,"turns":11}],"seed_played":"-3185222891380874371","potions_obtained":[{"floor":1.0,"key":"DuplicationPotion"},{"floor":6.0,"key":"Weak Potion"},{"floor":11.0,"key":"PowerPotion"}],"is_trial":false,"path_per_floor":["M","M","?","?","$","E","$","M","T","?","?","R","M","M","R","B"],"character_chosen":"THE_SILENT","items_purchased":["PreservedInsect"],"campfire_rested":1,"item_purchase_floors":[5],"current_hp_per_floor":[59,59,59,59,59,59,59,47,47,38,38,57,45,45,45,0,0],"gold":209,"neow_bonus":"THREE_ENEMY_KILL","is_daily":false,"chose_seed":false,"campfire_upgraded":1,"win_rate":0.0,"timestamp":1610455463,"path_taken":["M","?","?","?","$","E","$","?","T","?","?","R","M","M","R","BOSS"],"items_purchased_type":["Relic"],"build_version":"2020-12-22","purchased_purges":1,"victory":false,"max_hp_per_floor":[66,66,66,66,66,66,66,66,66,66,66,66,66,66,66,66,66],"card_choices":[{"not_picked":["Predator","Dagger Throw"],"picked":"Tactician","floor":1.0},{"not_picked":["Poisoned Stab","Slice"],"picked":"Blade Dance","floor":2.0},{"not_picked":["Poisoned Stab","Masterful Stab"],"picked":"Burst","floor":6.0},{"not_picked":["Blade Dance","Escape Plan"],"picked":"Acrobatics","floor":8.0},{"not_picked":["Underhanded Strike","Dodge and Roll"],"picked":"PiercingWail","floor":10.0},{"not_picked":["Prepared","Concentrate"],"picked":"Cloak And Dagger","floor":13.0},{"not_picked":["Dagger Throw","Prepared"],"picked":"Noxious Fumes","floor":14}],"player_experience":930109,"relics_obtained":[{"floor":6.0,"key":"Oddly Smooth Stone"},{"floor":9.0,"key":"The Courier"},{"floor":10.0,"key":"Odd Mushroom"}],"event_choices":[{"damage_healed":0.0,"max_hp_gain":0.0,"max_hp_loss":0.0,"gold_gain":150.0,"event_name":"Liars Game","player_choice":"AGREE","floor":3.0,"gold_loss":0.0,"damage_taken":0.0,"cards_obtained":["Doubt"]},{"damage_healed":0.0,"max_hp_gain":0.0,"max_hp_loss":0.0,"gold_gain":0.0,"event_name":"Accursed Blacksmith","player_choice":"Rummage","floor":4.0,"gold_loss":0.0,"damage_taken":0.0,"relics_obtained":["WarpedTongs"],"cards_obtained":["Pain"]},{"damage_healed":0.0,"max_hp_gain":0.0,"max_hp_loss":0.0,"gold_gain":0.0,"event_name":"Mushrooms","player_choice":"Fought Mushrooms","floor":10.0,"gold_loss":0.0,"damage_taken":0.0},{"damage_healed":0.0,"max_hp_gain":0.0,"max_hp_loss":0.0,"gold_gain":0.0,"event_name":"Lab","player_choice":"Got Potions","floor":11.0,"gold_loss":0.0,"damage_taken":0.0}],"is_beta":false,"boss_relics":[],"items_purged_floors":[5],"is_endless":false,"potions_floor_spawned":[1,6],"killed_by":"Hexaghost","ascension_level":20}}