{"host":"t9zjxed0utvsfjwc","time":1610456144,"event":{"mods":["2.2 Compatiblity","Aspiration","BaseMod","Block Reminder","Colored Map","Colored Powertips","Highlight Path","Hubris","Infinite Spire","Minty Spire (QoL Compilation)","Quick Restart","Replay The Spire","StSLib","The Marked","Unceasing Turn Reminder","everything is the same but u backflip on backflip"],"gold_per_floor":[116,41,55,75,75,75,75,88,88,103,76,106,76,91,91,91,91],"floor_reached":16,"playtime":571,"items_purged":["theMarked:TunnelVision"],"score":127,"play_id":"de4a43f7-b8d5-4076-b4ce-0c9b198814a5","local_time":"20210112125544","is_ascension_mode":false,"campfire_choices":[{"data":"theMarked:WardOff","floor":6,"key":"SMITH"},{"data":"theMarked:WardOff","floor":15,"key":"SMITH"}],"circlet_count":0,"master_deck":["theMarked:Strike","theMarked:Strike+1","theMarked:Strike","theMarked:Defend","theMarked:Defend","theMarked:Defend","theMarked:Defend","theMarked:SoldierOfQuellstein","Regret","theMarked:Abjuration+1","theMarked:WardOff+1","theMarked:HeritageOfTheMarked","theMarked:WardOff+1","theMarked:HeritageOfTheMarked","theMarked:BanishingWave"],"relics":["theMarked:ArtifactOfAir","infinitespire:Broken Mirror","Blue Doll","infinitespire:Golems Mask"],"acts_visited":["Exordium"],"potions_floor_usage":[10,12],"damage_taken":[{"damage":1,"enemies":"2 Louse","floor":1,"turns":2},{"damage":2,"enemies":"Cultist","floor":3,"turns":4},{"damage":9,"enemies":"Small Slimes","floor":4,"turns":4},{"damage":3,"enemies":"Blue Slaver","floor":8,"turns":3},{"damage":25,"enemies":"Gremlin Gang","floor":10,"turns":4},{"damage":3,"enemies":"Gremlin Nob","floor":12,"turns":3},{"damage":0,"enemies":"Large Slime","floor":14,"turns":2},{"damage":24,"enemies":"The Guardian","floor":16,"turns":2}],"seed_played":"2122172006654654310","potions_obtained":[{"floor":1,"key":"Adrenaline Potion"},{"floor":3,"key":"Swift Potion"},{"floor":4,"key":"Cursed Concoction"},{"floor":10,"key":"SteroidPotion"}],"is_trial":false,"path_per_floor":["M","$","M","M","?","R","?","M","T","M","$","E","$","M","R","B"],"character_chosen":"THE_DEFAULT","items_purchased":["theMarked:HeritageOfTheMarked","theMarked:BanishingWave"],"campfire_rested":0,"item_purchase_floors":[11,13],"current_hp_per_floor":[69,69,67,58,44,44,44,41,41,16,16,13,13,13,13,0,0],"gold":91,"neow_bonus":"TRANSFORM_TWO_CARDS","is_daily":false,"chose_seed":false,"campfire_upgraded":2,"win_rate":0.0,"timestamp":1610456144,"path_taken":["M","$","M","M","?","R","?","M","T","?","$","E","$","M","R","BOSS"],"items_purchased_type":["Card","Card"],"build_version":"2020-12-22","purchased_purges":1,"victory":false,"max_hp_per_floor":[70,70,70,70,70,70,70,70,70,70,70,70,70,70,70,70,70],"card_choices":[{"not_picked":["theMarked:ElectricStrings","theMarked:WastefulDefense"],"picked":"theMarked:WardOff","floor":1},{"not_picked":["theMarked:ElectricStrings","theMarked:EmpowerWeapon","theMarked:WastefulDefense"],"picked":"SKIP","floor":3},{"not_picked":["theMarked:Static","theMarked:HeightenedSenses","theMarked:Challenge"],"picked":"SKIP","floor":4},{"not_picked":["theMarked:KeepCalmAndFightOn","theMarked:WastefulDefense"],"picked":"theMarked:HeritageOfTheMarked","floor":8},{"not_picked":["theMarked:WastefulAttack","theMarked:SelfDefenseTraining"],"picked":"theMarked:WardOff","floor":10},{"not_picked":["theMarked:GodGivenPower","theMarked:EmpowerWeapon","theMarked:SoldierForm"],"picked":"SKIP","floor":12},{"not_picked":["theMarked:ParalyzingBlade","theMarked:Indomitable","theMarked:Frustration"],"picked":"SKIP","floor":14}],"player_experience":266607,"relics_obtained":[{"floor":9,"key":"Blue Doll"},{"floor":12,"key":"infinitespire:Golems Mask"}],"event_choices":[{"damage_healed":0,"gold_gain":0,"player_choice":"Entered Light","damage_taken":14,"max_hp_gain":0,"max_hp_loss":0,"event_name":"Shining Light","floor":5,"gold_loss":0,"cards_upgraded":["theMarked:Abjuration","theMarked:Strike"]},{"damage_healed":0,"gold_gain":0,"player_choice":"Gave Potion","damage_taken":0,"relics_obtained":["infinitespire:Broken Mirror"],"max_hp_gain":0,"max_hp_loss":0,"event_name":"WeMeetAgain","floor":7,"gold_loss":0}],"is_beta":false,"boss_relics":[],"items_purged_floors":[2],"is_endless":false,"potions_floor_spawned":[1,3,4,10],"killed_by":"The Guardian","ascension_level":0}}