{"host":"s47bk7833nejvdu5","time":1610423191,"event":{"mods":["BaseMod","Colored Map","Colored Powertips","Hermit","Marisa????????","Minty Spire (QoL Compilation)","StSLib"],"gold_per_floor":[117,117,127,138,138,138,138,169,169,9,26,36,69,23,23,128,128,111,111,130,30,30,56,56,66,113,113,124,223,238,338,338,440,440,460,82,82,98,148,173,173,273,273,298,308,308,323,334,334,334,334],"floor_reached":50,"playtime":2311,"items_purged":["Strike_R","Strike_R","Strike_R"],"score":530,"play_id":"419aeff8-acdf-4584-ae10-e3dba2bca7c2","local_time":"20210111214631","is_ascension_mode":false,"campfire_choices":[{"data":"Rampage","floor":6,"key":"SMITH"},{"floor":15,"key":"REST"},{"floor":24,"key":"REST"},{"floor":27,"key":"REST"},{"floor":32,"key":"REST"},{"floor":41,"key":"REST"},{"floor":46,"key":"REST"},{"floor":49,"key":"REST"}],"circlet_count":0,"master_deck":["Strike_R+1","Defend_R","Defend_R","Defend_R","Defend_R","Bash","Rampage+1","Cleave+1","Thunderclap","Dark Shackles","Shrug It Off","Shockwave","Uppercut","Warcry","Demon Form","Writhe","Iron Wave+1","Warcry+1","Anger+1","Juggernaut+1","Flame Barrier+1","Seeing Red+1"],"relics":["Burning Blood","NeowsBlessing","Paper Frog","Boot","Red Skull","SlaversCollar","Bag of Preparation","Enchiridion","Pear","Oddly Smooth Stone","Champion Belt","Frozen Egg 2","Busted Crown","Bronze Scales","Ginger","MealTicket","Anchor","PreservedInsect"],"acts_visited":["Exordium","TheCity","TheBeyond"],"potions_floor_usage":[13,16,16,16,31,33,33,44,48,50],"damage_taken":[{"damage":0,"enemies":"2 Louse","floor":1,"turns":1},{"damage":0,"enemies":"Cultist","floor":3,"turns":1},{"damage":0,"enemies":"Small Slimes","floor":4,"turns":1},{"damage":20,"enemies":"3 Sentries","floor":8,"turns":7},{"damage":1,"enemies":"2 Fungi Beasts","floor":11,"turns":2},{"damage":8,"enemies":"Exordium Thugs","floor":12,"turns":5},{"damage":17,"enemies":"Lagavulin","floor":13,"turns":5},{"damage":35,"enemies":"Hexaghost","floor":16,"turns":9},{"damage":20,"enemies":"2 Thieves","floor":18,"turns":4},{"damage":10,"enemies":"Chosen","floor":20,"turns":4},{"damage":44,"enemies":"Slavers","floor":23,"turns":4},{"damage":14,"enemies":"Snecko","floor":25,"turns":5},{"damage":5,"enemies":"Centurion and Healer","floor":28,"turns":9},{"damage":32,"enemies":"Snake Plant","floor":30,"turns":5},{"damage":18,"enemies":"Colosseum Slavers","floor":31,"turns":3},{"damage":11,"enemies":"Colosseum Nobs","floor":31,"turns":3},{"damage":35,"enemies":"Collector","floor":33,"turns":8},{"damage":11,"enemies":"3 Shapes","floor":35,"turns":5},{"damage":19,"enemies":"3 Darklings","floor":38,"turns":3},{"damage":0,"enemies":"Mind Bloom Boss Battle","floor":39,"turns":6},{"damage":38,"enemies":"Giant Head","floor":40,"turns":8},{"damage":57,"enemies":"Nemesis","floor":44,"turns":7},{"damage":31,"enemies":"Writhing Mass","floor":45,"turns":5},{"damage":17,"enemies":"4 Shapes","floor":47,"turns":3},{"damage":40,"enemies":"Sphere and 2 Shapes","floor":48,"turns":5},{"damage":44,"enemies":"Donu and Deca","floor":50,"turns":4}],"seed_played":"804571338034423892","potions_obtained":[{"floor":2,"key":"FearPotion"},{"floor":2,"key":"EssenceOfSteel"},{"floor":2,"key":"SpeedPotion"},{"floor":13,"key":"Ancient Potion"},{"floor":28,"key":"PowerPotion"},{"floor":30,"key":"Strength Potion"},{"floor":31,"key":"AttackPotion"},{"floor":33,"key":"BlessingOfTheForge"},{"floor":35,"key":"SneckoOil"},{"floor":44,"key":"FearPotion"},{"floor":45,"key":"Explosive Potion"}],"is_trial":false,"path_per_floor":["M","?","M","M","?","R","?","E","T","$","M","M","E","$","R","B",null,"M","?","M","$","?","E","R","M","T","R","M","?","M","?","R","B",null,"M","$","?","M","?","E","R","?","T","E","M","R","M","M","R","B"],"character_chosen":"IRONCLAD","items_purchased":["Dark Shackles","Warcry","Bronze Scales","FairyPotion"],"campfire_rested":7,"item_purchase_floors":[10,14,36,36],"current_hp_per_floor":[80,80,80,80,80,80,64,50,50,50,55,53,42,42,66,37,80,66,66,62,62,46,18,45,37,37,64,65,65,39,22,49,20,90,85,85,85,72,78,46,71,71,71,20,31,56,45,11,36,0,0],"gold":334,"neow_bonus":"THREE_ENEMY_KILL","is_daily":false,"chose_seed":false,"campfire_upgraded":1,"win_rate":0.0,"timestamp":1610423191,"path_taken":["M","?","M","?","?","R","?","E","T","$","M","M","E","$","R","BOSS","M","?","M","$","?","E","R","M","T","R","M","?","?","?","R","BOSS","M","$","?","M","?","E","R","?","T","E","M","R","?","M","R","BOSS"],"items_purchased_type":["Card","Card","Relic","Potion"],"build_version":"2020-12-22","purchased_purges":3,"victory":false,"max_hp_per_floor":[80,80,80,80,80,80,80,80,80,80,80,80,80,80,80,80,80,80,80,80,80,80,90,90,90,90,90,90,90,90,90,90,90,90,90,90,85,85,85,85,85,85,85,85,85,85,85,85,85,85,85],"card_choices":[{"not_picked":["True Grit","Reckless Charge","Flex"],"picked":"SKIP","floor":1},{"not_picked":["Searing Blow","Headbutt"],"picked":"Rampage","floor":3},{"not_picked":["Dual Wield","Heavy Blade"],"picked":"Cleave","floor":4},{"not_picked":["Anger","Shrug It Off"],"picked":"Thunderclap","floor":8},{"not_picked":["Clothesline","Flex"],"picked":"Shrug It Off","floor":11},{"not_picked":["Headbutt","Flex"],"picked":"Shockwave","floor":12},{"not_picked":["Entrench","Combust"],"picked":"Uppercut","floor":13},{"not_picked":["Juggernaut","Bludgeon"],"picked":"Demon Form","floor":16},{"not_picked":["Headbutt+1","Heavy Blade","Body Slam"],"picked":"SKIP","floor":18},{"not_picked":["Cleave","Flex"],"picked":"Iron Wave+1","floor":20},{"not_picked":["Headbutt+1","Twin Strike"],"picked":"Warcry+1","floor":23},{"not_picked":["Metallicize+1","Thunderclap","Anger"],"picked":"SKIP","floor":25},{"not_picked":["Twin Strike+1","Headbutt","Cleave"],"picked":"SKIP","floor":28},{"not_picked":["Inflame","Cleave+1"],"picked":"Anger+1","floor":30},{"not_picked":["Corruption+1","Offering"],"picked":"Juggernaut+1","floor":33},{"not_picked":["Anger+1"],"picked":"SKIP","floor":35},{"not_picked":[],"picked":"Flame Barrier+1","floor":38},{"not_picked":[],"picked":"Seeing Red+1","floor":39},{"not_picked":["Shrug It Off"],"picked":"SKIP","floor":40},{"not_picked":["Seeing Red"],"picked":"SKIP","floor":44},{"not_picked":["Clothesline+1"],"picked":"SKIP","floor":45},{"not_picked":["Dark Embrace+1"],"picked":"SKIP","floor":47},{"not_picked":["Clash"],"picked":"SKIP","floor":48}],"player_experience":21968,"relics_obtained":[{"floor":8,"key":"Paper Frog"},{"floor":9,"key":"Boot"},{"floor":13,"key":"Red Skull"},{"floor":22,"key":"Enchiridion"},{"floor":23,"key":"Pear"},{"floor":26,"key":"Oddly Smooth Stone"},{"floor":31,"key":"Champion Belt"},{"floor":31,"key":"Frozen Egg 2"},{"floor":39,"key":"Ginger"},{"floor":40,"key":"MealTicket"},{"floor":43,"key":"Anchor"},{"floor":44,"key":"PreservedInsect"}],"event_choices":[{"damage_healed":0,"gold_gain":0,"player_choice":"Got Potions","damage_taken":0,"max_hp_gain":0,"max_hp_loss":0,"event_name":"Lab","floor":2,"gold_loss":0},{"cards_removed":["Strike_R"],"damage_healed":0,"gold_gain":0,"player_choice":"Forget","damage_taken":0,"max_hp_gain":0,"max_hp_loss":0,"event_name":"Living Wall","floor":5,"gold_loss":0},{"damage_healed":0,"gold_gain":0,"player_choice":"Entered Light","damage_taken":16,"max_hp_gain":0,"max_hp_loss":0,"event_name":"Shining Light","floor":7,"gold_loss":0,"cards_upgraded":["Strike_R","Cleave"]},{"damage_healed":0,"gold_gain":0,"player_choice":"Opened","damage_taken":0,"relics_obtained":["Bag of Preparation"],"max_hp_gain":0,"max_hp_loss":0,"event_name":"The Mausoleum","floor":19,"gold_loss":0,"cards_obtained":["Writhe"]},{"damage_healed":0,"gold_gain":0,"player_choice":"Obtained Book","damage_taken":16,"max_hp_gain":0,"max_hp_loss":0,"event_name":"Cursed Tome","floor":22,"gold_loss":0},{"damage_healed":0,"gold_gain":99,"player_choice":"Stole From Cult","damage_taken":0,"max_hp_gain":0,"max_hp_loss":0,"event_name":"Nest","floor":29,"gold_loss":0},{"damage_healed":0,"gold_gain":0,"player_choice":"Fight","damage_taken":0,"max_hp_gain":0,"max_hp_loss":0,"event_name":"Colosseum","floor":31,"gold_loss":0},{"damage_healed":0,"gold_gain":0,"player_choice":"Fought Nobs","damage_taken":0,"max_hp_gain":0,"max_hp_loss":0,"event_name":"Colosseum","floor":31,"gold_loss":0},{"damage_healed":0,"gold_gain":0,"player_choice":"Max HP","damage_taken":0,"max_hp_gain":0,"max_hp_loss":5,"event_name":"Winding Halls","floor":37,"gold_loss":0},{"damage_healed":0,"gold_gain":0,"player_choice":"Fight","damage_taken":0,"max_hp_gain":0,"max_hp_loss":0,"event_name":"MindBloom","floor":39,"gold_loss":0},{"damage_healed":0,"gold_gain":100,"player_choice":"Pray","damage_taken":0,"max_hp_gain":0,"max_hp_loss":0,"event_name":"Golden Shrine","floor":42,"gold_loss":0}],"is_beta":false,"boss_relics":[{"not_picked":["Ectoplasm","SacredBark"],"picked":"SlaversCollar"},{"not_picked":["Runic Pyramid","Mark of Pain"],"picked":"Busted Crown"}],"items_purged_floors":[10,21,36],"is_endless":false,"potions_floor_spawned":[3,4,8,13,28,30,31,31,33,35,44,45,47],"killed_by":"Donu and Deca","ascension_level":0}}