{"host":"y3iy5gb13b300rns","time":1610434805,"event":{"mods":["BaseMod","Bestiary","Curses Come First","Minty Spire (QoL Compilation)","Replay The Spire","StSLib","The Runesmith"],"gold_per_floor":[112,112,112,131,145,145,14,30,111,173,173,173,191,206,206,301,301,318,398,66,86,96,96,46,62,62,93,93,110,110,126,126,126,126],"floor_reached":33,"playtime":1539,"items_purged":[],"score":259,"play_id":"49772679-dfd1-4b49-8c59-1d6bc1c00219","local_time":"20210112010005","is_ascension_mode":false,"campfire_choices":[{"data":"BattleHymn","floor":6.0,"key":"SMITH"},{"floor":12.0,"key":"REST"},{"floor":15.0,"key":"REST"},{"floor":23.0,"key":"REST"},{"floor":28.0,"key":"REST"},{"floor":30.0,"key":"REST"},{"floor":32.0,"key":"REST"}],"circlet_count":0,"master_deck":["Strike_P","Strike_P","Strike_P","Strike_P","Defend_P+1","Defend_P+1","Defend_P","Defend_P+1","Eruption","Vigilance+1","BattleHymn+1","Regret","CarveReality","FollowUp+1","CarveReality+1","Vengeance+1","Indignation","ThirdEye+1","FlurryOfBlows+1","JustLucky","ConjureBlade","BowlingBash","EmptyFist","Judgement","Worship","Vault","PathToVictory+1","Prostrate","WaveOfTheHand","Brilliance"],"relics":["HolyWater","NeowsBlessing","Gremlin Food","Kunai","Peace Pipe","Ancient Tea Set","MealTicket","Replay:Bottled Flurry","Happy Flower","War Paint"],"acts_visited":["Exordium","TheCity"],"potions_floor_usage":[33,33],"damage_taken":[{"damage":0.0,"enemies":"2 Louse","floor":1.0,"turns":1.0},{"damage":0.0,"enemies":"Jaw Worm","floor":4.0,"turns":1.0},{"damage":0.0,"enemies":"Cultist","floor":5.0,"turns":1.0},{"damage":26.0,"enemies":"Looter","floor":8.0,"turns":5.0},{"damage":18.0,"enemies":"Lagavulin Event","floor":10.0,"turns":3.0},{"damage":0.0,"enemies":"2 Fungi Beasts","floor":13.0,"turns":3.0},{"damage":10.0,"enemies":"Blue Slaver","floor":14.0,"turns":2.0},{"damage":58.0,"enemies":"Hexaghost","floor":16.0,"turns":8.0},{"damage":3.0,"enemies":"Chosen","floor":18.0,"turns":3.0},{"damage":10.0,"enemies":"2 Thieves","floor":21.0,"turns":2.0},{"damage":37.0,"enemies":"Shelled Parasite and Fungi","floor":22.0,"turns":5.0},{"damage":17.0,"enemies":"Snake Plant","floor":25.0,"turns":4.0},{"damage":28.0,"enemies":"Replay:Snechameleon","floor":27.0,"turns":5.0},{"damage":18.0,"enemies":"Cultist and Chosen","floor":29.0,"turns":3.0},{"damage":8.0,"enemies":"Snecko","floor":31.0,"turns":5.0},{"damage":81,"enemies":"Champ","floor":33,"turns":6}],"seed_played":"8457446603727013781","potions_obtained":[{"floor":1.0,"key":"SkillPotion"},{"floor":10.0,"key":"FearPotion"},{"floor":16.0,"key":"Adrenaline Potion"},{"floor":19.0,"key":"CultistPotion"},{"floor":19.0,"key":"Toxic Potion"},{"floor":25.0,"key":"Languid Potion"},{"floor":27.0,"key":"SteroidPotion"},{"floor":29.0,"key":"DuplicationPotion"},{"floor":31.0,"key":"AttackPotion"}],"is_trial":false,"path_per_floor":["M","?","?","M","M","R","$","M","T","?","T","R","M","M","R","B",null,"M","?","$","M","M","R","$","M","T","E","R","M","R","M","R","B"],"character_chosen":"WATCHER","items_purchased":["CarveReality","Vengeance+1","Replay:Bottled Flurry","Judgement","Block Potion"],"campfire_rested":6,"item_purchase_floors":[7,7,20,20,24],"current_hp_per_floor":[72,72,72,72,72,72,72,46,46,28,28,49,49,39,60,2,72,69,69,72,62,25,46,61,44,44,16,37,19,40,32,53,0,0],"gold":126,"neow_bonus":"THREE_ENEMY_KILL","is_daily":false,"chose_seed":false,"campfire_upgraded":1,"win_rate":0.0,"timestamp":1610434805,"path_taken":["M","?","?","M","M","R","$","M","T","?","?","R","?","M","R","BOSS","M","?","$","M","M","R","$","M","T","E","R","M","R","M","R","BOSS"],"items_purchased_type":["Card","Card","Relic","Card","Potion"],"build_version":"2020-12-22","purchased_purges":0,"victory":false,"max_hp_per_floor":[72,72,72,72,72,72,72,72,72,72,72,72,72,72,72,72,72,72,72,72,72,72,72,72,72,72,72,72,72,72,72,72,72,72],"card_choices":[{"not_picked":["WaveOfTheHand","Prostrate"],"picked":"BattleHymn","floor":1.0},{"not_picked":["EmptyBody","BowlingBash"],"picked":"CarveReality","floor":4.0},{"not_picked":["Meditate","Replay:BluntJabs"],"picked":"FollowUp","floor":5.0},{"not_picked":["Wireheading","Replay:DivineShield"],"picked":"Indignation","floor":8.0},{"not_picked":["TalkToTheHand","CrushJoints"],"picked":"ThirdEye","floor":10.0},{"not_picked":["Omniscience","BowlingBash"],"picked":"FlurryOfBlows","floor":13.0},{"not_picked":["LikeWater","Replay:AtTheReady"],"picked":"JustLucky","floor":14.0},{"not_picked":["DeusExMachina","Scrawl"],"picked":"ConjureBlade","floor":16.0},{"not_picked":["EmptyMind+1","Wireheading"],"picked":"BowlingBash","floor":18.0},{"not_picked":["SashWhip","Replay:AtTheReady"],"picked":"EmptyFist","floor":19.0},{"not_picked":["SignatureMove+1","Crescendo"],"picked":"Worship","floor":21.0},{"not_picked":["Vengeance","Swivel"],"picked":"Vault","floor":22.0},{"not_picked":["Replay:ManipulateFuture","Tantrum"],"picked":"PathToVictory","floor":25.0},{"not_picked":["BowlingBash","ClearTheMind"],"picked":"Prostrate","floor":27.0},{"not_picked":["Weave+1","Halt"],"picked":"WaveOfTheHand","floor":29.0},{"not_picked":["Crescendo+1","Replay:AtTheReady"],"picked":"Brilliance","floor":31.0}],"player_experience":413080,"relics_obtained":[{"floor":9.0,"key":"Kunai"},{"floor":10.0,"key":"Peace Pipe"},{"floor":11.0,"key":"Ancient Tea Set"},{"floor":19.0,"key":"MealTicket"},{"floor":26.0,"key":"Happy Flower"},{"floor":27.0,"key":"War Paint"}],"event_choices":[{"damage_healed":0.0,"max_hp_gain":0.0,"max_hp_loss":0.0,"gold_gain":0.0,"event_name":"Big Fish","player_choice":"Box","floor":2.0,"gold_loss":0.0,"damage_taken":0.0,"relics_obtained":["Gremlin Food"],"cards_obtained":["Regret"]},{"damage_healed":0.0,"max_hp_gain":0.0,"max_hp_loss":0.0,"gold_gain":0.0,"event_name":"Dead Adventurer","player_choice":"Searched \u00271\u0027 times","floor":10.0,"gold_loss":0.0,"damage_taken":0.0}],"is_beta":false,"boss_relics":[{"not_picked":["Tiny House","Honey Jar"],"picked":"HolyWater"}],"items_purged_floors":[],"is_endless":false,"potions_floor_spawned":[1,10,16,25,27,29,31],"killed_by":"Champ","ascension_level":0}}