{"host":"x21cvmfdo17nyhii","time":1610432710,"event":{"mods":["AchievementEnabler","BaseMod","Colored Map","Colored Powertips","DeckTracker","Highlight Path","Minty Spire (QoL Compilation)","Quick Restart","Rare Cards Sparkle"],"gold_per_floor":[119,194,44,58,58,58,69,69,69,69,94,105,105,125,125,225,225,254,283,283,295,295,320,320,203,203,13,13,26,59,83,83,83,83],"floor_reached":33,"playtime":1619,"items_purged":["Defend_R","Defend_R"],"score":356,"play_id":"881fa5d7-3977-403d-809f-a7d2ef749ef4","local_time":"20210111222510","is_ascension_mode":true,"campfire_choices":[{"data":"Perfected Strike","floor":6.0,"key":"SMITH"},{"data":"Perfected Strike","floor":8.0,"key":"SMITH"},{"data":"Flex","floor":10.0,"key":"SMITH"},{"floor":15.0,"key":"REST"},{"floor":24.0,"key":"REST"},{"floor":32.0,"key":"REST"}],"circlet_count":0,"master_deck":["Strike_R","Strike_R","Strike_R","Strike_R","Strike_R","Defend_R","Defend_R","Bash","Thunderclap","Perfected Strike+1","Flex","Perfected Strike+1","Flex+1","Iron Wave","Iron Wave","CurseOfTheBell","Body Slam+1","Perfected Strike","Shrug It Off","Shrug It Off","Headbutt","Warcry"],"relics":["Burning Blood","Lizard Tail","Calling Bell","CeramicFish","Pantograph","Pocketwatch","Nloth\u0027s Gift","StrikeDummy","Paper Frog","Molten Egg 2","Bag of Preparation"],"acts_visited":["Exordium","TheCity"],"potions_floor_usage":[],"damage_taken":[{"damage":0.0,"enemies":"Small Slimes","floor":1.0,"turns":3.0},{"damage":0.0,"enemies":"Cultist","floor":4.0,"turns":2.0},{"damage":6.0,"enemies":"2 Louse","floor":7.0,"turns":2.0},{"damage":30.0,"enemies":"Lagavulin","floor":11.0,"turns":6.0},{"damage":11.0,"enemies":"Gremlin Gang","floor":12.0,"turns":3.0},{"damage":0.0,"enemies":"Looter","floor":14.0,"turns":1.0},{"damage":87.0,"enemies":"Hexaghost","floor":16.0,"turns":10.0},{"damage":23.0,"enemies":"2 Thieves","floor":18.0,"turns":4.0},{"damage":18.0,"enemies":"Shell Parasite","floor":19.0,"turns":4.0},{"damage":33.0,"enemies":"Snake Plant","floor":21.0,"turns":3.0},{"damage":58.0,"enemies":"Book of Stabbing","floor":23.0,"turns":5.0},{"damage":21.0,"enemies":"3 Cultists","floor":29.0,"turns":6.0},{"damage":41.0,"enemies":"Slavers","floor":30.0,"turns":4.0},{"damage":5.0,"enemies":"Snecko","floor":31.0,"turns":3.0},{"damage":114,"enemies":"Automaton","floor":33,"turns":6}],"seed_played":"1669518156026159556","potions_obtained":[{"floor":12.0,"key":"FearPotion"},{"floor":14.0,"key":"BloodPotion"},{"floor":19.0,"key":"Explosive Potion"},{"floor":21.0,"key":"SkillPotion"},{"floor":23.0,"key":"ElixirPotion"}],"is_trial":false,"path_per_floor":["M","?","$","M","?","R","M","R","T","R","E","M","?","M","R","B",null,"M","M","?","M","?","E","R","$","T","$","T","M","E","M","R","B"],"character_chosen":"IRONCLAD","items_purchased":["Perfected Strike","Flex","PowerPotion","Shrug It Off","Shrug It Off","Headbutt"],"campfire_rested":3,"item_purchase_floors":[3,3,3,25,27,27],"current_hp_per_floor":[88,77,77,83,75,75,75,75,75,75,51,46,46,57,83,7,68,51,39,39,29,58,50,76,76,76,76,76,61,26,27,53,0,0],"gold":83,"neow_bonus":"TEN_PERCENT_HP_BONUS","is_daily":false,"chose_seed":false,"campfire_upgraded":3,"win_rate":0.0,"timestamp":1610432710,"path_taken":["M","?","$","M","?","R","?","R","T","R","E","M","?","M","R","BOSS","M","?","?","?","?","E","R","?","T","$","?","M","E","M","R","BOSS"],"items_purchased_type":["Card","Card","Potion","Card","Card","Card"],"build_version":"2020-12-22","purchased_purges":2,"victory":false,"max_hp_per_floor":[88,88,88,88,88,88,88,88,88,88,88,88,88,88,88,88,88,88,88,88,88,88,88,88,88,88,88,88,88,88,88,88,88,88],"card_choices":[{"not_picked":["Twin Strike","Heavy Blade"],"picked":"Thunderclap","floor":1.0},{"not_picked":["Barricade","Headbutt"],"picked":"Perfected Strike","floor":4.0},{"not_picked":["Combust","Clash"],"picked":"Flex","floor":7.0},{"not_picked":["Thunderclap","Twin Strike"],"picked":"Iron Wave","floor":11.0},{"not_picked":["Hemokinesis","Intimidate","Power Through"],"picked":"SKIP","floor":12.0},{"not_picked":["Fire Breathing","Spot Weakness"],"picked":"Iron Wave","floor":14.0},{"not_picked":["Headbutt+1","Flame Barrier"],"picked":"Body Slam+1","floor":18.0},{"not_picked":["True Grit","Uppercut"],"picked":"Perfected Strike","floor":19.0},{"not_picked":["Battle Trance","Heavy Blade","Rampage+1"],"picked":"SKIP","floor":21.0},{"not_picked":["Iron Wave","Barricade","Twin Strike"],"picked":"SKIP","floor":23.0},{"not_picked":["Havoc","Rampage+1","Twin Strike+1"],"picked":"SKIP","floor":29.0},{"not_picked":["Juggernaut","Evolve","Immolate+1"],"picked":"SKIP","floor":30.0},{"not_picked":["Fire Breathing","Sword Boomerang+1"],"picked":"Warcry","floor":31.0}],"player_experience":310442,"relics_obtained":[{"floor":9.0,"key":"Lizard Tail"},{"floor":11.0,"key":"Toy Ornithopter"},{"floor":17.0,"key":"CeramicFish"},{"floor":17.0,"key":"Pantograph"},{"floor":17.0,"key":"Pocketwatch"},{"floor":23.0,"key":"StrikeDummy"},{"floor":26.0,"key":"Paper Frog"},{"floor":28.0,"key":"Molten Egg 2"},{"floor":30.0,"key":"Bag of Preparation"}],"event_choices":[{"damage_healed":0.0,"max_hp_gain":0.0,"max_hp_loss":0.0,"gold_gain":75.0,"event_name":"World of Goop","player_choice":"Gather Gold","floor":2.0,"gold_loss":0.0,"damage_taken":11.0},{"damage_healed":0.0,"max_hp_gain":0.0,"max_hp_loss":0.0,"gold_gain":0.0,"event_name":"Wheel of Change","player_choice":"Damaged","floor":5.0,"gold_loss":0.0,"damage_taken":8.0},{"damage_healed":0.0,"max_hp_gain":0.0,"max_hp_loss":0.0,"gold_gain":0.0,"event_name":"Match and Keep!","player_choice":"0 cards matched","floor":13.0,"gold_loss":0.0,"damage_taken":0.0,"cards_obtained":[]},{"damage_healed":0.0,"max_hp_gain":0.0,"max_hp_loss":0.0,"gold_gain":0.0,"event_name":"N\u0027loth","player_choice":"Traded Relic","floor":20.0,"relics_lost":["Toy Ornithopter"],"gold_loss":0.0,"damage_taken":0.0,"relics_obtained":["Nloth\u0027s Gift"]},{"damage_healed":29.0,"max_hp_gain":0.0,"max_hp_loss":0.0,"gold_gain":0.0,"event_name":"The Library","player_choice":"Heal","floor":22.0,"gold_loss":0.0,"damage_taken":0.0}],"is_beta":false,"boss_relics":[{"not_picked":["Pandora\u0027s Box","SlaversCollar"],"picked":"Calling Bell"}],"items_purged_floors":[25,27],"is_endless":false,"potions_floor_spawned":[12,14,19,21,23],"killed_by":"Automaton","ascension_level":5}}