{"host":"w9yruvs4bqht6bhw","time":1610422761,"event":{"mods":["BaseMod","Colored Powertips","Minty Spire (QoL Compilation)"],"gold_per_floor":[116,129,129,129,129,158,158,158,158,194,194,225,250,250,250,381,381,397,411,21,0,0,43,43,43,43,86,37,73,97,97,97,97,97],"floor_reached":33,"playtime":1064,"items_purged":[],"score":460,"play_id":"5b1ad63c-0d79-4805-b188-062dc570c3e8","local_time":"20210111223921","is_ascension_mode":true,"campfire_choices":[{"floor":8,"key":"REST"},{"floor":11,"key":"REST"},{"data":"Armaments","floor":15,"key":"SMITH"},{"floor":24,"key":"REST"},{"floor":32,"key":"REST"}],"circlet_count":0,"master_deck":["Strike_R","Strike_R","Strike_R","Strike_R","Defend_R","Defend_R","Defend_R","Defend_R","Bash+1","Sword Boomerang","Sword Boomerang","Rampage","Spot Weakness","Anger+1","Armaments+1","Immolate","Ghostly Armor+1","Pommel Strike","Reaper","Disarm","Headbutt","Whirlwind"],"relics":["Burning Blood","Smiling Mask","Golden Idol","Darkstone Periapt","Red Skull","Regal Pillow","Shuriken","Empty Cage","Bottled Lightning","Letter Opener","FossilizedHelix","Question Card","Frozen Egg 2"],"acts_visited":["Exordium","TheCity"],"potions_floor_usage":[12,18,23,23,29,30],"damage_taken":[{"damage":6,"enemies":"Cultist","floor":1,"turns":3},{"damage":14,"enemies":"Small Slimes","floor":2,"turns":4},{"damage":65,"enemies":"3 Sentries","floor":6,"turns":10},{"damage":32,"enemies":"Gremlin Nob","floor":10,"turns":5},{"damage":10,"enemies":"3 Sentries","floor":12,"turns":3},{"damage":0,"enemies":"2 Louse","floor":13,"turns":2},{"damage":33,"enemies":"Slime Boss","floor":16,"turns":7},{"damage":1,"enemies":"3 Byrds","floor":18,"turns":3},{"damage":21,"enemies":"Shell Parasite","floor":19,"turns":4},{"damage":76,"enemies":"Slavers","floor":23,"turns":7},{"damage":35,"enemies":"Book of Stabbing","floor":27,"turns":7},{"damage":21,"enemies":"Slavers","floor":29,"turns":2},{"damage":6,"enemies":"3 Cultists","floor":30,"turns":3},{"damage":109,"enemies":"Automaton","floor":33,"turns":6}],"seed_played":"-6648321430511305663","potions_obtained":[{"floor":2,"key":"Ancient Potion"},{"floor":10,"key":"Explosive Potion"},{"floor":16,"key":"LiquidMemories"},{"floor":18,"key":"FearPotion"},{"floor":29,"key":"BloodPotion"}],"is_trial":false,"path_per_floor":["M","M","?","?","?","E","?","R","T","E","R","E","M","T","R","B",null,"M","M","$","?","?","E","R","$","T","E","$","E","M","?","R","B"],"character_chosen":"IRONCLAD","items_purchased":["Bottled Lightning","Reaper","SkillPotion"],"campfire_rested":4,"item_purchase_floors":[20,20,28],"current_hp_per_floor":[80,72,72,77,77,18,18,45,45,19,46,42,48,48,48,21,75,80,65,65,65,65,19,61,61,61,32,32,17,35,35,77,0,0],"gold":97,"neow_bonus":"TEN_PERCENT_HP_BONUS","is_daily":false,"chose_seed":false,"campfire_upgraded":1,"win_rate":0.0,"timestamp":1610422761,"path_taken":["M","?","?","?","?","E","?","R","T","E","R","E","M","?","R","BOSS","M","?","$","?","?","E","R","?","T","E","$","E","?","?","R","BOSS"],"items_purchased_type":["Relic","Card","Potion"],"build_version":"2020-12-22","purchased_purges":0,"victory":false,"max_hp_per_floor":[88,88,88,93,93,93,93,93,93,93,93,93,93,93,93,93,93,93,93,93,93,93,93,93,93,93,93,93,93,93,93,93,93,93],"card_choices":[{"not_picked":["Body Slam","Metallicize"],"picked":"Sword Boomerang","floor":1},{"not_picked":["Heavy Blade","Flex"],"picked":"Sword Boomerang","floor":2},{"not_picked":["Impervious","Bloodletting"],"picked":"Rampage","floor":6},{"not_picked":["Carnage","Flex"],"picked":"Spot Weakness","floor":10},{"not_picked":["Rupture","Barricade"],"picked":"Anger","floor":12},{"not_picked":["Sever Soul","Anger"],"picked":"Armaments","floor":13},{"not_picked":["Impervious","Juggernaut"],"picked":"Immolate","floor":16},{"not_picked":["Entrench+1","Havoc"],"picked":"Ghostly Armor+1","floor":18},{"not_picked":["Inflame","Clash"],"picked":"Pommel Strike","floor":19},{"not_picked":["Wild Strike","Berserk"],"picked":"Headbutt","floor":23},{"not_picked":["Heavy Blade","Iron Wave+1"],"picked":"Whirlwind","floor":27},{"not_picked":["Metallicize+1","Body Slam","Flex","Headbutt"],"picked":"SKIP","floor":29},{"not_picked":["Shrug It Off","Pommel Strike","Perfected Strike","Sword Boomerang"],"picked":"SKIP","floor":30}],"player_experience":380070,"relics_obtained":[{"floor":6,"key":"Smiling Mask"},{"floor":9,"key":"Darkstone Periapt"},{"floor":10,"key":"Red Skull"},{"floor":12,"key":"Regal Pillow"},{"floor":14,"key":"Shuriken"},{"floor":23,"key":"Letter Opener"},{"floor":26,"key":"FossilizedHelix"},{"floor":27,"key":"Question Card"},{"floor":29,"key":"Frozen Egg 2"}],"event_choices":[{"damage_healed":0,"gold_gain":0,"player_choice":"Leave","damage_taken":0,"max_hp_gain":0,"max_hp_loss":0,"event_name":"The Cleric","floor":3,"gold_loss":0},{"damage_healed":0,"gold_gain":0,"player_choice":"Donut","damage_taken":0,"max_hp_gain":5,"max_hp_loss":0,"event_name":"Big Fish","floor":4,"gold_loss":0},{"damage_healed":0,"gold_gain":0,"player_choice":"Grow","damage_taken":0,"max_hp_gain":0,"max_hp_loss":0,"event_name":"Living Wall","floor":5,"gold_loss":0,"cards_upgraded":["Bash"]},{"damage_healed":0,"gold_gain":0,"player_choice":"Take Wound","damage_taken":0,"relics_obtained":["Golden Idol"],"max_hp_gain":0,"max_hp_loss":0,"event_name":"Golden Idol","floor":7,"gold_loss":0,"cards_obtained":["Injury"]},{"damage_healed":0,"gold_gain":0,"player_choice":"Paid Fearfully","damage_taken":0,"max_hp_gain":0,"max_hp_loss":0,"event_name":"Masked Bandits","floor":21,"gold_loss":21},{"damage_healed":0,"gold_gain":0,"player_choice":"Read","damage_taken":0,"max_hp_gain":0,"max_hp_loss":0,"event_name":"The Library","floor":22,"gold_loss":0,"cards_obtained":["Disarm"]},{"damage_healed":0,"gold_gain":0,"player_choice":"Forge","damage_taken":0,"max_hp_gain":0,"max_hp_loss":0,"event_name":"Accursed Blacksmith","floor":31,"gold_loss":0,"cards_upgraded":["Anger"]}],"is_beta":false,"boss_relics":[{"not_picked":["Cursed Key","Busted Crown"],"picked":"Empty Cage"}],"items_purged_floors":[],"is_endless":false,"potions_floor_spawned":[2,10,16,18,29],"killed_by":"Automaton","ascension_level":9}}