{"host":"091y6d77ht7dl3wb","time":1610434214,"event":{"mods":["AchievementEnabler","BaseMod","Colored Map","Hermit","Minty Spire (QoL Compilation)","Rare Cards Sparkle","StSLib"],"gold_per_floor":[114,41,216,291,20,20,35,55,82,82,82,96,109,126,126,221,221,236,16,36,36,36],"floor_reached":21,"playtime":720,"items_purged":[],"score":171,"play_id":"8fb84679-2a23-481a-a895-1df0e9aa4ab3","local_time":"20210112155014","is_ascension_mode":false,"campfire_choices":[{"data":"Apotheosis","floor":6,"key":"SMITH"},{"floor":10,"key":"REST"},{"data":"hermit:Brawl","floor":15,"key":"SMITH"}],"circlet_count":0,"master_deck":["hermit:Strike_Hermit","hermit:Strike_Hermit","hermit:Strike_Hermit","hermit:Strike_Hermit","hermit:Defend_Hermit","hermit:Defend_Hermit","hermit:Defend_Hermit","hermit:Defend_Hermit","hermit:Snapshot","hermit:Covet","hermit:Grudge","hermit:Brawl+1","Doubt","Apotheosis+1","hermit:BigShot","hermit:NoHoldsBarred","hermit:HighCaliber","Flash of Steel","hermit:Coalescence","hermit:Manifest","hermit:Feint","hermit:HighNoon","hermit:TakeAim","hermit:Shortfuse","hermit:GhostlyPresence"],"relics":["hermit:Momento","Regal Pillow","Busted Crown","Membership Card"],"acts_visited":["Exordium","TheCity"],"potions_floor_usage":[12],"damage_taken":[{"damage":0,"enemies":"2 Louse","floor":1,"turns":2},{"damage":3,"enemies":"Small Slimes","floor":7,"turns":3},{"damage":8,"enemies":"Jaw Worm","floor":8,"turns":3},{"damage":4,"enemies":"Blue Slaver","floor":12,"turns":3},{"damage":5,"enemies":"3 Louse","floor":13,"turns":2},{"damage":5,"enemies":"Lots of Slimes","floor":14,"turns":2},{"damage":39,"enemies":"Hexaghost","floor":16,"turns":8},{"damage":24,"enemies":"Chosen","floor":18,"turns":6},{"damage":28,"enemies":"2 Thieves","floor":20,"turns":4},{"damage":50,"enemies":"Snake Plant","floor":21,"turns":4}],"seed_played":"-8622578845332067013","potions_obtained":[{"floor":8,"key":"AttackPotion"},{"floor":13,"key":"SmokeBomb"},{"floor":16,"key":"FairyPotion"},{"floor":20,"key":"BlessingOfTheForge"}],"is_trial":false,"path_per_floor":["M","$","?","?","$","R","M","M","T","R","?","M","M","M","R","B",null,"M","$","M","M"],"character_chosen":"HERMIT","items_purchased":["hermit:Brawl","Apotheosis","hermit:BigShot","Membership Card","hermit:TakeAim","hermit:Shortfuse"],"campfire_rested":1,"item_purchase_floors":[2,5,5,19,19,19],"current_hp_per_floor":[75,75,75,64,64,64,61,53,53,75,75,71,66,61,61,22,75,51,51,23,0,0],"gold":36,"neow_bonus":"RANDOM_COLORLESS","is_daily":false,"chose_seed":false,"campfire_upgraded":2,"win_rate":0.0,"timestamp":1610434214,"path_taken":["M","$","?","?","$","R","M","M","T","R","?","?","M","M","R","BOSS","M","$","M","M"],"items_purchased_type":["Card","Card","Card","Relic","Card","Card"],"build_version":"2020-12-22","purchased_purges":0,"victory":false,"max_hp_per_floor":[75,75,75,75,75,75,75,75,75,75,75,75,75,75,75,75,75,75,75,75,75,75],"card_choices":[{"not_picked":["Deep Breath","Purity"],"picked":"Blind","floor":0},{"not_picked":["hermit:Coalescence","hermit:CalledShot"],"picked":"hermit:Grudge","floor":1},{"not_picked":["hermit:WideOpen","hermit:LowProfile"],"picked":"hermit:NoHoldsBarred","floor":7},{"not_picked":["hermit:GhostlyPresence","hermit:Manifest"],"picked":"hermit:HighCaliber","floor":8},{"not_picked":["hermit:LowProfile","hermit:Virtue"],"picked":"hermit:Coalescence","floor":12},{"not_picked":["hermit:Roulette","hermit:TakeCover"],"picked":"hermit:Manifest","floor":13},{"not_picked":["hermit:HoleUp","hermit:Coalescence"],"picked":"hermit:Feint","floor":14},{"not_picked":["hermit:BlackWind","hermit:Magnum"],"picked":"hermit:HighNoon","floor":16},{"not_picked":["hermit:Cheat"],"picked":"SKIP","floor":18},{"not_picked":[],"picked":"hermit:GhostlyPresence","floor":20}],"player_experience":221573,"relics_obtained":[{"floor":9,"key":"Regal Pillow"}],"event_choices":[{"damage_healed":0,"gold_gain":175,"player_choice":"AGREE","damage_taken":0,"max_hp_gain":0,"max_hp_loss":0,"event_name":"Liars Game","floor":3,"gold_loss":0,"cards_obtained":["Doubt"]},{"damage_healed":0,"gold_gain":75,"player_choice":"Gather Gold","damage_taken":11,"max_hp_gain":0,"max_hp_loss":0,"event_name":"World of Goop","floor":4,"gold_loss":0},{"damage_healed":0,"gold_gain":0,"cards_transformed":["Blind"],"player_choice":"Change","damage_taken":0,"max_hp_gain":0,"max_hp_loss":0,"event_name":"Living Wall","floor":11,"gold_loss":0,"cards_obtained":["Flash of Steel"]}],"is_beta":false,"boss_relics":[{"not_picked":["SacredBark","Runic Dome"],"picked":"Busted Crown"}],"items_purged_floors":[],"is_endless":false,"potions_floor_spawned":[8,13,16,20],"killed_by":"Snake Plant","ascension_level":0}}