{"host":"pcbz64t4k17ey4z1","time":1610481998,"event":{"mods":["2.2 Compatiblity","AchievementEnabler","Act Like it!","Aspiration","BaseMod","Beaked The Cultist","Better Match","Better Third Choice","BetterRewards","Card Forge","Colored Map","Colored Powertips","Conspire","Disable Question Mark Monsters","Fireblade Mod","Friendly Minions","Gensokyo","GifTheSpireLib","Glutton Mod","Googly Eyes","Gremlin Mod","Hermit","Hubris","Infinite Spire","Koishi","Marisa????????","Minty Spire (QoL Compilation)","Permanent Neow","Potionbrewer","Quick Restart","Random Character Button","Rare Cards Sparkle","Relic Filter","Replay The Spire","Robot Space Explorer","Shade Mod","Shop Mod","Spicy Shops","StSLib","Stuff the Spire","SuperFastMode","The Animator","The Cursed","The Druid","The Gatherer","The Hierophant","The IronCluck","The Jungle","The Marked","The Runesmith","Virulent Crown","Waifu the Spire","Wandering Minibosses","vexMod"],"gold_per_floor":[115,125,141,153,38,68,68,102,102,134,152,152,240,275,275,372,372,367,385,401,58,58,87,98,123,123,166,176,176,176,210,210,308,308,369,369,369,369,387,418,432,432,432,465,310,329,329,397,397,397],"floor_reached":51,"language":"ENG","playtime":2986,"items_purged":["Writhe"],"score":1037,"play_id":"11faa214-e3d5-4bab-9d22-616d0c2759ac","local_time":"20210112200638","is_ascension_mode":true,"campfire_choices":[{"data":"FireBladeMod:FireBarrier","floor":7,"key":"SMITH"},{"data":"FireBladeMod:Unbalance","floor":15,"key":"SMITH"},{"floor":32,"key":"REST"},{"floor":42,"key":"REST"},{"floor":49,"key":"REST"}],"circlet_count":0,"master_deck":["FireBladeMod:StrikeFireBlade+1","FireBladeMod:StrikeFireBlade+1","FireBladeMod:StrikeFireBlade+1","FireBladeMod:DefendFireBlade+1","FireBladeMod:DefendFireBlade+1","FireBladeMod:DefendFireBlade+1","FireBladeMod:DefendFireBlade+1","FireBladeMod:FlamingSword","FireBladeMod:FireBarrier+1","FireBladeMod:Wildfire+1","FireBladeMod:SmashingEndurance","FireBladeMod:Unbalance+1","FireBladeMod:Robust+1","FireBladeMod:Unbalance+1","FireBladeMod:GetPumped+1","FireBladeMod:Robust+1","FireBladeMod:SteadyEndurance+1","FireBladeMod:SpiritEndurance+1","FireBladeMod:HellFire+1","FireBladeMod:SmashingEndurance","FireBladeMod:SmokeScreen+1","FireBladeMod:ThirdDegree+1","FireBladeMod:HealthyEndurance+1","FireBladeMod:Speed+1","FireBladeMod:Unbalance+1","StuffTheSpire:Vigor+1","FireBladeMod:RapidDodges+1","Madness+1","Madness+1","FireBladeMod:QuickJabs+1","hubris:DuctTapeCard","FireBladeMod:SteadyEndurance+1"],"relics":["FireBladeMod:DuelistLocket","Hammer of Thor","Seething Fire","Anvil of the Gods","aspiration:Nostalgia","Sizzling Blood","Toxic Egg 2","Bag of Marbles","Lantern","Replay:Baseball","ReplayTheSpireMod:Ring of Challenge","ReplayTheSpireMod:Ring of Exchange","hubris:MysteriousPyramids","vexMod:GhostlyGear","Pear","Toy Ornithopter","Smiling Mask","Runesmith:Locket","Onion Ring","ReplayFunnel","Orichalcum","Busted Crown","Replay:Rubber Ducky","conspire:RoyalGoblet","FireBladeMod:LegBrace","hubris:DuctTape","Unceasing Top"],"acts_visited":["Exordium","TheCity","TheBeyond"],"potions_floor_usage":[6,8,10,13,14,21,23,23,25,28,33,48,50,50],"damage_taken":[{"damage":0,"enemies":"Jaw Worm","floor":1,"turns":3},{"damage":0,"enemies":"Small Slimes","floor":2,"turns":3},{"damage":0,"enemies":"conspire:RoseBush","floor":3,"turns":2},{"damage":0,"enemies":"Looter","floor":4,"turns":4},{"damage":0,"enemies":"Lagavulin","floor":6,"turns":8},{"damage":12,"enemies":"3 Sentries","floor":8,"turns":8},{"damage":6,"enemies":"Lagavulin","floor":10,"turns":10},{"damage":2,"enemies":"Exordium Wildlife","floor":11,"turns":3},{"damage":2,"enemies":"Large Slime","floor":13,"turns":9},{"damage":2,"enemies":"Replay:BlueRogue","floor":14,"turns":5},{"damage":16,"enemies":"Hexaghost","floor":16,"turns":10},{"damage":24,"enemies":"2 Thieves","floor":18,"turns":4},{"damage":0,"enemies":"Chosen","floor":19,"turns":6},{"damage":42,"enemies":"3 Cultists","floor":20,"turns":8},{"damage":25,"enemies":"conspire:SneckoGhost","floor":23,"turns":7},{"damage":4,"enemies":"Snecko","floor":24,"turns":4},{"damage":9,"enemies":"Replay:Snechameleon","floor":25,"turns":6},{"damage":23,"enemies":"conspire:SneckoGhost","floor":27,"turns":13},{"damage":20,"enemies":"Snake Plant","floor":28,"turns":8},{"damage":6,"enemies":"Slavers","floor":31,"turns":8},{"damage":50,"enemies":"Collector","floor":33,"turns":9},{"damage":0,"enemies":"Orb Walker","floor":35,"turns":5},{"damage":16,"enemies":"3 Darklings","floor":39,"turns":10},{"damage":26,"enemies":"Nightmare","floor":40,"turns":10},{"damage":60,"enemies":"Transient","floor":41,"turns":5},{"damage":0,"enemies":"Giant Head","floor":44,"turns":10},{"damage":0,"enemies":"Maw","floor":46,"turns":7},{"damage":7,"enemies":"Sphere and 2 Shapes","floor":48,"turns":8},{"damage":0,"enemies":"conspire:OrnateMirror","floor":50,"turns":9}],"seed_played":"5657787349194155543","potions_obtained":[{"floor":3,"key":"SpeedPotion"},{"floor":4,"key":"Block Potion"},{"floor":6,"key":"PowerPotion"},{"floor":11,"key":"ColorlessPotion"},{"floor":13,"key":"potionbrewer:AcidPotion"},{"floor":19,"key":"Milkshake"},{"floor":20,"key":"potionbrewer:ToxicPotion"},{"floor":24,"key":"EssenceOfSteel"},{"floor":27,"key":"EssenceOfSteel"},{"floor":31,"key":"Milkshake"},{"floor":35,"key":"FairyPotion"},{"floor":41,"key":"Block Potion"},{"floor":44,"key":"Reflective Coating"},{"floor":48,"key":"potionbrewer:ToxicPotion"}],"is_trial":false,"path_per_floor":["M","M","M","M","$","E","R","E","T","E","M","?","M","E","R","B",null,"M","M","M","$","?","E","M","E","T","E","M","AVR","?","E","R","B",null,"M","?","?","?","M","NM","M","R","T","E","$","M","?","M","R","B",null],"character_chosen":"THE_FIREBLADE","items_purchased":["FireBladeMod:Unbalance","FireBladeMod:SoulSword","Pear","Toy Ornithopter","potionbrewer:BlacksmithPotion","Unceasing Top"],"campfire_rested":3,"item_purchase_floors":[5,5,21,21,21,45],"current_hp_per_floor":[74,74,74,74,74,74,74,66,66,64,66,66,68,70,70,58,74,54,58,20,35,43,32,32,32,32,21,18,18,18,24,49,16,84,84,73,73,73,69,55,7,32,32,44,44,56,56,66,84,84],"gold":397,"neow_bonus":"NOSTALGIA","is_daily":false,"chose_seed":false,"campfire_upgraded":2,"win_rate":0.0,"timestamp":1610481998,"path_taken":["M","M","M","M","$","E","R","E","T","E","M","?","M","E","R","BOSS","M","M","M","$","?","E","M","E","T","E","M","AVR","?","E","R","BOSS","M","?","?","?","M","NM","M","R","T","E","$","?","?","M","R","BOSS"],"items_purchased_type":["Card","Card","Relic","Relic","Potion","Relic"],"build_version":"2020-12-22","purchased_purges":1,"victory":true,"max_hp_per_floor":[74,74,74,74,74,74,74,74,74,74,74,74,74,74,74,74,74,74,74,74,84,84,84,84,84,84,84,84,84,84,84,84,84,84,84,84,84,84,84,84,84,84,84,84,84,84,84,84,84,84],"card_choices":[{"not_picked":["FireBladeMod:ComboSlashes","FireBladeMod:FerventSlash"],"picked":"FireBladeMod:Wildfire","floor":1},{"not_picked":["FireBladeMod:SoulStrike","FireBladeMod:SmokeScreen"],"picked":"FireBladeMod:SmashingEndurance","floor":2},{"not_picked":["FireBladeMod:FerventSlash","FireBladeMod:SpinningSmash"],"picked":"FireBladeMod:Unbalance","floor":3},{"not_picked":["FireBladeMod:BackhandSwing","FireBladeMod:ComboCleave"],"picked":"FireBladeMod:Robust","floor":4},{"not_picked":["FireBladeMod:MomentumStrikes","FireBladeMod:BasicSmash"],"picked":"FireBladeMod:AbsorbEnergy","floor":6},{"not_picked":["FireBladeMod:SteadyEndurance+1","FireBladeMod:ComplexAttack"],"picked":"FireBladeMod:GetPumped","floor":8},{"not_picked":["FireBladeMod:TorsoSmash","FireBladeMod:ComboCleave"],"picked":"FireBladeMod:Robust+1","floor":10},{"not_picked":["FireBladeMod:FerventSlash","FireBladeMod:BasicSmash","FireBladeMod:TorsoSmash"],"picked":"SKIP","floor":11},{"not_picked":["FireBladeMod:BodyAsFuel+1","FireBladeMod:ScorchingStrike"],"picked":"FireBladeMod:SteadyEndurance+1","floor":13},{"not_picked":["FireBladeMod:SoulSword","FireBladeMod:BasicSmash"],"picked":"FireBladeMod:SpiritEndurance+1","floor":14},{"not_picked":["FireBladeMod:FinalSmash","FireBladeMod:GlassGreatsword"],"picked":"FireBladeMod:HellFire+1","floor":16},{"not_picked":["FireBladeMod:Accelerant+1","FireBladeMod:FinishingBarrage","FireBladeMod:DoubleDash+1"],"picked":"SKIP","floor":18},{"not_picked":["FireBladeMod:Shove","FireBladeMod:SpinningSmash"],"picked":"FireBladeMod:SmashingEndurance","floor":19},{"not_picked":["FireBladeMod:BackhandSwing","FireBladeMod:ComboCleave","FireBladeMod:Flames+1"],"picked":"SKIP","floor":20},{"not_picked":["FireBladeMod:ComplexAttack","FireBladeMod:LearnTells"],"picked":"FireBladeMod:SmokeScreen","floor":23},{"not_picked":["FireBladeMod:AdrenalineBoost+1","FireBladeMod:TorsoSmash+1"],"picked":"FireBladeMod:ThirdDegree+1","floor":24},{"not_picked":["FireBladeMod:FerventSlash","FireBladeMod:Ignition+1"],"picked":"FireBladeMod:HealthyEndurance+1","floor":25},{"not_picked":["FireBladeMod:FinishingBarrage","FireBladeMod:AbsorbEnergy+1"],"picked":"FireBladeMod:Speed","floor":27},{"not_picked":["FireBladeMod:WellPrepared+1","FireBladeMod:IronEndurance+1"],"picked":"FireBladeMod:Unbalance+1","floor":28},{"not_picked":["FireBladeMod:OverCharge+1"],"picked":"SKIP","floor":31},{"not_picked":[],"picked":"FireBladeMod:RapidDodges+1","floor":35},{"not_picked":["FireBladeMod:SmashingEndurance"],"picked":"SKIP","floor":39},{"not_picked":["FireBladeMod:BackhandSwing+1"],"picked":"SKIP","floor":40},{"not_picked":[],"picked":"FireBladeMod:QuickJabs","floor":41},{"not_picked":[],"picked":"FireBladeMod:SteadyEndurance+1","floor":44},{"not_picked":["FireBladeMod:FerventSlash"],"picked":"SKIP","floor":46},{"not_picked":["FireBladeMod:Flames+1"],"picked":"SKIP","floor":48}],"player_experience":3903428,"relics_obtained":[{"floor":6,"key":"Toxic Egg 2"},{"floor":8,"key":"Bag of Marbles"},{"floor":9,"key":"Lantern"},{"floor":10,"key":"Replay:Baseball"},{"floor":12,"key":"ReplayTheSpireMod:Ring of Challenge"},{"floor":12,"key":"ReplayTheSpireMod:Ring of Exchange"},{"floor":14,"key":"hubris:MysteriousPyramids"},{"floor":23,"key":"Smiling Mask"},{"floor":25,"key":"Runesmith:Locket"},{"floor":26,"key":"Onion Ring"},{"floor":27,"key":"ReplayFunnel"},{"floor":31,"key":"Replay:Rubber Ducky"},{"floor":40,"key":"FireBladeMod:LegBrace"},{"floor":44,"key":"hubris:DuctTape"}],"event_choices":[{"damage_healed":0,"gold_gain":0,"player_choice":"Embrace Madness","damage_taken":11,"max_hp_gain":0,"max_hp_loss":0,"event_name":"Winding Halls","floor":36,"gold_loss":0,"cards_obtained":["Madness","Madness"]},{"damage_healed":0,"gold_gain":0,"player_choice":"Leave","damage_taken":0,"max_hp_gain":0,"max_hp_loss":0,"event_name":"conspire:Investor","floor":37,"gold_loss":0},{"cards_removed":["FireBladeMod:StrikeFireBlade"],"damage_healed":0,"gold_gain":0,"player_choice":"Offered Basic","damage_taken":0,"max_hp_gain":0,"max_hp_loss":0,"event_name":"Bonfire Elementals","floor":38,"gold_loss":0},{"damage_healed":0,"gold_gain":0,"player_choice":"Bought 0 Potions","damage_taken":0,"max_hp_gain":0,"max_hp_loss":0,"event_name":"The Woman in Blue","floor":47,"gold_loss":0}],"is_beta":false,"boss_relics":[{"not_picked":["aspiration:MobileForge","Pandora\u0027s Box"],"picked":"vexMod:GhostlyGear"},{"not_picked":["StuffTheSpire:Saxophone","Abe\u0027s Treasure"],"picked":"conspire:RoyalGoblet"}],"items_purged_floors":[29],"is_endless":false,"potions_floor_spawned":[3,4,6,11,13,19,20,24,27,31,35,41,44,46,48],"ascension_level":1}}