{"host":"l4kdldlios54gl54","time":1610417961,"event":{"mods":["AchievementEnabler","BaseMod","Colored Map","Colored Powertips","Minty Spire (QoL Compilation)","Random Character Button"],"gold_per_floor":[215,233,249,249,64,64,99,118,118,38,70,70,35,48,48,122,122,139,139,139,152,152,152,180,180,180,192,58,85,96,96,96,96,96],"floor_reached":33,"playtime":1117,"items_purged":["Strike_B","Strike_B"],"score":532,"play_id":"e6995c00-1cfb-48c2-b03d-07a0d8318235","local_time":"20210112031921","is_ascension_mode":true,"campfire_choices":[{"floor":6,"key":"REST"},{"floor":12,"key":"REST"},{"floor":15,"key":"REST"},{"floor":23,"key":"REST"},{"floor":25,"key":"REST"},{"floor":32,"key":"REST"}],"circlet_count":0,"master_deck":["AscendersBane","Strike_B+1","Strike_B+1","Defend_B+1","Defend_B+1","Defend_B+1","Defend_B+1","Zap+1","Dualcast","Rebound","Lockon","Auto Shields","Ball Lightning","Loop","Glacier","Seek","Electrodynamics","Writhe"],"relics":["Cracked Core","The Courier","Emotion Chip","Turnip","Sozu","Bottled Lightning","Darkstone Periapt","DataDisk","Potion Belt","Akabeko"],"acts_visited":["Exordium","TheCity"],"potions_floor_usage":[11,16,21,33],"damage_taken":[{"damage":4,"enemies":"Jaw Worm","floor":1,"turns":3},{"damage":9,"enemies":"2 Louse","floor":2,"turns":2},{"damage":0,"enemies":"Small Slimes","floor":3,"turns":2},{"damage":21,"enemies":"Lagavulin","floor":7,"turns":5},{"damage":11,"enemies":"Looter","floor":8,"turns":3},{"damage":7,"enemies":"3 Sentries","floor":11,"turns":8},{"damage":5,"enemies":"Blue Slaver","floor":14,"turns":3},{"damage":15,"enemies":"Slime Boss","floor":16,"turns":10},{"damage":9,"enemies":"2 Thieves","floor":18,"turns":3},{"damage":6,"enemies":"Chosen","floor":21,"turns":5},{"damage":33,"enemies":"Book of Stabbing","floor":24,"turns":4},{"damage":24,"enemies":"Shelled Parasite and Fungi","floor":27,"turns":4},{"damage":0,"enemies":"Cultist and Chosen","floor":30,"turns":3},{"damage":50,"enemies":"Champ","floor":33,"turns":13}],"seed_played":"-2660785897613147877","potions_obtained":[{"floor":7,"key":"Fire Potion"},{"floor":8,"key":"FearPotion"},{"floor":11,"key":"BlessingOfTheForge"},{"floor":16,"key":"ColorlessPotion"}],"is_trial":false,"path_per_floor":["M","M","M","?","$","R","E","M","T","$","E","R","?","M","R","B",null,"M","?","?","M","?","R","E","R","T","M","$","T","M","?","R","B"],"character_chosen":"DEFECT","items_purchased":["Ball Lightning","Loop","DataDisk"],"campfire_rested":6,"item_purchase_floors":[5,5,28],"current_hp_per_floor":[60,51,51,30,30,51,30,19,19,19,12,33,50,45,66,51,66,57,57,37,31,31,53,20,42,42,18,18,18,18,24,48,0,0],"gold":96,"neow_bonus":"HUNDRED_GOLD","is_daily":false,"chose_seed":false,"campfire_upgraded":0,"win_rate":0.0,"timestamp":1610417961,"path_taken":["M","M","M","?","$","R","E","M","T","$","E","R","?","M","R","BOSS","M","?","?","M","?","R","E","R","T","?","$","?","M","?","R","BOSS"],"items_purchased_type":["Card","Card","Relic"],"build_version":"2020-12-22","purchased_purges":2,"victory":false,"max_hp_per_floor":[71,71,71,71,71,71,71,71,71,71,71,71,71,71,71,71,71,71,71,76,76,76,76,76,76,76,76,76,76,76,82,82,82,82],"card_choices":[{"not_picked":["Steam","Redo"],"picked":"Rebound","floor":1},{"not_picked":["Chaos","Go for the Eyes"],"picked":"Lockon","floor":2},{"not_picked":["Streamline","Tempest"],"picked":"Auto Shields","floor":3},{"not_picked":["Rip and Tear","Chaos","Force Field"],"picked":"SKIP","floor":7},{"not_picked":["Rebound","Compile Driver"],"picked":"Glacier","floor":8},{"not_picked":["Loop","Ball Lightning"],"picked":"Seek","floor":11},{"not_picked":["Rip and Tear","Melter","Barrage"],"picked":"SKIP","floor":14},{"not_picked":["Amplify","Reboot"],"picked":"Electrodynamics","floor":16},{"not_picked":["Streamline","Hologram","Heatsinks"],"picked":"SKIP","floor":18},{"not_picked":["White Noise","Chill","Force Field"],"picked":"SKIP","floor":21},{"not_picked":["Creative AI","Steam","Rip and Tear"],"picked":"SKIP","floor":24},{"not_picked":["Rebound","Melter","FTL"],"picked":"SKIP","floor":27},{"not_picked":["Stack","Redo","Force Field"],"picked":"SKIP","floor":30}],"player_experience":849958,"relics_obtained":[{"floor":7,"key":"The Courier"},{"floor":9,"key":"Emotion Chip"},{"floor":11,"key":"Turnip"},{"floor":24,"key":"Bottled Lightning"},{"floor":26,"key":"Darkstone Periapt"},{"floor":29,"key":"Potion Belt"}],"event_choices":[{"damage_healed":0,"gold_gain":0,"player_choice":"Entered Light","damage_taken":21,"max_hp_gain":0,"max_hp_loss":0,"event_name":"Shining Light","floor":4,"gold_loss":0,"cards_upgraded":["Defend_B","Zap"]},{"damage_healed":17,"gold_gain":0,"player_choice":"Healed","damage_taken":0,"max_hp_gain":0,"max_hp_loss":0,"event_name":"The Cleric","floor":13,"gold_loss":35},{"damage_healed":0,"gold_gain":0,"player_choice":"Simplicity","damage_taken":0,"max_hp_gain":0,"max_hp_loss":0,"event_name":"Back to Basics","floor":19,"gold_loss":0,"cards_upgraded":["Strike_B","Strike_B","Defend_B","Defend_B","Defend_B"]},{"damage_healed":0,"gold_gain":0,"player_choice":"Shed Blood","damage_taken":25,"max_hp_gain":5,"max_hp_loss":0,"event_name":"Forgotten Altar","floor":20,"gold_loss":0},{"damage_healed":0,"gold_gain":0,"player_choice":"Ignored","damage_taken":0,"max_hp_gain":0,"max_hp_loss":0,"event_name":"Vampires","floor":22,"gold_loss":0},{"damage_healed":0,"gold_gain":0,"player_choice":"Opened","damage_taken":0,"relics_obtained":["Akabeko"],"max_hp_gain":0,"max_hp_loss":0,"event_name":"The Mausoleum","floor":31,"gold_loss":0,"cards_obtained":["Writhe"]}],"is_beta":false,"boss_relics":[{"not_picked":["Snecko Eye","SacredBark"],"picked":"Sozu"}],"items_purged_floors":[5,10],"is_endless":false,"potions_floor_spawned":[7,8,11,16,18,24],"killed_by":"Champ","ascension_level":19}}