{"host":"w9yruvs4bqht6bhw","time":1610427326,"event":{"mods":["BaseMod","Colored Powertips","Minty Spire (QoL Compilation)"],"gold_per_floor":[214,231,231,251,0,27,27,27,54,54,70,70,20,35,35,135,135,155,166,177,152,164,164,164],"floor_reached":23,"playtime":966,"items_purged":[],"score":280,"play_id":"3e63692d-796e-4063-96fe-6cf57001bcea","local_time":"20210111235526","is_ascension_mode":true,"campfire_choices":[{"data":"Anger","floor":7,"key":"SMITH"},{"floor":12,"key":"REST"},{"data":"Rampage","floor":15,"key":"SMITH"}],"circlet_count":0,"master_deck":["Strike_R","Strike_R","Strike_R","Strike_R","Defend_R","Defend_R","Defend_R","Defend_R","Bash","Rampage+1","Anger+1","Pummel","Flame Barrier","True Grit","True Grit","Uppercut","Battle Trance+1"],"relics":["Burning Blood","Membership Card","Anchor","Nunchaku","Blood Vial","Dream Catcher","Empty Cage"],"acts_visited":["Exordium","TheCity"],"potions_floor_usage":[6,16,20,20,22,23,23],"damage_taken":[{"damage":13,"enemies":"Jaw Worm","floor":1,"turns":4},{"damage":10,"enemies":"Small Slimes","floor":2,"turns":5},{"damage":9,"enemies":"2 Louse","floor":4,"turns":3},{"damage":20,"enemies":"3 Sentries","floor":6,"turns":8},{"damage":15,"enemies":"Gremlin Gang","floor":11,"turns":4},{"damage":0,"enemies":"2 Fungi Beasts","floor":14,"turns":4},{"damage":53,"enemies":"The Guardian","floor":16,"turns":13},{"damage":22,"enemies":"Shell Parasite","floor":18,"turns":7},{"damage":33,"enemies":"2 Thieves","floor":19,"turns":4},{"damage":12,"enemies":"Shelled Parasite and Fungi","floor":20,"turns":7},{"damage":25,"enemies":"Snake Plant","floor":22,"turns":6},{"damage":28,"enemies":"Book of Stabbing","floor":23,"turns":4}],"seed_played":"-571903446325495270","potions_obtained":[{"floor":4,"key":"Dexterity Potion"},{"floor":11,"key":"FearPotion"},{"floor":14,"key":"Swift Potion"},{"floor":16,"key":"HeartOfIron"},{"floor":20,"key":"HeartOfIron"}],"is_trial":false,"path_per_floor":["M","M","?","M","$","E","R","?","T","?","M","R","$","M","R","B",null,"M","M","M","$","M","E"],"character_chosen":"IRONCLAD","items_purchased":["Membership Card","SteroidPotion","Anchor","True Grit","Uppercut","PowerPotion"],"campfire_rested":1,"item_purchase_floors":[5,5,5,13,13,21],"current_hp_per_floor":[65,61,66,63,63,49,49,42,42,63,56,81,81,85,85,38,71,57,32,28,28,11,0,0],"gold":164,"neow_bonus":"HUNDRED_GOLD","is_daily":false,"chose_seed":false,"campfire_upgraded":2,"win_rate":0.0,"timestamp":1610427326,"path_taken":["M","M","?","M","$","E","R","?","T","?","M","R","$","M","R","BOSS","M","M","M","$","M","E"],"items_purchased_type":["Relic","Potion","Relic","Card","Card","Potion"],"build_version":"2020-12-22","purchased_purges":0,"victory":false,"max_hp_per_floor":[80,80,85,85,85,85,85,85,85,85,85,85,85,85,85,85,82,82,82,82,82,82,82,82],"card_choices":[{"not_picked":["Iron Wave","Intimidate"],"picked":"Rampage","floor":1},{"not_picked":["Cleave","Flex"],"picked":"Anger","floor":2},{"not_picked":["Metallicize","Flex"],"picked":"Pummel","floor":4},{"not_picked":["Cleave","Iron Wave","Anger"],"picked":"SKIP","floor":6},{"not_picked":["Heavy Blade","Entrench"],"picked":"Flame Barrier","floor":11},{"not_picked":["Dropkick","Body Slam"],"picked":"True Grit","floor":12},{"not_picked":["Perfected Strike","Anger","Heavy Blade"],"picked":"SKIP","floor":14},{"not_picked":["Heavy Blade","Clash","Warcry+1"],"picked":"SKIP","floor":18},{"not_picked":["Inflame","Flex"],"picked":"Battle Trance+1","floor":19},{"not_picked":["Evolve+1","Anger","Cleave"],"picked":"SKIP","floor":20},{"not_picked":["Rupture","Twin Strike+1","Searing Blow"],"picked":"SKIP","floor":22}],"player_experience":384641,"relics_obtained":[{"floor":6,"key":"Nunchaku"},{"floor":9,"key":"Dream Catcher"}],"event_choices":[{"damage_healed":0,"gold_gain":0,"player_choice":"Donut","damage_taken":0,"max_hp_gain":5,"max_hp_loss":0,"event_name":"Big Fish","floor":3,"gold_loss":0},{"damage_healed":0,"gold_gain":0,"player_choice":"Success","damage_taken":7,"relics_obtained":["Blood Vial"],"max_hp_gain":0,"max_hp_loss":0,"event_name":"Scrap Ooze","floor":8,"gold_loss":0},{"damage_healed":21,"gold_gain":0,"player_choice":"Healed and dodged fight","damage_taken":0,"max_hp_gain":0,"max_hp_loss":0,"event_name":"Mushrooms","floor":10,"gold_loss":0,"cards_obtained":["Parasite"]}],"is_beta":false,"boss_relics":[{"not_picked":["Busted Crown","Runic Cube"],"picked":"Empty Cage"}],"items_purged_floors":[],"is_endless":false,"potions_floor_spawned":[4,11,14,16,19,20],"killed_by":"Book of Stabbing","ascension_level":9}}