{"host":"dhr6iszse2qz12e2","time":1610455290,"event":{"mods":["100% Spire Juice","2.2 Compatiblity","A Magickal Journey","Act Like it!","BaseMod","Bestiary","Better Note","BetterRewards","Colored Map","Downfall","Gensokyo","Hermit","Hubris","Infinite Spire","Marisa????????","Minty Spire (QoL Compilation)","Permanent Neow","Quick Restart","Reimu??????","Replay The Spire","Shop Mod","StSLib","Td1madao Mod","The Administrix","The Animator","The Bug Knight","The Cursed","The Gatherer","The Hierophant","The IronCluck","The Jungle","The Servant 0.9.4","everything is the same but u backflip on backflip","slay the spire mod where everything is the same but ironclad has a cowboy hat","??????REMEMod"],"gold_per_floor":[111,111,111,125,142,155,172,172,199,199,124,159,59,90,90,187,187,201,201,221,221,239,268,288,288,313,313,328,528,528,544,544,645,645,662,662,662,662,673,673,692,692,768,788,788,723,740,753,753,753,753,753,15,42,42,42],"floor_reached":55,"playtime":3688,"items_purged":["AdministrixMod:Strike_Administrix","AdministrixMod:Strike_Administrix","AdministrixMod:Strike_Administrix"],"score":649,"play_id":"fbd80f55-4b9a-4246-9fff-bf24f63e0355","local_time":"20210112144130","is_ascension_mode":false,"campfire_choices":[{"data":"AdministrixMod:HiddenPower","floor":10,"key":"SMITH"},{"data":"AdministrixMod:LifeforceNet","floor":15,"key":"SMITH"},{"data":"AdministrixMod:FearOfDeath","floor":25,"key":"SMITH"},{"data":"AdministrixMod:CastOffRegrets","floor":30,"key":"SMITH"},{"floor":32,"key":"REST"},{"data":"AdministrixMod:DeathByGlamour","floor":40,"key":"SMITH"},{"data":"AdministrixMod:ArmillarySphere","floor":42,"key":"SMITH"},{"floor":45,"key":"RECALL"},{"floor":49,"key":"REST"},{"data":"AdministrixMod:HarmonicReverence","floor":52,"key":"SMITH"}],"circlet_count":0,"master_deck":["AdministrixMod:Defend_Administrix+1","AdministrixMod:BlueCloak","AdministrixMod:CosmosControl+1","AdministrixMod:Convergence+1","AdministrixMod:NoblePath","AdministrixMod:ShadowPlay","AdministrixMod:LifeforceNet+1","AdministrixMod:HiddenPower+1","AdministrixMod:RisingSunPrince+1","AdministrixMod:ShadowPlay","AdministrixMod:DiversionaryTactic","AdministrixMod:FearOfDeath+1","AdministrixMod:CastOffRegrets+1","AdministrixMod:ShadowPlay","AdministrixMod:ChooseYourEnd+1","AdministrixMod:DeathByGlamour+1","AdministrixMod:ArmillarySphere+1","AdministrixMod:HarmonicReverence+1","AdministrixMod:HarmonicReverence+1","ReplayTheSpireMod:Brewmster+1"],"relics":["AdministrixMod:ConductorRitualBaton","REME_ComplimentaryCards","Replay:Baseball","infinitespire:Golems Mask","hubris:Stopwatch","hubris:PeanutButter","Toy Ornithopter","Gremlin Food","Empty Cage","The Courier","Iron Hammer","Guide Book","Replay:Bottled Steam","hubris:MysteriousPyramids"],"acts_visited":["Exordium","TheCity","TheBeyond","TheEnding"],"potions_floor_usage":[14,16,16,18,24,53,54,54,55,55,55,55,55],"damage_taken":[{"damage":7,"enemies":"Small Slimes","floor":1,"turns":4},{"damage":1,"enemies":"Cultist","floor":4,"turns":4},{"damage":3,"enemies":"2 Louse","floor":5,"turns":4},{"damage":11,"enemies":"Large Slime","floor":6,"turns":6},{"damage":12,"enemies":"2 Fungi Beasts","floor":7,"turns":2},{"damage":30,"enemies":"Gremlin Nob","floor":12,"turns":6},{"damage":8,"enemies":"3 Sentries","floor":14,"turns":6},{"damage":5,"enemies":"Hexaghost","floor":16,"turns":9},{"damage":2,"enemies":"Shell Parasite","floor":18,"turns":3},{"damage":12,"enemies":"Chosen","floor":20,"turns":5},{"damage":37,"enemies":"Centurion and Healer","floor":22,"turns":4},{"damage":46,"enemies":"Gremlin Leader","floor":23,"turns":5},{"damage":0,"enemies":"3 Cultists","floor":24,"turns":4},{"damage":0,"enemies":"Cultist and Chosen","floor":28,"turns":4},{"damage":17,"enemies":"Shelled Parasite and Fungi","floor":31,"turns":3},{"damage":8,"enemies":"Collector","floor":33,"turns":6},{"damage":11,"enemies":"3 Darklings","floor":35,"turns":3},{"damage":9,"enemies":"3 Shapes","floor":39,"turns":4},{"damage":15,"enemies":"Maw","floor":41,"turns":6},{"damage":6,"enemies":"4 Shapes","floor":44,"turns":4},{"damage":5,"enemies":"Writhing Mass","floor":47,"turns":2},{"damage":8,"enemies":"Spire Growth","floor":48,"turns":3},{"damage":67,"enemies":"Donu and Deca","floor":50,"turns":6},{"damage":43,"enemies":"Shield and Spear","floor":54,"turns":5},{"damage":89,"enemies":"The Heart","floor":55,"turns":5}],"seed_played":"5165445788753913534","potions_obtained":[{"floor":4,"key":"SpeedPotion"},{"floor":12,"key":"Dexterity Potion"},{"floor":14,"key":"GamblersBrew"},{"floor":16,"key":"ColorlessPotion"},{"floor":23,"key":"EssenceOfSteel"},{"floor":47,"key":"PowerPotion"}],"is_trial":false,"path_per_floor":["M","?","?","M","M","M","M","?","T","R","$","E","$","E","R","B",null,"M","?","M","?","M","E","M","R","T","AVR","M","?","R","M","R","B",null,"M","AVR","$","?","M","R","M","R","T","M","R","$","M","M","R","B",null,"R","$","E","B"],"character_chosen":"TheAdministrix","items_purchased":["AdministrixMod:HarmonicReverence","ReplayTheSpireMod:Brewmster","Guide Book","Replay:Bottled Steam","sneckomod:MuddlingPotion","REME_GoldPotion","ColorlessPotion","LiquidMemories"],"campfire_rested":2,"item_purchase_floors":[46,53,53,53,53,53,53,53],"current_hp_per_floor":[40,33,33,32,29,18,6,6,6,6,6,19,19,11,11,6,65,63,63,51,51,14,17,17,17,17,17,17,17,17,19,38,30,65,54,54,54,54,45,45,30,30,30,24,24,24,19,11,30,19,65,65,65,32,0,0],"gold":42,"neow_bonus":"THREE_RARE_CARDS","is_daily":false,"chose_seed":false,"campfire_upgraded":7,"win_rate":0.0,"timestamp":1610455290,"path_taken":["M","?","?","M","M","?","M","?","T","R","$","E","?","E","R","BOSS","M","?","M","?","M","E","M","R","T","AVR","M","?","R","M","R","BOSS","M","AVR","?","?","?","R","M","R","T","M","R","$","M","M","R","BOSS","R","$","E","BOSS"],"items_purchased_type":["Card","Card","Relic","Relic","Potion","Potion","Potion","Potion"],"build_version":"2020-12-22","purchased_purges":3,"victory":false,"max_hp_per_floor":[65,65,65,65,65,65,65,65,65,65,65,65,65,65,65,65,65,65,65,65,65,65,65,65,65,65,65,65,65,65,65,65,65,65,65,65,65,65,65,65,65,65,65,65,65,65,65,65,65,65,65,65,65,65,65,65],"card_choices":[{"not_picked":["AdministrixMod:BattleforgedBonds","AdministrixMod:WifeLightning"],"picked":"AdministrixMod:CosmosControl","floor":0},{"not_picked":["AdministrixMod:SealAway","AdministrixMod:TrickOfTheLight"],"picked":"AdministrixMod:Convergence","floor":1},{"not_picked":["AdministrixMod:GuanyinBlessing","AdministrixMod:PlateOfAntiquity"],"picked":"AdministrixMod:NoblePath","floor":4},{"not_picked":["AdministrixMod:CrackingPangu","AdministrixMod:RegentEdict"],"picked":"AdministrixMod:ShadowPlay","floor":5},{"not_picked":["AdministrixMod:SyncreticPlunge","AdministrixMod:QuietConspiracy"],"picked":"AdministrixMod:LifeforceNet","floor":6},{"not_picked":["AdministrixMod:CenturiesAscent","AdministrixMod:Katabasis"],"picked":"AdministrixMod:HiddenPower","floor":7},{"not_picked":["AdministrixMod:TouchOfCinnabar","AdministrixMod:ExtolVirtue"],"picked":"AdministrixMod:ShadowPlay","floor":12},{"not_picked":["AdministrixMod:ChooseYourEnd","AdministrixMod:FuneraryRites"],"picked":"AdministrixMod:DiversionaryTactic","floor":14},{"not_picked":["AdministrixMod:GirlsDoItBetter","AdministrixMod:HopeInTheDark"],"picked":"AdministrixMod:FearOfDeath","floor":16},{"not_picked":["AdministrixMod:RebukeDesires","AdministrixMod:TrickOfTheLight+1","AdministrixMod:JustRewards"],"picked":"SKIP","floor":18},{"not_picked":["AdministrixMod:DiversionaryTactic","AdministrixMod:RebukeDesires"],"picked":"AdministrixMod:CastOffRegrets","floor":20},{"not_picked":["AdministrixMod:BishamonBlessing","AdministrixMod:CrackingPangu","AdministrixMod:LightOfYourLife"],"picked":"SKIP","floor":22},{"not_picked":["AdministrixMod:DiversionaryTactic","AdministrixMod:SeventeenArticleLaser+1","AdministrixMod:SipOfSparks"],"picked":"SKIP","floor":23},{"not_picked":["AdministrixMod:NewbornDivinity","AdministrixMod:Transition"],"picked":"AdministrixMod:ShadowPlay","floor":24},{"not_picked":["AdministrixMod:NoblePath","AdministrixMod:JustRewards+1"],"picked":"AdministrixMod:ChooseYourEnd","floor":28},{"not_picked":["AdministrixMod:Wuji","AdministrixMod:RebukeDesires","AdministrixMod:ImmortalPurity"],"picked":"SKIP","floor":31},{"not_picked":["AdministrixMod:HopeInTheDark","AdministrixMod:Schism"],"picked":"AdministrixMod:DeathByGlamour","floor":33},{"not_picked":["AdministrixMod:ImmortalGrace","AdministrixMod:LightOfYourLife+1","AdministrixMod:DreamsMausoleum"],"picked":"SKIP","floor":35},{"not_picked":["AdministrixMod:QuietConspiracy+1","AdministrixMod:TouchOfCinnabar+1"],"picked":"AdministrixMod:ArmillarySphere","floor":39},{"not_picked":["AdministrixMod:QuietConspiracy+1","AdministrixMod:RisingSunPrince+1","AdministrixMod:FuneraryRites"],"picked":"SKIP","floor":41},{"not_picked":["AdministrixMod:Transition","AdministrixMod:CastOffRegrets+1"],"picked":"AdministrixMod:HarmonicReverence+1","floor":44},{"not_picked":["AdministrixMod:NewWardrobe","AdministrixMod:LightOfYourLife+1","AdministrixMod:DreamsMausoleum+1"],"picked":"SKIP","floor":47},{"not_picked":["AdministrixMod:ShadowPlay","AdministrixMod:PlateOfAntiquity+1","AdministrixMod:ImmortalGrace+1"],"picked":"SKIP","floor":48},{"not_picked":["AdministrixMod:CrackingPangu+1","AdministrixMod:ReachToHeaven+1","AdministrixMod:CenturiesAscent"],"picked":"SKIP","floor":54}],"player_experience":448886,"relics_obtained":[{"floor":12,"key":"Replay:Baseball"},{"floor":14,"key":"infinitespire:Golems Mask"},{"floor":23,"key":"hubris:PeanutButter"},{"floor":26,"key":"Toy Ornithopter"},{"floor":43,"key":"Iron Hammer"},{"floor":54,"key":"hubris:MysteriousPyramids"}],"event_choices":[{"cards_removed":["AdministrixMod:Defend_Administrix"],"damage_healed":0,"gold_gain":0,"player_choice":"Card Removal","damage_taken":7,"max_hp_gain":0,"max_hp_loss":0,"event_name":"Golden Wing","floor":2,"gold_loss":0},{"damage_healed":0,"gold_gain":0,"player_choice":"Forge","damage_taken":0,"max_hp_gain":0,"max_hp_loss":0,"event_name":"Accursed Blacksmith","floor":3,"gold_loss":0,"cards_upgraded":["AdministrixMod:Convergence"]},{"damage_healed":0,"gold_gain":0,"player_choice":"Bought 0 Potions","damage_taken":0,"max_hp_gain":0,"max_hp_loss":0,"event_name":"The Woman in Blue","floor":19,"gold_loss":0},{"cards_removed":["AdministrixMod:LifeforceNet"],"damage_healed":0,"gold_gain":0,"player_choice":"Give","damage_taken":0,"max_hp_gain":0,"max_hp_loss":0,"event_name":"betterNote:BetterNote","floor":21,"gold_loss":0,"cards_obtained":["EscapeVelocity"]},{"damage_healed":0,"gold_gain":200,"player_choice":"Gold","damage_taken":0,"max_hp_gain":0,"max_hp_loss":0,"event_name":"Wheel of Change","floor":29,"gold_loss":0},{"cards_removed":["AdministrixMod:Defend_Administrix"],"damage_healed":0,"gold_gain":0,"player_choice":"Purged","damage_taken":0,"max_hp_gain":0,"max_hp_loss":0,"event_name":"Purifier","floor":38,"gold_loss":0}],"is_beta":false,"boss_relics":[{"not_picked":["Painkiller Herb","REME_DemonsWealth"],"picked":"hubris:Stopwatch"},{"not_picked":["hubris:GrandSneckoEye","RedLine:ReiMu"],"picked":"Empty Cage"}],"items_purged_floors":[11,13,53],"is_endless":false,"potions_floor_spawned":[4,12,14,16,22,23,24,35,47,48,54],"killed_by":"The Heart","ascension_level":0}}