{"host":"rqa16aq70mwh8hxq","time":1610425442,"event":{"mods":["BaseMod","Minty Spire (QoL Compilation)","Permanent Neow","Quick Restart","StSLib","SuperFastMode"],"gold_per_floor":[115,130,8,8,183,183,5,5,5,5,5,23,42,73,73,203,203,226,244,263,63,63,102,102,136,188,35,35,51,51,90,90,210,210,223,223,236,250,100,134,150,189,189,208,224,240,259,278,278,278],"floor_reached":51,"playtime":2696,"items_purged":["Defend_P","Doubt","Defend_P","Strike_P"],"score":1197,"play_id":"28ed17f8-fe05-4b6b-a8c9-3e19450207ca","local_time":"20210112122402","is_ascension_mode":true,"campfire_choices":[{"data":"MentalFortress","floor":6.0,"key":"SMITH"},{"data":"Adaptation","floor":8.0,"key":"SMITH"},{"data":"Vigilance","floor":11.0,"key":"SMITH"},{"data":"EmptyMind","floor":15.0,"key":"SMITH"},{"data":"Tantrum","floor":24.0,"key":"SMITH"},{"data":"FlurryOfBlows","floor":28.0,"key":"SMITH"},{"floor":32.0,"key":"RECALL"},{"floor":49.0,"key":"REST"}],"circlet_count":0,"master_deck":["Strike_P","Eruption+1","Vigilance+1","MentalFortress+1","FlurryOfBlows+1","Halt+1","Adaptation+1","EmptyMind+1","Scrawl+1","Evaluate+1","EmptyMind+1","BattleHymn+1","FollowUp+1","Wallop+1","Tantrum+1","FearNoEvil+1","Adaptation+1","WheelKick+1","SandsOfTime+1","InnerPeace+1","Consecrate+1"],"relics":["PureWater","Bottled Lightning","Golden Idol","StrikeDummy","Astrolabe","Blue Candle","MealTicket","Lantern","War Paint","Torii","Philosopher\u0027s Stone","Shovel","Regal Pillow","Bottled Tornado"],"acts_visited":["Exordium","TheCity","TheBeyond"],"potions_floor_usage":[50],"damage_taken":[{"damage":0.0,"enemies":"Small Slimes","floor":1.0,"turns":2.0},{"damage":2.0,"enemies":"2 Louse","floor":2.0,"turns":4.0},{"damage":0.0,"enemies":"Jaw Worm","floor":12.0,"turns":2.0},{"damage":3.0,"enemies":"Exordium Wildlife","floor":13.0,"turns":3.0},{"damage":19.0,"enemies":"3 Sentries","floor":14.0,"turns":6.0},{"damage":12.0,"enemies":"Slime Boss","floor":16.0,"turns":6.0},{"damage":6.0,"enemies":"Shell Parasite","floor":18.0,"turns":4.0},{"damage":0.0,"enemies":"Spheric Guardian","floor":19.0,"turns":3.0},{"damage":0.0,"enemies":"Snecko","floor":20.0,"turns":3.0},{"damage":20.0,"enemies":"Gremlin Leader","floor":23.0,"turns":6.0},{"damage":9.0,"enemies":"Book of Stabbing","floor":25.0,"turns":4.0},{"damage":0.0,"enemies":"Centurion and Healer","floor":29.0,"turns":3.0},{"damage":0.0,"enemies":"Gremlin Leader","floor":31.0,"turns":3.0},{"damage":0.0,"enemies":"Automaton","floor":33.0,"turns":6.0},{"damage":8.0,"enemies":"3 Shapes","floor":35.0,"turns":2.0},{"damage":0.0,"enemies":"3 Darklings","floor":37.0,"turns":2.0},{"damage":1.0,"enemies":"Writhing Mass","floor":38.0,"turns":4.0},{"damage":0.0,"enemies":"Reptomancer","floor":40.0,"turns":4.0},{"damage":1.0,"enemies":"Sphere and 2 Shapes","floor":41.0,"turns":3.0},{"damage":23.0,"enemies":"Nemesis","floor":42.0,"turns":5.0},{"damage":1.0,"enemies":"Jaw Worm Horde","floor":44.0,"turns":3.0},{"damage":0.0,"enemies":"4 Shapes","floor":45.0,"turns":3.0},{"damage":0.0,"enemies":"Maw","floor":46.0,"turns":5.0},{"damage":25.0,"enemies":"3 Darklings","floor":47.0,"turns":4.0},{"damage":0.0,"enemies":"Writhing Mass","floor":48.0,"turns":3.0},{"damage":42,"enemies":"Awakened One","floor":50,"turns":8}],"seed_played":"3806097344978037071","potions_obtained":[{"floor":1.0,"key":"BottledMiracle"},{"floor":12.0,"key":"SteroidPotion"},{"floor":14.0,"key":"Ancient Potion"},{"floor":18.0,"key":"SmokeBomb"},{"floor":25.0,"key":"GamblersBrew"},{"floor":29.0,"key":"Dexterity Potion"},{"floor":31.0,"key":"Ancient Potion"},{"floor":37.0,"key":"Weak Potion"},{"floor":40.0,"key":"SpeedPotion"},{"floor":41.0,"key":"Explosive Potion"},{"floor":45.0,"key":"SpeedPotion"},{"floor":47.0,"key":"PowerPotion"}],"is_trial":false,"path_per_floor":["M","M","$","?","?","R","$","R","T","?","R","M","M","E","R","B",null,"M","M","M","$","?","E","R","E","T","$","R","M","?","E","R","B",null,"M","?","M","M","$","E","M","E","T","M","M","M","M","M","R","B",null],"character_chosen":"WATCHER","items_purchased":["Halt","Adaptation","Tantrum","War Paint"],"campfire_rested":1,"item_purchase_floors":[3,7,21,27],"current_hp_per_floor":[65,63,63,63,63,63,63,63,63,45,45,45,42,23,23,11,57,51,51,51,51,51,31,31,22,22,37,37,37,37,37,37,37,63,55,55,55,54,69,69,68,45,45,44,44,44,19,19,55,13],"gold":278,"neow_bonus":"REMOVE_CARD","is_daily":false,"chose_seed":false,"campfire_upgraded":6,"win_rate":0.0,"timestamp":1610425442,"path_taken":["M","M","$","?","?","R","$","R","T","?","R","M","?","E","R","BOSS","M","M","M","$","?","E","R","E","T","$","R","M","?","E","R","BOSS","M","?","?","M","$","E","M","E","T","M","M","M","M","M","R","BOSS"],"items_purchased_type":["Card","Card","Card","Relic"],"build_version":"2020-12-22","purchased_purges":4,"victory":true,"max_hp_per_floor":[72,72,72,72,72,72,72,72,72,72,72,72,72,72,72,72,72,72,72,72,72,72,72,72,72,72,72,72,72,72,72,72,72,72,72,72,72,72,72,72,72,72,72,72,72,72,72,72,72,72],"card_choices":[{"not_picked":["Perseverance","LikeWater"],"picked":"MentalFortress","floor":1.0},{"not_picked":["Prostrate","SignatureMove"],"picked":"FlurryOfBlows","floor":2.0},{"not_picked":["Swivel","Evaluate"],"picked":"EmptyMind","floor":12.0},{"not_picked":["CrushJoints","EmptyBody","JustLucky"],"picked":"SKIP","floor":13.0},{"not_picked":["PathToVictory","Nirvana","Blasphemy"],"picked":"SKIP","floor":14.0},{"not_picked":["Devotion","MasterReality"],"picked":"Scrawl","floor":16.0},{"not_picked":["BowlingBash","EmptyMind"],"picked":"FollowUp+1","floor":18.0},{"not_picked":["Crescendo","WaveOfTheHand"],"picked":"Wallop+1","floor":19.0},{"not_picked":["Crescendo+1","WheelKick","CarveReality+1"],"picked":"SKIP","floor":20.0},{"not_picked":["EmptyBody+1","Halt","Study+1"],"picked":"SKIP","floor":23.0},{"not_picked":["MentalFortress+1","Pray","EmptyMind"],"picked":"SKIP","floor":25.0},{"not_picked":["Indignation","Wish","ThirdEye"],"picked":"SKIP","floor":29.0},{"not_picked":["EmptyFist","FlyingSleeves","Judgement"],"picked":"SKIP","floor":31.0},{"not_picked":["EmptyBody+1","JustLucky+1"],"picked":"Adaptation+1","floor":35.0},{"not_picked":["Meditate+1","EmptyFist"],"picked":"WheelKick+1","floor":37.0},{"not_picked":["ClearTheMind+1","Evaluate"],"picked":"SandsOfTime+1","floor":38.0},{"not_picked":["ReachHeaven","InnerPeace","FlyingSleeves"],"picked":"SKIP","floor":40.0},{"not_picked":["Halt","CrushJoints","FlyingSleeves"],"picked":"SKIP","floor":41.0},{"not_picked":["CrushJoints","Crescendo+1"],"picked":"InnerPeace+1","floor":42.0},{"not_picked":["Crescendo","LessonLearned","WheelKick"],"picked":"SKIP","floor":44.0},{"not_picked":["CrushJoints","FollowUp","FlurryOfBlows+1"],"picked":"SKIP","floor":45.0},{"not_picked":["ClearTheMind","PathToVictory+1"],"picked":"Consecrate+1","floor":46.0},{"not_picked":["CutThroughFate","Nirvana","Conclude+1"],"picked":"SKIP","floor":47.0},{"not_picked":["ClearTheMind","MentalFortress+1","PathToVictory+1"],"picked":"SKIP","floor":48.0}],"player_experience":695909,"relics_obtained":[{"floor":9.0,"key":"Bottled Lightning"},{"floor":14.0,"key":"StrikeDummy"},{"floor":23.0,"key":"Blue Candle"},{"floor":25.0,"key":"MealTicket"},{"floor":26.0,"key":"Lantern"},{"floor":31.0,"key":"Torii"},{"floor":40.0,"key":"Shovel"},{"floor":42.0,"key":"Regal Pillow"},{"floor":43.0,"key":"Bottled Tornado"}],"event_choices":[{"damage_healed":0.0,"max_hp_gain":0.0,"max_hp_loss":0.0,"gold_gain":0.0,"event_name":"Living Wall","player_choice":"Grow","floor":4.0,"gold_loss":0.0,"damage_taken":0.0,"cards_upgraded":["Eruption"]},{"damage_healed":0.0,"max_hp_gain":0.0,"max_hp_loss":0.0,"gold_gain":175.0,"event_name":"Liars Game","player_choice":"AGREE","floor":5.0,"gold_loss":0.0,"damage_taken":0.0,"cards_obtained":["Doubt"]},{"damage_healed":0.0,"max_hp_gain":0.0,"max_hp_loss":0.0,"gold_gain":0.0,"event_name":"Golden Idol","player_choice":"Take Damage","floor":10.0,"gold_loss":0.0,"damage_taken":18.0,"relics_obtained":["Golden Idol"]},{"damage_healed":0.0,"max_hp_gain":0.0,"max_hp_loss":0.0,"gold_gain":0.0,"event_name":"The Library","player_choice":"Read","floor":30.0,"gold_loss":0.0,"damage_taken":0.0,"cards_obtained":["FearNoEvil"]},{"damage_healed":0.0,"max_hp_gain":0.0,"max_hp_loss":0.0,"gold_gain":0.0,"event_name":"Upgrade Shrine","player_choice":"Upgraded","floor":36.0,"gold_loss":0.0,"damage_taken":0.0,"cards_upgraded":["FearNoEvil"]}],"is_beta":false,"boss_relics":[{"not_picked":["Tiny House","Runic Dome"],"picked":"Astrolabe"},{"not_picked":["SacredBark","Sozu"],"picked":"Philosopher\u0027s Stone"}],"items_purged_floors":[3,7,21,39],"is_endless":false,"potions_floor_spawned":[1,12,14,18,25,29,31,37,40,41,45,47],"ascension_level":8}}