{"host":"tom9euzqew4po1rs","time":1610469879,"event":{"mods":["BaseMod","Minty Spire (QoL Compilation)","Quick Restart","Rare Cards Sparkle","Replay The Spire","StSLib","The Animator","The Cursed"],"gold_per_floor":[363,385,128,128,32,32,131,146,171,191,191,223,223,238,238,341,341,354,380,21,35,53,53,53,53,53,53,15,26,26,42,42,42,42],"floor_reached":33,"playtime":2067,"items_purged":["Overencumbered","animator:GoblinSlayer"],"score":239,"play_id":"17689703-1a4d-4e25-9239-8a9d5cc1b0fa","local_time":"20210112114439","is_ascension_mode":false,"campfire_choices":[{"floor":6,"key":"RECALL"},{"floor":13,"key":"REST"},{"floor":15,"key":"REST"},{"data":"animator:Geryuganshoop","floor":23,"key":"SMITH"},{"data":"animator:Priestess","floor":27,"key":"SMITH"},{"floor":32,"key":"REST"}],"circlet_count":0,"master_deck":["animator:Strike_Konosuba","animator:Defend_Konosuba","animator:Strike","animator:Strike","animator:Strike","animator:Defend","animator:Defend","animator:Defend","animator:Kazuma","animator:Aqua","animator:Strike_Overlord","animator:RoyMustang","animator:AcuraAkari","animator:Shichika","animator:Emilia+1","animator:Cirno","animator:Priestess+1","animator:ZankiKiguchi","animator:DwarfShaman","animator:MumenRider","animator:HigakiRinne","animator:ShinjiMatou","animator:Mitsurugi","animator:Darkness+1","animator:Geryuganshoop+1","animator:RoyMustang","animator:Togame","animator:Emonzaemon"],"relics":["animator:LivingPicture","animator:TheMissingPiece","Replay:Wax Seal","ReplayTheSpireMod:CursedCoin","Omamori","Mark of Pain","Shuriken","MutagenicStrength","Bottled Lightning"],"acts_visited":["Exordium","TheCity"],"potions_floor_usage":[8,10,12,14,16,19,21,29],"damage_taken":[{"damage":5,"enemies":"2 Louse","floor":1,"turns":4},{"damage":5,"enemies":"Jaw Worm","floor":2,"turns":5},{"damage":0,"enemies":"Small Slimes","floor":8,"turns":3},{"damage":1,"enemies":"Blue Slaver","floor":10,"turns":3},{"damage":14,"enemies":"Exordium Wildlife","floor":12,"turns":2},{"damage":1,"enemies":"3 Louse","floor":14,"turns":4},{"damage":38,"enemies":"The Guardian","floor":16,"turns":10},{"damage":3,"enemies":"3 Byrds","floor":18,"turns":5},{"damage":0,"enemies":"Chosen","floor":19,"turns":5},{"damage":7,"enemies":"Centurion and Healer","floor":21,"turns":4},{"damage":7,"enemies":"3 Cultists","floor":22,"turns":5},{"damage":17,"enemies":"Cultist and Chosen","floor":29,"turns":6},{"damage":37,"enemies":"Snecko","floor":31,"turns":7},{"damage":38,"enemies":"Champ","floor":33,"turns":10}],"seed_played":"-944258626223529594","potions_obtained":[{"floor":7,"key":"SteroidPotion"},{"floor":7,"key":"LiquidBronze"},{"floor":8,"key":"Fire Potion"},{"floor":10,"key":"Explosive Potion"},{"floor":12,"key":"Weak Potion"},{"floor":18,"key":"LiquidMemories"},{"floor":19,"key":"ColorlessPotion"},{"floor":22,"key":"LifebloodPotion"}],"is_trial":false,"path_per_floor":["M","M","$","?","$","R","?","M","T","M","?","M","R","M","R","B",null,"M","M","$","M","M","R","?","?","T","R","$","M","?","M","R","B"],"character_chosen":"THE_ANIMATOR","items_purchased":["Replay:Wax Seal","ReplayTheSpireMod:CursedCoin","animator:Shichika","animator:Emilia","animator:Cirno","Shuriken","animator:RoyMustang"],"campfire_rested":3,"item_purchase_floors":[3,3,3,3,5,20,28],"current_hp_per_floor":[63,60,60,60,60,60,44,46,46,46,46,32,52,53,67,31,67,64,66,66,62,57,57,57,57,57,57,57,42,42,5,25,0,0],"gold":42,"neow_bonus":"TWO_FIFTY_GOLD","is_daily":false,"chose_seed":false,"campfire_upgraded":2,"win_rate":0.0,"timestamp":1610469879,"path_taken":["M","M","$","?","$","R","?","M","T","M","?","M","R","M","R","BOSS","M","M","$","?","M","R","?","?","T","R","$","?","?","?","R","BOSS"],"items_purchased_type":["Relic","Relic","Card","Card","Card","Relic","Card"],"build_version":"2020-12-22","purchased_purges":2,"victory":false,"max_hp_per_floor":[66,66,66,66,66,66,66,66,66,67,67,67,67,67,67,67,67,67,67,67,68,68,68,68,68,68,68,68,68,68,68,68,68,68],"card_choices":[{"not_picked":["animator:Verdia","animator:Hitei"],"picked":"animator:RoyMustang","floor":1},{"not_picked":["animator:Vanir","animator:MaesHughes"],"picked":"animator:AcuraAkari","floor":2},{"not_picked":["animator:LizardPriest","animator:Azekura"],"picked":"animator:Priestess","floor":7},{"not_picked":["animator:ElricEdward","animator:Tatsumaki"],"picked":"animator:ZankiKiguchi","floor":8},{"not_picked":["animator:Priestess","animator:Spearman"],"picked":"animator:DwarfShaman","floor":10},{"not_picked":["animator:ZankiKiguchi","animator:ChaikaBohdan"],"picked":"animator:GoblinSlayer","floor":12},{"not_picked":["animator:Illya","animator:Megumin"],"picked":"animator:MumenRider","floor":14},{"not_picked":["animator:Wiz","animator:ChaikaTrabant"],"picked":"animator:HigakiRinne","floor":16},{"not_picked":["animator:UneriGinkaku","animator:AcuraAkari"],"picked":"animator:ShinjiMatou","floor":18},{"not_picked":["animator:Vanir","animator:Verdia"],"picked":"animator:Mitsurugi","floor":19},{"not_picked":["animator:Genos","animator:Togame+1"],"picked":"animator:Darkness+1","floor":21},{"not_picked":["animator:Rider","animator:Konayuki+1"],"picked":"animator:Geryuganshoop","floor":22},{"not_picked":["animator:Vanir","animator:Scar"],"picked":"animator:Togame","floor":29},{"not_picked":["animator:UneriGinkaku","animator:Azekura"],"picked":"animator:Emonzaemon","floor":31}],"player_experience":104245,"relics_obtained":[{"floor":7,"key":"Omamori"},{"floor":26,"key":"Bottled Lightning"}],"event_choices":[{"damage_healed":0,"gold_gain":0,"player_choice":"Forge","damage_taken":0,"max_hp_gain":0,"max_hp_loss":0,"event_name":"Accursed Blacksmith","floor":11,"gold_loss":0,"cards_upgraded":["animator:Emilia"]},{"damage_healed":0,"gold_gain":0,"player_choice":"Inject Mutagens","damage_taken":0,"relics_obtained":["MutagenicStrength"],"max_hp_gain":0,"max_hp_loss":0,"event_name":"Drug Dealer","floor":25,"gold_loss":0},{"cards_removed":["animator:Defend_MadokaMagica"],"damage_healed":0,"gold_gain":0,"player_choice":"Purged","damage_taken":0,"max_hp_gain":0,"max_hp_loss":0,"event_name":"Purifier","floor":30,"gold_loss":0}],"is_beta":false,"boss_relics":[{"not_picked":["Kintsugi","Calling Bell"],"picked":"Mark of Pain"}],"items_purged_floors":[3,20],"is_endless":false,"potions_floor_spawned":[8,10,12,18,19,22],"killed_by":"Champ","ascension_level":0}}