{"host":"8m15a5tg59nl8vgw","time":1610416883,"event":{"mods":["BaseMod","Minty Spire (QoL Compilation)","StSLib","The Bug Knight","The Senshi"],"gold_per_floor":[119,132,132,132,150,176,56,67,93,115,126,126,161,171,171,270,270,286,286,286,286,299,334,349,349,349,361,72,72,72,88,88,187,187,197,207,107,119,119,119,119],"floor_reached":40,"playtime":3858,"items_purged":["Strike_R","Defend_R"],"score":443,"play_id":"95de7450-9f7e-485e-ae42-b321441086b7","local_time":"20210111210123","is_ascension_mode":false,"campfire_choices":[{"floor":12,"key":"REST"},{"data":"Heavy Blade","floor":15,"key":"SMITH"},{"data":"Limit Break","floor":25,"key":"SMITH"},{"floor":30,"key":"REST"},{"data":"Heavy Blade","floor":32,"key":"SMITH"}],"circlet_count":0,"master_deck":["Strike_R","Strike_R","Strike_R","Defend_R","Defend_R+1","Defend_R","Bash","Rage","Spot Weakness+1","Limit Break+1","Heavy Blade+1","Cleave","Flame Barrier","Cleave","Bludgeon","Heavy Blade+1","Heavy Blade+1","Limit Break","Armaments","Armaments+1"],"relics":["Black Blood","NeowsBlessing","Bag of Preparation","Bronze Scales","Odd Mushroom","Blood Vial","Happy Flower","Centennial Puzzle","Ice Cream","SlaversCollar"],"acts_visited":["Exordium","TheCity","TheBeyond"],"potions_floor_usage":[6,16,23,23,24,33,40],"damage_taken":[{"damage":0,"enemies":"Cultist","floor":1,"turns":1},{"damage":0,"enemies":"2 Louse","floor":2,"turns":1},{"damage":0,"enemies":"Small Slimes","floor":5,"turns":1},{"damage":29,"enemies":"Lagavulin","floor":6,"turns":7},{"damage":3,"enemies":"Exordium Wildlife","floor":8,"turns":5},{"damage":12,"enemies":"The Mushroom Lair","floor":10,"turns":3},{"damage":0,"enemies":"2 Fungi Beasts","floor":11,"turns":2},{"damage":29,"enemies":"Gremlin Nob","floor":13,"turns":5},{"damage":7,"enemies":"Blue Slaver","floor":14,"turns":3},{"damage":18,"enemies":"The Guardian","floor":16,"turns":9},{"damage":0,"enemies":"3 Byrds","floor":18,"turns":1},{"damage":2,"enemies":"Shell Parasite","floor":22,"turns":3},{"damage":45,"enemies":"Slavers","floor":23,"turns":5},{"damage":17,"enemies":"3 Cultists","floor":24,"turns":4},{"damage":19,"enemies":"Snake Plant","floor":27,"turns":4},{"damage":33,"enemies":"Sentry and Sphere","floor":31,"turns":4},{"damage":34,"enemies":"Champ","floor":33,"turns":10},{"damage":15,"enemies":"Orb Walker","floor":35,"turns":2},{"damage":18,"enemies":"3 Shapes","floor":36,"turns":6},{"damage":41,"enemies":"3 Darklings","floor":38,"turns":6},{"damage":91,"enemies":"Nemesis","floor":40,"turns":6}],"seed_played":"6880290243376927142","potions_obtained":[{"floor":5,"key":"AttackPotion"},{"floor":6,"key":"Dexterity Potion"},{"floor":10,"key":"BloodPotion"},{"floor":13,"key":"GamblersBrew"},{"floor":14,"key":"AttackPotion"},{"floor":22,"key":"SpeedPotion"},{"floor":23,"key":"GamblersBrew"},{"floor":33,"key":"Dexterity Potion"},{"floor":38,"key":"ColorlessPotion"}],"is_trial":false,"path_per_floor":["M","M","?","?","M","E","$","M","T","?","M","R","E","M","R","B",null,"M","?","?","?","M","E","M","R","T","M","$","?","R","M","R","B",null,"M","M","$","M","?","E"],"character_chosen":"IRONCLAD","items_purchased":["Heavy Blade","Ice Cream"],"campfire_rested":2,"item_purchase_floors":[7,28],"current_hp_per_floor":[80,80,64,57,63,40,40,43,43,37,43,67,44,45,45,35,80,80,80,80,80,80,47,44,44,44,39,39,24,49,30,30,27,85,82,78,78,51,51,0,0],"gold":119,"neow_bonus":"THREE_ENEMY_KILL","is_daily":false,"chose_seed":false,"campfire_upgraded":3,"win_rate":0.0,"timestamp":1610416883,"path_taken":["M","?","?","?","M","E","?","M","T","?","M","R","E","M","R","BOSS","M","?","?","?","M","E","M","R","T","?","$","?","R","M","R","BOSS","M","M","$","M","?","E"],"items_purchased_type":["Card","Relic"],"build_version":"2020-12-22","purchased_purges":2,"victory":false,"max_hp_per_floor":[80,80,80,80,80,80,80,80,80,80,80,80,80,80,80,80,80,80,80,80,80,80,80,80,80,80,80,80,85,85,85,85,85,85,85,85,85,85,85,85,85],"card_choices":[{"not_picked":["Flex","Anger"],"picked":"Rage","floor":1},{"not_picked":["Heavy Blade","Pommel Strike"],"picked":"Spot Weakness","floor":2},{"not_picked":["Hemokinesis","Perfected Strike","Heavy Blade"],"picked":"SKIP","floor":5},{"not_picked":["Intimidate","Iron Wave"],"picked":"Limit Break","floor":6},{"not_picked":["Bloodletting","Ghostly Armor"],"picked":"Cleave","floor":8},{"not_picked":["Hemokinesis","Twin Strike"],"picked":"Flame Barrier","floor":11},{"not_picked":["Warcry","Blood for Blood"],"picked":"Cleave","floor":13},{"not_picked":["Feel No Pain","Shrug It Off","True Grit"],"picked":"SKIP","floor":14},{"not_picked":["Fiend Fire","Brutality"],"picked":"Bludgeon","floor":16},{"not_picked":["Spot Weakness","Warcry","Rage"],"picked":"SKIP","floor":18},{"not_picked":["Twin Strike","Evolve","Thunderclap"],"picked":"SKIP","floor":22},{"not_picked":["Warcry","Dropkick"],"picked":"Flex","floor":23},{"not_picked":["Flex","Rampage+1"],"picked":"Heavy Blade","floor":24},{"not_picked":["True Grit","Shrug It Off","Headbutt"],"picked":"SKIP","floor":27},{"not_picked":["Blood for Blood","Brutality"],"picked":"Heavy Blade+1","floor":31},{"not_picked":["Offering","Reaper"],"picked":"Limit Break","floor":33},{"not_picked":["Flex","Wild Strike+1"],"picked":"Armaments","floor":35},{"not_picked":["Heavy Blade+1","Flame Barrier","True Grit"],"picked":"SKIP","floor":36},{"not_picked":["Metallicize+1","Twin Strike+1"],"picked":"Armaments+1","floor":38}],"player_experience":423673,"relics_obtained":[{"floor":6,"key":"Bag of Preparation"},{"floor":9,"key":"Bronze Scales"},{"floor":10,"key":"Odd Mushroom"},{"floor":13,"key":"Blood Vial"},{"floor":23,"key":"Centennial Puzzle"}],"event_choices":[{"damage_healed":0,"gold_gain":0,"player_choice":"Entered Light","damage_taken":16,"max_hp_gain":0,"max_hp_loss":0,"event_name":"Shining Light","floor":3,"gold_loss":0,"cards_upgraded":["Spot Weakness","Defend_R"]},{"cards_removed":["Strike_R"],"damage_healed":0,"gold_gain":0,"player_choice":"Card Removal","damage_taken":7,"max_hp_gain":0,"max_hp_loss":0,"event_name":"Golden Wing","floor":4,"gold_loss":0},{"damage_healed":0,"gold_gain":0,"player_choice":"Fought Mushrooms","damage_taken":0,"max_hp_gain":0,"max_hp_loss":0,"event_name":"Mushrooms","floor":10,"gold_loss":0},{"damage_healed":0,"gold_gain":0,"player_choice":"Opened","damage_taken":0,"relics_obtained":["Happy Flower"],"max_hp_gain":0,"max_hp_loss":0,"event_name":"The Mausoleum","floor":19,"gold_loss":0,"cards_obtained":["Writhe"]},{"cards_removed":["Writhe"],"damage_healed":0,"gold_gain":0,"player_choice":"Elegance","damage_taken":0,"max_hp_gain":0,"max_hp_loss":0,"event_name":"Back to Basics","floor":20,"gold_loss":0},{"damage_healed":0,"gold_gain":0,"player_choice":"Ignored","damage_taken":0,"max_hp_gain":0,"max_hp_loss":0,"event_name":"N\u0027loth","floor":21,"gold_loss":0},{"damage_healed":0,"gold_gain":0,"player_choice":"Shed Blood","damage_taken":20,"max_hp_gain":5,"max_hp_loss":0,"event_name":"Forgotten Altar","floor":29,"gold_loss":0},{"cards_removed":["Flex"],"damage_healed":0,"gold_gain":0,"player_choice":"Removed Skill","damage_taken":0,"max_hp_gain":0,"max_hp_loss":0,"event_name":"Falling","floor":39,"gold_loss":0}],"is_beta":false,"boss_relics":[{"not_picked":["Snecko Eye","Empty Cage"],"picked":"Black Blood"},{"not_picked":["Runic Cube","Fusion Hammer"],"picked":"SlaversCollar"}],"items_purged_floors":[7,37],"is_endless":false,"potions_floor_spawned":[5,6,10,13,14,22,23,33,38],"killed_by":"Nemesis","ascension_level":0}}