{"host":"qgrlfjrqk9z96gfi","time":1610469362,"event":{"mods":["BaseMod","Block Reminder","Colored Map","DeckTracker","Minty Spire (QoL Compilation)"],"gold_per_floor":[117,18,18,18,18,18,29,29,77,112,122,148,148,180,180,254,254,265,51,69,69,69,69,101,101,101],"floor_reached":25,"playtime":799,"items_purged":[],"score":470,"play_id":"b8902813-2f33-4ccd-905a-0614895e8164","local_time":"20210112063602","is_ascension_mode":true,"campfire_choices":[{"data":"Dagger Spray","floor":6,"key":"SMITH"},{"floor":13,"key":"REST"},{"data":"Noxious Fumes","floor":15,"key":"SMITH"},{"data":"Apotheosis","floor":23,"key":"SMITH"}],"circlet_count":0,"master_deck":["AscendersBane","Survivor","Neutralize","Noxious Fumes+1","Flying Knee","Well Laid Plans","Poisoned Stab","Underhanded Strike","Quick Slash","Heel Hook","Dash+1","Dagger Spray+1","Bouncing Flask","Blur","Parasite","Glass Knife","Dash","Deflect","Cloak And Dagger","Burst","Heel Hook+1","Slice+1","Calculated Gamble+1","Apotheosis+1","Backflip","PiercingWail"],"relics":["Pandora\u0027s Box","Bronze Scales","Pen Nib","Gremlin Horn","Anchor","Astrolabe","Shuriken"],"acts_visited":["Exordium","TheCity"],"potions_floor_usage":[10,12,14],"damage_taken":[{"damage":0,"enemies":"Cultist","floor":1,"turns":3},{"damage":14,"enemies":"2 Louse","floor":7,"turns":2},{"damage":8,"enemies":"Gremlin Nob","floor":10,"turns":3},{"damage":0,"enemies":"Jaw Worm","floor":11,"turns":3},{"damage":22,"enemies":"Lagavulin","floor":12,"turns":5},{"damage":8,"enemies":"3 Sentries","floor":14,"turns":3},{"damage":2,"enemies":"Slime Boss","floor":16,"turns":7},{"damage":4,"enemies":"2 Thieves","floor":18,"turns":3},{"damage":2,"enemies":"3 Byrds","floor":20,"turns":3},{"damage":29,"enemies":"Slavers","floor":24,"turns":6},{"damage":31,"enemies":"Sentry and Sphere","floor":25,"turns":5}],"seed_played":"289810429936471716","potions_obtained":[{"floor":7,"key":"Fire Potion"},{"floor":11,"key":"Poison Potion"},{"floor":12,"key":"CunningPotion"},{"floor":24,"key":"DistilledChaos"}],"is_trial":false,"path_per_floor":["M","$","?","?","?","R","M","?","T","E","M","E","R","E","R","B",null,"M","$","M","?","?","R","E","M"],"character_chosen":"THE_SILENT","items_purchased":["Dagger Spray","Bouncing Flask","Apotheosis","Backflip"],"campfire_rested":1,"item_purchase_floors":[2,2,19,19],"current_hp_per_floor":[59,59,59,64,64,64,50,67,67,59,59,37,58,50,50,48,65,61,61,59,59,59,59,30,0,0],"gold":101,"neow_bonus":"BOSS_RELIC","is_daily":false,"chose_seed":false,"campfire_upgraded":3,"win_rate":0.0,"timestamp":1610469362,"path_taken":["M","$","?","?","?","R","M","?","T","E","M","E","R","E","R","BOSS","M","$","M","?","?","R","E","M"],"items_purchased_type":["Card","Card","Card","Card"],"build_version":"2020-12-22","purchased_purges":0,"victory":false,"max_hp_per_floor":[66,66,66,71,71,71,71,71,71,71,71,71,71,71,71,71,71,71,71,71,71,71,71,71,71,71],"card_choices":[{"not_picked":["Acrobatics","Deadly Poison"],"picked":"Dash","floor":1},{"not_picked":["Terror","Quick Slash"],"picked":"Blur","floor":7},{"not_picked":["Sucker Punch","Acrobatics"],"picked":"Glass Knife","floor":10},{"not_picked":["Slice","Distraction"],"picked":"Dash","floor":11},{"not_picked":["Flying Knee","Envenom"],"picked":"Deflect","floor":12},{"not_picked":["Deflect","Dodge and Roll"],"picked":"Cloak And Dagger","floor":14},{"not_picked":["A Thousand Cuts","Envenom"],"picked":"Burst","floor":16},{"not_picked":["Blade Dance","Acrobatics","Slice"],"picked":"SKIP","floor":18},{"not_picked":["Flechettes","Setup+1","Dagger Throw"],"picked":"SKIP","floor":20},{"not_picked":["Infinite Blades","Bouncing Flask"],"picked":"PiercingWail","floor":24}],"player_experience":999282,"relics_obtained":[{"floor":9,"key":"Bronze Scales"},{"floor":10,"key":"Pen Nib"},{"floor":12,"key":"Gremlin Horn"},{"floor":14,"key":"Anchor"},{"floor":24,"key":"Shuriken"}],"event_choices":[{"damage_healed":0,"gold_gain":0,"player_choice":"Grow","damage_taken":0,"max_hp_gain":0,"max_hp_loss":0,"event_name":"Living Wall","floor":3,"gold_loss":0,"cards_upgraded":["Dash"]},{"damage_healed":0,"gold_gain":0,"player_choice":"Donut","damage_taken":0,"max_hp_gain":5,"max_hp_loss":0,"event_name":"Big Fish","floor":4,"gold_loss":0},{"damage_healed":0,"gold_gain":0,"player_choice":"Ignored","damage_taken":0,"max_hp_gain":0,"max_hp_loss":0,"event_name":"Liars Game","floor":5,"gold_loss":0},{"damage_healed":17,"gold_gain":0,"player_choice":"Healed and dodged fight","damage_taken":0,"max_hp_gain":0,"max_hp_loss":0,"event_name":"Mushrooms","floor":8,"gold_loss":0,"cards_obtained":["Parasite"]},{"damage_healed":0,"gold_gain":0,"player_choice":"Ignored","damage_taken":0,"max_hp_gain":0,"max_hp_loss":0,"event_name":"The Mausoleum","floor":22,"gold_loss":0}],"is_beta":false,"boss_relics":[{"not_picked":["Ectoplasm","Black Star"],"picked":"Astrolabe"}],"items_purged_floors":[],"is_endless":false,"potions_floor_spawned":[7,11,12,24],"killed_by":"Sentry and Sphere","ascension_level":20}}