{"host":"63rwe7p34ct1i0qu","time":1610445475,"event":{"mods":["BaseMod","Colored Map","DeckTracker","Minty Spire (QoL Compilation)","Permanent Neow","Quick Restart","StSLib"],"gold_per_floor":[110,60,60,74,74,74,108,124,124,145,165,165,165,196,196,327,327,351,351,351],"floor_reached":19,"playtime":638,"items_purged":[],"score":280,"play_id":"0832ca83-7c00-4cec-9828-05662bdc0311","local_time":"20210112185755","is_ascension_mode":true,"campfire_choices":[{"floor":6,"key":"REST"},{"floor":12,"key":"REST"},{"floor":15,"key":"REST"}],"circlet_count":0,"master_deck":["AscendersBane","Strike_B","Defend_B","Defend_B+1","Defend_B","Zap+1","Dualcast","Hologram+1","Lockon+1","Defragment+1","Doom and Gloom","Consume","Go for the Eyes","Seek","Doom and Gloom","Redo","Capacitor","Creative AI","Consume"],"relics":["Astrolabe","Gambling Chip","InkBottle","Odd Mushroom","Golden Idol","Question Card","Inserter"],"acts_visited":["Exordium","TheCity"],"potions_floor_usage":[7,18],"damage_taken":[{"damage":0,"enemies":"2 Louse","floor":1,"turns":2},{"damage":12,"enemies":"Small Slimes","floor":4,"turns":2},{"damage":15,"enemies":"Lagavulin","floor":7,"turns":4},{"damage":5,"enemies":"Jaw Worm","floor":8,"turns":3},{"damage":18,"enemies":"The Mushroom Lair","floor":10,"turns":3},{"damage":0,"enemies":"Large Slime","floor":11,"turns":3},{"damage":19,"enemies":"3 Sentries","floor":14,"turns":5},{"damage":26,"enemies":"Hexaghost","floor":16,"turns":8},{"damage":32,"enemies":"3 Byrds","floor":18,"turns":5},{"damage":7,"enemies":"Masked Bandits","floor":19,"turns":2}],"seed_played":"-1364936248314482783","potions_obtained":[{"floor":1,"key":"Explosive Potion"},{"floor":4,"key":"EssenceOfSteel"},{"floor":7,"key":"Swift Potion"}],"is_trial":false,"path_per_floor":["M","?","?","M","?","R","E","M","T","?","M","R","?","E","R","B",null,"M","?"],"character_chosen":"DEFECT","items_purchased":[],"campfire_rested":3,"item_purchase_floors":[],"current_hp_per_floor":[68,68,53,41,41,63,48,43,43,25,25,47,47,28,48,22,57,25,18,18],"gold":351,"neow_bonus":"BOSS_RELIC","is_daily":false,"chose_seed":false,"campfire_upgraded":0,"win_rate":0.0,"timestamp":1610445475,"path_taken":["M","?","?","M","?","R","E","?","T","?","M","R","?","E","R","BOSS","M","?"],"items_purchased_type":[],"build_version":"2020-12-22","purchased_purges":0,"victory":false,"max_hp_per_floor":[75,75,75,75,75,75,75,75,75,75,75,75,69,69,69,69,69,69,69,69],"card_choices":[{"not_picked":["Skim","Redo"],"picked":"Doom and Gloom","floor":1},{"not_picked":["Sweeping Beam","Steam"],"picked":"Consume","floor":4},{"not_picked":["Sweeping Beam","Steam Power"],"picked":"Go for the Eyes","floor":7},{"not_picked":["Rebound","Stack"],"picked":"Seek","floor":8},{"not_picked":["Beam Cell","Steam"],"picked":"Doom and Gloom","floor":10},{"not_picked":["Compile Driver","Gash"],"picked":"Redo","floor":11},{"not_picked":["Double Energy","Steam"],"picked":"Capacitor","floor":14},{"not_picked":["Hyperbeam","Meteor Strike","Thunder Strike"],"picked":"Creative AI","floor":16},{"not_picked":["Hologram","Cold Snap","Reinforced Body"],"picked":"Consume","floor":18}],"player_experience":838846,"relics_obtained":[{"floor":7,"key":"Gambling Chip"},{"floor":9,"key":"InkBottle"},{"floor":10,"key":"Odd Mushroom"},{"floor":14,"key":"Question Card"}],"event_choices":[{"cards_removed":["Strike_B"],"damage_healed":0,"gold_gain":0,"player_choice":"Card Removal","damage_taken":0,"max_hp_gain":0,"max_hp_loss":0,"event_name":"The Cleric","floor":2,"gold_loss":50},{"damage_healed":0,"gold_gain":0,"player_choice":"Entered Light","damage_taken":15,"max_hp_gain":0,"max_hp_loss":0,"event_name":"Shining Light","floor":3,"gold_loss":0,"cards_upgraded":["Defend_B","Zap"]},{"damage_healed":0,"gold_gain":0,"player_choice":"Ignored","damage_taken":0,"max_hp_gain":0,"max_hp_loss":0,"event_name":"Liars Game","floor":5,"gold_loss":0},{"damage_healed":0,"gold_gain":0,"player_choice":"Fought Mushrooms","damage_taken":0,"max_hp_gain":0,"max_hp_loss":0,"event_name":"Mushrooms","floor":10,"gold_loss":0},{"damage_healed":0,"gold_gain":0,"player_choice":"Lose Max HP","damage_taken":0,"relics_obtained":["Golden Idol"],"max_hp_gain":0,"max_hp_loss":6,"event_name":"Golden Idol","floor":13,"gold_loss":0},{"damage_healed":0,"gold_gain":0,"player_choice":"Fought Bandits","damage_taken":0,"max_hp_gain":0,"max_hp_loss":0,"event_name":"Masked Bandits","floor":19,"gold_loss":0}],"is_beta":false,"boss_relics":[{"not_picked":["SacredBark","SlaversCollar"],"picked":"Inserter"}],"items_purged_floors":[],"is_endless":false,"potions_floor_spawned":[1,4,7,10],"killed_by":"Masked Bandits","ascension_level":12}}