{"host":"li7nr9q4d53iu1rb","time":1610418829,"event":{"mods":["AchievementEnabler","BaseMod","Colored Map","Colored Powertips","Highlight Path","Minty Spire (QoL Compilation)","Permanent Neow","Quick Restart","Random Character Button","StSLib"],"gold_per_floor":[17,27,41,59,75,109,109,143,143,155,189,249,25,60,60,164,164,178,22,22,22,34,34,34,34,34,60,60,60,93,43,43,142,142,157,174,174,188,200,232,264,276,276,129,129,141,141,151,151,151,151,151,8,37,37,37],"floor_reached":55,"playtime":3385,"items_purged":["Strike_R"],"score":888,"play_id":"66f7834a-1844-4259-8615-f2b2d9a30830","local_time":"20210111223349","is_ascension_mode":true,"campfire_choices":[{"floor":7.0,"key":"REST"},{"floor":15.0,"key":"REST"},{"floor":23,"key":"RECALL"},{"data":"Rupture","floor":25,"key":"SMITH"},{"data":"Bloodletting","floor":28,"key":"SMITH"},{"floor":32,"key":"REST"},{"floor":45,"key":"REST"},{"floor":47,"key":"REST"},{"data":"Bloodletting","floor":49,"key":"SMITH"},{"data":"Combust","floor":52,"key":"SMITH"}],"circlet_count":0,"master_deck":["Strike_R","Defend_R","Defend_R","Defend_R","Defend_R","Bash","Hemokinesis","Infernal Blade","Carnage","Bloodletting+1","Battle Trance","Warcry","Clash+1","Warcry","Pommel Strike+1","Blood for Blood+1","Rupture+1","Berserk","Rampage+1","Combust+1","Bloodletting+1","Body Slam+1","Iron Wave+1","Bludgeon+1","Anger+1","Shrug It Off+1","Anger+1","Heavy Blade+1","Flex+1","Heavy Blade+1","Heavy Blade+1","Rupture","Headbutt+1"],"relics":["Burning Blood","Unceasing Top","Molten Egg 2","Lizard Tail","Matryoshka","Brimstone","Mango","SacredBark","Boot","WingedGreaves","Red Skull","Centennial Puzzle","SlaversCollar","Juzu Bracelet","Meat on the Bone","Anchor","Cauldron","Calipers"],"acts_visited":["Exordium","TheCity","TheBeyond","TheEnding"],"potions_floor_usage":[18,19,33,33,35,38,40,40,42,46,48,49,50,50,54],"damage_taken":[{"damage":23.0,"enemies":"Jaw Worm","floor":1.0,"turns":6.0},{"damage":9.0,"enemies":"2 Louse","floor":2.0,"turns":3.0},{"damage":1.0,"enemies":"Small Slimes","floor":3.0,"turns":4.0},{"damage":0.0,"enemies":"3 Louse","floor":4.0,"turns":4.0},{"damage":3.0,"enemies":"Looter","floor":5.0,"turns":2.0},{"damage":34.0,"enemies":"Lagavulin","floor":6.0,"turns":5.0},{"damage":20.0,"enemies":"3 Sentries","floor":8.0,"turns":7.0},{"damage":13.0,"enemies":"Large Slime","floor":10.0,"turns":2.0},{"damage":14.0,"enemies":"Gremlin Nob","floor":11.0,"turns":3.0},{"damage":22.0,"enemies":"Lagavulin","floor":14.0,"turns":3.0},{"damage":35.0,"enemies":"The Guardian","floor":16.0,"turns":5.0},{"damage":0,"enemies":"Chosen","floor":18,"turns":1},{"damage":53,"enemies":"3 Byrds","floor":22,"turns":3},{"damage":49,"enemies":"Gremlin Leader","floor":30,"turns":3},{"damage":65,"enemies":"Collector","floor":33,"turns":4},{"damage":32,"enemies":"3 Shapes","floor":35,"turns":2},{"damage":21,"enemies":"3 Darklings","floor":36,"turns":3},{"damage":42,"enemies":"Jaw Worm Horde","floor":38,"turns":3},{"damage":26,"enemies":"Writhing Mass","floor":39,"turns":2},{"damage":80,"enemies":"Nemesis","floor":40,"turns":4},{"damage":13,"enemies":"Giant Head","floor":41,"turns":2},{"damage":8,"enemies":"Spire Growth","floor":42,"turns":2},{"damage":30,"enemies":"4 Shapes","floor":46,"turns":4},{"damage":20,"enemies":"Jaw Worm Horde","floor":48,"turns":4},{"damage":81,"enemies":"Time Eater","floor":50,"turns":5},{"damage":45,"enemies":"Shield and Spear","floor":54,"turns":4},{"damage":66,"enemies":"The Heart","floor":55,"turns":2}],"seed_played":"7993470118737405336","potions_obtained":[{"floor":1.0,"key":"LiquidMemories"},{"floor":3.0,"key":"EntropicBrew"},{"floor":4.0,"key":"DuplicationPotion"},{"floor":8.0,"key":"SteroidPotion"},{"floor":11.0,"key":"DuplicationPotion"},{"floor":14.0,"key":"FairyPotion"},{"floor":18,"key":"Fruit Juice"},{"floor":35,"key":"EntropicBrew"},{"floor":39,"key":"SteroidPotion"},{"floor":41,"key":"SmokeBomb"},{"floor":44,"key":"ColorlessPotion"},{"floor":44,"key":"EntropicBrew"},{"floor":44,"key":"Block Potion"},{"floor":46,"key":"ElixirPotion"}],"is_trial":false,"path_per_floor":["M","M","M","M","M","E","R","E","T","M","E","?","$","E","R","B",null,"M","$","?","?","M","R","?","R","T","T","R","?","E","$","R","B",null,"M","M","?","M","M","E","E","M","T","$","R","M","R","M","R","B",null,"R","$","E","B"],"character_chosen":"IRONCLAD","items_purchased":["Brimstone","Blood for Blood+1","Combust","AttackPotion","Cauldron","Heavy Blade+1","Rupture","Block Potion"],"campfire_rested":5,"item_purchase_floors":[13,13,19,31,44,53,53,53],"current_hp_per_floor":[63,60,65,71,74,46,70,56,56,49,41,41,41,39,67,38,94,94,104,104,104,57,57,57,57,57,57,57,57,14,14,45,68,104,78,63,63,27,7,56,49,59,59,59,90,66,97,83,83,61,104,104,104,65,0,0],"gold":37,"neow_bonus":"REMOVE_TWO","is_daily":false,"chose_seed":false,"campfire_upgraded":4,"win_rate":0.0,"timestamp":1610418829,"path_taken":["M","M","M","M","M","E","R","E","T","M","E","?","$","E","R","BOSS","M","$","?","?","M","R","?","R","T","?","R","?","E","$","R","BOSS","M","M","?","M","?","E","E","M","T","$","R","M","R","M","R","BOSS","R","$","E","BOSS"],"items_purchased_type":["Relic","Card","Card","Potion","Relic","Card","Card","Potion"],"build_version":"2020-12-22","purchased_purges":1,"victory":false,"max_hp_per_floor":[80,80,80,80,80,80,80,80,80,80,80,80,80,94,94,94,94,94,104,104,104,104,104,104,104,104,104,104,104,104,104,104,104,104,104,104,104,104,104,104,104,104,104,104,104,104,104,104,104,104,104,104,104,104,104,104],"card_choices":[{"not_picked":["Shockwave","Searing Blow"],"picked":"Hemokinesis","floor":1.0},{"not_picked":["Burning Pact","Havoc"],"picked":"Infernal Blade","floor":2.0},{"not_picked":["Warcry","Intimidate"],"picked":"Carnage","floor":3.0},{"not_picked":["Flame Barrier","Carnage"],"picked":"Bloodletting","floor":4.0},{"not_picked":["Bloodletting","Armaments"],"picked":"Battle Trance","floor":5.0},{"not_picked":["Headbutt","Clothesline"],"picked":"Warcry","floor":6.0},{"not_picked":["Havoc","Barricade"],"picked":"Clash+1","floor":8.0},{"not_picked":["Havoc","Thunderclap+1"],"picked":"Warcry","floor":10.0},{"not_picked":["Flame Barrier","Shrug It Off"],"picked":"Pommel Strike+1","floor":11.0},{"not_picked":["Sword Boomerang+1","Iron Wave+1"],"picked":"Rupture","floor":14.0},{"not_picked":["Exhume","Juggernaut"],"picked":"Berserk","floor":16.0},{"not_picked":["Perfected Strike+1","Metallicize"],"picked":"Rampage+1","floor":18},{"not_picked":["Twin Strike+1","Iron Wave+1"],"picked":"Body Slam+1","floor":22},{"not_picked":["Metallicize","Sword Boomerang+1"],"picked":"Iron Wave+1","floor":30},{"not_picked":["Impervious","Immolate+1"],"picked":"Bludgeon+1","floor":33},{"not_picked":["Clothesline+1","Twin Strike+1","Armaments+1"],"picked":"SKIP","floor":35},{"not_picked":["Rupture","Spot Weakness"],"picked":"Anger+1","floor":36},{"not_picked":["Perfected Strike+1","Disarm+1"],"picked":"Shrug It Off+1","floor":38},{"not_picked":["Flame Barrier","Disarm"],"picked":"Anger+1","floor":39},{"not_picked":["Headbutt+1","Dark Embrace","Armaments+1"],"picked":"SKIP","floor":40},{"not_picked":["Juggernaut","Armaments"],"picked":"Heavy Blade+1","floor":41},{"not_picked":["Thunderclap+1","Entrench+1","Headbutt+1"],"picked":"SKIP","floor":42},{"not_picked":["Headbutt+1","Armaments"],"picked":"Flex+1","floor":46},{"not_picked":["Twin Strike+1","Pommel Strike+1"],"picked":"Heavy Blade+1","floor":48},{"not_picked":["Shrug It Off","Sword Boomerang+1"],"picked":"Headbutt+1","floor":54}],"player_experience":235144,"relics_obtained":[{"floor":6.0,"key":"Unceasing Top"},{"floor":8.0,"key":"Molten Egg 2"},{"floor":9.0,"key":"Lizard Tail"},{"floor":11.0,"key":"Matryoshka"},{"floor":14.0,"key":"Mango"},{"floor":26,"key":"Boot"},{"floor":26,"key":"WingedGreaves"},{"floor":27,"key":"Red Skull"},{"floor":30,"key":"Centennial Puzzle"},{"floor":40,"key":"Juzu Bracelet"},{"floor":41,"key":"Meat on the Bone"},{"floor":43,"key":"Anchor"},{"floor":54,"key":"Calipers"}],"event_choices":[{"damage_healed":0.0,"max_hp_gain":0.0,"max_hp_loss":0.0,"gold_gain":60.0,"event_name":"Golden Wing","player_choice":"Gained Gold","floor":12.0,"gold_loss":0.0,"damage_taken":0.0},{"damage_healed":0,"gold_gain":0,"player_choice":"Read","damage_taken":0,"max_hp_gain":0,"max_hp_loss":0,"event_name":"The Library","floor":20,"gold_loss":0,"cards_obtained":["Bloodletting"]},{"cards_removed":["Strike_R"],"damage_healed":0,"gold_gain":0,"player_choice":"Elegance","damage_taken":0,"max_hp_gain":0,"max_hp_loss":0,"event_name":"Back to Basics","floor":21,"gold_loss":0},{"damage_healed":0,"gold_gain":0,"player_choice":"Ignored","damage_taken":0,"max_hp_gain":0,"max_hp_loss":0,"event_name":"Vampires","floor":24,"gold_loss":0},{"damage_healed":0,"gold_gain":0,"player_choice":"Smashed Altar","damage_taken":0,"max_hp_gain":0,"max_hp_loss":0,"event_name":"Forgotten Altar","floor":29,"gold_loss":0,"cards_obtained":["Decay"]},{"cards_removed":["Decay"],"damage_healed":0,"gold_gain":0,"player_choice":"Purged","damage_taken":0,"max_hp_gain":0,"max_hp_loss":0,"event_name":"Purifier","floor":37,"gold_loss":0}],"is_beta":false,"boss_relics":[{"not_picked":["Coffee Dripper","Tiny House"],"picked":"SacredBark"},{"not_picked":["Cursed Key","Runic Dome"],"picked":"SlaversCollar"}],"items_purged_floors":[19],"is_endless":false,"potions_floor_spawned":[1,3,4,8,11,14,18,35,39,41,46],"killed_by":"The Heart","ascension_level":3}}