{"host":"zex3ujd3lwod1gma","time":1610432836,"event":{"mods":["BaseMod","Better Vampires","Better-Laid Plans","Custom Start","Minty Spire (QoL Compilation)","Quick Restart","Relic Stats","StSLib","Starting Relic: Pandora\u0027s Box","[地精首领爬塔]The Maniac","【功能Mod】精心准备","篝火指南"],"gold_per_floor":[111,126,137,148,163,163,177,177,177,205,222,242,261,278,278,350,350,368,378,393,406,416,416,341,341,341,361,391,391,391,426,426,499,499,513,559,459,477,36,71,71,101,101,127,127,154,169,183,183,183,183,183,183,33,63,63],"floor_reached":57,"playtime":2073,"items_purged":["Heavy Blade+1","Clash+1","Combust+1","Iron Wave+1"],"score":3390,"play_id":"4ef188d9-f332-4958-b3e7-d37f33c0a967","local_time":"20210112142716","is_ascension_mode":true,"campfire_choices":[{"floor":6.0,"key":"REST"},{"data":"Searing Blow+1","floor":8.0,"key":"SMITH"},{"data":"Searing Blow+2","floor":15.0,"key":"SMITH"},{"data":"Searing Blow+5","floor":23.0,"key":"SMITH"},{"data":"Searing Blow+8","floor":29.0,"key":"SMITH"},{"data":"Searing Blow+10","floor":32.0,"key":"SMITH"},{"data":"Searing Blow+16","floor":41.0,"key":"SMITH"},{"floor":45.0,"key":"RECALL"},{"data":"Searing Blow+21","floor":49.0,"key":"SMITH"},{"data":"Searing Blow+24","floor":53.0,"key":"SMITH"}],"circlet_count":0,"master_deck":["AscendersBane","Bash+1","Warcry+1","Armaments+1","Armaments+1","Cleave+1","Searing Blow+27","Berserk+1","Power Through+1","Second Wind+1","Feel No Pain+1","Impervious+1","Evolve+1","Berserk+1","Burning Pact+1"],"relics":["NeowsBlessing","maniac:EnchantedAnvil","Orichalcum","Bottled Flame","Snecko Eye","MutagenicStrength","Art of War","Frozen Egg 2","Philosopher\u0027s Stone","Incense Burner","Potion Belt","MealTicket","Ornamental Fan","CaptainsWheel","Bird Faced Urn","Sundial"],"acts_visited":["Exordium","TheCity","TheBeyond","TheEnding"],"potions_floor_usage":[56],"damage_taken":[{"damage":0.0,"enemies":"2 Louse","floor":1.0,"turns":1.0},{"damage":0.0,"enemies":"Small Slimes","floor":2.0,"turns":1.0},{"damage":0.0,"enemies":"Cultist","floor":3.0,"turns":1.0},{"damage":9.0,"enemies":"Blue Slaver","floor":4.0,"turns":2.0},{"damage":7.0,"enemies":"2 Fungi Beasts","floor":5.0,"turns":3.0},{"damage":9.0,"enemies":"Red Slaver","floor":7.0,"turns":4.0},{"damage":15.0,"enemies":"Lagavulin","floor":10.0,"turns":5.0},{"damage":1.0,"enemies":"Lots of Slimes","floor":11.0,"turns":1.0},{"damage":0.0,"enemies":"3 Louse","floor":12.0,"turns":3.0},{"damage":19.0,"enemies":"Exordium Wildlife","floor":13.0,"turns":3.0},{"damage":0.0,"enemies":"Red Slaver","floor":14.0,"turns":4.0},{"damage":22.0,"enemies":"The Guardian","floor":16.0,"turns":9.0},{"damage":0.0,"enemies":"2 Thieves","floor":18.0,"turns":4.0},{"damage":0.0,"enemies":"Spheric Guardian","floor":19.0,"turns":4.0},{"damage":0.0,"enemies":"Snake Plant","floor":20.0,"turns":1.0},{"damage":2.0,"enemies":"Shelled Parasite and Fungi","floor":21.0,"turns":3.0},{"damage":0.0,"enemies":"Sentry and Sphere","floor":22.0,"turns":3.0},{"damage":0.0,"enemies":"Snake Plant","floor":27.0,"turns":1.0},{"damage":0.0,"enemies":"Slavers","floor":28.0,"turns":4.0},{"damage":0.0,"enemies":"Book of Stabbing","floor":31.0,"turns":1.0},{"damage":45.0,"enemies":"Collector","floor":33.0,"turns":4.0},{"damage":0.0,"enemies":"Orb Walker","floor":35.0,"turns":1.0},{"damage":0.0,"enemies":"2 Orb Walkers","floor":36.0,"turns":3.0},{"damage":0.0,"enemies":"3 Shapes","floor":38.0,"turns":4.0},{"damage":0.0,"enemies":"Reptomancer","floor":40.0,"turns":1.0},{"damage":0.0,"enemies":"Nemesis","floor":42.0,"turns":1.0},{"damage":0.0,"enemies":"Giant Head","floor":44.0,"turns":3.0},{"damage":0.0,"enemies":"Nemesis","floor":46.0,"turns":1.0},{"damage":0.0,"enemies":"Transient","floor":47.0,"turns":3.0},{"damage":0.0,"enemies":"Writhing Mass","floor":48.0,"turns":1.0},{"damage":0.0,"enemies":"Time Eater","floor":50.0,"turns":3.0},{"damage":0.0,"enemies":"Awakened One","floor":51.0,"turns":3.0},{"damage":0.0,"enemies":"Shield and Spear","floor":55.0,"turns":2.0},{"damage":6,"enemies":"The Heart","floor":56,"turns":5}],"seed_played":"-7657449801656498459","potions_obtained":[{"floor":2.0,"key":"ElixirPotion"},{"floor":5.0,"key":"Block Potion"},{"floor":11.0,"key":"SteroidPotion"},{"floor":16.0,"key":"LiquidMemories"},{"floor":28.0,"key":"LiquidBronze"},{"floor":38.0,"key":"SteroidPotion"},{"floor":40.0,"key":"BlessingOfTheForge"},{"floor":44.0,"key":"DistilledChaos"}],"is_trial":false,"path_per_floor":["M","M","M","M","M","R","M","R","T","E","M","M","M","M","R","B",null,"M","M","M","M","M","R","$","?","T","M","E","R","?","E","R","B",null,"M","?","$","M","$","E","R","E","T","E","R","E","M","M","R","B","B",null,"R","$","E","B",null],"character_chosen":"IRONCLAD","items_purchased":["Incense Burner"],"campfire_rested":1,"item_purchase_floors":[39],"current_hp_per_floor":[68,68,68,59,52,74,65,65,65,50,49,49,30,30,30,8,58,58,58,58,56,56,56,56,56,56,56,56,56,56,56,56,11,59,59,59,59,59,59,59,59,59,59,59,59,59,63,65,65,71,75,75,75,75,75,75],"gold":63,"neow_bonus":"THREE_ENEMY_KILL","is_daily":false,"chose_seed":false,"campfire_upgraded":8,"win_rate":0.0,"timestamp":1610432836,"path_taken":["M","M","M","M","M","R","M","R","T","E","M","M","M","M","R","BOSS","M","M","M","M","M","R","$","?","T","M","E","R","?","E","R","BOSS","M","?","$","M","$","E","R","E","T","E","R","E","M","M","R","BOSS","BOSS","R","$","E","BOSS"],"items_purchased_type":["Relic"],"build_version":"2020-12-22","purchased_purges":4,"victory":true,"max_hp_per_floor":[75,75,75,75,75,75,75,75,75,75,75,75,75,75,75,75,75,75,75,75,75,75,75,75,75,75,75,75,75,75,75,75,75,75,75,75,75,75,75,75,75,75,75,75,75,75,75,75,75,75,75,75,75,75,75,75],"relic_stats":{"counters":[34,93],"Ornamental Fan":[0],"Sundial":[4],"Bird Faced Urn":[22],"Snecko Eye":[110,94,97,100],"MealTicket":0,"Art of War":[4],"Orichalcum":[72],"obtain_stats":[{"Potion Belt":40,"NeowsBlessing":0,"Incense Burner":39,"Orichalcum":9,"Frozen Egg 2":31,"maniac:EnchantedAnvil":0,"Bottled Flame":10,"CaptainsWheel":44,"Ornamental Fan":43,"Sundial":55,"MutagenicStrength":25,"Bird Faced Urn":46,"Snecko Eye":17,"Pandora\u0027s Box":0,"Philosopher\u0027s Stone":34,"MealTicket":42,"Art of War":28},{"Potion Belt":25,"NeowsBlessing":0,"Incense Burner":24,"Orichalcum":6,"Frozen Egg 2":20,"maniac:EnchantedAnvil":0,"Bottled Flame":7,"CaptainsWheel":27,"Ornamental Fan":26,"Sundial":33,"MutagenicStrength":17,"Bird Faced Urn":28,"Snecko Eye":12,"Pandora\u0027s Box":0,"Philosopher\u0027s Stone":21,"MealTicket":26,"Art of War":19},{"Potion Belt":71,"NeowsBlessing":0,"Incense Burner":70,"Orichalcum":12,"Frozen Egg 2":58,"maniac:EnchantedAnvil":0,"Bottled Flame":17,"CaptainsWheel":75,"Ornamental Fan":72,"Sundial":88,"MutagenicStrength":52,"Bird Faced Urn":76,"Snecko Eye":37,"Pandora\u0027s Box":0,"Philosopher\u0027s Stone":62,"MealTicket":72,"Art of War":57}]},"card_choices":[{"not_picked":["Searing Blow","Clothesline","Burning Pact"],"picked":"SKIP","floor":1.0},{"not_picked":["Thunderclap","Body Slam","Havoc"],"picked":"SKIP","floor":2.0},{"not_picked":["Thunderclap","Metallicize"],"picked":"Berserk","floor":3.0},{"not_picked":["Fire Breathing","Cleave"],"picked":"Power Through","floor":4.0},{"not_picked":["Clash","Flame Barrier","Rampage"],"picked":"SKIP","floor":5.0},{"not_picked":["Body Slam","Armaments","Warcry"],"picked":"SKIP","floor":7.0},{"not_picked":["Shrug It Off","True Grit"],"picked":"Second Wind","floor":10.0},{"not_picked":["Entrench","Perfected Strike","Berserk"],"picked":"SKIP","floor":11.0},{"not_picked":["Entrench","Perfected Strike","Berserk"],"picked":"SKIP","floor":11.0},{"not_picked":["Fire Breathing","Iron Wave"],"picked":"Feel No Pain","floor":12.0},{"not_picked":["Anger","Havoc","Shockwave"],"picked":"SKIP","floor":13.0},{"not_picked":["Bloodletting","Whirlwind","Shrug It Off"],"picked":"SKIP","floor":14.0},{"not_picked":["Bludgeon","Double Tap"],"picked":"Impervious","floor":16.0},{"not_picked":["Heavy Blade","Inflame","Iron Wave"],"picked":"SKIP","floor":18.0},{"not_picked":["Ghostly Armor","Sentinel","Twin Strike"],"picked":"SKIP","floor":19.0},{"not_picked":["Anger","Rupture","Iron Wave"],"picked":"SKIP","floor":20.0},{"not_picked":["Pommel Strike","Twin Strike","Power Through"],"picked":"SKIP","floor":21.0},{"not_picked":["Impervious","Shrug It Off","Iron Wave+1"],"picked":"SKIP","floor":22.0},{"not_picked":["Anger","Rampage","True Grit"],"picked":"SKIP","floor":27.0},{"not_picked":["Combust","Power Through+1","Sever Soul"],"picked":"SKIP","floor":28.0},{"not_picked":["True Grit","Rage"],"picked":"Evolve+1","floor":31.0},{"not_picked":["Bludgeon","Immolate"],"picked":"Berserk+1","floor":33.0},{"not_picked":["Dropkick","Second Wind","Body Slam+1"],"picked":"SKIP","floor":35.0},{"not_picked":["Warcry","Shrug It Off","Perfected Strike"],"picked":"SKIP","floor":38.0},{"not_picked":["Flame Barrier","Corruption+1","Battle Trance+1"],"picked":"SKIP","floor":40.0},{"not_picked":["Dual Wield","Heavy Blade"],"picked":"Burning Pact","floor":42.0},{"not_picked":["Sword Boomerang","Carnage","Second Wind"],"picked":"SKIP","floor":44.0},{"not_picked":["Pommel Strike","Intimidate+1","Body Slam+1"],"picked":"SKIP","floor":46.0},{"not_picked":["Fire Breathing+1","Flex","Battle Trance"],"picked":"SKIP","floor":47.0},{"not_picked":["Wild Strike+1","Clothesline","Entrench"],"picked":"SKIP","floor":48.0},{"not_picked":["Evolve+1","Twin Strike+1","Perfected Strike+1"],"picked":"SKIP","floor":55.0}],"player_experience":1011964,"relics_obtained":[{"floor":9.0,"key":"Orichalcum"},{"floor":10.0,"key":"Bottled Flame"},{"floor":28.0,"key":"Art of War"},{"floor":31.0,"key":"Frozen Egg 2"},{"floor":40.0,"key":"Potion Belt"},{"floor":42.0,"key":"MealTicket"},{"floor":43.0,"key":"Ornamental Fan"},{"floor":44.0,"key":"CaptainsWheel"},{"floor":46.0,"key":"Bird Faced Urn"},{"floor":55.0,"key":"Sundial"}],"event_choices":[{"damage_healed":0.0,"max_hp_gain":0.0,"max_hp_loss":0.0,"gold_gain":0.0,"event_name":"Drug Dealer","player_choice":"Inject Mutagens","floor":25.0,"gold_loss":0.0,"damage_taken":0.0,"relics_obtained":["MutagenicStrength"]},{"damage_healed":0.0,"max_hp_gain":0.0,"max_hp_loss":0.0,"gold_gain":0.0,"event_name":"The Mausoleum","player_choice":"Ignored","floor":30.0,"gold_loss":0.0,"damage_taken":0.0},{"damage_healed":0.0,"max_hp_gain":0.0,"max_hp_loss":0.0,"gold_gain":0.0,"event_name":"Mysterious Sphere","player_choice":"Fight","floor":36.0,"gold_loss":0.0,"damage_taken":0.0}],"is_beta":false,"boss_relics":[{"not_picked":["Coffee Dripper","Tiny House"],"picked":"Snecko Eye"},{"not_picked":["Cursed Key","Runic Cube"],"picked":"Philosopher\u0027s Stone"}],"items_purged_floors":[24,37,39,54],"is_endless":false,"potions_floor_spawned":[2,5,7,11,13,16,21,28,31,38,40,44,47,48],"ascension_level":20}}