{"host":"dhr6iszse2qz12e2","time":1610433955,"event":{"mods":["A Magickal Journey","Act Like it!","BaseMod","BetterRewards","Colored Map","Downfall","Gensokyo","Hubris","Infinite Spire","Marisa????????","Minty Spire (QoL Compilation)","Permanent Neow","Quick Restart","Replay The Spire","Shop Mod","StSLib","The Animator","The Cursed","The Hierophant","The IronCluck","The Jungle","everything is the same but u backflip on backflip","slay the spire mod where everything is the same but ironclad has a cowboy hat"],"gold_per_floor":[110,122,122,122,140,140,152,178,178,193,212,212,246,246,246,346,346,357,396,396,245,255,255,255,354,378,393,427,352,352,66,66,170,170,188,1187,1187,1187,1187],"floor_reached":38,"playtime":1910,"items_purged":["Defend_R"],"score":475,"play_id":"f5abeab2-9ca1-4cdc-98af-2ee7a2be51f0","local_time":"20210112084555","is_ascension_mode":false,"campfire_choices":[{"floor":6,"key":"RECALL"},{"floor":12,"key":"REST"},{"data":"Eruption","floor":15,"key":"SMITH"},{"floor":23,"key":"REST"},{"floor":30,"key":"REST"},{"data":"Crow Ritual","floor":32,"key":"SMITH"}],"circlet_count":0,"master_deck":["Strike_R","Strike_R","Strike_R","Strike_R","Strike_R","Defend_R","Defend_R","Uppercut","Infernal Blade","Pommel Strike","Pommel Strike","Seeing Red","Uppercut","Clash","True Grit","Eruption+1","Reaper","Headbutt","Iron Wave","Power Through+1","Clash+1","Evolve","Crow Ritual+1","Berserk","Seeing Red+1","Normality"],"relics":["Honey Jar","MealTicket","Blue Doll","Omamori","Ring of Chaos","Red Skull","Potion Belt","Bottled Tornado","Replay:Wax Seal","Bag of Preparation","infinitespire:Satchel","hubris:Backtick","hubris:EmptyBottle","hubris:DeckOfHolding"],"acts_visited":["Exordium","TheCity","TheBeyond"],"potions_floor_usage":[13,13,13,27,28,28,33],"damage_taken":[{"damage":1,"enemies":"Cultist","floor":1,"turns":3},{"damage":5,"enemies":"2 Louse","floor":2,"turns":3},{"damage":5,"enemies":"Small Slimes","floor":5,"turns":2},{"damage":11,"enemies":"Exordium Wildlife","floor":7,"turns":2},{"damage":24,"enemies":"Gremlin Nob","floor":8,"turns":4},{"damage":12,"enemies":"3 Louse","floor":10,"turns":3},{"damage":9,"enemies":"Large Slime","floor":11,"turns":4},{"damage":13,"enemies":"3 Sentries","floor":13,"turns":4},{"damage":0,"enemies":"Slime Boss","floor":16,"turns":5},{"damage":25,"enemies":"2 Thieves","floor":18,"turns":4},{"damage":0,"enemies":"Spheric Guardian","floor":22,"turns":2},{"damage":35,"enemies":"Shelled Parasite and Fungi","floor":27,"turns":4},{"damage":8,"enemies":"Gremlin Leader","floor":28,"turns":3},{"damage":64,"enemies":"Collector","floor":33,"turns":6},{"damage":60,"enemies":"Orb Walker","floor":35,"turns":5},{"damage":47,"enemies":"3 Darklings","floor":38,"turns":5}],"seed_played":"-6516343429461791035","potions_obtained":[{"floor":2,"key":"Swift Potion"},{"floor":3,"key":"CultistPotion"},{"floor":3,"key":"champ:CounterPotion"},{"floor":3,"key":"Dexterity Potion"},{"floor":5,"key":"sneckomod:MuddlingPotion"},{"floor":11,"key":"Elixir"},{"floor":13,"key":"SpeedPotion"},{"floor":16,"key":"ColorlessPotion"},{"floor":18,"key":"Guardian:BlockOnCardUsePotion"},{"floor":19,"key":"AttackPotion"},{"floor":19,"key":"Death Potion"},{"floor":19,"key":"LiquidBronze"}],"is_trial":false,"path_per_floor":["M","M","?","$","M","R","M","E","T","M","M","R","E","?","R","B",null,"M","?","?","$","M","R","AVR","?","T","M","E","?","R","$","R","B",null,"M","?","AVR","M"],"character_chosen":"IRONCLAD","items_purchased":["Potion Belt","infinitespire:Satchel","Crow Ritual"],"campfire_rested":3,"item_purchase_floors":[21,31,31],"current_hp_per_floor":[79,74,74,74,69,69,58,34,34,22,13,37,24,24,24,24,80,63,31,31,46,46,70,70,70,70,35,27,27,51,66,66,2,80,27,27,27,0,0],"gold":1187,"neow_bonus":"BOSS_RELIC","is_daily":false,"chose_seed":false,"campfire_upgraded":2,"win_rate":0.0,"timestamp":1610433955,"path_taken":["M","?","?","?","?","R","M","E","T","M","M","R","E","?","R","BOSS","M","?","?","$","?","R","AVR","?","T","M","E","?","R","?","R","BOSS","M","?","AVR","M"],"items_purchased_type":["Relic","Relic","Card"],"build_version":"2020-12-22","purchased_purges":1,"victory":false,"max_hp_per_floor":[80,80,80,80,80,80,80,80,80,80,80,80,80,80,80,80,80,80,80,80,80,80,80,80,80,80,80,80,80,80,80,80,80,80,80,80,80,80,80],"card_choices":[{"not_picked":["Disarm","Clothesline","True Grit"],"picked":"Uppercut","floor":1},{"not_picked":["Body Slam","Sentinel","Iron Wave"],"picked":"Infernal Blade","floor":2},{"not_picked":["ReplayTheSpireMod:Corrosion Curse","Armaments","Burning Pact"],"picked":"Pommel Strike","floor":5},{"not_picked":["hubris:CleavingFinish","Fire Breathing","Entrench"],"picked":"Pommel Strike","floor":7},{"not_picked":["Headbutt","Hemokinesis","ReplayReversal"],"picked":"Seeing Red","floor":8},{"not_picked":["Life Link","Pommel Strike","Headbutt"],"picked":"Uppercut","floor":10},{"not_picked":["Thunderclap","Evolve","Fire Breathing"],"picked":"Clash","floor":11},{"not_picked":["Wild Strike","Sever Soul","Replay:Undeath\u0027s Touch"],"picked":"True Grit","floor":13},{"not_picked":["hubris:StunningStrike","Exhume","Juggernaut"],"picked":"Reaper","floor":16},{"not_picked":["Flex","Disarm","ReplayReversal"],"picked":"Headbutt","floor":18},{"not_picked":["Body Slam","ReplayTheSpireMod:Strike From Hell+1","Pommel Strike"],"picked":"Iron Wave","floor":19},{"not_picked":["hubris:CleavingFinish","Battle Trance","Wild Strike"],"picked":"Power Through+1","floor":22},{"not_picked":["ReplayTheSpireMod:Strike From Hell+1","hubris:StunningStrike","Fire Breathing"],"picked":"Clash+1","floor":27},{"not_picked":["ReplayTheSpireMod:Stacked","Fire Breathing","Second Wind"],"picked":"Evolve","floor":28},{"not_picked":["Juggernaut","Limit Break","Demon Form"],"picked":"Berserk","floor":33},{"not_picked":["Wild Strike","Clash","Clothesline+1"],"picked":"Seeing Red+1","floor":35}],"player_experience":434996,"relics_obtained":[{"floor":8,"key":"MealTicket"},{"floor":9,"key":"Blue Doll"},{"floor":13,"key":"Omamori"},{"floor":26,"key":"Replay:Wax Seal"},{"floor":28,"key":"Bag of Preparation"}],"event_choices":[{"damage_healed":0,"gold_gain":0,"player_choice":"Got Potions","damage_taken":0,"max_hp_gain":0,"max_hp_loss":0,"event_name":"Lab","floor":3,"gold_loss":0},{"damage_healed":0,"gold_gain":99,"player_choice":"Stole From Cult","damage_taken":0,"max_hp_gain":0,"max_hp_loss":0,"event_name":"Nest","floor":25,"gold_loss":0},{"cards_removed":["Defend_R"],"damage_healed":0,"gold_gain":0,"player_choice":"Gave Gold","damage_taken":0,"max_hp_gain":0,"max_hp_loss":0,"event_name":"Beggar","floor":29,"gold_loss":75},{"damage_healed":0,"gold_gain":999,"player_choice":"Gold","damage_taken":0,"max_hp_gain":0,"max_hp_loss":0,"event_name":"MindBloom","floor":36,"gold_loss":0,"cards_obtained":["Normality","Normality"]}],"is_beta":false,"boss_relics":[{"not_picked":["Runic Cube","Sozu"],"picked":"Ring of Chaos"},{"not_picked":["Electric Blood","hubris:RunicObelisk"],"picked":"hubris:Backtick"}],"items_purged_floors":[31],"is_endless":false,"potions_floor_spawned":[2,5,11,13,16,18],"killed_by":"3 Darklings","ascension_level":0}}