{"host":"8i4doyxqctgl5qb0","time":1610425407,"event":{"mods":["AchievementEnabler","BaseMod","Block Reminder","Colored Powertips","Downfall","Hermit","Minty Spire (QoL Compilation)","Permanent Neow","Potion Indicator Mod","Rare Cards Sparkle","StSLib","SuperFastMode","The Jungle"],"gold_per_floor":[213,288,313,488,139,174,24,24,24,24,40,40,40,40,40,144,144,156,169,188,40,52,52,80,90,90,90,90,90,109,109,109,205,205,221,241,241,587,587,587,598,598,625,29,49,49,84,99,99,99],"floor_reached":51,"playtime":2560,"items_purged":["Doubt","Strike_B"],"score":1008,"play_id":"bbb16244-51a1-44a3-9ff3-3d929e10522f","local_time":"20210112122327","is_ascension_mode":true,"campfire_choices":[{"floor":8.0,"key":"REST"},{"data":"Creative AI","floor":10.0,"key":"SMITH"},{"data":"Heatsinks","floor":13.0,"key":"SMITH"},{"floor":15.0,"key":"REST"},{"floor":23.0,"key":"REST"},{"floor":27.0,"key":"REST"},{"floor":32.0,"key":"REST"},{"floor":40,"key":"REST"},{"floor":42,"key":"REST"},{"data":"Biased Cognition","floor":46,"key":"SMITH"},{"floor":49,"key":"REST"}],"circlet_count":0,"master_deck":["Strike_B","Defend_B","Defend_B","Defend_B","Defend_B","Zap","Dualcast","Hologram","Heatsinks+1","Ball Lightning","Creative AI+1","Seek","Heatsinks","Conserve Battery","Glacier","Amplify","Steam","Turbo","Static Discharge","Core Surge","Ball Lightning","Sunder+1","Biased Cognition+1","Force Field+1","Aggregate","Defragment+1","Heatsinks+1","Capacitor+1","Machine Learning+1"],"relics":["Cracked Core","Toy Ornithopter","Mummified Hand","Bottled Lightning","SacredBark","DataDisk","Orichalcum","Blue Candle","Nloth\u0027s Gift","Shuriken","Philosopher\u0027s Stone","Old Coin","Happy Flower","Frozen Egg 2","Lee\u0027s Waffle","PreservedInsect"],"acts_visited":["Exordium","TheCity","TheBeyond"],"potions_floor_usage":[33,41,50,50,50],"damage_taken":[{"damage":4.0,"enemies":"Jaw Worm","floor":1.0,"turns":4.0},{"damage":24.0,"enemies":"Gremlin Nob","floor":6.0,"turns":4.0},{"damage":0.0,"enemies":"Small Slimes","floor":11.0,"turns":4.0},{"damage":38.0,"enemies":"Slime Boss","floor":16.0,"turns":7.0},{"damage":12.0,"enemies":"Chosen","floor":18.0,"turns":7.0},{"damage":14.0,"enemies":"3 Byrds","floor":19.0,"turns":6.0},{"damage":3.0,"enemies":"Snecko","floor":20.0,"turns":6.0},{"damage":9.0,"enemies":"Sentry and Sphere","floor":22.0,"turns":4.0},{"damage":8.0,"enemies":"Book of Stabbing","floor":24.0,"turns":4.0},{"damage":6.0,"enemies":"3 Cultists","floor":25.0,"turns":3.0},{"damage":32.0,"enemies":"Snake Plant","floor":30.0,"turns":3.0},{"damage":0,"enemies":"Automaton","floor":33,"turns":9},{"damage":8,"enemies":"3 Darklings","floor":35,"turns":5},{"damage":0,"enemies":"3 Shapes","floor":36,"turns":4},{"damage":37,"enemies":"2 Orb Walkers","floor":38,"turns":5},{"damage":32,"enemies":"Jaw Worm Horde","floor":41,"turns":4},{"damage":0,"enemies":"Sphere and 2 Shapes","floor":45,"turns":6},{"damage":14,"enemies":"Nemesis","floor":47,"turns":5},{"damage":13,"enemies":"Spire Growth","floor":48,"turns":5},{"damage":18,"enemies":"Awakened One","floor":50,"turns":13}],"seed_played":"4802201079575310868","potions_obtained":[{"floor":16.0,"key":"GamblersBrew"},{"floor":20.0,"key":"Weak Potion"},{"floor":22.0,"key":"Swift Potion"},{"floor":24.0,"key":"ColorlessPotion"},{"floor":35,"key":"Fire Potion"},{"floor":38,"key":"Weak Potion"},{"floor":48,"key":"Dexterity Potion"}],"is_trial":false,"path_per_floor":["M","?","T","?","$","E","$","R","T","R","M","?","R","$","R","B",null,"M","M","M","$","M","R","E","M","T","R","?","?","M","T","R","B",null,"M","M","?","?","?","R","M","R","T","$","M","R","E","M","R","B",null],"character_chosen":"DEFECT","items_purchased":["Heatsinks","Toy Ornithopter","Ball Lightning","Seek","Heatsinks","DataDisk","Frozen Egg 2","Lee\u0027s Waffle","Heatsinks+1"],"campfire_rested":8,"item_purchase_floors":[5,5,5,7,7,21,44,44,44],"current_hp_per_floor":[64,53,53,53,53,29,29,51,51,51,51,51,51,51,73,35,65,53,39,41,41,32,54,46,40,40,62,62,62,35,35,57,62,72,64,64,64,27,27,49,22,44,44,82,82,82,68,55,79,74],"gold":99,"neow_bonus":"HUNDRED_GOLD","is_daily":false,"chose_seed":false,"campfire_upgraded":3,"win_rate":0.0,"timestamp":1610425407,"path_taken":["M","?","?","?","?","E","$","R","T","R","M","?","R","$","R","BOSS","M","M","M","$","M","R","E","M","T","R","?","?","?","?","R","BOSS","M","M","?","?","?","R","?","R","T","$","M","R","E","M","R","BOSS"],"items_purchased_type":["Card","Relic","Card","Card","Card","Relic","Relic","Relic","Card"],"build_version":"2020-12-22","purchased_purges":2,"victory":true,"max_hp_per_floor":[75,75,75,75,75,75,75,75,75,75,75,75,75,75,75,75,75,75,75,75,75,75,75,75,75,75,75,75,75,75,75,75,75,75,75,75,75,75,75,75,75,75,75,82,82,82,82,82,82,82],"card_choices":[{"not_picked":["Leap","Beam Cell"],"picked":"Hologram","floor":1.0},{"not_picked":["Chill","Leap"],"picked":"Creative AI","floor":6.0},{"not_picked":["Barrage","Hologram"],"picked":"Conserve Battery","floor":11.0},{"not_picked":["All For One","Multi-Cast"],"picked":"Amplify","floor":16.0},{"not_picked":["Coolheaded","Streamline"],"picked":"Steam","floor":18.0},{"not_picked":["Compile Driver","Beam Cell"],"picked":"Turbo","floor":19.0},{"not_picked":["Compile Driver","Barrage","Steam"],"picked":"SKIP","floor":20.0},{"not_picked":["Turbo+1","Coolheaded+1"],"picked":"Static Discharge","floor":22.0},{"not_picked":["FTL","Hologram"],"picked":"Core Surge","floor":24.0},{"not_picked":["Beam Cell","Rebound"],"picked":"Ball Lightning","floor":25.0},{"not_picked":["Gash+1","Sweeping Beam"],"picked":"Sunder+1","floor":30.0},{"not_picked":["Creative AI","Seek"],"picked":"Biased Cognition","floor":33},{"not_picked":["Fusion","Sweeping Beam"],"picked":"Force Field+1","floor":35},{"not_picked":["Recycle+1","Steam"],"picked":"Aggregate","floor":36},{"not_picked":["Go for the Eyes","Ball Lightning"],"picked":"Defragment+1","floor":38},{"not_picked":["Redo","All For One","Compile Driver"],"picked":"SKIP","floor":41},{"not_picked":["Heatsinks+1","Sweeping Beam+1"],"picked":"Capacitor+1","floor":45},{"not_picked":["Barrage","FTL"],"picked":"Machine Learning+1","floor":47},{"not_picked":["Sweeping Beam+1","Leap","Darkness"],"picked":"SKIP","floor":48}],"player_experience":156771,"relics_obtained":[{"floor":3.0,"key":"Oddly Smooth Stone"},{"floor":6.0,"key":"Mummified Hand"},{"floor":9.0,"key":"Bottled Lightning"},{"floor":24.0,"key":"Orichalcum"},{"floor":26.0,"key":"Blue Candle"},{"floor":31.0,"key":"Shuriken"},{"floor":38,"key":"Old Coin"},{"floor":43,"key":"Happy Flower"},{"floor":47,"key":"PreservedInsect"}],"event_choices":[{"damage_healed":0.0,"max_hp_gain":0.0,"max_hp_loss":0.0,"gold_gain":75.0,"event_name":"World of Goop","player_choice":"Gather Gold","floor":2.0,"gold_loss":0.0,"damage_taken":11.0},{"damage_healed":0.0,"max_hp_gain":0.0,"max_hp_loss":0.0,"gold_gain":175.0,"event_name":"Liars Game","player_choice":"AGREE","floor":4.0,"gold_loss":0.0,"damage_taken":0.0,"cards_obtained":["Doubt"]},{"damage_healed":0.0,"max_hp_gain":0.0,"max_hp_loss":0.0,"gold_gain":0.0,"cards_transformed":["Strike_B"],"event_name":"Living Wall","player_choice":"Change","floor":12.0,"gold_loss":0.0,"damage_taken":0.0,"cards_obtained":["Glacier"]},{"cards_removed":["Strike_B"],"damage_healed":0.0,"max_hp_gain":0.0,"max_hp_loss":0.0,"gold_gain":0.0,"event_name":"Back to Basics","player_choice":"Elegance","floor":28.0,"gold_loss":0.0,"damage_taken":0.0},{"damage_healed":0.0,"max_hp_gain":0.0,"max_hp_loss":0.0,"gold_gain":0.0,"event_name":"N\u0027loth","player_choice":"Traded Relic","floor":29.0,"relics_lost":["Oddly Smooth Stone"],"gold_loss":0.0,"damage_taken":0.0,"relics_obtained":["Nloth\u0027s Gift"]},{"damage_healed":0,"gold_gain":0,"player_choice":"Ignored","damage_taken":0,"max_hp_gain":0,"max_hp_loss":0,"event_name":"Tomb of Lord Red Mask","floor":37,"gold_loss":0},{"damage_healed":0,"gold_gain":0,"player_choice":"Fight","damage_taken":0,"max_hp_gain":0,"max_hp_loss":0,"event_name":"Mysterious Sphere","floor":38,"gold_loss":0},{"damage_healed":0,"gold_gain":0,"player_choice":"Ignored","damage_taken":0,"max_hp_gain":0,"max_hp_loss":0,"event_name":"The Moai Head","floor":39,"gold_loss":0}],"is_beta":false,"boss_relics":[{"not_picked":["Nuclear Battery","Black Star"],"picked":"SacredBark"},{"not_picked":["Busted Crown","Astrolabe"],"picked":"Philosopher\u0027s Stone"}],"items_purged_floors":[5,44],"is_endless":false,"potions_floor_spawned":[16,20,22,24,35,38,48],"ascension_level":7}}