{"host":"9l4mw5jqza9qz9hr","time":1610459839,"event":{"mods":["AchievementEnabler","Always Whale","BaseMod","Colored Map","Minty Spire (QoL Compilation)","StSLib","SuperFastMode"],"gold_per_floor":[112,112,123,123,147,147,176,191,217,21,32,32,49,59,59,156,156,173,173,190,203,222,249,262,279,333,358,12,12,12,45,45,149,149,161,178,192,210,261,290,290,321,321,321,337,348,378,393,393,393],"floor_reached":51,"playtime":2965,"items_purged":["Writhe"],"score":1400,"play_id":"b2c7a400-d58a-4527-b64a-180af5e109f5","local_time":"20210112225719","is_ascension_mode":true,"campfire_choices":[{"data":"Zap","floor":6.0,"key":"SMITH"},{"data":"Apotheosis","floor":15.0,"key":"SMITH"},{"data":"Buffer","floor":29.0,"key":"SMITH"},{"floor":32.0,"key":"REST"},{"floor":41,"key":"REST"},{"floor":49,"key":"REST"}],"circlet_count":0,"master_deck":["AscendersBane","Strike_B","Defend_B","Defend_B","Defend_B","Defend_B","Zap+1","Dualcast","Tempest","Apotheosis+1","Self Repair","FTL+1","Coolheaded","Turbo","Chill","Go for the Eyes","Buffer+1","Compile Driver+1","Reboot+1","Steam Power+1","Coolheaded","Compile Driver","Barrage","Conserve Battery","Beam Cell+1","Coolheaded","White Noise","Thunder Strike","Chaos","Hologram","Ball Lightning+1","Double Energy","Echo Form","Compile Driver+1","Ball Lightning+1","Barrage+1"],"relics":["Cracked Core","Calipers","CultistMask","Akabeko","Bottled Lightning","Bag of Marbles","Runic Capacitor","Astrolabe","Dream Catcher","PreservedInsect","MealTicket","Sling","Whetstone","Fusion Hammer","Mango","Molten Egg 2","Nunchaku","Question Card","FossilizedHelix"],"acts_visited":["Exordium","TheCity","TheBeyond"],"potions_floor_usage":[38,38,38,38,45,50,50],"damage_taken":[{"damage":2.0,"enemies":"Jaw Worm","floor":1.0,"turns":3.0},{"damage":1.0,"enemies":"Cultist","floor":3.0,"turns":3.0},{"damage":27.0,"enemies":"Gremlin Nob","floor":7.0,"turns":4.0},{"damage":4.0,"enemies":"2 Louse","floor":8.0,"turns":2.0},{"damage":15.0,"enemies":"Exordium Thugs","floor":11.0,"turns":4.0},{"damage":7.0,"enemies":"2 Fungi Beasts","floor":13.0,"turns":3.0},{"damage":0.0,"enemies":"Large Slime","floor":14.0,"turns":4.0},{"damage":10.0,"enemies":"Hexaghost","floor":16.0,"turns":11.0},{"damage":16.0,"enemies":"2 Thieves","floor":18.0,"turns":4.0},{"damage":0.0,"enemies":"Spheric Guardian","floor":20.0,"turns":4.0},{"damage":0.0,"enemies":"Shelled Parasite and Fungi","floor":21.0,"turns":4.0},{"damage":14.0,"enemies":"Snake Plant","floor":22.0,"turns":4.0},{"damage":0.0,"enemies":"Gremlin Leader","floor":23.0,"turns":5.0},{"damage":4.0,"enemies":"3 Cultists","floor":24.0,"turns":4.0},{"damage":19.0,"enemies":"Sentry and Sphere","floor":25.0,"turns":6.0},{"damage":0.0,"enemies":"Slavers","floor":27.0,"turns":3.0},{"damage":7.0,"enemies":"Book of Stabbing","floor":31.0,"turns":3.0},{"damage":21.0,"enemies":"Champ","floor":33.0,"turns":12.0},{"damage":0,"enemies":"3 Shapes","floor":35,"turns":3},{"damage":3,"enemies":"3 Darklings","floor":36,"turns":6},{"damage":14,"enemies":"Jaw Worm Horde","floor":37,"turns":4},{"damage":8,"enemies":"Writhing Mass","floor":38,"turns":3},{"damage":22,"enemies":"2 Orb Walkers","floor":39,"turns":4},{"damage":16,"enemies":"Giant Head","floor":40,"turns":4},{"damage":41,"enemies":"Reptomancer","floor":42,"turns":4},{"damage":14,"enemies":"Transient","floor":45,"turns":5},{"damage":7,"enemies":"Maw","floor":46,"turns":6},{"damage":1,"enemies":"Nemesis","floor":47,"turns":3},{"damage":36,"enemies":"Writhing Mass","floor":48,"turns":7},{"damage":52,"enemies":"Awakened One","floor":50,"turns":8}],"seed_played":"4706555198939167956","potions_obtained":[{"floor":1.0,"key":"BlessingOfTheForge"},{"floor":7.0,"key":"Weak Potion"},{"floor":11.0,"key":"DistilledChaos"},{"floor":21.0,"key":"EntropicBrew"},{"floor":38,"key":"PotionOfCapacity"},{"floor":39,"key":"ColorlessPotion"},{"floor":46,"key":"BlessingOfTheForge"},{"floor":47,"key":"LiquidBronze"}],"is_trial":false,"path_per_floor":["M","?","M","?","T","R","E","M","T","$","M","$","M","M","R","B",null,"M","?","M","M","M","E","M","M","T","E","$","R","?","E","R","B",null,"M","M","M","M","?","E","R","E","T","?","M","M","E","M","R","B",null],"character_chosen":"DEFECT","items_purchased":["Runic Capacitor","Coolheaded","Sling","Beam Cell","Loop"],"campfire_rested":3,"item_purchase_floors":[10,10,28,28,28],"current_hp_per_floor":[66,66,65,70,70,70,43,39,39,39,34,34,37,47,47,47,72,66,66,76,80,66,76,80,71,71,80,80,80,80,73,80,69,77,77,80,76,68,70,64,92,51,51,51,47,50,59,33,61,19],"gold":393,"neow_bonus":"ONE_RARE_RELIC","is_daily":false,"chose_seed":false,"campfire_upgraded":3,"win_rate":0.0,"timestamp":1610459839,"path_taken":["M","?","?","?","?","R","E","M","T","?","M","$","M","?","R","BOSS","M","?","?","M","M","E","?","M","T","E","$","R","?","E","R","BOSS","M","M","M","M","?","E","R","E","T","?","M","M","E","?","R","BOSS"],"items_purchased_type":["Relic","Card","Relic","Card","Card"],"build_version":"2020-12-22","purchased_purges":1,"victory":true,"max_hp_per_floor":[75,75,75,80,80,80,80,80,80,80,80,80,80,80,80,80,80,80,80,80,80,80,80,80,80,80,80,80,80,80,80,80,80,80,80,80,80,80,94,94,94,94,94,94,94,94,94,94,94,94],"card_choices":[{"not_picked":["Auto Shields","Reprogram","Redo"],"picked":"SKIP","floor":1.0},{"not_picked":["Recycle","Rebound"],"picked":"Tempest","floor":3.0},{"not_picked":["Cold Snap","Reboot"],"picked":"Self Repair","floor":7.0},{"not_picked":["Steam","Compile Driver"],"picked":"FTL","floor":8.0},{"not_picked":["Steam","Multi-Cast"],"picked":"Turbo","floor":11.0},{"not_picked":["Gash","Stack"],"picked":"Chill","floor":13.0},{"not_picked":["Redo","BootSequence"],"picked":"Go for the Eyes","floor":14.0},{"not_picked":["All For One","Hyperbeam"],"picked":"Buffer","floor":16.0},{"not_picked":["Steam","Reinforced Body+1","Rebound"],"picked":"SKIP","floor":18.0},{"not_picked":["Rebound","Sunder"],"picked":"Compile Driver","floor":20.0},{"not_picked":["Fusion","Rebound","Reinforced Body"],"picked":"SKIP","floor":21.0},{"not_picked":["Cold Snap","Coolheaded"],"picked":"Barrage","floor":22.0},{"not_picked":["Turbo","Compile Driver","Tempest"],"picked":"SKIP","floor":23.0},{"not_picked":["Auto Shields","Leap+1"],"picked":"Conserve Battery","floor":24.0},{"not_picked":["Redo","Fusion","Meteor Strike"],"picked":"SKIP","floor":25.0},{"not_picked":["Force Field","Reinforced Body","Double Energy+1"],"picked":"SKIP","floor":27.0},{"not_picked":["Storm+1","Heatsinks"],"picked":"Coolheaded","floor":31.0},{"not_picked":["Barrage","Undo"],"picked":"White Noise","floor":32.0},{"not_picked":["All For One","Machine Learning"],"picked":"Thunder Strike","floor":33.0},{"not_picked":["Coolheaded+1","Sweeping Beam","Leap"],"picked":"SKIP","floor":35},{"not_picked":["Conserve Battery+1","Auto Shields"],"picked":"Chaos","floor":36},{"not_picked":["Rebound","Scrape","Coolheaded"],"picked":"SKIP","floor":37},{"not_picked":["Redo","Tempest","Steam"],"picked":"SKIP","floor":38},{"not_picked":["Leap","Coolheaded"],"picked":"Hologram","floor":39},{"not_picked":["Force Field","Skim"],"picked":"Ball Lightning+1","floor":40},{"not_picked":["Coolheaded","Streamline+1","Melter+1"],"picked":"SKIP","floor":42},{"not_picked":["Compile Driver+1","Go for the Eyes+1","Rebound+1"],"picked":"Double Energy","floor":45},{"not_picked":["Ball Lightning+1","Coolheaded","Streamline+1"],"picked":"Echo Form","floor":46},{"not_picked":["Doom and Gloom+1","Streamline+1","Steam"],"picked":"Compile Driver+1","floor":47},{"not_picked":["Beam Cell+1","Streamline+1","Chill+1"],"picked":"Ball Lightning+1","floor":48},{"not_picked":["Gash+1","Stack","Scrape+1"],"picked":"Barrage+1","floor":49}],"player_experience":219596,"relics_obtained":[{"floor":5.0,"key":"Akabeko"},{"floor":7.0,"key":"Bottled Lightning"},{"floor":9.0,"key":"Bag of Marbles"},{"floor":23.0,"key":"Dream Catcher"},{"floor":26.0,"key":"PreservedInsect"},{"floor":27.0,"key":"MealTicket"},{"floor":31.0,"key":"Whetstone"},{"floor":39,"key":"Mango"},{"floor":40,"key":"Molten Egg 2"},{"floor":42,"key":"Nunchaku"},{"floor":43,"key":"Question Card"},{"floor":47,"key":"FossilizedHelix"}],"event_choices":[{"damage_healed":0.0,"max_hp_gain":0.0,"max_hp_loss":0.0,"gold_gain":0.0,"event_name":"FaceTrader","player_choice":"Trade","floor":2.0,"gold_loss":0.0,"damage_taken":0.0,"relics_obtained":["CultistMask"]},{"damage_healed":0.0,"max_hp_gain":5.0,"max_hp_loss":0.0,"gold_gain":0.0,"event_name":"Big Fish","player_choice":"Donut","floor":4.0,"gold_loss":0.0,"damage_taken":0.0},{"damage_healed":0.0,"max_hp_gain":0.0,"max_hp_loss":0.0,"gold_gain":0.0,"event_name":"Duplicator","player_choice":"Copied","floor":19.0,"gold_loss":0.0,"damage_taken":0.0,"cards_obtained":["Coolheaded"]},{"damage_healed":0.0,"max_hp_gain":0.0,"max_hp_loss":0.0,"gold_gain":0.0,"event_name":"Accursed Blacksmith","player_choice":"Forge","floor":30.0,"gold_loss":0.0,"damage_taken":0.0,"cards_upgraded":["Loop"]},{"damage_healed":0,"gold_gain":0,"player_choice":"Fight","damage_taken":0,"max_hp_gain":0,"max_hp_loss":0,"event_name":"Mysterious Sphere","floor":39,"gold_loss":0},{"cards_removed":["Loop"],"damage_healed":0,"gold_gain":0,"player_choice":"Removed Power","damage_taken":0,"max_hp_gain":0,"max_hp_loss":0,"event_name":"Falling","floor":44,"gold_loss":0}],"is_beta":false,"boss_relics":[{"not_picked":["SacredBark","Sozu"],"picked":"Astrolabe"},{"not_picked":["Calling Bell","SlaversCollar"],"picked":"Fusion Hammer"}],"items_purged_floors":[28],"is_endless":false,"potions_floor_spawned":[1,7,11,13,21,22,24,27,31,36,37,38,39,46,47],"ascension_level":12}}