{"host":"pletss163z7s8pvv","time":1610422771,"event":{"mods":["AchievementEnabler","BaseMod","Colored Map","Colored Powertips","Minty Spire (QoL Compilation)"],"gold_per_floor":[114,129,144,159,34,34,64,64,64,64,79,109,37,52,52,152,202,217,232,182,212,175,175,25,25,50,65,95,95,125,140,140,240,240,255,270,285,81,96,126,141,141,141,153,440,54,69,84,84,84],"floor_reached":51,"playtime":1137,"items_purged":[],"score":1274,"play_id":"51e822ab-b3d5-4653-85b6-faec755fad8a","local_time":"20210111213931","daily_mods":["Cursed Run","Hoarder","DeadlyEvents"],"is_ascension_mode":false,"campfire_choices":[{"data":"Worship","floor":6,"key":"SMITH"},{"data":"Worship","floor":8,"key":"SMITH"},{"floor":15,"key":"REST"},{"floor":23,"key":"REST"},{"floor":25,"key":"REST"},{"floor":29,"key":"REST"},{"floor":32,"key":"REST"},{"floor":42,"key":"REST"},{"data":"Worship","floor":44,"key":"SMITH"},{"floor":49,"key":"REST"}],"circlet_count":0,"master_deck":["Strike_P","Strike_P","Strike_P","Strike_P","Defend_P+1","Defend_P+1","Defend_P","Defend_P+1","Eruption","Vigilance","TalkToTheHand","TalkToTheHand","TalkToTheHand","ReachHeaven","ReachHeaven","ReachHeaven","Consecrate","Consecrate","Consecrate","CutThroughFate","CutThroughFate","CutThroughFate","Consecrate","Consecrate","Consecrate","Worship+1","Worship+1","Worship+1","FollowUp","FollowUp","FollowUp","Injury","Injury","Injury","Nirvana+1","Nirvana+1","Nirvana+1","JustLucky","JustLucky","JustLucky","Nirvana+1","Nirvana+1","Nirvana+1","FlurryOfBlows","FlurryOfBlows","FlurryOfBlows","Regret","Regret","Regret","DevaForm+1","DevaForm+1","DevaForm+1","TalkToTheHand","TalkToTheHand","TalkToTheHand","Consecrate+1","Consecrate+1","Consecrate+1","Weave","Weave","Weave","Swivel","Swivel","Swivel","BattleHymn+1","BattleHymn+1","BattleHymn+1","Shame","Shame","Shame","Establishment+1","Establishment+1","Establishment+1","Nirvana+1","Nirvana+1","Nirvana+1","Brilliance","Brilliance","Brilliance","Consecrate","Consecrate","Consecrate","Doubt","Doubt","Doubt","DeusExMachina","DeusExMachina","DeusExMachina","CurseOfTheBell","CurseOfTheBell","CurseOfTheBell","WheelKick+1","WheelKick+1","WheelKick+1","Evaluate","Evaluate","Evaluate","FlurryOfBlows+1","FlurryOfBlows+1","FlurryOfBlows+1","Halt","Halt","Halt","FollowUp","FollowUp","FollowUp","Crescendo","Crescendo","Crescendo","Prostrate+1","Prostrate+1","Prostrate+1","Doubt","Doubt","Doubt","Regret","Regret","Regret","Apotheosis","Apotheosis","Apotheosis","Brilliance","Brilliance","Brilliance","BowlingBash+1","BowlingBash+1","BowlingBash+1","Evaluate+1","Evaluate+1","Evaluate+1","Pain","Pain","Pain"],"relics":["Cursed Key","Darkstone Periapt","Du-Vu Doll","Frozen Egg 2","Orichalcum","GoldenEye","Calipers","Tiny House","Pen Nib","Frozen Eye","Akabeko","Ornamental Fan","War Paint","Calling Bell","Vajra","Pear","Lizard Tail","HandDrill","Centennial Puzzle","MawBank","Bag of Preparation"],"acts_visited":["Exordium","TheCity","TheBeyond"],"potions_floor_usage":[16,16,16,33,50],"damage_taken":[{"damage":0,"enemies":"Cultist","floor":1,"turns":2},{"damage":0,"enemies":"2 Louse","floor":2,"turns":3},{"damage":11,"enemies":"Jaw Worm","floor":3,"turns":2},{"damage":4,"enemies":"Looter","floor":4,"turns":2},{"damage":0,"enemies":"Lagavulin","floor":7,"turns":3},{"damage":0,"enemies":"Gremlin Gang","floor":11,"turns":1},{"damage":0,"enemies":"Gremlin Nob","floor":12,"turns":2},{"damage":0,"enemies":"Large Slime","floor":14,"turns":3},{"damage":11,"enemies":"Hexaghost","floor":16,"turns":6},{"damage":19,"enemies":"2 Thieves","floor":18,"turns":2},{"damage":1,"enemies":"Chosen","floor":19,"turns":3},{"damage":70,"enemies":"Gremlin Leader","floor":21,"turns":6},{"damage":4,"enemies":"3 Cultists","floor":27,"turns":3},{"damage":23,"enemies":"Book of Stabbing","floor":28,"turns":3},{"damage":41,"enemies":"Slavers","floor":30,"turns":4},{"damage":9,"enemies":"Cultist and Chosen","floor":31,"turns":3},{"damage":28,"enemies":"Champ","floor":33,"turns":5},{"damage":11,"enemies":"3 Darklings","floor":35,"turns":2},{"damage":22,"enemies":"3 Shapes","floor":36,"turns":2},{"damage":7,"enemies":"Jaw Worm Horde","floor":37,"turns":3},{"damage":26,"enemies":"4 Shapes","floor":39,"turns":3},{"damage":14,"enemies":"Giant Head","floor":40,"turns":4},{"damage":3,"enemies":"3 Darklings","floor":41,"turns":2},{"damage":0,"enemies":"Sphere and 2 Shapes","floor":47,"turns":2},{"damage":15,"enemies":"Writhing Mass","floor":48,"turns":2},{"damage":69,"enemies":"Time Eater","floor":50,"turns":4}],"seed_played":"-5514344210177769252","potions_obtained":[{"floor":1,"key":"GamblersBrew"},{"floor":3,"key":"Block Potion"},{"floor":7,"key":"GamblersBrew"},{"floor":12,"key":"Swift Potion"},{"floor":16,"key":"EssenceOfSteel"},{"floor":17,"key":"FairyPotion"},{"floor":19,"key":"SkillPotion"},{"floor":21,"key":"Swift Potion"},{"floor":36,"key":"Regen Potion"},{"floor":37,"key":"Block Potion"}],"is_trial":false,"path_per_floor":["M","M","M","M","$","R","E","R","T","?","M","E","$","M","R","B",null,"M","M","?","E","$","R","$","R","T","M","E","R","E","M","R","B",null,"M","M","M","$","M","E","M","R","T","R","?","$","M","M","R","B",null],"character_chosen":"WATCHER","items_purchased":["Consecrate","Worship","Nirvana+1","BattleHymn+1","Frozen Eye","HandDrill","Halt","Bag of Preparation","Apotheosis","Brilliance"],"campfire_rested":7,"item_purchase_floors":[5,5,13,22,24,38,38,46,46,46],"current_hp_per_floor":[72,72,61,57,57,57,57,57,75,63,63,63,63,63,90,97,113,94,93,93,23,23,56,56,89,107,103,80,119,78,69,108,98,177,166,144,137,137,111,97,94,147,165,165,183,183,183,168,213,162],"gold":84,"neow_bonus":"","is_daily":true,"chose_seed":false,"campfire_upgraded":3,"win_rate":0.0,"timestamp":1610422771,"path_taken":["M","?","M","M","$","R","E","R","T","?","M","?","?","M","R","BOSS","M","?","?","?","$","R","?","R","T","M","E","R","E","M","R","BOSS","M","M","M","$","M","E","M","R","T","R","?","$","?","M","R","BOSS"],"items_purchased_type":["Card","Card","Card","Card","Relic","Relic","Card","Relic","Card","Card"],"build_version":"2020-12-22","purchased_purges":0,"victory":true,"max_hp_per_floor":[72,72,72,72,72,72,72,72,90,90,90,90,90,90,90,108,113,113,113,113,113,113,113,113,113,131,131,131,131,131,131,131,149,177,177,177,177,177,177,177,177,177,195,195,213,213,213,213,213,231],"card_choices":[{"not_picked":["Evaluate","DeceiveReality"],"picked":"TalkToTheHand","floor":1},{"not_picked":["FlyingSleeves","Fasting2"],"picked":"ReachHeaven","floor":2},{"not_picked":["Study","Protect"],"picked":"Consecrate","floor":3},{"not_picked":["BowlingBash","Adaptation"],"picked":"CutThroughFate","floor":4},{"not_picked":["Wireheading+1","SignatureMove"],"picked":"FollowUp","floor":7},{"not_picked":["ThirdEye","FlurryOfBlows"],"picked":"Nirvana+1","floor":11},{"not_picked":["Prostrate","BowlingBash"],"picked":"JustLucky","floor":12},{"not_picked":["ThirdEye","Adaptation+1"],"picked":"FlurryOfBlows","floor":14},{"not_picked":["DeusExMachina","Vault"],"picked":"DevaForm+1","floor":16},{"not_picked":["SashWhip","WreathOfFlame"],"picked":"TalkToTheHand","floor":17},{"not_picked":["CutThroughFate","Prostrate"],"picked":"Consecrate+1","floor":18},{"not_picked":["Conclude","EmptyBody"],"picked":"Weave","floor":19},{"not_picked":["Vengeance","Meditate"],"picked":"Swivel","floor":21},{"not_picked":["Swivel+1","Sanctity"],"picked":"Establishment+1","floor":27},{"not_picked":["ForeignInfluence","JustLucky"],"picked":"Nirvana+1","floor":28},{"not_picked":["ThirdEye","Collect"],"picked":"Brilliance","floor":30},{"not_picked":["Protect","EmptyFist"],"picked":"Consecrate","floor":31},{"not_picked":["Wish","DevaForm+1"],"picked":"DeusExMachina","floor":33},{"not_picked":["ClearTheMind+1","BattleHymn+1"],"picked":"WheelKick+1","floor":35},{"not_picked":["BattleHymn+1","Adaptation+1"],"picked":"Evaluate","floor":36},{"not_picked":["Evaluate","CutThroughFate+1"],"picked":"FlurryOfBlows+1","floor":37},{"not_picked":["WheelKick+1","SashWhip+1"],"picked":"FollowUp","floor":39},{"not_picked":["BowlingBash+1","PathToVictory"],"picked":"Crescendo","floor":40},{"not_picked":["Protect","Indignation"],"picked":"Prostrate+1","floor":41},{"not_picked":["EmptyFist+1","Perseverance"],"picked":"BowlingBash+1","floor":47},{"not_picked":["Establishment+1","Halt"],"picked":"Evaluate+1","floor":48}],"player_experience":412883,"relics_obtained":[{"floor":7,"key":"Frozen Egg 2"},{"floor":9,"key":"Orichalcum"},{"floor":12,"key":"Calipers"},{"floor":21,"key":"Pen Nib"},{"floor":26,"key":"Akabeko"},{"floor":28,"key":"Ornamental Fan"},{"floor":30,"key":"War Paint"},{"floor":34,"key":"Vajra"},{"floor":34,"key":"Pear"},{"floor":34,"key":"Lizard Tail"},{"floor":40,"key":"Centennial Puzzle"},{"floor":43,"key":"MawBank"}],"event_choices":[{"damage_healed":0,"gold_gain":0,"player_choice":"Success","damage_taken":12,"relics_obtained":["GoldenEye"],"max_hp_gain":0,"max_hp_loss":0,"event_name":"Scrap Ooze","floor":10,"gold_loss":0},{"damage_healed":0,"gold_gain":0,"player_choice":"Bet on Murderer","damage_taken":0,"max_hp_gain":0,"max_hp_loss":0,"event_name":"The Joust","floor":20,"gold_loss":50},{"damage_healed":0,"gold_gain":275,"player_choice":"Desecrate","damage_taken":0,"max_hp_gain":0,"max_hp_loss":0,"event_name":"Golden Shrine","floor":45,"gold_loss":0,"cards_obtained":["Regret"]}],"is_beta":false,"boss_relics":[{"not_picked":["Sozu","Black Star"],"picked":"Tiny House"},{"not_picked":["SacredBark","Pandora\u0027s Box"],"picked":"Calling Bell"}],"items_purged_floors":[],"is_endless":false,"potions_floor_spawned":[1,3,7,12,16,19,21,28,31,36,37,40,48],"ascension_level":0}}