{"host":"0ueeacaatm8t6jyh","time":1610460057,"event":{"mods":["AchievementEnabler","BaseMod","Colored Powertips","Minty Spire (QoL Compilation)","Quick Restart","Rare Cards Sparkle","StSLib"],"gold_per_floor":[118,118,129,141,15,15,33,61,61,61,71,96,111,81,81,160,160,172,188,10,20,32,32,32,32,32,49,64,64,81,95,95,169,169,179,179,192,205,80,80,112,112,112,141,153,153,173,23,23,23,23,23,23,56,56],"floor_reached":56,"playtime":7190,"items_purged":["Strike_R","Strike_R","Strike_R","Defend_R"],"score":2243,"play_id":"7a7af684-a625-4551-b8e2-6790c5cf6884","local_time":"20210112220057","is_ascension_mode":true,"campfire_choices":[{"data":"Fiend Fire","floor":6.0,"key":"SMITH"},{"data":"Power Through","floor":10.0,"key":"SMITH"},{"floor":15.0,"key":"REST"},{"data":"Feel No Pain","floor":23.0,"key":"SMITH"},{"data":"Body Slam","floor":25.0,"key":"SMITH"},{"floor":29.0,"key":"REST"},{"data":"Dark Embrace","floor":32.0,"key":"SMITH"},{"data":"Pommel Strike","floor":40.0,"key":"SMITH"},{"floor":42.0,"key":"REST"},{"floor":46.0,"key":"RECALL"},{"data":"Offering","floor":49.0,"key":"SMITH"},{"data":"Juggernaut","floor":52.0,"key":"SMITH"}],"circlet_count":0,"master_deck":["AscendersBane","Defend_R","Defend_R","Defend_R+1","Bash","Fiend Fire+1","Power Through+1","Second Wind+1","Pommel Strike+1","Juggernaut+1","Body Slam+1","Seeing Red","Feel No Pain+1","Armaments+1","Dark Embrace+1","Offering+1"],"relics":["Black Blood","Self Forming Clay","Paper Frog","Matryoshka","Mark of Pain","Toy Ornithopter","War Paint","Red Skull","Eternal Feather","Pear","Akabeko"],"acts_visited":["Exordium","TheCity","TheBeyond","TheEnding"],"potions_floor_usage":[],"damage_taken":[{"damage":0.0,"enemies":"2 Louse","floor":1.0,"turns":4.0},{"damage":1.0,"enemies":"Cultist","floor":3.0,"turns":5.0},{"damage":0.0,"enemies":"Small Slimes","floor":4.0,"turns":5.0},{"damage":0.0,"enemies":"Looter","floor":7.0,"turns":1.0},{"damage":29.0,"enemies":"Lagavulin","floor":8.0,"turns":9.0},{"damage":14.0,"enemies":"Red Slaver","floor":11.0,"turns":3.0},{"damage":16.0,"enemies":"Gremlin Nob","floor":12.0,"turns":3.0},{"damage":11.0,"enemies":"3 Louse","floor":13.0,"turns":4.0},{"damage":41.0,"enemies":"Slime Boss","floor":16.0,"turns":10.0},{"damage":24.0,"enemies":"3 Byrds","floor":18.0,"turns":6.0},{"damage":29.0,"enemies":"2 Thieves","floor":19.0,"turns":4.0},{"damage":18.0,"enemies":"Snecko","floor":21.0,"turns":3.0},{"damage":41.0,"enemies":"Chosen and Byrds","floor":22.0,"turns":7.0},{"damage":37.0,"enemies":"Shelled Parasite and Fungi","floor":27.0,"turns":6.0},{"damage":29.0,"enemies":"Cultist and Chosen","floor":28.0,"turns":7.0},{"damage":0.0,"enemies":"Snake Plant","floor":30.0,"turns":3.0},{"damage":5.0,"enemies":"Snecko","floor":31.0,"turns":6.0},{"damage":0.0,"enemies":"Champ","floor":33.0,"turns":5.0},{"damage":30.0,"enemies":"Orb Walker","floor":35.0,"turns":4.0},{"damage":19.0,"enemies":"3 Shapes","floor":37.0,"turns":4.0},{"damage":6.0,"enemies":"Maw","floor":38.0,"turns":6.0},{"damage":50.0,"enemies":"Reptomancer","floor":41.0,"turns":5.0},{"damage":6.0,"enemies":"Giant Head","floor":44.0,"turns":5.0},{"damage":10.0,"enemies":"Sphere and 2 Shapes","floor":45.0,"turns":4.0},{"damage":45.0,"enemies":"3 Darklings","floor":47.0,"turns":5.0},{"damage":38.0,"enemies":"Time Eater","floor":50.0,"turns":7.0},{"damage":6.0,"enemies":"Shield and Spear","floor":54.0,"turns":3.0},{"damage":74,"enemies":"The Heart","floor":55,"turns":7}],"seed_played":"-1082203053661375964","potions_obtained":[{"floor":3.0,"key":"Strength Potion"},{"floor":7.0,"key":"SpeedPotion"},{"floor":8.0,"key":"BlessingOfTheForge"},{"floor":27.0,"key":"PowerPotion"},{"floor":30.0,"key":"DuplicationPotion"},{"floor":33.0,"key":"Fire Potion"},{"floor":41.0,"key":"Regen Potion"},{"floor":44.0,"key":"LiquidMemories"}],"is_trial":false,"path_per_floor":["M","?","M","M","$","R","M","E","T","R","M","E","M","$","R","B",null,"M","M","$","M","M","R","?","R","T","M","M","R","M","M","R","B",null,"M","?","M","M","$","R","E","R","T","E","M","R","M","$","R","B",null,"R","$","E","B",null],"character_chosen":"IRONCLAD","items_purchased":["Pommel Strike","Body Slam","Feel No Pain"],"campfire_rested":3,"item_purchase_floors":[5,14,20],"current_hp_per_floor":[74,74,75,75,75,75,75,52,52,52,44,34,29,29,51,16,60,42,19,19,7,15,15,15,15,15,34,11,33,39,40,40,51,69,51,51,44,50,50,50,17,39,39,55,57,66,38,38,47,21,69,78,78,85,23],"gold":56,"neow_bonus":"ONE_RANDOM_RARE_CARD","is_daily":false,"chose_seed":false,"campfire_upgraded":8,"win_rate":0.0,"timestamp":1610460057,"path_taken":["M","?","?","?","?","R","M","E","T","R","M","E","M","$","R","BOSS","M","M","$","M","M","R","?","R","T","M","M","R","M","M","R","BOSS","M","?","M","M","$","R","E","R","T","E","M","R","M","$","R","BOSS","R","$","E","BOSS"],"items_purchased_type":["Card","Card","Card"],"build_version":"2020-12-22","purchased_purges":4,"victory":true,"max_hp_per_floor":[75,75,75,75,75,75,75,75,75,75,75,75,75,75,75,75,75,75,75,75,75,75,75,75,75,75,75,75,75,75,75,75,75,75,75,75,75,75,75,75,75,75,75,85,85,85,85,85,85,85,85,85,85,85,85],"card_choices":[{"not_picked":["Clothesline","Clash"],"picked":"Power Through","floor":1.0},{"not_picked":["Spot Weakness","Searing Blow"],"picked":"Second Wind","floor":3.0},{"not_picked":["Iron Wave","Headbutt","Wild Strike"],"picked":"SKIP","floor":4.0},{"not_picked":["Dual Wield","Dropkick","Wild Strike"],"picked":"SKIP","floor":7.0},{"not_picked":["Anger","Shrug It Off","Warcry"],"picked":"SKIP","floor":8.0},{"not_picked":["Twin Strike","Clothesline","Clash"],"picked":"SKIP","floor":11.0},{"not_picked":["Headbutt","Wild Strike"],"picked":"Juggernaut","floor":12.0},{"not_picked":["Heavy Blade","Flame Barrier","Dropkick"],"picked":"SKIP","floor":13.0},{"not_picked":["Thunderclap+1","Perfected Strike"],"picked":"Seeing Red","floor":18.0},{"not_picked":["Hemokinesis","Reckless Charge+1","Wild Strike"],"picked":"SKIP","floor":19.0},{"not_picked":["Flex","Wild Strike","Sword Boomerang"],"picked":"SKIP","floor":21.0},{"not_picked":["Thunderclap","Cleave","Clash"],"picked":"SKIP","floor":22.0},{"not_picked":["Cleave","Body Slam","Headbutt"],"picked":"SKIP","floor":27.0},{"not_picked":["Reaper","Heavy Blade"],"picked":"Armaments+1","floor":28.0},{"not_picked":["Reckless Charge+1","Blood for Blood"],"picked":"Dark Embrace","floor":30.0},{"not_picked":["Havoc","Infernal Blade","Uppercut"],"picked":"SKIP","floor":31.0},{"not_picked":["Reaper","Limit Break"],"picked":"Offering","floor":33.0},{"not_picked":["Second Wind","Twin Strike","Headbutt"],"picked":"SKIP","floor":35.0},{"not_picked":["Twin Strike","Dark Embrace+1","Clash"],"picked":"SKIP","floor":37.0},{"not_picked":["Shockwave","Anger","Fire Breathing+1"],"picked":"SKIP","floor":38.0},{"not_picked":["Heavy Blade+1","Pommel Strike","Spot Weakness"],"picked":"SKIP","floor":41.0},{"not_picked":["Anger","Wild Strike","Bludgeon"],"picked":"SKIP","floor":44.0},{"not_picked":["Second Wind","Body Slam","Shrug It Off"],"picked":"SKIP","floor":45.0},{"not_picked":["Uppercut+1","Whirlwind+1","Blood for Blood"],"picked":"SKIP","floor":47.0},{"not_picked":["Feel No Pain","Immolate","Flame Barrier"],"picked":"SKIP","floor":54.0}],"player_experience":350900,"relics_obtained":[{"floor":8.0,"key":"Self Forming Clay"},{"floor":9.0,"key":"Paper Frog"},{"floor":12.0,"key":"Matryoshka"},{"floor":26.0,"key":"Toy Ornithopter"},{"floor":41.0,"key":"War Paint"},{"floor":43.0,"key":"Red Skull"},{"floor":43.0,"key":"Eternal Feather"},{"floor":44.0,"key":"Pear"},{"floor":54.0,"key":"Akabeko"}],"event_choices":[{"cards_removed":["Strike_R"],"damage_healed":0.0,"max_hp_gain":0.0,"max_hp_loss":0.0,"gold_gain":0.0,"event_name":"Purifier","player_choice":"Purged","floor":2.0,"gold_loss":0.0,"damage_taken":0.0},{"cards_removed":["Strike_R"],"damage_healed":0.0,"max_hp_gain":0.0,"max_hp_loss":0.0,"gold_gain":0.0,"event_name":"Back to Basics","player_choice":"Elegance","floor":24.0,"gold_loss":0.0,"damage_taken":0.0},{"damage_healed":0.0,"max_hp_gain":0.0,"max_hp_loss":0.0,"gold_gain":0.0,"event_name":"Tomb of Lord Red Mask","player_choice":"Ignored","floor":36.0,"gold_loss":0.0,"damage_taken":0.0}],"is_beta":false,"boss_relics":[{"not_picked":["SlaversCollar","Tiny House"],"picked":"Mark of Pain"},{"not_picked":["Philosopher\u0027s Stone","Busted Crown"],"picked":"Black Blood"}],"items_purged_floors":[5,20,39,48],"is_endless":false,"potions_floor_spawned":[3,7,8,27,30,31,33,41,44],"ascension_level":17}}