{"host":"ecaj4hn004xnnrw9","time":1610479748,"event":{"mods":["AchievementEnabler","BaseMod","Hermit","Minty Spire (QoL Compilation)","Quick Restart","Replay The Spire","Shop Mod","StSLib","The Jungle"],"gold_per_floor":[112,112,122,138,153,183,200,200,200,229,229,229,229,258,258,359,359,376,336,355,375,425,425,425,425],"floor_reached":24,"language":"ENG","playtime":975,"items_purged":[],"score":335,"play_id":"8418f037-5e57-4551-8fd7-0961d67663c1","local_time":"20210112192908","is_ascension_mode":true,"campfire_choices":[{"floor":8,"key":"REST"},{"floor":11,"key":"REST"},{"data":"Disarm","floor":15,"key":"SMITH"},{"data":"True Grit","floor":23,"key":"SMITH"}],"circlet_count":0,"master_deck":["AscendersBane","Strike_R","Strike_R","Strike_R","Strike_R+1","Defend_R","Defend_R","Defend_R","Defend_R","Bash","Whirlwind","Sword Boomerang+1","Spot Weakness","Disarm+1","Double Tap+1","Pommel Strike","Seeing Red","Brutality+1","Offering+1","True Grit+1","Sentinel","ReplayTheSpireMod:Stacked"],"relics":["Burning Blood","NeowsBlessing","Golden Egg","Onion Ring","Mirror","Blue Candle","Replay:Grab Bag","Coffee Dripper","ChewingGum","Runic Pyramid","Omamori"],"acts_visited":["Exordium","TheCity"],"potions_floor_usage":[14,16,16,18,24],"damage_taken":[{"damage":0,"enemies":"Jaw Worm","floor":1,"turns":1},{"damage":0,"enemies":"Small Slimes","floor":3,"turns":1},{"damage":0,"enemies":"Cultist","floor":4,"turns":1},{"damage":24,"enemies":"Lots of Slimes","floor":5,"turns":3},{"damage":36,"enemies":"Gremlin Nob","floor":6,"turns":4},{"damage":13,"enemies":"Blue Slaver","floor":7,"turns":4},{"damage":36,"enemies":"Lagavulin","floor":10,"turns":4},{"damage":27,"enemies":"Gremlin Nob","floor":14,"turns":4},{"damage":27,"enemies":"The Guardian","floor":16,"turns":10},{"damage":21,"enemies":"2 Thieves","floor":18,"turns":2},{"damage":10,"enemies":"Chosen","floor":20,"turns":3},{"damage":12,"enemies":"Centurion and Healer","floor":21,"turns":4},{"damage":6,"enemies":"Gremlin Leader","floor":24,"turns":3}],"seed_played":"-8558133430004568643","potions_obtained":[{"floor":6,"key":"GamblersBrew"},{"floor":10,"key":"Languid Potion"},{"floor":14,"key":"LifebloodPotion"},{"floor":16,"key":"Energy Potion"},{"floor":18,"key":"Elixir"},{"floor":19,"key":"CultistPotion"},{"floor":19,"key":"SteroidPotion"},{"floor":22,"key":"Block Potion"}],"is_trial":false,"path_per_floor":["M","?","M","M","M","E","M","R","T","E","R","?","?","E","R","B",null,"M","?","M","M","?","R","E"],"character_chosen":"IRONCLAD","items_purchased":[],"campfire_rested":2,"item_purchase_floors":[],"current_hp_per_floor":[78,71,77,80,62,32,25,49,49,19,43,27,53,32,32,11,63,48,48,44,38,6,6,0,0],"gold":425,"neow_bonus":"THREE_ENEMY_KILL","is_daily":false,"chose_seed":false,"campfire_upgraded":2,"win_rate":0.0,"timestamp":1610479748,"path_taken":["M","?","M","M","M","E","M","R","T","E","R","?","?","E","R","BOSS","M","?","?","?","?","R","E"],"items_purchased_type":[],"build_version":"2020-12-22","purchased_purges":0,"victory":false,"max_hp_per_floor":[80,80,80,80,80,80,80,80,80,80,80,80,80,80,80,80,80,80,80,80,80,80,80,80,80],"card_choices":[{"not_picked":["Warcry","Replay:Undeath\u0027s Touch"],"picked":"Whirlwind","floor":1},{"not_picked":["Flex","Clash"],"picked":"Sword Boomerang","floor":3},{"not_picked":["Iron Wave","Sentinel"],"picked":"Spot Weakness","floor":4},{"not_picked":["Thunderclap","Flex"],"picked":"Disarm","floor":5},{"not_picked":["Pommel Strike","Feel No Pain"],"picked":"Double Tap","floor":6},{"not_picked":["Twin Strike","Shockwave"],"picked":"Pommel Strike","floor":7},{"not_picked":["Anger","ReplayTheSpireMod:Strike From Hell"],"picked":"Seeing Red","floor":10},{"not_picked":["Sword Boomerang","Warcry"],"picked":"Brutality","floor":14},{"not_picked":["Exhume","Demonic Infusion"],"picked":"Offering","floor":16},{"not_picked":["Headbutt","Thunderclap"],"picked":"True Grit","floor":18},{"not_picked":["Body Slam","Defy Death","Bloodletting"],"picked":"SKIP","floor":20},{"not_picked":["Body Slam","Infernal Blade+1","ReplayTheSpireMod:Corrosion Curse+1"],"picked":"SKIP","floor":21},{"not_picked":["Body Slam","Cleave"],"picked":"Sentinel","floor":22},{"not_picked":["Flex","Inflame"],"picked":"ReplayTheSpireMod:Stacked","floor":22}],"player_experience":289727,"relics_obtained":[{"floor":6,"key":"Golden Egg"},{"floor":9,"key":"Onion Ring"},{"floor":10,"key":"Mirror"},{"floor":14,"key":"Blue Candle"},{"floor":22,"key":"Omamori"}],"event_choices":[{"cards_removed":["Strike_R"],"damage_healed":0,"gold_gain":0,"player_choice":"Card Removal","damage_taken":7,"max_hp_gain":0,"max_hp_loss":0,"event_name":"Golden Wing","floor":2,"gold_loss":0},{"damage_healed":0,"gold_gain":0,"player_choice":"Entered Light","damage_taken":16,"max_hp_gain":0,"max_hp_loss":0,"event_name":"Shining Light","floor":12,"gold_loss":0,"cards_upgraded":["Strike_R","Sword Boomerang"]},{"damage_healed":26,"gold_gain":0,"player_choice":"Banana","damage_taken":0,"max_hp_gain":0,"max_hp_loss":0,"event_name":"Big Fish","floor":13,"gold_loss":0},{"damage_healed":0,"gold_gain":0,"player_choice":"Bought 3 Potions","damage_taken":0,"max_hp_gain":0,"max_hp_loss":0,"event_name":"The Woman in Blue","floor":19,"gold_loss":0}],"is_beta":false,"boss_relics":[{"not_picked":["Tiny House","Replay:Fungal Core"],"picked":"Replay:Grab Bag"},{"not_picked":["Cursed Key","Mark of Pain"],"picked":"Coffee Dripper"},{"not_picked":["ReplayTheSpireMod:DimensionalGlitch","Replay:Wanted Poster"],"picked":"ChewingGum"},{"not_picked":["Runic Cube","Ring of Chaos"],"picked":"Runic Pyramid"}],"items_purged_floors":[],"is_endless":false,"potions_floor_spawned":[6,10,14,16,18,20],"killed_by":"Gremlin Leader","ascension_level":11}}