{"host":"qwv9nni2x0umspiu","time":1610422843,"event":{"mods":["BaseMod","Downfall","Minty Spire (QoL Compilation)","Replay The Spire","StSLib","The Hierophant","Wandering Minibosses"],"gold_per_floor":[112,187,187,112,123,151,176,213,236,252,252,305,305,325,325,368,368,345,360,150,200,270,270,287,287,287],"floor_reached":25,"playtime":875,"items_purged":["hierophant:Strike_Hierophant","hierophant:Strike_Hierophant"],"score":406,"play_id":"45382b5c-aff4-4992-b4fd-fdb9aa0adc69","local_time":"20210111194043","is_ascension_mode":true,"campfire_choices":[{"data":"hierophant:ChurchCoffers","floor":11,"key":"SMITH"},{"data":"hierophant:Upheaval","floor":13,"key":"SMITH"},{"data":"hierophant:Punish","floor":15,"key":"SMITH"},{"data":"hierophant:Zeal","floor":23,"key":"SMITH"}],"circlet_count":0,"master_deck":["AscendersBane","hierophant:Strike_Hierophant+1","hierophant:Strike_Hierophant+1","hierophant:Punish+1","hierophant:Defend_Hierophant","hierophant:Defend_Hierophant","hierophant:Defend_Hierophant","hierophant:Defend_Hierophant","hierophant:ChurchCoffers+1","hierophant:Upheaval+1","hierophant:Zeal+1","hierophant:Racketeering","hierophant:Smite","hierophant:Kindle+1"],"relics":["hierophant:PropheticMaskRelic","NeowsBlessing","Whetstone","Eternal Feather","Boot","Philosopher\u0027s Stone"],"acts_visited":["Exordium","TheCity"],"potions_floor_usage":[10,12,16,18,19,22],"damage_taken":[{"damage":0,"enemies":"Small Slimes","floor":1,"turns":1},{"damage":0,"enemies":"2 Louse","floor":5,"turns":1},{"damage":0,"enemies":"3 Sentries","floor":6,"turns":1},{"damage":0,"enemies":"Jaw Worm","floor":10,"turns":3},{"damage":2,"enemies":"Exordium Thugs","floor":12,"turns":5},{"damage":6,"enemies":"Blue Slaver","floor":14,"turns":3},{"damage":39,"enemies":"Slime Boss","floor":16,"turns":7},{"damage":9,"enemies":"2 Thieves","floor":18,"turns":3},{"damage":14,"enemies":"Chosen","floor":19,"turns":4},{"damage":22,"enemies":"Shelled Parasite and Fungi","floor":22,"turns":3},{"damage":0,"enemies":"Sentry and Sphere","floor":24,"turns":2},{"damage":20,"enemies":"Book of Stabbing","floor":25,"turns":3}],"seed_played":"3072555691637798783","potions_obtained":[{"floor":1,"key":"Strength Potion"},{"floor":6,"key":"BlessingOfTheForge"},{"floor":8,"key":"LiquidMemories"},{"floor":12,"key":"LiquidMemories"},{"floor":16,"key":"Adrenaline Potion"},{"floor":18,"key":"Weak Potion"},{"floor":19,"key":"Regen Potion"}],"is_trial":false,"path_per_floor":["M","?","?","$","M","E","T","?","T","M","R","M","R","M","R","B",null,"M","M","$","?","M","R","M","E"],"character_chosen":"HIEROPHANT","items_purchased":["hierophant:Kindle+1"],"campfire_rested":0,"item_purchase_floors":[20],"current_hp_per_floor":[68,57,57,57,57,57,57,33,33,33,39,37,43,37,43,4,57,48,34,34,34,24,30,30,10,10],"gold":287,"neow_bonus":"THREE_ENEMY_KILL","is_daily":false,"chose_seed":false,"campfire_upgraded":4,"win_rate":0.0,"timestamp":1610422843,"path_taken":["M","?","?","$","?","E","?","?","T","M","R","M","R","M","R","BOSS","M","M","$","?","M","R","M","E"],"items_purchased_type":["Card"],"build_version":"2020-12-22","purchased_purges":2,"victory":false,"max_hp_per_floor":[75,75,75,75,75,75,75,75,75,75,75,75,75,75,75,75,75,75,75,75,75,75,75,75,75,75],"card_choices":[{"not_picked":["hierophant:TollTheBells","hierophant:OrnateJavelin","hierophant:Sermon"],"picked":"SKIP","floor":1},{"not_picked":["hierophant:Encroach","hierophant:FlamingChariot","hierophant:PassingBell"],"picked":"SKIP","floor":5},{"not_picked":["hierophant:Mercenaries","hierophant:Smite"],"picked":"hierophant:Upheaval","floor":6},{"not_picked":["hierophant:Cornucopia","hierophant:FlamingChariot"],"picked":"hierophant:Zeal","floor":8},{"not_picked":["hierophant:Patience","hierophant:MirrorShield","hierophant:FieryStrike"],"picked":"SKIP","floor":10},{"not_picked":["hierophant:ThreeLashes","hierophant:Encroach"],"picked":"hierophant:Racketeering","floor":12},{"not_picked":["hierophant:Racketeering","hierophant:EyeForCoin"],"picked":"hierophant:Smite","floor":14},{"not_picked":["hierophant:Encroach","hierophant:DisplayOfPower","hierophant:Embezzle"],"picked":"SKIP","floor":18},{"not_picked":["hierophant:Chorus","hierophant:Purify","hierophant:Doubloon"],"picked":"SKIP","floor":19},{"not_picked":["hierophant:Chorus","hierophant:Prophecy","hierophant:MorningPrayer"],"picked":"SKIP","floor":22},{"not_picked":["hierophant:PristineSoul","hierophant:Purify","hierophant:RustyCrate"],"picked":"SKIP","floor":24}],"player_experience":1346680,"relics_obtained":[{"floor":6,"key":"Whetstone"},{"floor":8,"key":"Eternal Feather"},{"floor":9,"key":"Boot"}],"event_choices":[{"damage_healed":0,"gold_gain":75,"player_choice":"Gather Gold","damage_taken":11,"max_hp_gain":0,"max_hp_loss":0,"event_name":"World of Goop","floor":2,"gold_loss":0},{"damage_healed":0,"gold_gain":0,"player_choice":"Ignored","damage_taken":0,"max_hp_gain":0,"max_hp_loss":0,"event_name":"Liars Game","floor":3,"gold_loss":0},{"damage_healed":0,"gold_gain":50,"player_choice":"Stole From Cult","damage_taken":0,"max_hp_gain":0,"max_hp_loss":0,"event_name":"Nest","floor":21,"gold_loss":0}],"is_beta":false,"boss_relics":[{"not_picked":["Replay:Ancient Bell","Sozu"],"picked":"Philosopher\u0027s Stone"}],"items_purged_floors":[4,20],"is_endless":false,"potions_floor_spawned":[1,6,12,16,18,19],"killed_by":"Book of Stabbing","ascension_level":20}}