{"host":"5wznv0010959mrmz","time":1610428871,"event":{"mods":["BaseMod","Highlight Path","Minty Spire (QoL Compilation)","Relic Stats"],"gold_per_floor":[363,375,375,395,545,574,153,153,153],"floor_reached":8,"playtime":269,"items_purged":["Doubt"],"score":112,"play_id":"9078d0ab-f421-41ea-bc32-2120096140ea","local_time":"20210111232111","is_ascension_mode":true,"campfire_choices":[],"circlet_count":0,"master_deck":["AscendersBane","Strike_G","Strike_G","Strike_G","Strike_G","Defend_G","Defend_G","Defend_G","Defend_G","Defend_G","Survivor","Neutralize","Poisoned Stab","Dagger Throw","Deadly Poison","Bouncing Flask"],"relics":["Ring of the Snake","Dream Catcher","White Beast Statue"],"acts_visited":["Exordium"],"potions_floor_usage":[6,8],"damage_taken":[{"damage":5,"enemies":"Jaw Worm","floor":1,"turns":5},{"damage":1,"enemies":"Cultist","floor":2,"turns":3},{"damage":4,"enemies":"Small Slimes","floor":4,"turns":3},{"damage":15,"enemies":"Lagavulin","floor":6,"turns":5},{"damage":31,"enemies":"Gremlin Nob","floor":8,"turns":3}],"seed_played":"-8687024619445676211","potions_obtained":[{"floor":1,"key":"Dexterity Potion"},{"floor":4,"key":"DuplicationPotion"}],"is_trial":false,"path_per_floor":["M","M","?","M","?","E","$","E"],"character_chosen":"THE_SILENT","items_purchased":["White Beast Statue","Bouncing Flask"],"campfire_rested":0,"item_purchase_floors":[7,7],"current_hp_per_floor":[54,53,46,42,42,27,27,0,0],"gold":153,"neow_bonus":"TWO_FIFTY_GOLD","is_daily":false,"chose_seed":false,"campfire_upgraded":0,"win_rate":0.0,"timestamp":1610428871,"path_taken":["M","M","?","M","?","E","$","E"],"items_purchased_type":["Relic","Card"],"build_version":"2020-12-22","purchased_purges":1,"victory":false,"max_hp_per_floor":[60,60,60,60,60,60,60,60,60],"relic_stats":{"Dream Catcher":0,"counters":[5,19],"obtain_stats":[{"Dream Catcher":6,"White Beast Statue":7,"Ring of the Snake":0},{"Dream Catcher":4,"White Beast Statue":4,"Ring of the Snake":0},{"Dream Catcher":16,"White Beast Statue":16,"Ring of the Snake":0}],"Ring of the Snake":[10]},"card_choices":[{"not_picked":["Catalyst","Expertise"],"picked":"Poisoned Stab","floor":1},{"not_picked":["Slice","Cloak And Dagger"],"picked":"Dagger Throw","floor":2},{"not_picked":["Slice","Prepared"],"picked":"Deadly Poison","floor":4},{"not_picked":["Setup","Quick Slash","Terror"],"picked":"SKIP","floor":6}],"player_experience":448064,"relics_obtained":[{"floor":6,"key":"Dream Catcher"}],"event_choices":[{"cards_removed":["Strike_G"],"damage_healed":0,"gold_gain":0,"player_choice":"Card Removal","damage_taken":7,"max_hp_gain":0,"max_hp_loss":0,"event_name":"Golden Wing","floor":3,"gold_loss":0},{"damage_healed":0,"gold_gain":150,"player_choice":"AGREE","damage_taken":0,"max_hp_gain":0,"max_hp_loss":0,"event_name":"Liars Game","floor":5,"gold_loss":0,"cards_obtained":["Doubt"]}],"is_beta":false,"boss_relics":[],"items_purged_floors":[7],"is_endless":false,"potions_floor_spawned":[1,4],"killed_by":"Gremlin Nob","ascension_level":20}}