{"host":"dhr6iszse2qz12e2","time":1610461420,"event":{"mods":["100% Spire Juice","2.2 Compatiblity","A Magickal Journey","Act Like it!","BaseMod","Bestiary","Better Note","BetterRewards","Colored Map","Downfall","Gensokyo","Hermit","Hubris","Infinite Spire","Marisa????????","Minty Spire (QoL Compilation)","Permanent Neow","Quick Restart","Reimu??????","Replay The Spire","Shop Mod","StSLib","Td1madao Mod","The Administrix","The Animator","The Bug Knight","The Cursed","The Gatherer","The Hierophant","The IronCluck","The Jungle","The Servant 0.9.4","everything is the same but u backflip on backflip","slay the spire mod where everything is the same but ironclad has a cowboy hat","??????REMEMod"],"gold_per_floor":[119,130,145,157,52,52,85,85,85,85,100,130,55,70,70,171,171],"floor_reached":16,"playtime":982,"items_purged":["Moonworks:Strike"],"score":189,"play_id":"61767031-8642-4cd0-94b9-0860a9525d9f","local_time":"20210112162340","is_ascension_mode":false,"campfire_choices":[{"data":"Moonworks:x16BigRocket","floor":6.0,"key":"SMITH"},{"data":"Moonworks:MiracleWalker","floor":8.0,"key":"SMITH"},{"data":"Moonworks:x16BigRocket+1","floor":15.0,"key":"SMITH"}],"circlet_count":0,"master_deck":["Moonworks:Strike","Moonworks:Strike","Moonworks:Strike","Moonworks:Defend","Moonworks:Defend","Moonworks:Defend","Moonworks:Defend","Moonworks:Ambush","Moonworks:LongDistanceShot","Moonworks:ReflectiveShell","Moonworks:ImOnFire","Moonworks:MiracleWalker+1","Moonworks:x16BigRocket+2","Moonworks:FullSpeedAlicianrone","Moonworks:MiracleRedBeanIceCream"],"relics":["Moonworks:BrokenBomb","Moonworks:Homemark","REME_ComplimentaryCards","Bottled Lightning","Matryoshka","hubris:BundleOfHerbs"],"acts_visited":["Exordium"],"potions_floor_usage":[],"damage_taken":[{"damage":1.0,"enemies":"Cultist","floor":1.0,"turns":4.0},{"damage":16.0,"enemies":"2 Louse","floor":2.0,"turns":4.0},{"damage":16.0,"enemies":"Jaw Worm","floor":3.0,"turns":5.0},{"damage":9.0,"enemies":"Looter","floor":4.0,"turns":3.0},{"damage":4.0,"enemies":"Blue Slaver","floor":5.0,"turns":3.0},{"damage":10.0,"enemies":"3 Sentries","floor":7.0,"turns":12.0},{"damage":0.0,"enemies":"Large Slime","floor":11.0,"turns":4.0},{"damage":0.0,"enemies":"Lagavulin","floor":12.0,"turns":5.0},{"damage":4.0,"enemies":"Looter","floor":14.0,"turns":3.0},{"damage":68.0,"enemies":"Fading Forest","floor":16.0,"turns":11.0}],"seed_played":"-8352344493313403038","potions_obtained":[{"floor":2.0,"key":"Weak Potion"},{"floor":5.0,"key":"SteroidPotion"},{"floor":10.0,"key":"LifebloodPotion"},{"floor":10.0,"key":"MagicPotion:ReiMu"},{"floor":10.0,"key":"Fire Potion"},{"floor":11.0,"key":"CultistPotion"},{"floor":12.0,"key":"champ:CounterPotion"}],"is_trial":false,"path_per_floor":["M","M","M","M","M","R","E","R","T","?","M","E","$","M","R","B"],"character_chosen":"THE_STARBREAKER","items_purchased":[],"campfire_rested":0,"item_purchase_floors":[],"current_hp_per_floor":[59,43,27,18,14,14,4,4,4,4,4,9,9,5,5,7,7],"gold":171,"neow_bonus":"ONE_RANDOM_RARE_CARD","is_daily":false,"chose_seed":false,"campfire_upgraded":3,"win_rate":0.0,"timestamp":1610461420,"path_taken":["M","?","?","?","M","R","E","R","T","?","M","E","$","M","R","BOSS","BOSS"],"items_purchased_type":[],"build_version":"2020-12-22","purchased_purges":1,"victory":false,"max_hp_per_floor":[60,60,60,60,60,60,60,60,60,60,60,60,60,60,60,60,60],"card_choices":[{"not_picked":["Moonworks:CloudOfSeagulls","Moonworks:NicePresent"],"picked":"Moonworks:ImOnFire","floor":1.0},{"not_picked":["Moonworks:SakisCookie","Moonworks:RedAndBlue"],"picked":"Moonworks:MiracleWalker","floor":2.0},{"not_picked":["Moonworks:Flamethrower","Moonworks:SweetBattle"],"picked":"Moonworks:x16BigRocket","floor":3.0},{"not_picked":["Moonworks:UnpaidWork","Moonworks:Assault","Moonworks:FinalSurgery"],"picked":"SKIP","floor":4.0},{"not_picked":["Moonworks:LulusLuckyEgg","Moonworks:JonathanRush"],"picked":"Moonworks:FullSpeedAlicianrone","floor":5.0},{"not_picked":["Moonworks:JonathanRush","Moonworks:SakisCookie","Moonworks:LulusLuckyEgg"],"picked":"SKIP","floor":7.0},{"not_picked":["Moonworks:Flamethrower","Moonworks:ImOnFire"],"picked":"Moonworks:MiracleRedBeanIceCream","floor":11.0},{"not_picked":["Moonworks:IndiscriminateFireSupport","Moonworks:NicePresent","Moonworks:ImOnFire"],"picked":"SKIP","floor":12.0},{"not_picked":["Moonworks:JonathanRush","Moonworks:IndiscriminateFireSupport","Moonworks:EvilSpyWorkPreparation"],"picked":"SKIP","floor":14.0}],"player_experience":457332,"relics_obtained":[{"floor":7.0,"key":"Bottled Lightning"},{"floor":9.0,"key":"Matryoshka"},{"floor":12.0,"key":"hubris:BundleOfHerbs"}],"event_choices":[{"damage_healed":0.0,"max_hp_gain":0.0,"max_hp_loss":0.0,"gold_gain":0.0,"event_name":"Lab","player_choice":"Got Potions","floor":10.0,"gold_loss":0.0,"damage_taken":0.0}],"is_beta":false,"boss_relics":[],"items_purged_floors":[13],"is_endless":false,"potions_floor_spawned":[2,5,11,12],"killed_by":"Fading Forest","ascension_level":0}}