{"host":"mwb0clku6crgv6yl","time":1610453799,"event":{"mods":["AchievementEnabler","BaseMod","Highlight Path","Koishi","Minty Spire (QoL Compilation)","Replay The Spire","StSLib","The Administrix","The Construct","The Cursed","The Gatherer","The Hierophant"],"gold_per_floor":[113,113,157,182,200,200,105,138,183,63,123,142,158,158,158,258,258,384,384,397,422,440,471,671,671,715,729,753,777,777,795,813,813,813,942,1005,1025,380,443,459,477,515,515,558,582,605,605,515,558,578,578,578,578,578,50,83,83],"floor_reached":58,"playtime":4672,"items_purged":[],"score":1829,"play_id":"a09ed0d3-88c0-4045-94b1-b635792f5cbc","local_time":"20210112201639","is_ascension_mode":true,"campfire_choices":[{"floor":6,"key":"REST"},{"floor":17,"key":"REST"},{"floor":25,"key":"REST"},{"floor":30,"key":"REST"},{"floor":34,"key":"RECALL"},{"floor":47,"key":"REST"},{"floor":51,"key":"REST"},{"floor":54,"key":"REST"}],"circlet_count":0,"master_deck":["TheCursedMod:Strike_TheCursed","TheCursedMod:Strike_TheCursed","TheCursedMod:Defend_TheCursed","TheCursedMod:Defend_TheCursed","TheCursedMod:CursedWand","TheCursedMod:CleanUpWorkshop","TheCursedMod:Dregs","TheCursedMod:CircleOfFlame+1","Injury","ReplayTheSpireMod:Splinters","TheCursedMod:CircleOfFlame","TheCursedMod:OutForBlood+1","TheCursedMod:TroublousMinions","TheCursedMod:EmpowerCircles","TheCursedMod:CursedBlade","TheCursedMod:CircleOfFlame","TheCursedMod:SpitefulPlan","TheCursedMod:CircleOfBlood","TheCursedMod:SpitefulPlan","TheCursedMod:WearCloak","TheCursedMod:NeowsMight+1","TheCursedMod:CursedMace+1","TheCursedMod:AntiAging+1","TheCursedMod:NeowsMight+1","TheCursedMod:CircleOfBlood","TheCursedMod:CircleOfWindfury+1","TheCursedMod:CursedMace","TheCursedMod:SurpriseAttack+1","TheCursedMod:EmpowerCircles+1","TheCursedMod:CircleOfCorruption","TheCursedMod:SoulCrush+1","TheCursedMod:Wield+1","TheCursedMod:ManaBullet","Looming Evil","TheCursedMod:ManaCirculation","TheCursedMod:SpitefulPray","TheCursedMod:CircleOfCorruption+1","TheCursedMod:CursedBlade+1","TheCursedMod:CircleOfFlame+1","TheCursedMod:SpitefulStrike+1","TheCursedMod:ReleasedStrength","TheCursedMod:CircleOfWindfury","TheCursedMod:CircleOfCorruption","TheCursedMod:Wield+1","TheCursedMod:ReleasedStrength+1","TheCursedMod:CursedBlade+1","TheCursedMod:Mangle","TheCursedMod:HellfireBreathing+1","TheCursedMod:CircleOfAmplification+1","TheCursedMod:CursedMace+1","TheCursedMod:RavingStaff+1","TheCursedMod:CircleOfCorruption"],"relics":["Fusion Hammer","Golden Idol","Calipers","Bronze Scales","Anchor","Astrolabe","Red Mask","Bag of Marbles","Pet Ghost","Ring of Misfortune","Ring of Searing","Tiny House","CaptainsWheel","Thread and Needle","Prayer Wheel","Vajra","ReplayTheSpireMod:TigerMarble","Kunai","TheCursedMod:CrystalBall","Guide Book","Boot"],"acts_visited":["Exordium","TheCity","TheBeyond","TheEnding"],"potions_floor_usage":[11,11,23,26,39,50,52,52,57],"damage_taken":[{"damage":4,"enemies":"Small Slimes","floor":1,"turns":4},{"damage":10,"enemies":"Jaw Worm","floor":4,"turns":4},{"damage":4,"enemies":"2 Louse","floor":5,"turns":3},{"damage":58,"enemies":"Gremlin Nob","floor":8,"turns":5},{"damage":5,"enemies":"Gremlin Gang","floor":11,"turns":4},{"damage":0,"enemies":"Lots of Slimes","floor":12,"turns":3},{"damage":11,"enemies":"Blue Slaver","floor":13,"turns":4},{"damage":27,"enemies":"Hexaghost","floor":18,"turns":10},{"damage":19,"enemies":"2 Thieves","floor":20,"turns":4},{"damage":8,"enemies":"3 Byrds","floor":21,"turns":3},{"damage":27,"enemies":"Snake Plant","floor":22,"turns":4},{"damage":41,"enemies":"Masked Bandits","floor":23,"turns":4},{"damage":15,"enemies":"Book of Stabbing","floor":26,"turns":4},{"damage":4,"enemies":"Chosen and Byrds","floor":27,"turns":3},{"damage":18,"enemies":"Snecko","floor":29,"turns":4},{"damage":5,"enemies":"Centurion and Healer","floor":31,"turns":4},{"damage":3,"enemies":"Shelled Parasite and Fungi","floor":32,"turns":3},{"damage":11,"enemies":"Pondfish","floor":35,"turns":5},{"damage":31,"enemies":"3 Darklings","floor":37,"turns":4},{"damage":12,"enemies":"Mind Bloom Boss Battle","floor":39,"turns":5},{"damage":0,"enemies":"3 Shapes","floor":40,"turns":1},{"damage":29,"enemies":"Spire Growth","floor":41,"turns":5},{"damage":15,"enemies":"Nemesis","floor":42,"turns":5},{"damage":75,"enemies":"Reptomancer","floor":44,"turns":4},{"damage":0,"enemies":"Maw","floor":46,"turns":4},{"damage":24,"enemies":"Nemesis","floor":49,"turns":5},{"damage":12,"enemies":"3 Darklings","floor":50,"turns":5},{"damage":8,"enemies":"Donu and Deca","floor":52,"turns":5},{"damage":68,"enemies":"Shield and Spear","floor":56,"turns":5},{"damage":73,"enemies":"The Heart","floor":57,"turns":5}],"seed_played":"-1915225186392358328","potions_obtained":[{"floor":4,"key":"ColorlessPotion"},{"floor":8,"key":"BlessingOfTheForge"},{"floor":12,"key":"FairyPotion"},{"floor":22,"key":"Block Potion"},{"floor":23,"key":"Weak Potion"},{"floor":26,"key":"Weak Potion"},{"floor":27,"key":"Explosive Potion"},{"floor":36,"key":"Cursed Concoction"},{"floor":39,"key":"Explosive Potion"},{"floor":50,"key":"Energy Potion"}],"is_trial":false,"path_per_floor":["M","?","?","M","M","R","$","E","T","$","M","M","M","PTL","PTL","?","R","B",null,"M","M","M","?","?","R","E","M","T","M","R","M","M","?","R","B",null,"M","$","?","M","M","E","?","E","T","M","R","?","E","M","R","B",null,"R","$","E","B",null],"character_chosen":"THE_CURSED","items_purchased":["TheCursedMod:EmpowerCircles","TheCursedMod:CursedBlade","TheCursedMod:SpitefulPlan","TheCursedMod:CircleOfBlood","CaptainsWheel","Thread and Needle","TheCursedMod:CursedBlade+1","TheCursedMod:CrystalBall","Guide Book","PowerPotion","TheCursedMod:RavingStaff+1"],"campfire_rested":7,"item_purchase_floors":[7,7,10,10,38,38,38,55,55,55,55],"current_hp_per_floor":[71,71,71,61,57,75,75,17,17,17,12,12,5,5,5,5,27,2,75,61,60,46,14,14,40,40,52,52,45,72,70,87,87,87,93,104,86,86,87,97,81,87,87,25,25,32,68,68,53,46,84,95,131,131,131,65,5],"gold":83,"neow_bonus":"BOSS_RELIC","is_daily":false,"chose_seed":false,"campfire_upgraded":0,"win_rate":0.0,"timestamp":1610453799,"path_taken":["M","?","?","M","?","R","$","E","T","$","?","M","M","PTL","PTL","?","R","BOSS","M","M","?","?","?","R","E","M","T","M","R","?","M","?","R","BOSS","M","$","?","M","M","E","?","E","T","M","R","?","E","M","R","BOSS","R","$","E","BOSS"],"items_purchased_type":["Card","Card","Card","Card","Relic","Relic","Card","Relic","Relic","Potion","Card"],"build_version":"2020-12-22","purchased_purges":0,"victory":true,"max_hp_per_floor":[75,75,75,75,75,75,75,75,75,75,75,75,75,75,75,75,75,75,75,78,81,84,87,87,87,90,90,90,93,93,96,96,96,96,99,104,107,107,110,110,113,116,116,119,119,122,122,122,125,128,128,131,131,131,131,131,134],"card_choices":[{"not_picked":["TheCursedMod:RavingStaff","TheCursedMod:CircleOfFocus"],"picked":"TheCursedMod:CircleOfFlame","floor":1},{"not_picked":["TheCursedMod:VitalStrike","TheCursedMod:FleshFromBone"],"picked":"TheCursedMod:CircleOfFlame","floor":3},{"not_picked":["TheCursedMod:SpitefulPlan","TheCursedMod:CircleOfCorruption"],"picked":"TheCursedMod:OutForBlood","floor":4},{"not_picked":["TheCursedMod:CircleOfAmplification","TheCursedMod:FleshFromBone"],"picked":"TheCursedMod:TroublousMinions","floor":5},{"not_picked":["TheCursedMod:AbyssShockwave","TheCursedMod:CircleOfAmplification"],"picked":"TheCursedMod:CircleOfFlame","floor":8},{"not_picked":["TheCursedMod:CursedShiv","TheCursedMod:CursedBoomerang"],"picked":"TheCursedMod:Hemoplague","floor":11},{"not_picked":["TheCursedMod:RavingStaff","TheCursedMod:PrepareRite"],"picked":"TheCursedMod:SpitefulPlan","floor":12},{"not_picked":["TheCursedMod:RapidMovement","TheCursedMod:CursedBlade"],"picked":"TheCursedMod:WearCloak","floor":13},{"not_picked":["TheCursedMod:ForbiddenAlchemy","TheCursedMod:ShockAndAwe"],"picked":"TheCursedMod:NeowsMight","floor":18},{"not_picked":["TheCursedMod:FleshFromBone","TheCursedMod:Wield"],"picked":"TheCursedMod:CircleOfBlood","floor":20},{"not_picked":["TheCursedMod:WearCloak","TheCursedMod:SurpriseAttack"],"picked":"TheCursedMod:CircleOfWindfury+1","floor":21},{"not_picked":["TheCursedMod:Torture+1","TheCursedMod:SmokeScreen"],"picked":"TheCursedMod:CursedMace","floor":22},{"not_picked":["TheCursedMod:CircleOfFocus","TheCursedMod:PrepareRite"],"picked":"TheCursedMod:SurpriseAttack+1","floor":23},{"not_picked":["TheCursedMod:VitalStrike","TheCursedMod:Grudge"],"picked":"TheCursedMod:EmpowerCircles+1","floor":26},{"not_picked":["TheCursedMod:CursedArmor","TheCursedMod:CursedShiv"],"picked":"TheCursedMod:CircleOfCorruption","floor":27},{"not_picked":["TheCursedMod:ForbiddenAlchemy","TheCursedMod:CursedBlade"],"picked":"TheCursedMod:SoulCrush+1","floor":29},{"not_picked":["TheCursedMod:SmokeScreen+1","TheCursedMod:SpitefulPlan+1"],"picked":"TheCursedMod:Wield","floor":31},{"not_picked":["TheCursedMod:VitalStrike","TheCursedMod:CursedBlade"],"picked":"TheCursedMod:ManaBullet","floor":32},{"not_picked":["TheCursedMod:OutForBlood","TheCursedMod:ShockAndAwe"],"picked":"TheCursedMod:ManaCirculation","floor":35},{"not_picked":["TheCursedMod:CursedMace","TheCursedMod:Stigma+1"],"picked":"TheCursedMod:SpitefulPray","floor":36},{"not_picked":["TheCursedMod:SpreadPlague+1","TheCursedMod:RapidMovement+1"],"picked":"TheCursedMod:CircleOfCorruption+1","floor":37},{"not_picked":["TheCursedMod:RavingStaff","TheCursedMod:CursedMace+1"],"picked":"TheCursedMod:CircleOfFlame+1","floor":39},{"not_picked":["TheCursedMod:Wield","TheCursedMod:RapidMovement"],"picked":"TheCursedMod:SpitefulStrike+1","floor":40},{"not_picked":["TheCursedMod:CircleOfWindfury+1","TheCursedMod:SpitefulPray"],"picked":"TheCursedMod:ReleasedStrength","floor":40},{"not_picked":["TheCursedMod:HellsGateOpen","TheCursedMod:Obscuration+1"],"picked":"TheCursedMod:CircleOfWindfury","floor":41},{"not_picked":["TheCursedMod:CircleOfFocus+1","TheCursedMod:SaltUponWound+1"],"picked":"TheCursedMod:CircleOfCorruption","floor":41},{"not_picked":["TheCursedMod:TacticalStrike","TheCursedMod:BloodBarrier"],"picked":"TheCursedMod:Wield+1","floor":42},{"not_picked":["TheCursedMod:Stretching+1","TheCursedMod:Mangle"],"picked":"TheCursedMod:ReleasedStrength+1","floor":44},{"not_picked":["TheCursedMod:CircleOfWindfury+1","TheCursedMod:CircleOfFlame"],"picked":"TheCursedMod:CursedBlade+1","floor":46},{"not_picked":["TheCursedMod:VitalStrike+1","TheCursedMod:DoubleShield"],"picked":"TheCursedMod:Mangle","floor":46},{"not_picked":["TheCursedMod:ManaCirculation","TheCursedMod:CursedAmulet"],"picked":"TheCursedMod:HellfireBreathing+1","floor":49},{"not_picked":["TheCursedMod:FleshFromBone","TheCursedMod:Grudge+1"],"picked":"TheCursedMod:CircleOfAmplification+1","floor":50},{"not_picked":["TheCursedMod:HellfireBreathing+1","TheCursedMod:SmokeScreen"],"picked":"TheCursedMod:CursedMace+1","floor":50},{"not_picked":["TheCursedMod:SmokeScreen","TheCursedMod:RavingStaff"],"picked":"TheCursedMod:CircleOfCorruption","floor":56}],"player_experience":263051,"relics_obtained":[{"floor":3,"key":"Calipers"},{"floor":8,"key":"Bronze Scales"},{"floor":9,"key":"Anchor"},{"floor":23,"key":"Red Mask"},{"floor":26,"key":"Bag of Marbles"},{"floor":28,"key":"Pet Ghost"},{"floor":33,"key":"Ring of Misfortune"},{"floor":33,"key":"Ring of Searing"},{"floor":39,"key":"Prayer Wheel"},{"floor":42,"key":"Vajra"},{"floor":44,"key":"ReplayTheSpireMod:TigerMarble"},{"floor":49,"key":"Kunai"},{"floor":56,"key":"Boot"}],"event_choices":[{"damage_healed":0,"gold_gain":0,"player_choice":"Take Wound","damage_taken":0,"relics_obtained":["Golden Idol"],"max_hp_gain":0,"max_hp_loss":0,"event_name":"Golden Idol","floor":2,"gold_loss":0,"cards_obtained":["Injury"]},{"damage_healed":0,"gold_gain":100,"player_choice":"Pray","damage_taken":0,"max_hp_gain":0,"max_hp_loss":0,"event_name":"Golden Shrine","floor":16,"gold_loss":0},{"damage_healed":0,"gold_gain":0,"player_choice":"Fought Bandits","damage_taken":0,"max_hp_gain":0,"max_hp_loss":0,"event_name":"Masked Bandits","floor":23,"gold_loss":0},{"damage_healed":0,"gold_gain":250,"player_choice":"Bet on Owner","damage_taken":0,"max_hp_gain":0,"max_hp_loss":0,"event_name":"The Joust","floor":24,"gold_loss":50},{"damage_healed":0,"gold_gain":0,"player_choice":"Fight","damage_taken":0,"max_hp_gain":0,"max_hp_loss":0,"event_name":"MindBloom","floor":39,"gold_loss":0},{"cards_removed":["TheCursedMod:Strike_TheCursed"],"damage_healed":0,"gold_gain":0,"player_choice":"Removed Attack","damage_taken":0,"max_hp_gain":0,"max_hp_loss":0,"event_name":"Falling","floor":43,"gold_loss":0},{"cards_removed":["TheCursedMod:Hemoplague"],"damage_healed":0,"gold_gain":0,"player_choice":"Upgrade and Remove","damage_taken":0,"max_hp_gain":0,"max_hp_loss":0,"event_name":"Designer","floor":48,"gold_loss":90,"cards_upgraded":["TheCursedMod:CircleOfFlame"]}],"is_beta":false,"boss_relics":[{"not_picked":["Runic Dome","Snecko Eye"],"picked":"Astrolabe"},{"not_picked":["Ring of Chaos","construct:ClawGrip"],"picked":"Tiny House"}],"items_purged_floors":[],"is_endless":false,"potions_floor_spawned":[4,8,12,22,23,26,27,29,37,39,41,42,50],"ascension_level":3}}