{"host":"upk85iu3rnh2l1yz","time":1610464603,"event":{"mods":["BaseMod","CapriCore","Downfall","Hermit","Minty Spire (QoL Compilation)","Replay The Spire","StSLib","The Cursed","The Immortal","The Marked","The Servant 0.9.4"],"gold_per_floor":[110,125,141,159,170,170,170,188,211,221,247,266,266,185,185,185,185],"floor_reached":16,"playtime":931,"items_purged":[],"score":106,"play_id":"3d470fd9-16e1-4fa0-b0d4-77a0f0d0e5a4","local_time":"20210112231643","is_ascension_mode":false,"campfire_choices":[{"data":"theMarked:MysticalArsenal","floor":7,"key":"SMITH"},{"data":"FlawlessForm","floor":13,"key":"SMITH"}],"circlet_count":0,"master_deck":["theMarked:Strike","theMarked:Strike","theMarked:Strike","theMarked:Strike+1","theMarked:Strike+1","theMarked:Defend","theMarked:Defend","theMarked:Defend","theMarked:Defend","theMarked:SoldierOfQuellstein","theMarked:EmpowerWeapon","theMarked:ShockingTouch","theMarked:MuscleMemory","theMarked:MysticalArsenal+1","FlawlessForm+1","theMarked:Frustration","theMarked:SummonStrength","theMarked:MysticalArsenal","hexamod:Haunted"],"relics":["theMarked:ArtifactOfAir","PrismaticShard","Whetstone","Counterbalance","Blue Candle"],"acts_visited":["Exordium"],"potions_floor_usage":[12],"damage_taken":[{"damage":0,"enemies":"2 Louse","floor":1,"turns":2},{"damage":1,"enemies":"Jaw Worm","floor":2,"turns":3},{"damage":5,"enemies":"Small Slimes","floor":3,"turns":3},{"damage":6,"enemies":"2 Fungi Beasts","floor":4,"turns":6},{"damage":6,"enemies":"Lots of Slimes","floor":5,"turns":5},{"damage":15,"enemies":"Blue Slaver","floor":8,"turns":4},{"damage":8,"enemies":"Exordium Wildlife","floor":10,"turns":4},{"damage":6,"enemies":"Lagavulin","floor":11,"turns":5},{"damage":0,"enemies":"Gremlin Gang","floor":12,"turns":5},{"damage":30,"enemies":"The Guardian","floor":16,"turns":8}],"seed_played":"8366684382696075101","potions_obtained":[{"floor":1,"key":"Weak Potion"},{"floor":5,"key":"Block Potion"},{"floor":11,"key":"Milkshake"}],"is_trial":false,"path_per_floor":["M","M","M","M","M","?","R","M","T","M","E","M","R","$","R","B"],"character_chosen":"THE_DEFAULT","items_purchased":["theMarked:MysticalArsenal"],"campfire_rested":0,"item_purchase_floors":[14],"current_hp_per_floor":[77,76,71,65,59,59,59,44,44,36,30,30,30,30,30,0,0],"gold":185,"neow_bonus":"TEN_PERCENT_HP_BONUS","is_daily":false,"chose_seed":false,"campfire_upgraded":2,"win_rate":0.0,"timestamp":1610464603,"path_taken":["M","M","M","M","M","?","R","M","T","M","E","M","R","$","R","BOSS"],"items_purchased_type":["Card"],"build_version":"2020-12-22","purchased_purges":0,"victory":false,"max_hp_per_floor":[77,77,77,77,77,77,77,77,77,77,77,77,77,77,77,77,77],"card_choices":[{"not_picked":["theMarked:Opportunist","theMarked:WastefulDefense"],"picked":"theMarked:EmpowerWeapon","floor":1},{"not_picked":["theMarked:Static","theMarked:EmpowerWeapon"],"picked":"theMarked:ShockingTouch","floor":2},{"not_picked":["theMarked:HeightenedSenses","theMarked:Panic"],"picked":"theMarked:MuscleMemory","floor":3},{"not_picked":["theMarked:WastefulDefense","theMarked:HeightenedSenses","theMarked:Improvise"],"picked":"SKIP","floor":4},{"not_picked":["theMarked:ElectricStrings","theMarked:Parkour"],"picked":"theMarked:MysticalArsenal","floor":5},{"not_picked":["TheCursedMod:Evocation","Slimebound:SplitMire"],"picked":"FlawlessForm","floor":8},{"not_picked":["Streamline","Go for the Eyes"],"picked":"theMarked:Frustration","floor":10},{"not_picked":["Slimebound:AcidTongue","Poisoned Stab","Coolheaded"],"picked":"SKIP","floor":11},{"not_picked":["Foresight","Flex"],"picked":"theMarked:SummonStrength","floor":12}],"player_experience":155411,"relics_obtained":[{"floor":9,"key":"Whetstone"},{"floor":11,"key":"Counterbalance"}],"event_choices":[],"is_beta":false,"boss_relics":[],"items_purged_floors":[],"is_endless":false,"potions_floor_spawned":[1,5,11],"killed_by":"The Guardian","ascension_level":0}}