{"host":"eu5wvbbtjeiar27l","time":1610473948,"event":{"mods":["BaseMod","Colored Powertips","Conspire","Hubris","Infinite Spire","Minty Spire (QoL Compilation)","Rare Cards Sparkle","StSLib","The Factory","The Jungle","vexMod"],"gold_per_floor":[119,44,79,154,174,206,206,206,206,216,216,216],"floor_reached":11,"playtime":276,"items_purged":["Strike_B"],"score":71,"play_id":"abceee0f-4780-41dd-b5f4-4904bdb965d8","local_time":"20210112175228","is_ascension_mode":false,"campfire_choices":[],"circlet_count":0,"master_deck":["Strike_B","Strike_B","Strike_B","Defend_B+1","Defend_B","Defend_B","Defend_B","Zap","Dualcast","hubris:Ukulele+1","Consume","Redo","Defragment","Redo"],"relics":["Cracked Core","NeowsBlessing","Ornamental Fan","Blood Vial","conspire:DeflatedDodgeball","MealTicket"],"acts_visited":["Exordium"],"potions_floor_usage":[11,11],"damage_taken":[{"damage":0,"enemies":"Cultist","floor":1,"turns":1},{"damage":0,"enemies":"conspire:MimicChest","floor":3,"turns":1},{"damage":0,"enemies":"Small Slimes","floor":5,"turns":1},{"damage":35,"enemies":"3 Sentries","floor":6,"turns":6},{"damage":6,"enemies":"2 Louse","floor":10,"turns":2},{"damage":26,"enemies":"Lagavulin","floor":11,"turns":3}],"seed_played":"5699150357188530282","potions_obtained":[{"floor":6,"key":"SkillPotion"},{"floor":10,"key":"SkillPotion"}],"is_trial":false,"path_per_floor":["M","$","?","?","M","E","?","T","T","M","E"],"character_chosen":"DEFECT","items_purchased":[],"campfire_rested":0,"item_purchase_floors":[],"current_hp_per_floor":[75,75,75,68,68,33,18,18,18,14,0,0],"gold":216,"neow_bonus":"THREE_ENEMY_KILL","is_daily":false,"chose_seed":false,"campfire_upgraded":0,"win_rate":0.0,"timestamp":1610473948,"path_taken":["M","$","?","?","?","E","?","?","T","?","E"],"items_purchased_type":[],"build_version":"2020-12-22","purchased_purges":1,"victory":false,"max_hp_per_floor":[75,75,75,75,75,75,75,75,75,75,75,75],"card_choices":[{"not_picked":["Gash","Go for the Eyes"],"picked":"hubris:Ukulele","floor":1},{"not_picked":["Self Repair","Turbo"],"picked":"Consume","floor":3},{"not_picked":["Biased Cognition","Steam Power"],"picked":"Redo","floor":5},{"not_picked":["hubris:PowerSurge","Rainbow"],"picked":"Defragment","floor":6},{"not_picked":["Conserve Battery","Barrage"],"picked":"Redo","floor":10}],"player_experience":113135,"relics_obtained":[{"floor":3,"key":"Ornamental Fan"},{"floor":6,"key":"Blood Vial"},{"floor":8,"key":"conspire:DeflatedDodgeball"},{"floor":9,"key":"MealTicket"}],"event_choices":[{"damage_healed":0,"gold_gain":75,"player_choice":"Touch","damage_taken":7,"max_hp_gain":0,"max_hp_loss":0,"event_name":"FaceTrader","floor":4,"gold_loss":0},{"damage_healed":0,"gold_gain":0,"player_choice":"Entered Light","damage_taken":15,"max_hp_gain":0,"max_hp_loss":0,"event_name":"Shining Light","floor":7,"gold_loss":0,"cards_upgraded":["hubris:Ukulele","Defend_B"]}],"is_beta":false,"boss_relics":[],"items_purged_floors":[2],"is_endless":false,"potions_floor_spawned":[6,10],"killed_by":"Lagavulin","ascension_level":0}}