{"host":"b995t17pt6d05w8c","time":1610439235,"event":{"mods":["AchievementEnabler","BaseMod","Colored Map","Minty Spire (QoL Compilation)","SuperFastMode"],"gold_per_floor":[113,127,127,127,77,77,121,146,146,146,162,195,213,213,213,309,309,322,247,268,268,268,268,284,300,300,332,344,356,268,301,301,391,391,407,407,438,463,269,269,294,294,349,62,82,82,415,59,59,59],"floor_reached":51,"playtime":1818,"items_purged":["Strike_R","Strike_R","Strike_R+1","Defend_R","Defend_R"],"score":1166,"play_id":"dd5eb4c7-4341-438b-bd0a-3637cfd75875","local_time":"20210112171355","is_ascension_mode":true,"campfire_choices":[{"data":"Armaments","floor":6.0,"key":"SMITH"},{"floor":10.0,"key":"REST"},{"data":"Carnage","floor":15.0,"key":"SMITH"},{"data":"Burning Pact","floor":23.0,"key":"SMITH"},{"floor":28.0,"key":"REST"},{"floor":32.0,"key":"REST"},{"data":"Warcry","floor":40,"key":"SMITH"},{"floor":42,"key":"REST"},{"data":"Purity","floor":46,"key":"SMITH"},{"floor":49,"key":"REST"}],"circlet_count":0,"master_deck":["AscendersBane","Defend_R","Bash","Seeing Red+1","Headbutt","Armaments+1","Dropkick","Carnage+1","Rage","Feed","Disarm","Burning Pact+1","Power Through","Warcry+1","Master of Strategy","Finesse","Ghostly Armor+1","Burning Pact","Purity+1","Pommel Strike","Dark Embrace+1","Sentinel","Shrug It Off"],"relics":["Burning Blood","Regal Pillow","Mummified Hand","Paper Frog","Darkstone Periapt","Sozu","Nilry\u0027s Codex","MawBank","Ginger","Runic Pyramid","Charon\u0027s Ashes","Dream Catcher","Bronze Scales"],"acts_visited":["TheCity","TheBeyond"],"potions_floor_usage":[50,50],"damage_taken":[{"damage":11.0,"enemies":"2 Louse","floor":1.0,"turns":4.0},{"damage":9.0,"enemies":"Jaw Worm","floor":2.0,"turns":5.0},{"damage":44.0,"enemies":"3 Sentries","floor":7.0,"turns":11.0},{"damage":3.0,"enemies":"Small Slimes","floor":11.0,"turns":4.0},{"damage":22.0,"enemies":"Lagavulin","floor":12.0,"turns":6.0},{"damage":6.0,"enemies":"Looter","floor":13.0,"turns":2.0},{"damage":24.0,"enemies":"Slime Boss","floor":16.0,"turns":12.0},{"damage":1.0,"enemies":"Chosen","floor":18.0,"turns":3.0},{"damage":4.0,"enemies":"3 Byrds","floor":20.0,"turns":5.0},{"damage":18.0,"enemies":"Shelled Parasite and Fungi","floor":24.0,"turns":8.0},{"damage":3.0,"enemies":"Snake Plant","floor":25.0,"turns":3.0},{"damage":19.0,"enemies":"Cultist and Chosen","floor":27.0,"turns":7.0},{"damage":38.0,"enemies":"Slavers","floor":31.0,"turns":9.0},{"damage":25,"enemies":"Champ","floor":33,"turns":8},{"damage":43,"enemies":"3 Darklings","floor":35,"turns":8},{"damage":0,"enemies":"Mind Bloom Boss Battle","floor":37,"turns":3},{"damage":1,"enemies":"3 Shapes","floor":38,"turns":3},{"damage":19,"enemies":"Writhing Mass","floor":41,"turns":8},{"damage":9,"enemies":"Spire Growth","floor":45,"turns":3},{"damage":38,"enemies":"Donu and Deca","floor":50,"turns":6}],"seed_played":"-4164470191488665091","potions_obtained":[{"floor":11.0,"key":"Explosive Potion"},{"floor":13.0,"key":"ElixirPotion"},{"floor":16.0,"key":"BlessingOfTheForge"}],"is_trial":false,"path_per_floor":["M","M","?","?","?","R","E","T","T","R","M","E","M","?","R","B",null,"M","$","M","?","?","R","M","M","T","M","R","?","$","E","R","B",null,"M","?","?","M","$","R","M","R","T","$","M","R","?","$","R","B",null],"character_chosen":"IRONCLAD","items_purchased":["Burning Pact","Purity","Pommel Strike","Sentinel","Bronze Scales"],"campfire_rested":5,"item_purchase_floors":[39,44,44,48,48],"current_hp_per_floor":[67,64,48,48,48,48,10,10,10,47,50,34,34,31,31,13,59,64,64,70,70,54,54,46,49,49,36,75,75,75,43,82,63,77,44,34,40,48,48,48,35,76,76,76,77,77,77,77,93,65],"gold":59,"neow_bonus":"TRANSFORM_CARD","is_daily":false,"chose_seed":false,"campfire_upgraded":5,"win_rate":0.0,"timestamp":1610439235,"path_taken":["M","M","?","?","?","R","E","?","T","R","M","E","M","?","R","BOSS","M","$","M","?","?","R","M","M","T","M","R","?","$","E","R","BOSS","M","?","?","M","$","R","M","R","T","$","M","R","?","$","R","BOSS"],"items_purchased_type":["Card","Card","Card","Card","Relic"],"build_version":"2020-12-22","purchased_purges":5,"victory":true,"max_hp_per_floor":[80,80,80,74,74,74,74,74,74,74,74,74,74,74,74,74,74,74,74,78,78,78,78,82,82,82,82,82,82,82,82,82,82,82,86,86,86,89,89,89,89,89,89,89,93,93,93,93,93,97],"card_choices":[{"not_picked":["Havoc","Body Slam"],"picked":"Headbutt","floor":1.0},{"not_picked":["Intimidate","Pummel"],"picked":"Armaments","floor":2.0},{"not_picked":["Brutality","Second Wind"],"picked":"Dropkick","floor":7.0},{"not_picked":["Warcry","Perfected Strike","Entrench"],"picked":"SKIP","floor":11.0},{"not_picked":["Sword Boomerang","Twin Strike"],"picked":"Carnage","floor":12.0},{"not_picked":["Flex","Body Slam"],"picked":"Rage","floor":13.0},{"not_picked":["Juggernaut","Berserk"],"picked":"Feed","floor":16.0},{"not_picked":["Perfected Strike","Rampage"],"picked":"Disarm","floor":18.0},{"not_picked":["Seeing Red","Heavy Blade"],"picked":"Burning Pact","floor":20.0},{"not_picked":["Thunderclap","Wild Strike","Reckless Charge"],"picked":"SKIP","floor":24.0},{"not_picked":["Thunderclap","Whirlwind","Havoc"],"picked":"SKIP","floor":25.0},{"not_picked":["Armaments","Rage","Searing Blow"],"picked":"SKIP","floor":27.0},{"not_picked":["Perfected Strike","Intimidate+1","Sword Boomerang"],"picked":"SKIP","floor":31.0},{"not_picked":["Intimidate","Body Slam","Warcry"],"picked":"SKIP","floor":35},{"not_picked":["Intimidate","Body Slam"],"picked":"Warcry","floor":35},{"not_picked":["Enlightenment","PanicButton"],"picked":"Master of Strategy","floor":36},{"not_picked":["Panache","Enlightenment"],"picked":"Finesse","floor":36},{"not_picked":["Entrench","Ghostly Armor+1","Sever Soul"],"picked":"SKIP","floor":38},{"not_picked":["Entrench","Sever Soul"],"picked":"Ghostly Armor+1","floor":38},{"not_picked":["Entrench+1","Clash+1","Flame Barrier"],"picked":"SKIP","floor":41},{"not_picked":["Armaments+1","Heavy Blade+1"],"picked":"Dark Embrace+1","floor":45},{"not_picked":["Anger+1","Armaments+1"],"picked":"Shrug It Off","floor":49}],"player_experience":105793,"relics_obtained":[{"floor":8.0,"key":"Regal Pillow"},{"floor":9.0,"key":"Mummified Hand"},{"floor":12.0,"key":"Paper Frog"},{"floor":22.0,"key":"Nilry\u0027s Codex"},{"floor":26.0,"key":"MawBank"},{"floor":31.0,"key":"Ginger"},{"floor":37,"key":"Charon\u0027s Ashes"},{"floor":43,"key":"Dream Catcher"}],"event_choices":[{"damage_healed":0.0,"max_hp_gain":0.0,"max_hp_loss":0.0,"gold_gain":0.0,"event_name":"Shining Light","player_choice":"Entered Light","floor":3.0,"gold_loss":0.0,"damage_taken":16.0,"cards_upgraded":["Seeing Red","Strike_R"]},{"damage_healed":0.0,"max_hp_gain":0.0,"max_hp_loss":6.0,"gold_gain":0.0,"event_name":"Golden Idol","player_choice":"Lose Max HP","floor":4.0,"gold_loss":0.0,"damage_taken":0.0,"relics_obtained":["Golden Idol"]},{"cards_removed":["Defend_R"],"damage_healed":0.0,"max_hp_gain":0.0,"max_hp_loss":0.0,"gold_gain":0.0,"event_name":"The Cleric","player_choice":"Card Removal","floor":5.0,"gold_loss":50.0,"damage_taken":0.0},{"damage_healed":0.0,"max_hp_gain":0.0,"max_hp_loss":0.0,"gold_gain":0.0,"event_name":"Scrap Ooze","player_choice":"Success","floor":14.0,"gold_loss":0.0,"damage_taken":3.0,"relics_obtained":["Darkstone Periapt"]},{"damage_healed":0.0,"max_hp_gain":0.0,"max_hp_loss":0.0,"gold_gain":0.0,"event_name":"The Library","player_choice":"Read","floor":21.0,"gold_loss":0.0,"damage_taken":0.0,"cards_obtained":["Power Through"]},{"damage_healed":0.0,"max_hp_gain":0.0,"max_hp_loss":0.0,"gold_gain":0.0,"event_name":"Cursed Tome","player_choice":"Obtained Book","floor":22.0,"gold_loss":0.0,"damage_taken":16.0},{"cards_removed":["Strike_R"],"damage_healed":0.0,"max_hp_gain":0.0,"max_hp_loss":0.0,"gold_gain":0.0,"event_name":"Back to Basics","player_choice":"Elegance","floor":29.0,"gold_loss":0.0,"damage_taken":0.0},{"damage_healed":0,"gold_gain":0,"player_choice":"Memory 3","damage_taken":10,"max_hp_gain":0,"max_hp_loss":0,"event_name":"SensoryStone","floor":36,"gold_loss":0},{"damage_healed":0,"gold_gain":0,"player_choice":"Fight","damage_taken":0,"max_hp_gain":0,"max_hp_loss":0,"event_name":"MindBloom","floor":37,"gold_loss":0},{"damage_healed":0,"gold_gain":333,"player_choice":"Gave Idol","damage_taken":0,"max_hp_gain":0,"max_hp_loss":0,"event_name":"The Moai Head","floor":47,"relics_lost":["Golden Idol"],"gold_loss":0}],"is_beta":false,"boss_relics":[{"not_picked":["Calling Bell","SacredBark"],"picked":"Sozu"},{"not_picked":["Fusion Hammer","Mark of Pain"],"picked":"Runic Pyramid"}],"items_purged_floors":[19,30,39,44,48],"is_endless":false,"potions_floor_spawned":[11,13,16,20,25,27,37,38],"ascension_level":13}}