{"host":"tzyzz5n7hg2ni9q2","time":1610479531,"event":{"mods":["BaseMod","Minty Spire (QoL Compilation)","Quick Restart"],"gold_per_floor":[114,133,152,152,172,172,190,190,190,190,209,223,223,255,255,358,358,375,228,241,241,261,261,261],"floor_reached":23,"language":"ENG","playtime":726,"items_purged":[],"score":254,"play_id":"1f41ac98-ff08-4c6b-bbb2-2811dd13b0ab","local_time":"20210112202531","is_ascension_mode":true,"campfire_choices":[{"data":"Quick Slash","floor":6,"key":"SMITH"},{"data":"Blur","floor":8,"key":"SMITH"},{"data":"Survivor","floor":10,"key":"SMITH"},{"data":"Noxious Fumes","floor":15,"key":"SMITH"}],"circlet_count":0,"master_deck":["Strike_G","Strike_G","Strike_G","Strike_G","Strike_G","Defend_G","Defend_G","Defend_G","Defend_G","Defend_G","Survivor+1","Neutralize+1","Quick Slash+1","PiercingWail","Blur+1","Flying Knee","Noxious Fumes+1","Bullet Time","Die Die Die","Catalyst","Escape Plan"],"relics":["Ring of the Snake","NeowsBlessing","Paper Crane","Sundial","Cursed Key","Happy Flower"],"acts_visited":["Exordium","TheCity"],"potions_floor_usage":[16,20,23],"damage_taken":[{"damage":0,"enemies":"Cultist","floor":1,"turns":1},{"damage":0,"enemies":"2 Louse","floor":2,"turns":1},{"damage":0,"enemies":"Jaw Worm","floor":3,"turns":1},{"damage":2,"enemies":"Lots of Slimes","floor":5,"turns":6},{"damage":0,"enemies":"2 Fungi Beasts","floor":7,"turns":4},{"damage":1,"enemies":"Blue Slaver","floor":11,"turns":4},{"damage":0,"enemies":"Large Slime","floor":12,"turns":6},{"damage":15,"enemies":"Gremlin Nob","floor":14,"turns":5},{"damage":3,"enemies":"Hexaghost","floor":16,"turns":10},{"damage":8,"enemies":"Spheric Guardian","floor":18,"turns":4},{"damage":4,"enemies":"3 Byrds","floor":20,"turns":4},{"damage":0,"enemies":"Centurion and Healer","floor":22,"turns":10},{"damage":67,"enemies":"Book of Stabbing","floor":23,"turns":7}],"seed_played":"-5196760987518818147","potions_obtained":[{"floor":3,"key":"Strength Potion"},{"floor":7,"key":"DuplicationPotion"},{"floor":16,"key":"Regen Potion"},{"floor":18,"key":"DistilledChaos"}],"is_trial":false,"path_per_floor":["M","M","M","?","M","R","M","R","T","R","M","M","?","E","R","B",null,"M","$","M","$","M","E"],"character_chosen":"THE_SILENT","items_purchased":["Happy Flower"],"campfire_rested":0,"item_purchase_floors":[19],"current_hp_per_floor":[63,63,63,63,61,61,61,61,61,61,60,60,60,45,45,42,63,55,55,51,51,51,0,0],"gold":261,"neow_bonus":"THREE_ENEMY_KILL","is_daily":false,"chose_seed":false,"campfire_upgraded":4,"win_rate":0.0,"timestamp":1610479531,"path_taken":["M","M","?","?","?","R","M","R","T","R","M","M","?","E","R","BOSS","M","$","M","$","M","E"],"items_purchased_type":["Relic"],"build_version":"2020-12-22","purchased_purges":0,"victory":false,"max_hp_per_floor":[70,70,70,70,70,70,70,70,70,70,70,70,70,70,70,70,70,70,70,70,70,70,70,70],"card_choices":[{"not_picked":["Underhanded Strike","Flying Knee"],"picked":"Quick Slash","floor":1},{"not_picked":["Quick Slash","Acrobatics","Outmaneuver"],"picked":"SKIP","floor":2},{"not_picked":["Outmaneuver","All Out Attack"],"picked":"PiercingWail","floor":3},{"not_picked":["Bouncing Flask","Flying Knee","Concentrate"],"picked":"SKIP","floor":5},{"not_picked":["Outmaneuver","Calculated Gamble"],"picked":"Blur","floor":7},{"not_picked":["Underhanded Strike","Dagger Spray"],"picked":"Flying Knee","floor":11},{"not_picked":["Sucker Punch","Venomology"],"picked":"Noxious Fumes","floor":12},{"not_picked":["Leg Sweep","Flying Knee"],"picked":"Bullet Time","floor":14},{"not_picked":["Phantasmal Killer","Wraith Form v2"],"picked":"Die Die Die","floor":16},{"not_picked":["Blade Dance","Reflex+1","Bane+1"],"picked":"SKIP","floor":18},{"not_picked":["Cloak And Dagger+1","PiercingWail+1"],"picked":"Catalyst","floor":20},{"not_picked":["Slice","Bane"],"picked":"Escape Plan","floor":22}],"player_experience":276773,"relics_obtained":[{"floor":9,"key":"Paper Crane"},{"floor":14,"key":"Sundial"}],"event_choices":[{"damage_healed":0,"gold_gain":0,"player_choice":"Upgraded","damage_taken":0,"max_hp_gain":0,"max_hp_loss":0,"event_name":"Upgrade Shrine","floor":4,"gold_loss":0,"cards_upgraded":["Neutralize"]},{"damage_healed":0,"gold_gain":0,"player_choice":"Bought 0 Potions","damage_taken":0,"max_hp_gain":0,"max_hp_loss":0,"event_name":"The Woman in Blue","floor":13,"gold_loss":0}],"is_beta":false,"boss_relics":[{"not_picked":["Busted Crown","Tiny House"],"picked":"Cursed Key"}],"items_purged_floors":[],"is_endless":false,"potions_floor_spawned":[3,7,16,18],"killed_by":"Book of Stabbing","ascension_level":6}}