{"host":"eqvoimh73njwfgdh","time":1610472212,"event":{"mods":["AchievementEnabler","BaseMod","Better Altar","Better Match","Better Note","Better Sensory Stone","Better Skull","Better Third Choice","BetterRewards","Colored Powertips","Conspire","Downfall","Energized Spire","Halation","Hubris","Infinite Spire","Minty Spire (QoL Compilation)","Permanent Neow","Rare Cards Sparkle","Relic Stats","Replay The Spire","Spicy Shops","StSLib","The Animator","The Blue Laboratory","vexMod"],"gold_per_floor":[115,134,134,157,177,177,204,204,230,279,43,43,55,85,85,185,185,207,207,306,306,152,152,166,195,195,207,207,43,96,133,133,229,179,190,243,243,243,243,243,260,260,286,286,286,46,62,81,81,184,184,190,195,195,209,209,209,222,246,246,246,243,243,243,243,243,276,276,274,269,269,269,269,263,263,260,260,97,85,85,92,72,72,117,117,93,93,93,93,93,74,74],"floor_reached":91,"playtime":5660,"items_purged":[],"score":2021,"play_id":"d6c12869-bc35-406f-89d1-508ea159c659","local_time":"20210112182332","is_ascension_mode":true,"campfire_choices":[{"floor":6.0,"key":"REST"},{"floor":8.0,"key":"REST"},{"floor":15.0,"key":"REST"},{"floor":23.0,"key":"RECALL"},{"floor":32.0,"key":"REST"},{"floor":40.0,"key":"REST"},{"floor":42.0,"key":"REST"},{"floor":44.0,"key":"REST"},{"data":"animator:Boros","floor":49.0,"key":"SMITH"},{"floor":57.0,"key":"REST"},{"floor":61.0,"key":"REST"},{"data":"animator:Pride","floor":66.0,"key":"SMITH"},{"data":"animator:Envy","floor":75.0,"key":"SMITH"},{"data":"animator:Guren","floor":80.0,"key":"SMITH"}],"circlet_count":0,"master_deck":["animator:Strike_GoblinSlayer+1","animator:Defend_GoblinSlayer+1","animator:Strike+1","animator:Strike+1","animator:Strike+1","animator:Defend+1","animator:Defend+1","animator:Defend+1","animator:LizardPriest","animator:DwarfShaman+1","animator:Shigure","animator:DwarfShaman+1","animator:Saber","animator:Mikaela","animator:Priestess","animator:MisaKurobane","animator:ElricAlphonse","animator:Pride+1","animator:Viivi","animator:Envy+1","animator:CowGirl","animator:EmiyaShirou","animator:HiiragiShinya+1","animator:Boros+1","animator:Shuna+1","animator:Patchouli","animator:Shimakaze","animator:Zero","animator:MetalKnight+1","animator:Saitama","animator:Strike+1","animator:Witch","animator:Shinoa+1","animator:Yoichi+1","AscendersBane","animator:GoblinSlayer","animator:Gillette+1","animator:MetalKnight","hubris:NaturalOne","animator:Shigure+1","animator:FeridBathory","CurseOfTheBell","animator:Envy+1","animator:Priestess","animator:Pride","animator:Archer","animator:Rimuru","animator:Melzalgald","animator:Benimaru","Burn","animator:HinaKagiyama","animator:Curse_Dizziness","animator:Guren+1","ReplayTheSpireMod:Haul","animator:Lancer","animator:Priestess+1","animator:MetalKnight","animator:Vesta+1","animator:GazelDwargon+1","animator:Yuuichirou","animator:EmiyaShirou+1","animator:ChaikaTrabant","animator:Priestess","animator:Berserker","animator:Greed+1","animator:Tatsumaki+1","animator:HigakiRinne","animator:Greed+1"],"relics":["animator:LivingPicture","animator:TheMissingPiece","hubris:Icosahedron","Red Skull","HornCleat","halation:SelfBoilingWater","SlaversCollar","hubris:Towel","halation:Thesaurus","animator:BattleDrones","Durian","Darkstone Periapt","ReplayTheSpireMod:ShopPack","Replay:Rubber Ducky","Replay:WaspNest","energizedSpire:HugeHouse","TungstenRod","Ginger","halation:StarCompass","Gremlin Food","halation:PinkSoulGem","Bottled Tornado","Calling Bell","halation:Pancakes","conspire:GiftBox","conspire:BottledYoYo","Quantum Egg","Eternal Feather","infinitespire:Bottled Soul","Frozen Egg 2","hubris:VirtuousBlindfold","hubris:BottledHeart","conspire:Dentures","Boot","Bottled Flame","Replay:Grab Bag","Replay:Bronze Core","ChewingGum","animator:HolyGrailRelic"],"acts_visited":["Exordium","TheCity","TheBeyond","Exordium","TheCity","TheBeyond"],"potions_floor_usage":[91,91],"damage_taken":[{"damage":11.0,"enemies":"Cultist","floor":1.0,"turns":3.0},{"damage":0.0,"enemies":"Jaw Worm","floor":2.0,"turns":4.0},{"damage":15.0,"enemies":"Small Slimes","floor":4.0,"turns":3.0},{"damage":6.0,"enemies":"Looter","floor":5.0,"turns":3.0},{"damage":20.0,"enemies":"Gremlin Nob","floor":7.0,"turns":4.0},{"damage":36.0,"enemies":"conspire:MimicChest","floor":10.0,"turns":5.0},{"damage":8.0,"enemies":"Gremlin Gang","floor":13.0,"turns":4.0},{"damage":13.0,"enemies":"Lagavulin","floor":14.0,"turns":4.0},{"damage":41.0,"enemies":"Fading Forest","floor":16.0,"turns":11.0},{"damage":16.0,"enemies":"2 Thieves","floor":18.0,"turns":4.0},{"damage":0.0,"enemies":"Spheric Guardian","floor":24.0,"turns":4.0},{"damage":2.0,"enemies":"Nightmare","floor":25.0,"turns":6.0},{"damage":5.0,"enemies":"Centurion and Healer","floor":27.0,"turns":6.0},{"damage":20.0,"enemies":"Book of Stabbing","floor":31.0,"turns":5.0},{"damage":20.0,"enemies":"hubris:MusketHawk","floor":33.0,"turns":8.0},{"damage":17.0,"enemies":"3 Shapes","floor":35.0,"turns":4.0},{"damage":42.0,"enemies":"2 Orb Walkers","floor":36.0,"turns":6.0},{"damage":3.0,"enemies":"Orb Walker","floor":41.0,"turns":3.0},{"damage":4.0,"enemies":"3 Darklings","floor":47.0,"turns":5.0},{"damage":7.0,"enemies":"Maw","floor":48.0,"turns":7.0},{"damage":60.0,"enemies":"conspire:OrnateMirror","floor":50.0,"turns":9.0},{"damage":0.0,"enemies":"Small Slimes","floor":52.0,"turns":2.0},{"damage":9.0,"enemies":"Jaw Worm","floor":53.0,"turns":3.0},{"damage":19.0,"enemies":"2 Louse","floor":55.0,"turns":2.0},{"damage":0.0,"enemies":"2 Fungi Beasts","floor":58.0,"turns":1.0},{"damage":1.0,"enemies":"3 Sentries","floor":59.0,"turns":5.0},{"damage":6.0,"enemies":"Gremlin Gang","floor":62.0,"turns":4.0},{"damage":0.0,"enemies":"Fading Forest","floor":67.0,"turns":10.0},{"damage":31.0,"enemies":"2 Thieves","floor":69.0,"turns":3.0},{"damage":19.0,"enemies":"Spheric Guardian","floor":70.0,"turns":4.0},{"damage":0.0,"enemies":"Gremlin Leader","floor":74.0,"turns":6.0},{"damage":0.0,"enemies":"Book of Stabbing","floor":76.0,"turns":4.0},{"damage":0.0,"enemies":"3 Cultists","floor":79.0,"turns":5.0},{"damage":0.0,"enemies":"Sentry and Sphere","floor":81.0,"turns":4.0},{"damage":0.0,"enemies":"Chosen and Byrds","floor":82.0,"turns":6.0},{"damage":0.0,"enemies":"Collector","floor":84.0,"turns":7.0},{"damage":0,"enemies":"3 Darklings","floor":86,"turns":5},{"damage":0,"enemies":"Orb Walker","floor":90,"turns":3},{"damage":16,"enemies":"Reptomancer","floor":91,"turns":3}],"seed_played":"-8693168593599058700","potions_obtained":[{"floor":2.0,"key":"LifebloodPotion"},{"floor":5.0,"key":"SpeedPotion"},{"floor":7.0,"key":"Regen Potion"},{"floor":25.0,"key":"hexamod:EctoCoolerPotion"},{"floor":31.0,"key":"blueLaboratory:SavagePotion"},{"floor":35.0,"key":"PowerPotion"},{"floor":36.0,"key":"animator:FalseLifePotion"},{"floor":47.0,"key":"blueLaboratory:BubblePotion"},{"floor":55.0,"key":"Languid Potion"},{"floor":59.0,"key":"ColorlessPotion"},{"floor":67.0,"key":"blueLaboratory:CorrosionFlask"},{"floor":70.0,"key":"blueLaboratory:BottledHope"},{"floor":74.0,"key":"Swift Potion"},{"floor":76.0,"key":"Elixir"},{"floor":81.0,"key":"Fire Potion"},{"floor":87,"key":"blueLaboratory:BottleOfVodka"}],"is_trial":false,"path_per_floor":["M","M","?","M","M","R","E","R","T","?","$","?","M","E","R","B",null,"M","?","?","?","$","R","M","NM","T","M","$","$","T","E","R","B",null,"M","?","AVR","?","?","R","M","R","T","R","?","$","M","M","R","B",null,"M","M","?","M","AVR","R","M","E","T","R","M","?","?","T","R","B",null,"M","M","?","?","?","E","R","E","T","$","M","R","M","M","R","B",null,"M","?","?","?","M","E"],"character_chosen":"THE_ANIMATOR","items_purchased":["animator:Mikaela","animator:Priestess","animator:MisaKurobane","halation:Thesaurus","ReplayTheSpireMod:ShopPack","animator:Shuna+1","Bottled Tornado","animator:GazelDwargon+1","animator:Yuuichirou"],"campfire_rested":9,"item_purchase_floors":[11,11,11,22,29,29,46,78,78],"current_hp_per_floor":[55,55,55,40,34,53,43,65,65,29,29,29,33,20,42,9,76,60,60,60,60,60,60,61,64,64,60,60,60,60,40,64,45,79,62,26,26,26,32,57,54,79,79,85,85,85,81,80,80,20,97,97,91,91,72,72,97,97,96,96,97,96,96,102,102,103,103,103,73,54,54,54,1,1,1,1,1,1,1,1,1,1,1,1,1,1,1,1,1,1,0,0],"gold":74,"neow_bonus":"UPGRADE_CARD","is_daily":false,"chose_seed":false,"campfire_upgraded":4,"win_rate":0.0,"timestamp":1610472212,"path_taken":["M","?","?","M","M","R","E","R","T","?","$","?","?","E","R","BOSS","M","?","?","?","$","R","?","NM","T","M","?","$","?","E","R","BOSS","M","?","AVR","?","?","R","M","R","T","R","?","$","?","M","R","BOSS","M","M","?","M","AVR","R","?","E","T","R","M","?","?","?","R","BOSS","M","?","?","?","?","E","R","E","T","?","M","R","?","M","R","BOSS","M","?","?","?","M","E"],"items_purchased_type":["Card","Card","Card","Relic","Relic","Card","Relic","Card","Card"],"build_version":"2020-12-22","purchased_purges":0,"victory":false,"max_hp_per_floor":[66,66,66,66,66,66,76,76,76,76,76,76,76,76,76,76,76,76,76,76,76,76,76,77,82,82,83,83,83,83,83,83,84,79,79,79,79,79,85,85,85,85,85,85,85,85,85,91,91,91,97,97,97,97,97,97,97,97,97,97,97,97,97,103,103,103,103,103,104,104,104,104,1,1,1,1,1,1,1,1,1,1,1,1,1,1,1,1,1,1,1,1],"relic_stats":{"Darkstone Periapt":24,"counters":[41,212],"Eternal Feather":2,"Ginger":[10],"Boot":[5],"obtain_stats":[{"Calipers":20,"hubris:VirtuousBlindfold":68,"Ginger":0,"Bottled Tornado":46,"halation:StarCompass":5,"Boot":76,"HornCleat":0,"Replay:Bronze Core":85,"conspire:Dentures":74,"hubris:MobiusCoin":26,"Happy Flower":38,"animator:BattleDrones":0,"Replay:Grab Bag":85,"Eternal Feather":59,"infinitespire:Beetle Shell":13,"Letter Opener":32,"halation:Thesaurus":0,"vexMod:GhostlyGear":37,"SlaversCollar":0,"conspire:GiftBox":51,"Bottled Flame":77,"animator:HolyGrailRelic":85,"ReplayTheSpireMod:Shallot":6,"hubris:BottledHeart":73,"hubris:ToyBattleship":10,"conspire:BottledYoYo":51,"Grinning Jar":31,"Darkstone Periapt":0,"animator:TheMissingPiece":0,"Cursed Key":17,"Replay:Rubber Ducky":0,"halation:Pancakes":51,"Replay:Bandana":28,"hubris:Icosahedron":0,"infinitespire:Bottled Soul":60,"energizedSpire:HugeHouse":34,"Red Skull":0,"Gremlin Food":43,"Golden Idol":2,"Quantum Egg":56,"Replay:WaspNest":0,"Frozen Egg 2":65,"hubris:Towel":0,"halation:SelfBoilingWater":0,"Calling Bell":51,"ChewingGum":85,"animator:LivingPicture":0,"Durian":0,"halation:PinkSoulGem":19,"TungstenRod":0,"ReplayTheSpireMod:ShopPack":0},{"Calipers":9,"hubris:VirtuousBlindfold":30,"Ginger":0,"Bottled Tornado":20,"halation:StarCompass":2,"Boot":34,"HornCleat":0,"Replay:Bronze Core":38,"conspire:Dentures":33,"hubris:MobiusCoin":11,"Happy Flower":18,"animator:BattleDrones":0,"Replay:Grab Bag":38,"Eternal Feather":28,"infinitespire:Beetle Shell":6,"Letter Opener":15,"halation:Thesaurus":0,"vexMod:GhostlyGear":18,"SlaversCollar":0,"conspire:GiftBox":23,"Bottled Flame":34,"animator:HolyGrailRelic":38,"ReplayTheSpireMod:Shallot":3,"hubris:BottledHeart":32,"hubris:ToyBattleship":3,"conspire:BottledYoYo":23,"Grinning Jar":15,"Darkstone Periapt":0,"animator:TheMissingPiece":0,"Cursed Key":8,"Replay:Rubber Ducky":0,"halation:Pancakes":23,"Replay:Bandana":12,"hubris:Icosahedron":0,"infinitespire:Bottled Soul":28,"energizedSpire:HugeHouse":16,"Red Skull":0,"Gremlin Food":20,"Golden Idol":1,"Quantum Egg":26,"Replay:WaspNest":0,"Frozen Egg 2":29,"hubris:Towel":0,"halation:SelfBoilingWater":0,"Calling Bell":23,"ChewingGum":38,"animator:LivingPicture":0,"Durian":0,"halation:PinkSoulGem":9,"TungstenRod":0,"ReplayTheSpireMod:ShopPack":0},{"Calipers":49,"hubris:VirtuousBlindfold":162,"Ginger":0,"Bottled Tornado":114,"halation:StarCompass":8,"Boot":179,"HornCleat":0,"Replay:Bronze Core":201,"conspire:Dentures":175,"hubris:MobiusCoin":61,"Happy Flower":107,"animator:BattleDrones":0,"Replay:Grab Bag":201,"Eternal Feather":148,"infinitespire:Beetle Shell":32,"Letter Opener":92,"halation:Thesaurus":0,"vexMod:GhostlyGear":107,"SlaversCollar":0,"conspire:GiftBox":135,"Bottled Flame":179,"animator:HolyGrailRelic":201,"ReplayTheSpireMod:Shallot":17,"hubris:BottledHeart":169,"hubris:ToyBattleship":17,"conspire:BottledYoYo":135,"Grinning Jar":92,"Darkstone Periapt":0,"animator:TheMissingPiece":0,"Cursed Key":45,"Replay:Rubber Ducky":0,"halation:Pancakes":135,"Replay:Bandana":67,"hubris:Icosahedron":0,"infinitespire:Bottled Soul":148,"energizedSpire:HugeHouse":99,"Red Skull":0,"Gremlin Food":114,"Golden Idol":3,"Quantum Egg":142,"Replay:WaspNest":0,"Frozen Egg 2":152,"hubris:Towel":0,"halation:SelfBoilingWater":0,"Calling Bell":135,"ChewingGum":201,"animator:LivingPicture":0,"Durian":0,"halation:PinkSoulGem":49,"TungstenRod":0,"ReplayTheSpireMod:ShopPack":0}],"TungstenRod":22},"card_choices":[{"not_picked":["animator:Sloth","animator:Berserker"],"picked":"animator:Shigure","floor":1.0},{"not_picked":["animator:Shion","animator:Alexander","animator:AcuraAkari"],"picked":"SKIP","floor":2.0},{"not_picked":["animator:Rider","animator:HiiragiShinya"],"picked":"animator:MumenRider","floor":4.0},{"not_picked":["animator:Spearman","animator:LizardPriest"],"picked":"animator:DwarfShaman","floor":5.0},{"not_picked":["animator:Shuna","animator:ShinjiMatou"],"picked":"animator:Benimaru","floor":7.0},{"not_picked":["animator:Fredrika","animator:Archer"],"picked":"animator:Saber","floor":10.0},{"not_picked":["animator:Sonic","animator:Witch"],"picked":"animator:Pride","floor":13.0},{"not_picked":["animator:WinryRockbell","animator:AcuraTooru"],"picked":"animator:Viivi","floor":14.0},{"not_picked":["animator:SwordMaiden","animator:Greed"],"picked":"animator:Envy","floor":16.0},{"not_picked":["animator:LizardPriest","animator:Spearman"],"picked":"animator:CowGirl","floor":18.0},{"not_picked":["animator:Tatsumaki","animator:ElricEdward"],"picked":"animator:EmiyaShirou","floor":24.0},{"not_picked":["animator:Souei","animator:LizardPriest"],"picked":"animator:HiiragiShinya+1","floor":25.0},{"not_picked":["animator:Viivi","animator:Kaijin"],"picked":"animator:Boros","floor":27.0},{"not_picked":["animator:HarukoHaruhara","animator:Lelouch"],"picked":"animator:Patchouli","floor":29.0},{"not_picked":["animator:HarukoHaruhara","animator:Urushihara"],"picked":"animator:Shimakaze","floor":29.0},{"not_picked":["animator:Kagari","animator:NononJakuzure"],"picked":"animator:Zero","floor":29.0},{"not_picked":["animator:ElricAlphonse","animator:KrulTepes"],"picked":"animator:MetalKnight+1","floor":31.0},{"not_picked":["animator:AcuraShin","animator:Shizu"],"picked":"animator:Saitama","floor":33.0},{"not_picked":["animator:DwarfShaman","animator:HighElfArcher+1"],"picked":"animator:Shinoa+1","floor":35.0},{"not_picked":["animator:SakuraMatou","animator:Rider+1"],"picked":"animator:Yoichi+1","floor":36.0},{"not_picked":["animator:SilverFang","animator:Boros"],"picked":"animator:Gillette+1","floor":41.0},{"not_picked":["animator:SilverFang","animator:Yoichi+1"],"picked":"animator:MetalKnight","floor":47.0},{"not_picked":["animator:Millim+1","animator:Rider+1"],"picked":"animator:Shigure+1","floor":48.0},{"not_picked":["animator:Gilgamesh","animator:SwordMaiden"],"picked":"animator:FeridBathory","floor":50.0},{"not_picked":["animator:Gilgamesh","animator:Guren"],"picked":"animator:Envy","floor":51.0},{"not_picked":["animator:Berserker","animator:SakuraMatou"],"picked":"animator:Priestess","floor":52.0},{"not_picked":["animator:Rider","animator:MumenRider"],"picked":"animator:Pride","floor":53.0},{"not_picked":["animator:MumenRider","animator:Spearman"],"picked":"animator:Archer","floor":55.0},{"not_picked":["animator:Hakurou","animator:LizardPriest"],"picked":"animator:Rimuru","floor":58.0},{"not_picked":["animator:AcuraAkari","animator:Gillette"],"picked":"animator:Melzalgald","floor":59.0},{"not_picked":["animator:Shion","animator:ElricEdward"],"picked":"animator:Benimaru","floor":62.0},{"not_picked":["animator:Boros+1","animator:Envy+1"],"picked":"animator:Guren","floor":67.0},{"not_picked":["infinitespire:DeathsTouch","infinitespire:FinalStrike"],"picked":"ReplayTheSpireMod:Haul","floor":68.0},{"not_picked":["animator:ElricEdward","animator:Millim"],"picked":"animator:Lancer","floor":69.0},{"not_picked":["animator:Viivi+1","animator:ChaikaBohdan"],"picked":"animator:Priestess+1","floor":70.0},{"not_picked":["animator:Rider","animator:Souei"],"picked":"animator:SwordMaiden","floor":74.0},{"not_picked":["animator:CrowleyEusford","animator:Gillette"],"picked":"animator:Vesta+1","floor":76.0},{"not_picked":["animator:Gluttony","animator:Genos"],"picked":"animator:EmiyaShirou+1","floor":79.0},{"not_picked":["animator:Caster","animator:Fredrika"],"picked":"animator:ChaikaTrabant","floor":81.0},{"not_picked":["animator:Millim","animator:GuildGirl+1"],"picked":"animator:Priestess","floor":82.0},{"not_picked":["animator:Boros+1","animator:Rimuru"],"picked":"animator:Greed+1","floor":84.0},{"not_picked":["animator:Guy+1","animator:Priestess+1"],"picked":"animator:Tatsumaki","floor":86},{"not_picked":["animator:ElricAlphonse+1","animator:LizardPriest+1"],"picked":"animator:Greed+1","floor":90}],"player_experience":138113,"relics_obtained":[{"floor":7.0,"key":"Pear"},{"floor":9.0,"key":"Red Skull"},{"floor":10.0,"key":"HornCleat"},{"floor":14.0,"key":"halation:SelfBoilingWater"},{"floor":25.0,"key":"Durian"},{"floor":26.0,"key":"Darkstone Periapt"},{"floor":30.0,"key":"Replay:Rubber Ducky"},{"floor":31.0,"key":"Replay:WaspNest"},{"floor":36.0,"key":"TungstenRod"},{"floor":43.0,"key":"Gremlin Food"},{"floor":51.0,"key":"halation:Pancakes"},{"floor":51.0,"key":"conspire:GiftBox"},{"floor":51.0,"key":"conspire:BottledYoYo"},{"floor":59.0,"key":"Eternal Feather"},{"floor":60.0,"key":"infinitespire:Bottled Soul"},{"floor":65.0,"key":"Frozen Egg 2"},{"floor":74.0,"key":"conspire:Dentures"},{"floor":76.0,"key":"Boot"},{"floor":77.0,"key":"Bottled Flame"}],"event_choices":[{"damage_healed":0.0,"max_hp_gain":0.0,"max_hp_loss":0.0,"gold_gain":0.0,"cards_transformed":["animator:MumenRider"],"event_name":"Transmorgrifier","player_choice":"Transformed","floor":12.0,"gold_loss":0.0,"damage_taken":0.0,"cards_obtained":["animator:ElricAlphonse"]},{"damage_healed":0.0,"max_hp_gain":0.0,"max_hp_loss":0.0,"gold_gain":0.0,"event_name":"Beggar","player_choice":"Ignored","floor":19.0,"gold_loss":0.0,"damage_taken":0.0},{"damage_healed":0.0,"max_hp_gain":0.0,"max_hp_loss":0.0,"gold_gain":99.0,"event_name":"betterThird:BetterNest","player_choice":"Steal","floor":20.0,"gold_loss":0.0,"damage_taken":0.0},{"damage_healed":0.0,"max_hp_gain":0.0,"max_hp_loss":0.0,"gold_gain":0.0,"event_name":"Mysterious Sphere","player_choice":"Fight","floor":36.0,"gold_loss":0.0,"damage_taken":0.0},{"damage_healed":0.0,"max_hp_gain":0.0,"max_hp_loss":0.0,"gold_gain":3.0,"event_name":"betterStone:BetterStone","player_choice":"3","floor":39.0,"gold_loss":0.0,"damage_taken":0.0,"cards_obtained":["animator:GoblinSlayer"]},{"damage_healed":0.0,"max_hp_gain":0.0,"max_hp_loss":0.0,"gold_gain":0.0,"event_name":"Upgrade Shrine","player_choice":"Upgraded","floor":54.0,"gold_loss":0.0,"damage_taken":0.0,"cards_upgraded":["animator:Envy"]},{"damage_healed":96.0,"max_hp_gain":0.0,"max_hp_loss":97.0,"gold_gain":0.0,"event_name":"betterThird:BetterShining","player_choice":"Embrace Burn","floor":63.0,"gold_loss":0.0,"damage_taken":0.0},{"damage_healed":0.0,"max_hp_gain":0.0,"max_hp_loss":7.0,"gold_gain":0.0,"event_name":"betterThird:BetterWriting","player_choice":"Simplicity","floor":72.0,"gold_loss":0.0,"damage_taken":0.0},{"damage_healed":0,"gold_gain":0,"player_choice":"Embrace Madness","damage_taken":0,"max_hp_gain":0,"max_hp_loss":0,"event_name":"Winding Halls","floor":88,"gold_loss":0,"cards_obtained":["animator:HigakiRinne"]},{"damage_healed":0,"gold_gain":0,"player_choice":"Upgraded","damage_taken":0,"max_hp_gain":0,"max_hp_loss":0,"event_name":"Upgrade Shrine","floor":89,"gold_loss":0,"cards_upgraded":["animator:Tatsumaki"]}],"is_beta":false,"boss_relics":[{"not_picked":["hubris:GrandSneckoEye","Coffee Dripper"],"picked":"SlaversCollar"},{"not_picked":["hubris:HollowSoul","halation:SmartPhone"],"picked":"energizedSpire:HugeHouse"},{"not_picked":["hubris:VirtuousBlindfold","hubris:RunicObelisk"],"picked":"Calling Bell"},{"not_picked":["hubris:BlackHole","Runic Dome"],"picked":"hubris:VirtuousBlindfold"},{"not_picked":["conspire:RoyalGoblet","vexMod:RockOfEvil"],"picked":"Replay:Grab Bag"},{"not_picked":["vexMod:DeviousBotling","vexMod:EndlessSickness"],"picked":"Replay:Bronze Core"},{"not_picked":["hubris:CrackedHourglass","Painkiller Herb"],"picked":"ChewingGum"},{"not_picked":["SacredBark","Empty Cage"],"picked":"animator:HolyGrailRelic"}],"items_purged_floors":[],"is_endless":true,"potions_floor_spawned":[2,5,7,25,31,35,36,47,55,59,67,70,74,76,81],"killed_by":"Reptomancer","ascension_level":4}}