{"host":"urvvf8749ekcxo1a","time":1610428276,"event":{"mods":["BaseMod","Better Match","Better Sensory Stone","BetterRewards","Downfall","Evolution","Gold Saver","Marisa????????","Minty Spire (QoL Compilation)","Shop Mod","StSLib","Td1madao Mod","The Disciple","The Dragon Tamer","The Marked","The Necromancer","The Servant 0.9.4","UnlockEverythingMod"],"gold_per_floor":[227,243,253,253,269,269,269,269,102,136,147,147,147,147],"floor_reached":12,"playtime":611,"items_purged":[],"score":78,"play_id":"7bf228b0-08aa-457c-8169-2cfa47fa085a","local_time":"20210112001116","is_ascension_mode":false,"campfire_choices":[{"data":"Slimebound:Split","floor":1,"key":"SMITH"},{"data":"Slimebound:SplitBruiser","floor":6,"key":"SMITH"}],"circlet_count":0,"master_deck":["Slimebound:Strike_Slimebound","Slimebound:Tackle","Slimebound:Defend_Slimebound","Slimebound:Defend_Slimebound","Slimebound:Defend_Slimebound","Slimebound:Defend_Slimebound","Slimebound:Split+1","Slimebound:CorrosiveSpit","Slimebound:Repurpose","Slimebound:GoopSpray","Slimebound:SplitBruiser+1","Slimebound:LevelUp","Slimebound:Split+1","Slimebound:Gluttony","Slimebound:LeechingTouch"],"relics":["Slimebound:AbsorbEndCombat","EVO:Axolotl","Blue Candle","downfall:ShatteredFragment","DollysMirror","Toxic Egg 2"],"acts_visited":["Exordium"],"potions_floor_usage":[10,12],"damage_taken":[{"damage":16,"enemies":"Small Slimes","floor":2,"turns":3},{"damage":9,"enemies":"2 Louse","floor":3,"turns":3},{"damage":17,"enemies":"Jaw Worm","floor":5,"turns":3},{"damage":16,"enemies":"downfall:FleeingMerchant","floor":9,"turns":4},{"damage":50,"enemies":"Lagavulin","floor":10,"turns":3},{"damage":32,"enemies":"2 Fungi Beasts","floor":11,"turns":2},{"damage":34,"enemies":"3 Sentries","floor":12,"turns":2}],"seed_played":"-6939684236756958485","potions_obtained":[{"floor":2,"key":"SkillPotion"},{"floor":10,"key":"EssenceOfSteel"}],"is_trial":false,"path_per_floor":["R","M","M","?","M","R","T","?","$","E","M","E"],"character_chosen":"SLIMEBOUND","items_purchased":["DollysMirror"],"campfire_rested":0,"item_purchase_floors":[9],"current_hp_per_floor":[60,54,57,57,54,54,54,36,40,34,26,0,0,0],"gold":147,"neow_bonus":"REMOVE_CARD","is_daily":false,"chose_seed":false,"campfire_upgraded":2,"win_rate":0.0,"timestamp":1610428276,"path_taken":["R","M","M","?","M","R","T","?","$","E","M","E"],"items_purchased_type":["Relic"],"build_version":"2020-12-22","purchased_purges":0,"victory":false,"max_hp_per_floor":[60,60,60,60,60,60,60,60,60,60,60,60,60,60],"card_choices":[{"not_picked":["Slimebound:GrowthPunch","Slimebound:RollThrough"],"picked":"Slimebound:Repurpose","floor":2},{"not_picked":["Slimebound:SplitMire","Slimebound:FinishingTackle"],"picked":"Slimebound:GoopSpray","floor":3},{"not_picked":["Slimebound:Schlurp","Slimebound:GoopSpray"],"picked":"Slimebound:SplitBruiser","floor":5},{"not_picked":["Slimebound:PressTheAttack","Slimebound:SplitAcid"],"picked":"Slimebound:LevelUp","floor":9},{"not_picked":["Slimebound:SplitLeeching+1","Slimebound:GrowthPunch"],"picked":"Slimebound:Gluttony","floor":10},{"not_picked":["Slimebound:SplitAcid+1","Slimebound:SlimeSpikes+1"],"picked":"Slimebound:LeechingTouch","floor":11}],"player_experience":119939,"relics_obtained":[{"floor":7,"key":"Blue Candle"},{"floor":10,"key":"Toxic Egg 2"}],"event_choices":[],"is_beta":false,"boss_relics":[],"items_purged_floors":[],"is_endless":false,"potions_floor_spawned":[2,10],"killed_by":"3 Sentries","ascension_level":0}}