{"host":"4tvw26huhik99q5r","time":1610462754,"event":{"mods":["BaseMod","Colored Powertips","Custom Start","Friendly Minions","HornydragonMod","Kiyohime¡]²M®V¡^","Marisa¡]Ãú«B¡@Å]²z¨F¡^","Minty Spire (QoL Compilation)","StSLib","The Animator","The Servant 0.9.4","The Wild Card","Waifu the Spire"],"gold_per_floor":[119,133,133,152,163,163,163,191,191,191,223,269,269,597,597,674,674,684,684,684,695,131,158,158,183,265,265,265,275,275,275,275,352,352,366,366,4,17,35,35,68,88,88,108,125,158,176,228,228,228,228,228,228,598,648,703,777,777,777,852,932,536,536,631,631,631,525,640,760,760,760],"floor_reached":70,"playtime":1599,"items_purged":["Pain"],"score":3237,"play_id":"a47247ee-0011-4d25-8a1a-0e6494b6ed0c","local_time":"20210112224554","is_ascension_mode":true,"campfire_choices":[{"data":"Reflex","floor":7.0,"key":"SMITH"},{"floor":13.0,"key":"RECALL"},{"data":"Grand Finale","floor":15.0,"key":"SMITH"},{"data":"Omega","floor":27.0,"key":"SMITH"},{"data":"Amplify","floor":30.0,"key":"SMITH"},{"data":"Prepared","floor":32.0,"key":"SMITH"},{"data":"Prepared","floor":40.0,"key":"SMITH"},{"data":"ForeignInfluence+1","floor":49.0,"key":"PURGE"},{"data":"Prepared+1","floor":53.0,"key":"PURGE"},{"floor":59.0,"key":"REST"}],"circlet_count":0,"master_deck":["Omega+1","Reflex+1","Prepared+1","Grand Finale+1","Amplify+1","TalkToTheHand+1","Purity+1","Omniscience+1"],"relics":["animator:TheEgnaroPiece","animator:AncientMedallion"],"acts_visited":["Exordium","TheCity","TheBeyond","TheEnding","EYB:TheUnnamedReign"],"potions_floor_usage":[70,70],"damage_taken":[{"damage":0.0,"enemies":"2 Louse","floor":1.0,"turns":1.0},{"damage":0.0,"enemies":"Jaw Worm","floor":2.0,"turns":1.0},{"damage":0.0,"enemies":"Small Slimes","floor":4.0,"turns":1.0},{"damage":0.0,"enemies":"Exordium Thugs","floor":5.0,"turns":1.0},{"damage":0.0,"enemies":"3 Sentries","floor":8.0,"turns":1.0},{"damage":0.0,"enemies":"Lagavulin","floor":11.0,"turns":1.0},{"damage":0.0,"enemies":"3 Sentries","floor":14.0,"turns":1.0},{"damage":0.0,"enemies":"Hexaghost","floor":16.0,"turns":1.0},{"damage":0.0,"enemies":"Spheric Guardian","floor":18.0,"turns":1.0},{"damage":0.0,"enemies":"Shell Parasite","floor":21.0,"turns":1.0},{"damage":0.0,"enemies":"Book of Stabbing","floor":23.0,"turns":1.0},{"damage":0.0,"enemies":"Gremlin Leader","floor":25.0,"turns":1.0},{"damage":0.0,"enemies":"Centurion and Healer","floor":29.0,"turns":1.0},{"damage":0.0,"enemies":"Collector","floor":33.0,"turns":1.0},{"damage":0.0,"enemies":"3 Shapes","floor":35.0,"turns":1.0},{"damage":0.0,"enemies":"3 Darklings","floor":38.0,"turns":1.0},{"damage":0.0,"enemies":"Sphere and 2 Shapes","floor":39.0,"turns":1.0},{"damage":0.0,"enemies":"Nemesis","floor":41.0,"turns":1.0},{"damage":0.0,"enemies":"Writhing Mass","floor":42.0,"turns":1.0},{"damage":0.0,"enemies":"Transient","floor":44.0,"turns":2.0},{"damage":0.0,"enemies":"4 Shapes","floor":45.0,"turns":1.0},{"damage":0.0,"enemies":"Giant Head","floor":46.0,"turns":1.0},{"damage":0.0,"enemies":"Spire Growth","floor":47.0,"turns":1.0},{"damage":0.0,"enemies":"2 Orb Walkers","floor":48.0,"turns":1.0},{"damage":0.0,"enemies":"Donu and Deca","floor":50.0,"turns":1.0},{"damage":0.0,"enemies":"Time Eater","floor":51.0,"turns":1.0},{"damage":0.0,"enemies":"animator:UNNAMED_CULTIST_1","floor":55.0,"turns":1.0},{"damage":0.0,"enemies":"animator:UNNAMED_HAT","floor":56.0,"turns":1.0},{"damage":0.0,"enemies":"animator:LARGE_CRYSTAL","floor":60.0,"turns":1.0},{"damage":0.0,"enemies":"animator:TRIPLE_LAGAVULIN","floor":61.0,"turns":1.0},{"damage":0.0,"enemies":"animator:ULTIMATE_CUBE","floor":64.0,"turns":1.0},{"damage":0.0,"enemies":"animator:ULTIMATE_WISP","floor":68.0,"turns":1.0},{"damage":24,"enemies":"animator:ULTIMATE_CRYSTAL","floor":69,"turns":7},{"damage":122,"enemies":"animator:TheUnnamed","floor":70,"turns":5}],"seed_played":"-3698422805615525557","potions_obtained":[{"floor":2.0,"key":"DistilledChaos"},{"floor":5.0,"key":"SteroidPotion"},{"floor":48.0,"key":"DistilledChaos"},{"floor":55.0,"key":"animator:FalseLifePotion"},{"floor":56.0,"key":"animator:FalseLifePotion"}],"is_trial":true,"path_per_floor":["M","M","?","M","M","?","R","E","T","$","E","T","R","E","R","B",null,"M","?","?","M","$","E","?","E","T","R","T","M","R","?","R","B",null,"M","?","$","M","M","R","E","M","T","M","M","E","M","?","R","B","B",null,"R","??","M","M","T","?","R","M","M","?","$","E","T","?","$","E","E","B"],"character_chosen":"WATCHER","items_purchased":["Pantograph","Blue Candle","Membership Card","FossilizedHelix","Purity"],"campfire_rested":1,"item_purchase_floors":[22,22,37,37,67],"current_hp_per_floor":[61,61,61,61,61,66,66,66,66,66,66,66,66,66,66,66,71,71,71,71,71,71,71,50,50,50,53,53,53,56,56,59,78,78,78,78,78,78,78,78,78,78,78,78,78,78,78,78,78,78,78,78,78,93,93,93,93,83,93,93,93,93,93,93,93,93,93,93,69,0,0],"gold":760,"neow_bonus":"","is_daily":false,"chose_seed":false,"campfire_upgraded":6,"win_rate":0.0,"timestamp":1610462754,"path_taken":["M","M","?","M","M","?","R","E","T","$","E","?","R","E","R","BOSS","M","?","?","?","$","E","?","E","T","R","?","M","R","?","R","BOSS","M","?","$","?","M","R","E","M","T","M","?","E","M","?","R","BOSS","BOSS","R","??","M","M","T","?","R","M","M","?","$","E","T","?","$","E","E","BOSS"],"items_purchased_type":["Relic","Relic","Relic","Relic","Card"],"build_version":"2020-12-22","purchased_purges":1,"victory":false,"max_hp_per_floor":[68,68,68,68,68,73,73,73,73,73,73,73,73,73,73,73,73,73,73,73,73,73,73,78,78,78,78,78,78,78,78,78,78,78,78,78,78,78,78,78,78,78,78,78,78,78,78,78,78,78,78,78,78,93,93,93,93,93,93,93,93,93,93,93,93,93,93,93,93,93,93],"card_choices":[{"not_picked":["FlurryOfBlows","ThirdEye","EmptyBody"],"picked":"SKIP","floor":8.0},{"not_picked":["EmptyBody","ThirdEye","Meditate"],"picked":"SKIP","floor":11.0},{"not_picked":["FollowUp","CrushJoints","Crescendo"],"picked":"SKIP","floor":14.0},{"not_picked":["ThirdEye","Vengeance","FearNoEvil"],"picked":"SKIP","floor":23.0},{"not_picked":["InnerPeace","CarveReality","BowlingBash","FlyingSleeves"],"picked":"SKIP","floor":25.0},{"not_picked":["Protect+1","MentalFortress","PathToVictory","Prostrate+1"],"picked":"SKIP","floor":41.0},{"not_picked":["ForeignInfluence+1","Pray","CutThroughFate+1","ClearTheMind+1"],"picked":"SKIP","floor":46.0},{"not_picked":["Pray","CutThroughFate+1","ClearTheMind+1"],"picked":"ForeignInfluence+1","floor":46.0},{"not_picked":["Swivel","CrushJoints","JustLucky"],"picked":"SKIP","floor":55.0},{"not_picked":["InnerPeace","Crescendo","BowlingBash"],"picked":"SKIP","floor":56.0},{"not_picked":["EmptyFist","CrushJoints","WreathOfFlame"],"picked":"SKIP","floor":60.0},{"not_picked":["Crescendo+1","Halt","Judgement"],"picked":"SKIP","floor":61.0},{"not_picked":["ClearTheMind","Sanctity+1"],"picked":"TalkToTheHand+1","floor":64.0},{"not_picked":["Consecrate+1","JustLucky","SashWhip"],"picked":"SKIP","floor":68.0},{"not_picked":["Halt+1","FearNoEvil"],"picked":"Omniscience","floor":69}],"player_experience":1095439,"relics_obtained":[{"floor":1.0,"key":"Dead Branch"},{"floor":2.0,"key":"Yang"},{"floor":4.0,"key":"White Beast Statue"},{"floor":5.0,"key":"Ornamental Fan"},{"floor":8.0,"key":"Boot"},{"floor":9.0,"key":"Turnip"},{"floor":11.0,"key":"Bag of Marbles"},{"floor":12.0,"key":"Lantern"},{"floor":14.0,"key":"Old Coin"},{"floor":18.0,"key":"HornCleat"},{"floor":21.0,"key":"Matryoshka"},{"floor":23.0,"key":"Question Card"},{"floor":25.0,"key":"InkBottle"},{"floor":26.0,"key":"Whetstone"},{"floor":26.0,"key":"Eternal Feather"},{"floor":28.0,"key":"Damaru"},{"floor":29.0,"key":"Bag of Preparation"},{"floor":35.0,"key":"Orichalcum"},{"floor":38.0,"key":"Molten Egg 2"},{"floor":39.0,"key":"Peace Pipe"},{"floor":41.0,"key":"PreservedInsect"},{"floor":42.0,"key":"StrikeDummy"},{"floor":43.0,"key":"Omamori"},{"floor":44.0,"key":"Mercury Hourglass"},{"floor":45.0,"key":"Ancient Tea Set"},{"floor":46.0,"key":"The Courier"},{"floor":47.0,"key":"Nunchaku"},{"floor":48.0,"key":"Ginger"},{"floor":54.0,"key":"animator:TheEgnaroPiece"},{"floor":54.0,"key":"animator:AncientMedallion"},{"floor":57.0,"key":"animator:AncientMedallion"},{"floor":62.0,"key":"animator:AncientMedallion"},{"floor":62.0,"key":"animator:AncientMedallion"},{"floor":64.0,"key":"animator:AncientMedallion"},{"floor":65.0,"key":"animator:AncientMedallion"},{"floor":68.0,"key":"animator:AncientMedallion"},{"floor":69,"key":"animator:AncientMedallion"}],"event_choices":[{"damage_healed":0.0,"max_hp_gain":0.0,"max_hp_loss":0.0,"gold_gain":0.0,"event_name":"The Cleric","player_choice":"Leave","floor":3.0,"gold_loss":0.0,"damage_taken":0.0},{"damage_healed":0.0,"max_hp_gain":5.0,"max_hp_loss":0.0,"gold_gain":0.0,"event_name":"Big Fish","player_choice":"Donut","floor":6.0,"gold_loss":0.0,"damage_taken":0.0},{"damage_healed":0.0,"max_hp_gain":0.0,"max_hp_loss":0.0,"gold_gain":0.0,"event_name":"The Mausoleum","player_choice":"Ignored","floor":19.0,"gold_loss":0.0,"damage_taken":0.0},{"damage_healed":0.0,"max_hp_gain":0.0,"max_hp_loss":0.0,"gold_gain":0.0,"event_name":"Purifier","player_choice":"Ignored","floor":20.0,"gold_loss":0.0,"damage_taken":0.0},{"damage_healed":0.0,"max_hp_gain":5.0,"max_hp_loss":0.0,"gold_gain":0.0,"event_name":"Forgotten Altar","player_choice":"Shed Blood","floor":24.0,"gold_loss":0.0,"damage_taken":26.0},{"damage_healed":0.0,"max_hp_gain":0.0,"max_hp_loss":0.0,"gold_gain":0.0,"event_name":"Ghosts","player_choice":"Ignored","floor":31.0,"gold_loss":0.0,"damage_taken":0.0},{"damage_healed":0.0,"max_hp_gain":0.0,"max_hp_loss":0.0,"gold_gain":0.0,"event_name":"Accursed Blacksmith","player_choice":"Rummage","floor":36.0,"gold_loss":0.0,"damage_taken":0.0,"relics_obtained":["WarpedTongs"],"cards_obtained":["Pain"]},{"damage_healed":0.0,"max_hp_gain":0.0,"max_hp_loss":0.0,"gold_gain":0.0,"event_name":"Mysterious Sphere","player_choice":"Fight","floor":48.0,"gold_loss":0.0,"damage_taken":0.0},{"damage_healed":0.0,"max_hp_gain":0.0,"max_hp_loss":0.0,"gold_gain":0.0,"event_name":"SensoryStone","player_choice":"Memory 3","floor":58.0,"gold_loss":0.0,"damage_taken":10.0}],"is_beta":false,"boss_relics":[{"not_picked":["Calling Bell","Pandora\u0027s Box"],"picked":"Coffee Dripper"},{"not_picked":["Astrolabe","Empty Cage","Tiny House"]}],"items_purged_floors":[37],"is_endless":false,"potions_floor_spawned":[2,5,8,11,14,16,18,21,23,25,29,33,35,38,39,41,42,44,45,46,47,48,61,64,69],"killed_by":"animator:TheUnnamed","ascension_level":20}}