{"host":"oehe2dxjvdgux73m","time":1610446563,"event":{"mods":["AchievementEnabler","BaseMod","Colored Map","Colored Powertips","DeckTracker","Keyboard Shortcuts","Minty Spire (QoL Compilation)","Permanent Neow","Quick Restart","StSLib","SuperFastMode"],"gold_per_floor":[115,128,141,141,151,151,171,198,198,223,223,223,223],"floor_reached":12,"playtime":484,"items_purged":[],"score":117,"play_id":"10d40ea8-59a3-44f1-9d1a-68749bca019d","local_time":"20210112191603","is_ascension_mode":true,"campfire_choices":[{"floor":6.0,"key":"REST"}],"circlet_count":0,"master_deck":["Strike_R+1","Strike_R","Strike_R","Defend_R","Defend_R","Defend_R","Defend_R","Bash","Uppercut","Second Wind+1","Armaments","Wild Strike","Entrench","Battle Trance","Ghostly Armor","Whirlwind","Shockwave"],"relics":["Burning Blood","Pantograph","Sundial","Shuriken"],"acts_visited":["Exordium"],"potions_floor_usage":[10,10],"damage_taken":[{"damage":10.0,"enemies":"2 Louse","floor":1.0,"turns":3.0},{"damage":2.0,"enemies":"Jaw Worm","floor":2.0,"turns":3.0},{"damage":7.0,"enemies":"Small Slimes","floor":3.0,"turns":3.0},{"damage":8.0,"enemies":"Gremlin Gang","floor":5.0,"turns":8.0},{"damage":9.0,"enemies":"Blue Slaver","floor":7.0,"turns":4.0},{"damage":24.0,"enemies":"3 Sentries","floor":8.0,"turns":11.0},{"damage":28,"enemies":"Gremlin Nob","floor":10,"turns":4},{"damage":20,"enemies":"3 Sentries","floor":12,"turns":2}],"seed_played":"-6029104362996472604","potions_obtained":[{"floor":1.0,"key":"PowerPotion"},{"floor":2.0,"key":"SkillPotion"},{"floor":7.0,"key":"Dexterity Potion"}],"is_trial":false,"path_per_floor":["M","M","M","?","M","R","M","E","T","E","?","E"],"character_chosen":"IRONCLAD","items_purchased":[],"campfire_rested":1,"item_purchase_floors":[],"current_hp_per_floor":[47,51,50,34,32,56,53,35,35,13,13,0,0],"gold":223,"neow_bonus":"TRANSFORM_TWO_CARDS","is_daily":false,"chose_seed":false,"campfire_upgraded":0,"win_rate":0.0,"timestamp":1610446563,"path_taken":["M","M","M","?","M","R","M","E","T","E","?","E"],"items_purchased_type":[],"build_version":"2020-12-22","purchased_purges":0,"victory":false,"max_hp_per_floor":[80,80,80,80,80,80,80,80,80,80,80,80,80],"card_choices":[{"not_picked":["Metallicize","Thunderclap"],"picked":"Armaments","floor":1.0},{"not_picked":["Warcry","Uppercut"],"picked":"Wild Strike","floor":2.0},{"not_picked":["Anger","Iron Wave"],"picked":"Entrench","floor":3.0},{"not_picked":["Shrug It Off","Havoc"],"picked":"Battle Trance","floor":5.0},{"not_picked":["Clash","Armaments"],"picked":"Ghostly Armor","floor":7.0},{"not_picked":["Exhume","Limit Break"],"picked":"Whirlwind","floor":8.0},{"not_picked":["Clash","Armaments"],"picked":"Shockwave","floor":10}],"player_experience":129036,"relics_obtained":[{"floor":8.0,"key":"Pantograph"},{"floor":9.0,"key":"Sundial"},{"floor":10,"key":"Shuriken"}],"event_choices":[{"damage_healed":0.0,"max_hp_gain":0.0,"max_hp_loss":0.0,"gold_gain":0.0,"event_name":"Shining Light","player_choice":"Entered Light","floor":4.0,"gold_loss":0.0,"damage_taken":16.0,"cards_upgraded":["Strike_R","Second Wind"]},{"damage_healed":0,"gold_gain":0,"player_choice":"Fled","damage_taken":0,"max_hp_gain":0,"max_hp_loss":0,"event_name":"Scrap Ooze","floor":11,"gold_loss":0}],"is_beta":false,"boss_relics":[],"items_purged_floors":[],"is_endless":false,"potions_floor_spawned":[1,2,7],"killed_by":"3 Sentries","ascension_level":6}}