{"host":"840yoaz69lavfcgt","time":1610436875,"event":{"mods":["BaseMod","Colored Powertips","DeckTracker","Highlight Path","Minty Spire (QoL Compilation)","Synergy Search"],"gold_per_floor":[117,39,51,4,81,112,130,155,182,35,53,53,67,29,29,125,125,137,137,85,110,110,110,110,110],"floor_reached":24,"playtime":3468,"items_purged":[],"score":202,"play_id":"3c92ca09-d18f-4ef3-9214-9dc34fea49b6","local_time":"20210112023435","is_ascension_mode":false,"campfire_choices":[{"floor":12,"key":"REST"},{"floor":15,"key":"REST"},{"floor":23,"key":"REST"}],"circlet_count":0,"master_deck":["Strike_G","Strike_G","Strike_G","Strike_G","Defend_G","Defend_G","Defend_G","Defend_G","Defend_G","Survivor","Neutralize","Crippling Poison","Underhanded Strike","Acrobatics","Bullet Time+1","Bouncing Flask","Choke","Noxious Fumes","Sucker Punch","Bouncing Flask","Deflect","Flechettes","Die Die Die","CurseOfTheBell","Outmaneuver","Deadly Poison","Dash+1","Dash"],"relics":["Ring of the Snake","Akabeko","Bag of Preparation","Bronze Scales","Snake Skull","Blood Vial","Calling Bell","Dream Catcher","Singing Bowl","Unceasing Top","Red Mask"],"acts_visited":["Exordium","TheCity"],"potions_floor_usage":[11,16,16,21,24],"damage_taken":[{"damage":0.0,"enemies":"Cultist","floor":1.0,"turns":5.0},{"damage":0.0,"enemies":"Jaw Worm","floor":3.0,"turns":4.0},{"damage":29,"enemies":"Lagavulin","floor":6,"turns":8},{"damage":2,"enemies":"Small Slimes","floor":7,"turns":3},{"damage":28,"enemies":"Gremlin Nob","floor":8,"turns":4},{"damage":9,"enemies":"Exordium Thugs","floor":11,"turns":3},{"damage":0,"enemies":"Large Slime","floor":13,"turns":2},{"damage":8,"enemies":"Hexaghost","floor":16,"turns":7},{"damage":13,"enemies":"Shell Parasite","floor":18,"turns":2},{"damage":48,"enemies":"Masked Bandits","floor":21,"turns":4},{"damage":34,"enemies":"Book of Stabbing","floor":24,"turns":4}],"seed_played":"4003215887456067768","potions_obtained":[{"floor":7,"key":"SkillPotion"},{"floor":8,"key":"Ancient Potion"},{"floor":11,"key":"PowerPotion"},{"floor":21,"key":"Fire Potion"}],"is_trial":false,"path_per_floor":["M","?","M","$","?","E","M","E","T","$","M","R","M","$","R","B",null,"M","?","$","?","?","R","E"],"character_chosen":"THE_SILENT","items_purchased":["Acrobatics","Noxious Fumes","Sucker Punch","ColorlessPotion","Flechettes","Deadly Poison"],"campfire_rested":3,"item_purchase_floors":[4,10,10,10,14,20],"current_hp_per_floor":[70,70,70,70,70,41,39,11,11,11,4,25,27,27,48,42,70,57,57,57,11,11,32,0,0],"gold":110,"neow_bonus":"RANDOM_COMMON_RELIC","is_daily":false,"chose_seed":false,"campfire_upgraded":0,"win_rate":0.0,"timestamp":1610436875,"path_taken":["M","?","?","$","?","E","M","E","T","$","M","R","M","?","R","BOSS","M","?","?","?","?","R","E"],"items_purchased_type":["Card","Card","Card","Potion","Card","Card"],"build_version":"2020-12-22","purchased_purges":0,"victory":false,"max_hp_per_floor":[70,70,70,70,70,70,70,70,70,70,70,70,70,70,70,70,70,70,70,70,70,70,70,70,70],"card_choices":[{"not_picked":["Dodge and Roll","Expertise"],"picked":"Crippling Poison","floor":1.0},{"not_picked":["Dodge and Roll","Dagger Spray"],"picked":"Underhanded Strike","floor":3.0},{"not_picked":["Outmaneuver","Crippling Poison"],"picked":"Bullet Time","floor":6},{"not_picked":["Outmaneuver","Deadly Poison"],"picked":"Bouncing Flask","floor":7},{"not_picked":["Footwork","Calculated Gamble"],"picked":"Choke","floor":8},{"not_picked":["Blade Dance","Dagger Throw"],"picked":"Bouncing Flask","floor":11},{"not_picked":["Backflip","Dagger Throw"],"picked":"Deflect","floor":13},{"not_picked":["Doppelganger","Venomology"],"picked":"Die Die Die","floor":16},{"not_picked":["Acrobatics","Caltrops"],"picked":"Outmaneuver","floor":18},{"not_picked":["Blade Dance","Underhanded Strike"],"picked":"Dash+1","floor":21},{"not_picked":["Flying Knee","Choke+1"],"picked":"Dash","floor":23}],"player_experience":181740,"relics_obtained":[{"floor":6,"key":"Bronze Scales"},{"floor":8,"key":"Snake Skull"},{"floor":9,"key":"Blood Vial"},{"floor":17,"key":"Dream Catcher"},{"floor":17,"key":"Singing Bowl"},{"floor":17,"key":"Unceasing Top"},{"floor":21,"key":"Red Mask"}],"event_choices":[{"damage_healed":0.0,"max_hp_gain":0.0,"max_hp_loss":0.0,"gold_gain":0.0,"event_name":"WeMeetAgain","player_choice":"Paid Gold","floor":2.0,"gold_loss":78.0,"damage_taken":0.0,"relics_obtained":["Bag of Preparation"]},{"damage_healed":0.0,"max_hp_gain":0.0,"max_hp_loss":0.0,"gold_gain":77.0,"event_name":"Golden Wing","player_choice":"Gained Gold","floor":5.0,"gold_loss":0.0,"damage_taken":0.0},{"cards_removed":["Strike_G"],"damage_healed":0,"gold_gain":0,"player_choice":"Card Removal","damage_taken":0,"max_hp_gain":0,"max_hp_loss":0,"event_name":"Wheel of Change","floor":19,"gold_loss":0},{"damage_healed":0,"gold_gain":0,"player_choice":"Fought Bandits","damage_taken":0,"max_hp_gain":0,"max_hp_loss":0,"event_name":"Masked Bandits","floor":21,"gold_loss":0},{"damage_healed":0,"gold_gain":0,"player_choice":"Forge","damage_taken":0,"max_hp_gain":0,"max_hp_loss":0,"event_name":"Accursed Blacksmith","floor":22,"gold_loss":0,"cards_upgraded":["Bullet Time"]}],"is_beta":false,"boss_relics":[{"not_picked":["Tiny House","Fusion Hammer"],"picked":"Calling Bell"}],"items_purged_floors":[],"is_endless":false,"potions_floor_spawned":[7,8,11,13,21],"killed_by":"Book of Stabbing","ascension_level":0}}