{"host":"5gusigds1c3jyr99","time":1610468517,"event":{"mods":["Abigail Mod","AchievementEnabler","Arknights The Spire","Astrologer","BaseMod","CapriCore","ChefMod","GungeonMod","Hermit","Koishi","Marisa£¨Ùöéë¡¡Øª×âÞÞ£©","Minty Spire (QoL Compilation)","Permanent Neow","Prisma Mod","Replay The Spire","StSLib","Td1madao Mod","The Animator","The Bug Knight","The Cursed","The Death Knight","The Disciple","The Dragon Tamer","The Gatherer","The Hierophant","The Immortal","The Jungle","The Poker Player","The Runesmith","The Senshi","The Servant 0.9.4","TheBandit","WarShipGirlsR/??á´Ò³R mod"],"gold_per_floor":[114,114,131,131,143,143,34,53,76,76,99,125,75,85,85,185,185,198,47,79,79,79,79,89,89,89,89,127,168,185,198,198,293,293,303,319,369,369,389,389,430,430,430,445,456,456,176,219,219,219],"floor_reached":51,"playtime":4737,"items_purged":["PrismaMod:IllyaCommonDefend","Shame","PrismaMod:IllyaUncommonAttack"],"score":574,"play_id":"b31a7af1-eccb-4aa7-b5fb-12ebb731d513","local_time":"20210113012157","is_ascension_mode":false,"campfire_choices":[{"data":"PrismaMod:IllyaCheapChannelAttack","floor":6,"key":"SMITH"},{"data":"PrismaMod:IllyaCommonEvoke","floor":10,"key":"SMITH"},{"data":"PrismaMod:IllyaCommonAttack","floor":15,"key":"PURGE"},{"data":"PrismaMod:IllyaSaphire","floor":23,"key":"SMITH"},{"data":"PrismaMod:IllyaCarnivalPrismaAstolfo","floor":27,"key":"SMITH"},{"data":"PrismaMod:IllyaUberChannel","floor":32,"key":"SMITH"},{"data":"PrismaMod:IllyaUberAttackChannel","floor":40,"key":"SMITH"},{"data":"PrismaMod:IllyaGrail","floor":42,"key":"SMITH"},{"data":"PrismaMod:IllyaCheapChannelPoison","floor":49,"key":"SMITH"}],"circlet_count":0,"master_deck":["PrismaMod:IllyaCommonAttack","PrismaMod:IllyaCommonDefend","PrismaMod:IllyaCommonDefend","PrismaMod:IllyaCommonAttack+1","PrismaMod:IllyaUncommonDefend+1","PrismaMod:IllyaCommonEvoke+1","PrismaMod:IllyaCheapChannelAttack+1","PrismaMod:IllyaAOECommonAttack+1","PrismaMod:IllyaInstallMoonCancer","PrismaMod:IllyaBerserCAR+1","PrismaMod:IllyaCheapChannelPoison+1","PrismaMod:IllyaUpgradeOrbs+1","PrismaMod:IllyaBride+1","PrismaMod:IllyaCarnivalOrbs+1","PrismaMod:IllyaSaphire+1","PrismaMod:IllyaCarnivalPrismaAstolfo+1","PrismaMod:IllyaUberChannel+1","PrismaMod:IllyaDevil+1","PrismaMod:IllyaGrail+1","PrismaMod:IllyaUberAttackChannel+1","PrismaMod:IllyaBlindPoisonToss+1","PrismaMod:IllyaHassanGift+1","PrismaMod:IllyaCarnivalPrismaAstolfo+1"],"relics":["PrismaMod:PrismaRuby","Tiny Chest","Orichalcum","DemoMod:Metronome","ReplayTheSpireMod:Shallot","Astrolabe","Membership Card","Red Mask","DemoMod:BigBoy","Mummified Hand","ReplayTheSpireMod:CursedCoin","Coffee Dripper","Bird Faced Urn","Replay:Ringing Soul","Golden Egg","Whetstone","DemoMod:MonsterBlood"],"acts_visited":["Exordium","TheCity","TheBeyond"],"potions_floor_usage":[16,20,33,33,50,50],"damage_taken":[{"damage":6,"enemies":"Cultist","floor":1,"turns":3},{"damage":0,"enemies":"Jaw Worm","floor":3,"turns":4},{"damage":0,"enemies":"2 Louse","floor":5,"turns":4},{"damage":0,"enemies":"Large Slime","floor":8,"turns":3},{"damage":11,"enemies":"Replay:BlueRogue","floor":12,"turns":7},{"damage":0,"enemies":"Lots of Slimes","floor":14,"turns":2},{"damage":3,"enemies":"Fading Forest","floor":16,"turns":11},{"damage":0,"enemies":"3 Byrds","floor":18,"turns":4},{"damage":9,"enemies":"Masked Bandits","floor":20,"turns":5},{"damage":0,"enemies":"Shell Parasite","floor":24,"turns":4},{"damage":8,"enemies":"Cultist and Chosen","floor":29,"turns":5},{"damage":0,"enemies":"3 Cultists","floor":30,"turns":2},{"damage":0,"enemies":"Centurion and Healer","floor":31,"turns":6},{"damage":31,"enemies":"Automaton","floor":33,"turns":10},{"damage":0,"enemies":"3 Darklings","floor":35,"turns":1},{"damage":0,"enemies":"3 Shapes","floor":36,"turns":4},{"damage":23,"enemies":"2 Orb Walkers","floor":37,"turns":5},{"damage":0,"enemies":"Jaw Worm Horde","floor":39,"turns":3},{"damage":8,"enemies":"Maw","floor":41,"turns":6},{"damage":3,"enemies":"4 Shapes","floor":44,"turns":4},{"damage":31,"enemies":"Spire Growth","floor":45,"turns":4},{"damage":0,"enemies":"Transient","floor":48,"turns":5},{"damage":43,"enemies":"Replay:Hell Engine","floor":50,"turns":7}],"seed_played":"-832865385114608651","potions_obtained":[{"floor":5,"key":"Reflective Coating"},{"floor":8,"key":"Adrenaline Potion"},{"floor":12,"key":"LifebloodPotion"},{"floor":20,"key":"PowerPotion"},{"floor":24,"key":"FearPotion"},{"floor":33,"key":"AttackPotion"},{"floor":39,"key":"PowerPotion"},{"floor":41,"key":"DuplicationPotion"}],"is_trial":false,"path_per_floor":["M","?","M","?","M","R","$","M","T","R","T","E","?","M","R","B",null,"M","$","?","$","?","R","M","T","T","R","$","M","M","M","R","B",null,"M","M","?","T","M","R","M","R","T","M","M","?","$","M","R","B",null],"character_chosen":"ILLYA","items_purchased":["PrismaMod:IllyaAOECommonAttack+1","Membership Card","ReplayTheSpireMod:CursedCoin","PrismaMod:IllyaUberChannel","PrismaMod:IllyaDevil+1","Whetstone","DemoMod:MonsterBlood","PrismaMod:IllyaCarnivalPrismaAstolfo"],"campfire_rested":0,"item_purchase_floors":[7,19,28,28,28,47,47,47],"current_hp_per_floor":[69,69,69,69,69,69,69,69,69,69,69,58,58,58,58,59,75,75,75,66,66,66,66,66,66,66,66,66,58,58,58,58,29,77,77,80,57,57,57,57,54,54,54,54,23,93,103,106,106,73],"gold":219,"neow_bonus":"UPGRADE_CARD","is_daily":false,"chose_seed":false,"campfire_upgraded":8,"win_rate":0.0,"timestamp":1610468517,"path_taken":["M","?","?","?","M","R","?","M","T","R","?","E","?","M","R","BOSS","M","$","?","$","?","R","M","?","T","R","?","?","M","M","R","BOSS","M","M","?","?","?","R","M","R","T","M","?","?","$","M","R","BOSS"],"items_purchased_type":["Card","Relic","Relic","Card","Card","Relic","Relic","Card"],"build_version":"2020-12-22","purchased_purges":3,"victory":true,"max_hp_per_floor":[75,75,75,75,75,75,75,75,75,75,75,75,75,75,75,75,75,75,75,75,75,75,75,75,75,75,75,75,75,75,75,75,77,77,77,80,80,80,80,80,83,83,83,83,83,93,103,106,106,112],"card_choices":[{"not_picked":["PrismaMod:IllyaFriendMaker","PrismaMod:IllyaCheapAttack"],"picked":"PrismaMod:IllyaBerserCAR","floor":1},{"not_picked":["PrismaMod:IllyaCommandSeal","PrismaMod:IllyaRubysPotion"],"picked":"PrismaMod:IllyaCommonEvoke","floor":3},{"not_picked":["PrismaMod:IllyaHassanGift","PrismaMod:IllyaCheapChannelDefend"],"picked":"PrismaMod:IllyaCheapChannelAttack","floor":5},{"not_picked":["PrismaMod:IllyaStunPoison","PrismaMod:IllyaCommonEvoke"],"picked":"PrismaMod:IllyaInstallMoonCancer","floor":8},{"not_picked":["PrismaMod:IllyaFriendMaker","PrismaMod:IllyaRapidFire"],"picked":"PrismaMod:IllyaBerserCAR","floor":12},{"not_picked":["PrismaMod:IllyaMinorRapidFire","PrismaMod:IllyaFeed"],"picked":"PrismaMod:IllyaCheapChannelPoison","floor":14},{"not_picked":["PrismaMod:IllyaInstallSaber","PrismaMod:IllyaInstallCaster"],"picked":"PrismaMod:IllyaCarnivalDefend","floor":16},{"not_picked":["PrismaMod:IllyaFeed","PrismaMod:IllyaCheapDefend+1"],"picked":"PrismaMod:IllyaSaphire","floor":18},{"not_picked":["PrismaMod:IllyaBlindPoisonToss+1","PrismaMod:IllyaAOECommonAttack"],"picked":"PrismaMod:IllyaCarnivalPrismaAstolfo","floor":24},{"not_picked":["PrismaMod:IllyaDualEvoke","PrismaMod:IllyaFriendMaker","PrismaMod:IllyaBride"],"picked":"SKIP","floor":29},{"not_picked":["PrismaMod:IllyaCheapDefend+1","PrismaMod:IllyaBride"],"picked":"PrismaMod:IllyaGrail","floor":30},{"not_picked":["PrismaMod:IllyaPoisonBlock","PrismaMod:IllyaUberPoisonBlock","PrismaMod:IllyaCheapChannelPoison+1"],"picked":"SKIP","floor":31},{"not_picked":["PrismaMod:IllyaUberDefendChannel","PrismaMod:IllyaInstallMoonCancer"],"picked":"PrismaMod:IllyaUberAttackChannel","floor":33},{"not_picked":["PrismaMod:IllyaMaid+1","PrismaMod:IllyaUncommonAttack"],"picked":"PrismaMod:IllyaBlindPoisonToss+1","floor":35},{"not_picked":["PrismaMod:IllyaStunPoison","PrismaMod:IllyaUncommonEvoke+1","PrismaMod:IllyaFriendMaker+1"],"picked":"SKIP","floor":36},{"not_picked":["PrismaMod:IllyaCheapChannelDefend","PrismaMod:IllyaRubysPotion+1","PrismaMod:IllyaBoysLove"],"picked":"SKIP","floor":39},{"not_picked":["PrismaMod:IllyaMinorReinForce","PrismaMod:IllyaUncommonAOEAttack+1"],"picked":"PrismaMod:IllyaHassanGift+1","floor":41},{"not_picked":["PrismaMod:IllyaCheapDefend+1","PrismaMod:IllyaGrailKun","PrismaMod:IllyaDevil+1"],"picked":"SKIP","floor":44},{"not_picked":["PrismaMod:IllyaCommonEvoke","PrismaMod:IllyaBerserCAR+1","PrismaMod:IllyaDevil"],"picked":"SKIP","floor":45},{"not_picked":["PrismaMod:IllyaCommandSeal","PrismaMod:IllyaEvokeAll","PrismaMod:IllyaRussianRoulette"],"picked":"SKIP","floor":48}],"player_experience":670990,"relics_obtained":[{"floor":9,"key":"Orichalcum"},{"floor":11,"key":"DemoMod:Metronome"},{"floor":12,"key":"ReplayTheSpireMod:Shallot"},{"floor":20,"key":"Red Mask"},{"floor":25,"key":"DemoMod:BigBoy"},{"floor":26,"key":"Mummified Hand"},{"floor":37,"key":"Bird Faced Urn"},{"floor":38,"key":"Replay:Ringing Soul"},{"floor":43,"key":"Golden Egg"}],"event_choices":[{"cards_removed":["PrismaMod:IllyaBerserCAR"],"damage_healed":0,"gold_gain":0,"player_choice":"Gave Card","damage_taken":0,"relics_obtained":["Tiny Chest"],"max_hp_gain":0,"max_hp_loss":0,"event_name":"WeMeetAgain","floor":2,"gold_loss":0},{"damage_healed":0,"gold_gain":0,"player_choice":"Ignored","damage_taken":0,"max_hp_gain":0,"max_hp_loss":0,"event_name":"NoteForYourself","floor":4,"gold_loss":0},{"cards_removed":["PrismaMod:IllyaCommonAttack"],"damage_healed":0,"gold_gain":0,"player_choice":"Card Removal","damage_taken":0,"max_hp_gain":0,"max_hp_loss":0,"event_name":"The Cleric","floor":13,"gold_loss":50},{"damage_healed":0,"gold_gain":0,"player_choice":"Fought Bandits","damage_taken":0,"max_hp_gain":0,"max_hp_loss":0,"event_name":"Masked Bandits","floor":20,"gold_loss":0},{"damage_healed":0,"gold_gain":0,"player_choice":"Bought 0 Potions","damage_taken":0,"max_hp_gain":0,"max_hp_loss":0,"event_name":"The Woman in Blue","floor":22,"gold_loss":0},{"damage_healed":0,"gold_gain":0,"player_choice":"Fight","damage_taken":0,"max_hp_gain":0,"max_hp_loss":0,"event_name":"Mysterious Sphere","floor":37,"gold_loss":0},{"cards_removed":["PrismaMod:IllyaCarnivalDefend"],"damage_healed":60,"gold_gain":0,"player_choice":"Offered Rare","damage_taken":0,"max_hp_gain":10,"max_hp_loss":0,"event_name":"Bonfire Elementals","floor":46,"gold_loss":0}],"is_beta":false,"boss_relics":[{"not_picked":["Snecko Eye","Sozu"],"picked":"Astrolabe"},{"not_picked":["Empty Cage","Replay:Wanted Poster"],"picked":"Coffee Dripper"}],"items_purged_floors":[7,28,47],"is_endless":false,"potions_floor_spawned":[5,8,12,20,24,29,31,33,39,41,44,48],"ascension_level":0}}