{"host":"31s8hzukbhz1k6i6","time":1610482200,"event":{"mods":["AchievementEnabler","BaseMod","Bestiary","Colored Map","Filter the Spire","Minty Spire (QoL Compilation)","Relic Stats","ojb\u0027s Info Mod"],"gold_per_floor":[116,116,41,58,58,58,98,113,113,113,113,156,181,199,199,199,199],"floor_reached":16,"language":"ENG","playtime":442,"items_purged":[],"score":270,"play_id":"9f352b60-4b44-4f1d-9b41-b35aa356644c","local_time":"20210112121000","is_ascension_mode":true,"campfire_choices":[{"data":"Dagger Spray","floor":6,"key":"SMITH"},{"data":"Infinite Blades","floor":11,"key":"SMITH"},{"data":"Blade Dance","floor":15,"key":"SMITH"}],"circlet_count":0,"master_deck":["AscendersBane","Strike_G","Strike_G","Strike_G","Defend_G","Defend_G","Defend_G","Defend_G","Defend_G","Survivor","Neutralize","Dagger Spray+1","Blade Dance+1","Infinite Blades+1","Sucker Punch","Footwork"],"relics":["Ring of the Snake","NeowsBlessing","Golden Idol","Mummified Hand","MealTicket","Ancient Tea Set"],"acts_visited":["Exordium"],"potions_floor_usage":[12,16,16],"damage_taken":[{"damage":0,"enemies":"Jaw Worm","floor":1,"turns":1},{"damage":0,"enemies":"2 Louse","floor":4,"turns":1},{"damage":0,"enemies":"Gremlin Nob","floor":7,"turns":1},{"damage":0,"enemies":"Small Slimes","floor":8,"turns":3},{"damage":48,"enemies":"Lagavulin","floor":12,"turns":7},{"damage":0,"enemies":"Looter","floor":13,"turns":2},{"damage":17,"enemies":"Exordium Thugs","floor":14,"turns":5},{"damage":14,"enemies":"Hexaghost","floor":16,"turns":9}],"seed_played":"-8789832500373185125","potions_obtained":[{"floor":7,"key":"AttackPotion"},{"floor":8,"key":"FairyPotion"},{"floor":13,"key":"DuplicationPotion"},{"floor":14,"key":"SteroidPotion"}],"is_trial":false,"path_per_floor":["M","?","?","M","?","R","E","M","T","?","R","E","M","M","R","B"],"character_chosen":"THE_SILENT","items_purchased":[],"campfire_rested":0,"item_purchase_floors":[],"current_hp_per_floor":[59,52,52,52,52,52,52,52,52,57,57,9,9,12,12,0,0],"gold":199,"neow_bonus":"THREE_ENEMY_KILL","is_daily":false,"chose_seed":false,"campfire_upgraded":3,"win_rate":0.0,"timestamp":1610482200,"path_taken":["M","?","?","M","?","R","E","M","T","?","R","E","M","M","R","BOSS"],"items_purchased_type":[],"build_version":"2020-12-22","purchased_purges":0,"victory":false,"max_hp_per_floor":[66,66,66,66,60,60,60,60,60,65,65,65,65,65,65,65,65],"relic_stats":{"counters":[8,29],"Golden Idol":29,"Mummified Hand":[8],"MealTicket":0,"obtain_stats":[{"NeowsBlessing":0,"Golden Idol":5,"Mummified Hand":7,"MealTicket":9,"Ancient Tea Set":12,"Ring of the Snake":0},{"NeowsBlessing":0,"Golden Idol":2,"Mummified Hand":3,"MealTicket":4,"Ancient Tea Set":5,"Ring of the Snake":0},{"NeowsBlessing":0,"Golden Idol":2,"Mummified Hand":3,"MealTicket":6,"Ancient Tea Set":13,"Ring of the Snake":0}],"Ring of the Snake":[16]},"card_choices":[{"not_picked":["Blade Dance","Quick Slash"],"picked":"Dagger Spray","floor":1},{"not_picked":["Deflect","Acrobatics"],"picked":"Blade Dance","floor":4},{"not_picked":["Storm of Steel","Choke"],"picked":"Infinite Blades","floor":7},{"not_picked":["Masterful Stab","Heel Hook","Setup"],"picked":"SKIP","floor":8},{"not_picked":["Masterful Stab","Heel Hook","Setup"],"picked":"SKIP","floor":8},{"not_picked":["Dagger Spray","Well Laid Plans"],"picked":"Sucker Punch","floor":12},{"not_picked":["Backflip","Flechettes"],"picked":"Footwork","floor":13},{"not_picked":["Well Laid Plans","Eviscerate","Setup"],"picked":"SKIP","floor":14}],"player_experience":179400,"relics_obtained":[{"floor":7,"key":"Mummified Hand"},{"floor":9,"key":"MealTicket"},{"floor":12,"key":"Ancient Tea Set"}],"event_choices":[{"cards_removed":["Strike_G"],"damage_healed":0,"gold_gain":0,"player_choice":"Card Removal","damage_taken":7,"max_hp_gain":0,"max_hp_loss":0,"event_name":"Golden Wing","floor":2,"gold_loss":0},{"cards_removed":["Strike_G"],"damage_healed":0,"gold_gain":0,"player_choice":"Card Removal","damage_taken":0,"max_hp_gain":0,"max_hp_loss":0,"event_name":"The Cleric","floor":3,"gold_loss":75},{"damage_healed":0,"gold_gain":0,"player_choice":"Lose Max HP","damage_taken":0,"relics_obtained":["Golden Idol"],"max_hp_gain":0,"max_hp_loss":6,"event_name":"Golden Idol","floor":5,"gold_loss":0},{"damage_healed":0,"gold_gain":0,"player_choice":"Donut","damage_taken":0,"max_hp_gain":5,"max_hp_loss":0,"event_name":"Big Fish","floor":10,"gold_loss":0}],"is_beta":false,"boss_relics":[],"items_purged_floors":[],"is_endless":false,"potions_floor_spawned":[7,8,13,14],"killed_by":"Hexaghost","ascension_level":20}}