{"host":"h0xw20cia6ppa69g","time":1610444618,"event":{"mods":["AchievementEnabler","BaseMod","Colored Map","Filter the Spire","Googly Eyes","Minty Spire (QoL Compilation)","Relic Stats","StSLib","The Awakened One except there are too many feathers","everything is the same but u backflip on backflip"],"gold_per_floor":[117,67,83,8,19,53,53,53,79,79,108,108,108,142,142,265,265,286,302,50,94,94,94,127,127,200,218,218,253,276,299,299,420,420,436,499,518,518,542,582,601,641,641,657,695,708,229,267,267,267,267,267,10,51,51,51],"floor_reached":55,"playtime":4635,"items_purged":["Strike_R","Strike_R","Strike_R"],"score":984,"play_id":"b5ec58ae-40c6-4feb-a240-97e84132c045","local_time":"20210112034338","is_ascension_mode":true,"campfire_choices":[{"data":"Immolate","floor":7.0,"key":"SMITH"},{"data":"Defend_R","floor":10.0,"key":"SMITH"},{"data":"Bash","floor":12.0,"key":"SMITH"},{"floor":15.0,"key":"REST"},{"floor":23.0,"key":"RECALL"},{"floor":25.0,"key":"REST"},{"floor":32.0,"key":"REST"},{"floor":49.0,"key":"REST"},{"floor":52,"key":"REST"}],"circlet_count":0,"master_deck":["Defend_R","Defend_R","Defend_R","Defend_R+1","Bash+1","Immolate+1","Dual Wield","Headbutt","Reaper","Armaments","Feed","Sword Boomerang","Spot Weakness","Brutality","Shrug It Off","Feed","Offering","True Grit","Feel No Pain","Barricade","Dual Wield+1","Spot Weakness+1","Shockwave","Shrug It Off+1","Panacea","Purity","Armaments+1","Shrug It Off","Shrug It Off+1","Parasite","True Grit+1","Feel No Pain+1","Metallicize+1","Power Through","Evolve","Power Through+1","Sword Boomerang+1","Burning Pact+1","Disarm","Exhume"],"relics":["Burning Blood","Centennial Puzzle","Toy Ornithopter","Bag of Marbles","Golden Idol","Dream Catcher","Fusion Hammer","Red Mask","PreservedInsect","Shuriken","Enchiridion","Potion Belt","SacredBark","Calipers","Art of War","Bag of Preparation","Torii","Membership Card","Paper Frog","Lantern","MealTicket","Du-Vu Doll","Sling","Blood Vial"],"acts_visited":["Exordium","TheCity","TheBeyond","TheEnding"],"potions_floor_usage":[55,55,55,55,55],"damage_taken":[{"damage":6.0,"enemies":"Jaw Worm","floor":1.0,"turns":3.0},{"damage":0.0,"enemies":"2 Louse","floor":3.0,"turns":1.0},{"damage":6.0,"enemies":"Cultist","floor":5.0,"turns":3.0},{"damage":28.0,"enemies":"Gremlin Nob","floor":6.0,"turns":4.0},{"damage":25.0,"enemies":"Lagavulin","floor":11.0,"turns":5.0},{"damage":24.0,"enemies":"Gremlin Nob","floor":14.0,"turns":4.0},{"damage":54.0,"enemies":"The Guardian","floor":16.0,"turns":13.0},{"damage":17.0,"enemies":"Spheric Guardian","floor":18.0,"turns":5.0},{"damage":5.0,"enemies":"3 Byrds","floor":19.0,"turns":3.0},{"damage":0.0,"enemies":"Masked Bandits","floor":21.0,"turns":1.0},{"damage":54.0,"enemies":"Slavers","floor":24.0,"turns":6.0},{"damage":26.0,"enemies":"Snecko","floor":27.0,"turns":5.0},{"damage":16.0,"enemies":"Gremlin Leader","floor":29.0,"turns":4.0},{"damage":10.0,"enemies":"Centurion and Healer","floor":30.0,"turns":5.0},{"damage":26.0,"enemies":"Cultist and Chosen","floor":31.0,"turns":8.0},{"damage":74.0,"enemies":"Champ","floor":33.0,"turns":23.0},{"damage":20.0,"enemies":"3 Shapes","floor":35.0,"turns":24.0},{"damage":33.0,"enemies":"2 Orb Walkers","floor":36.0,"turns":3.0},{"damage":1.0,"enemies":"Orb Walker","floor":37.0,"turns":3.0},{"damage":22.0,"enemies":"Maw","floor":39.0,"turns":9.0},{"damage":71.0,"enemies":"Reptomancer","floor":40.0,"turns":6.0},{"damage":35.0,"enemies":"3 Darklings","floor":41.0,"turns":8.0},{"damage":59.0,"enemies":"Nemesis","floor":42.0,"turns":15.0},{"damage":24.0,"enemies":"Writhing Mass","floor":44.0,"turns":13.0},{"damage":38.0,"enemies":"Reptomancer","floor":45.0,"turns":8.0},{"damage":32.0,"enemies":"Maw","floor":46.0,"turns":14.0},{"damage":31.0,"enemies":"Nemesis","floor":48.0,"turns":11.0},{"damage":104,"enemies":"Awakened One","floor":50,"turns":53},{"damage":25,"enemies":"Shield and Spear","floor":54,"turns":9},{"damage":234,"enemies":"The Heart","floor":55,"turns":18}],"seed_played":"8033882256385379927","potions_obtained":[{"floor":5.0,"key":"BloodPotion"},{"floor":6.0,"key":"PowerPotion"},{"floor":11.0,"key":"PowerPotion"},{"floor":30.0,"key":"ColorlessPotion"},{"floor":31.0,"key":"Ancient Potion"},{"floor":40.0,"key":"DuplicationPotion"},{"floor":41.0,"key":"SpeedPotion"},{"floor":42.0,"key":"Block Potion"},{"floor":44.0,"key":"SkillPotion"}],"is_trial":false,"path_per_floor":["M","?","M","$","M","E","R","?","T","R","E","R","?","E","R","B",null,"M","M","$","?","?","R","E","R","T","M","?","E","M","M","R","B",null,"M","?","M","?","M","E","M","E","T","M","E","M","$","E","R","B",null,"R","$","E","B"],"character_chosen":"IRONCLAD","items_purchased":["Spot Weakness","Brutality","Membership Card","Paper Frog","Power Through","Evolve","Lantern","Du-Vu Doll","Sling","Disarm"],"campfire_rested":5,"item_purchase_floors":[20,20,47,47,47,47,47,53,53,53],"current_hp_per_floor":[80,80,80,80,80,58,58,58,58,58,39,39,19,7,31,21,80,73,80,80,86,86,86,69,99,99,104,88,94,114,111,123,127,127,135,117,125,115,142,111,146,131,131,131,119,148,148,130,158,168,168,168,168,176,0,0],"gold":51,"neow_bonus":"ONE_RANDOM_RARE_CARD","is_daily":false,"chose_seed":false,"campfire_upgraded":3,"win_rate":0.0,"timestamp":1610444618,"path_taken":["M","?","M","$","M","E","R","?","T","R","E","R","?","E","R","BOSS","M","M","$","?","?","R","E","R","T","?","?","E","M","M","R","BOSS","M","?","M","?","M","E","?","E","T","M","E","M","?","E","R","BOSS","R","$","E","BOSS"],"items_purchased_type":["Card","Card","Relic","Relic","Card","Card","Relic","Relic","Relic","Card"],"build_version":"2020-12-22","purchased_purges":3,"victory":false,"max_hp_per_floor":[80,80,80,80,80,80,80,80,80,80,80,80,80,80,80,80,80,84,90,90,90,90,90,100,100,100,104,104,108,116,123,123,127,127,135,135,138,138,142,146,146,150,150,154,154,158,158,158,158,168,168,168,168,176,176,176],"relic_stats":{"Torii":17,"counters":[30,287],"Golden Idol":201,"PreservedInsect":324,"Bag of Preparation":[14],"Burning Blood":138,"Blood Vial":0,"Centennial Puzzle":[75],"Dream Catcher":5,"Shuriken":[9],"MealTicket":0,"Art of War":[78],"obtain_stats":[{"Potion Belt":29,"Lantern":47,"Calipers":36,"Torii":45,"Golden Idol":13,"SacredBark":34,"Enchiridion":28,"PreservedInsect":24,"Bag of Preparation":42,"Sling":53,"Burning Blood":0,"Du-Vu Doll":53,"Blood Vial":54,"Centennial Puzzle":6,"Dream Catcher":14,"Shuriken":26,"MealTicket":48,"Fusion Hammer":17,"Bag of Marbles":11,"Red Mask":21,"Art of War":40,"Membership Card":47,"Toy Ornithopter":9,"Paper Frog":47},{"Potion Belt":13,"Lantern":26,"Calipers":18,"Torii":25,"Golden Idol":5,"SacredBark":16,"Enchiridion":12,"PreservedInsect":11,"Bag of Preparation":23,"Sling":28,"Burning Blood":0,"Du-Vu Doll":28,"Blood Vial":29,"Centennial Puzzle":4,"Dream Catcher":6,"Shuriken":11,"MealTicket":27,"Fusion Hammer":7,"Bag of Marbles":5,"Red Mask":10,"Art of War":21,"Membership Card":26,"Toy Ornithopter":4,"Paper Frog":26},{"Potion Belt":57,"Lantern":196,"Calipers":120,"Torii":182,"Golden Idol":16,"SacredBark":93,"Enchiridion":53,"PreservedInsect":48,"Bag of Preparation":161,"Sling":260,"Burning Blood":0,"Du-Vu Doll":260,"Blood Vial":269,"Centennial Puzzle":11,"Dream Catcher":20,"Shuriken":48,"MealTicket":207,"Fusion Hammer":33,"Bag of Marbles":16,"Red Mask":42,"Art of War":138,"Membership Card":196,"Toy Ornithopter":11,"Paper Frog":196}],"Toy Ornithopter":20},"card_choices":[{"not_picked":["Cleave","Body Slam","Clash"],"picked":"SKIP","floor":1.0},{"not_picked":["Sever Soul","Infernal Blade"],"picked":"Dual Wield","floor":3.0},{"not_picked":["Heavy Blade","Wild Strike"],"picked":"Headbutt","floor":5.0},{"not_picked":["Havoc","Pommel Strike"],"picked":"Reaper","floor":6.0},{"not_picked":["Clothesline","Dark Embrace","Body Slam"],"picked":"SKIP","floor":11.0},{"not_picked":["Wild Strike","Pommel Strike"],"picked":"Armaments","floor":14.0},{"not_picked":["Berserk","Immolate"],"picked":"Feed","floor":16.0},{"not_picked":["Intimidate","Armaments"],"picked":"Sword Boomerang","floor":18.0},{"not_picked":["Wild Strike","Infernal Blade","Pommel Strike"],"picked":"SKIP","floor":19.0},{"not_picked":["Flex","Blood for Blood"],"picked":"Shrug It Off","floor":21.0},{"not_picked":["Infernal Blade","Shrug It Off+1"],"picked":"Offering","floor":24.0},{"not_picked":["Fire Breathing","Havoc","Flex"],"picked":"SKIP","floor":27.0},{"not_picked":["Combust","Body Slam"],"picked":"True Grit","floor":29.0},{"not_picked":["Pommel Strike","Iron Wave"],"picked":"Feel No Pain","floor":30.0},{"not_picked":["Armaments+1","Heavy Blade+1"],"picked":"Barricade","floor":31.0},{"not_picked":["True Grit","Clash"],"picked":"Dual Wield+1","floor":32.0},{"not_picked":["Perfected Strike+1","Flex+1"],"picked":"Spot Weakness+1","floor":35.0},{"not_picked":["Pommel Strike+1","Sword Boomerang"],"picked":"Shockwave","floor":36.0},{"not_picked":["Headbutt+1","Anger+1"],"picked":"Shrug It Off+1","floor":37.0},{"not_picked":["Violence","Trip"],"picked":"Panacea","floor":38.0},{"not_picked":["Impatience","Violence"],"picked":"Purity","floor":38.0},{"not_picked":["Heavy Blade","Twin Strike+1"],"picked":"Armaments+1","floor":39.0},{"not_picked":["Feed","Pommel Strike+1"],"picked":"Shrug It Off","floor":40.0},{"not_picked":["Wild Strike+1","Armaments","Sever Soul"],"picked":"SKIP","floor":41.0},{"not_picked":["Brutality","Searing Blow+1"],"picked":"Shrug It Off+1","floor":42.0},{"not_picked":["Sword Boomerang+1","Twin Strike"],"picked":"True Grit+1","floor":44.0},{"not_picked":["Havoc","Rage+1"],"picked":"Feel No Pain+1","floor":45.0},{"not_picked":["Reckless Charge+1","Shrug It Off+1"],"picked":"Metallicize+1","floor":46.0},{"not_picked":["Combust","Intimidate"],"picked":"Power Through+1","floor":48.0},{"not_picked":["Reckless Charge+1","Havoc"],"picked":"Sword Boomerang+1","floor":49.0},{"not_picked":["Iron Wave","Clash+1"],"picked":"Burning Pact+1","floor":52},{"not_picked":["Combust","Bloodletting"],"picked":"Exhume","floor":54}],"player_experience":3685625,"relics_obtained":[{"floor":6.0,"key":"Centennial Puzzle"},{"floor":9.0,"key":"Toy Ornithopter"},{"floor":11.0,"key":"Bag of Marbles"},{"floor":14.0,"key":"Dream Catcher"},{"floor":21.0,"key":"Red Mask"},{"floor":24.0,"key":"PreservedInsect"},{"floor":26.0,"key":"Shuriken"},{"floor":28.0,"key":"Enchiridion"},{"floor":29.0,"key":"Potion Belt"},{"floor":36.0,"key":"Calipers"},{"floor":40.0,"key":"Art of War"},{"floor":42.0,"key":"Bag of Preparation"},{"floor":45.0,"key":"Torii"},{"floor":48.0,"key":"MealTicket"},{"floor":54,"key":"Blood Vial"}],"event_choices":[{"cards_removed":["Strike_R"],"damage_healed":0.0,"max_hp_gain":0.0,"max_hp_loss":0.0,"gold_gain":0.0,"event_name":"The Cleric","player_choice":"Card Removal","floor":2.0,"gold_loss":50.0,"damage_taken":0.0},{"damage_healed":0.0,"max_hp_gain":0.0,"max_hp_loss":0.0,"gold_gain":0.0,"event_name":"Liars Game","player_choice":"Ignored","floor":8.0,"gold_loss":0.0,"damage_taken":0.0},{"damage_healed":0.0,"max_hp_gain":0.0,"max_hp_loss":0.0,"gold_gain":0.0,"event_name":"Golden Idol","player_choice":"Take Damage","floor":13.0,"gold_loss":0.0,"damage_taken":20.0,"relics_obtained":["Golden Idol"]},{"damage_healed":0.0,"max_hp_gain":0.0,"max_hp_loss":0.0,"gold_gain":0.0,"event_name":"Masked Bandits","player_choice":"Fought Bandits","floor":21.0,"gold_loss":0.0,"damage_taken":0.0},{"damage_healed":0.0,"max_hp_gain":0.0,"max_hp_loss":0.0,"gold_gain":0.0,"cards_transformed":["Strike_R"],"event_name":"Transmorgrifier","player_choice":"Transformed","floor":22.0,"gold_loss":0.0,"damage_taken":0.0,"cards_obtained":["Feed"]},{"damage_healed":0.0,"max_hp_gain":0.0,"max_hp_loss":0.0,"gold_gain":0.0,"event_name":"Cursed Tome","player_choice":"Obtained Book","floor":28.0,"gold_loss":0.0,"damage_taken":16.0},{"damage_healed":0.0,"max_hp_gain":0.0,"max_hp_loss":0.0,"gold_gain":0.0,"event_name":"Mysterious Sphere","player_choice":"Fight","floor":36.0,"gold_loss":0.0,"damage_taken":0.0},{"damage_healed":0.0,"max_hp_gain":0.0,"max_hp_loss":0.0,"gold_gain":0.0,"event_name":"SensoryStone","player_choice":"Memory 3","floor":38.0,"gold_loss":0.0,"damage_taken":10.0}],"is_beta":false,"boss_relics":[{"not_picked":["Pandora\u0027s Box","Tiny House"],"picked":"Fusion Hammer"},{"not_picked":["Runic Dome","Cursed Key"],"picked":"SacredBark"}],"items_purged_floors":[4,20,47],"is_endless":false,"potions_floor_spawned":[5,6,11,14,30,31,40,41,42,44,45],"killed_by":"The Heart","ascension_level":1}}