{"host":"u7lm8z2rvb4dg2oo","time":1610464428,"event":{"mods":["AchievementEnabler","BaseMod","Bestiary","Block Reminder","Colored Map","Colored Powertips","Curses Come First","DeckTracker","Googly Eyes","Highlight Path","Minty Spire (QoL Compilation)","Quick Restart","StSLib"],"gold_per_floor":[114,129,129,144,66,66,101,114,114,130,147,147,147,147,147,278,278,302,391,441,22,72,72,145,185,211,235,271,411,106,125,125,250,250,271,290,290,340,361,361,385,385,435,499,837,308,331,381,381,381],"floor_reached":51,"playtime":9842,"items_purged":["Strike_G","Strike_G"],"score":957,"play_id":"63876dde-9d3d-408d-b6d5-5312870583f2","local_time":"20210112101348","is_ascension_mode":true,"campfire_choices":[{"data":"Bouncing Flask","floor":6.0,"key":"SMITH"},{"data":"Wraith Form v2","floor":12.0,"key":"SMITH"},{"data":"Blur","floor":15.0,"key":"SMITH"},{"data":"Adrenaline","floor":23.0,"key":"SMITH"},{"floor":32.0,"key":"DIG"},{"floor":40.0,"key":"REST"},{"floor":42.0,"key":"DIG"},{"floor":49.0,"key":"DIG"}],"circlet_count":0,"master_deck":["Strike_G","Strike_G","Defend_G","Defend_G","Defend_G","Defend_G","Defend_G+1","Survivor","Neutralize","Bouncing Flask","Endless Agony","Bouncing Flask+1","Blur+1","Crippling Poison","Wraith Form v2+1","Backstab","Adrenaline+1","Flechettes","Ghostly","Ghostly+1","Ghostly","Ghostly","Ghostly","Footwork","Bandage Up+1","Bane+1","Deflect","Crippling Poison","Bouncing Flask","Well Laid Plans","Leg Sweep","Bullet Time","Terror+1","Burst","PiercingWail","Catalyst","Noxious Fumes+1"],"relics":["Ring of the Snake","Omamori","Pen Nib","Golden Idol","SsserpentHead","Snecko Eye","Red Mask","Letter Opener","Sundial","CaptainsWheel","Art of War","Shovel","Strange Spoon","Potion Belt","Philosopher\u0027s Stone","Meat on the Bone","War Paint","Old Coin","Snake Skull","Akabeko"],"acts_visited":["Exordium","TheCity","TheBeyond"],"potions_floor_usage":[50,50,50,50,50,50,50,50],"damage_taken":[{"damage":0.0,"enemies":"2 Louse","floor":1.0,"turns":2.0},{"damage":1.0,"enemies":"Cultist","floor":2.0,"turns":3.0},{"damage":0.0,"enemies":"Small Slimes","floor":4.0,"turns":2.0},{"damage":0.0,"enemies":"Lagavulin","floor":7.0,"turns":5.0},{"damage":4.0,"enemies":"Red Slaver","floor":8.0,"turns":4.0},{"damage":0.0,"enemies":"2 Fungi Beasts","floor":10.0,"turns":4.0},{"damage":6.0,"enemies":"Large Slime","floor":11.0,"turns":6.0},{"damage":20.0,"enemies":"The Guardian","floor":16.0,"turns":9.0},{"damage":6.0,"enemies":"2 Thieves","floor":18.0,"turns":5.0},{"damage":20.0,"enemies":"Masked Bandits","floor":19.0,"turns":4.0},{"damage":0.0,"enemies":"Spheric Guardian","floor":24.0,"turns":3.0},{"damage":5.0,"enemies":"Book of Stabbing","floor":25.0,"turns":5.0},{"damage":1.0,"enemies":"Centurion and Healer","floor":27.0,"turns":5.0},{"damage":1.0,"enemies":"Gremlin Leader","floor":28.0,"turns":7.0},{"damage":1.0,"enemies":"Snecko","floor":31.0,"turns":5.0},{"damage":4.0,"enemies":"Champ","floor":33.0,"turns":7.0},{"damage":25.0,"enemies":"3 Darklings","floor":35.0,"turns":6.0},{"damage":1.0,"enemies":"Orb Walker","floor":36.0,"turns":3.0},{"damage":10.0,"enemies":"Writhing Mass","floor":39.0,"turns":7.0},{"damage":1.0,"enemies":"Maw","floor":41.0,"turns":7.0},{"damage":0.0,"enemies":"Transient","floor":44.0,"turns":5.0},{"damage":5.0,"enemies":"Nemesis","floor":45.0,"turns":9.0},{"damage":0.0,"enemies":"Sphere and 2 Shapes","floor":47.0,"turns":2.0},{"damage":0,"enemies":"Time Eater","floor":50,"turns":9}],"seed_played":"6456208754622395078","potions_obtained":[{"floor":0.0,"key":"SteroidPotion"},{"floor":0.0,"key":"CultistPotion"},{"floor":0.0,"key":"Energy Potion"},{"floor":4.0,"key":"BlessingOfTheForge"},{"floor":7.0,"key":"Swift Potion"},{"floor":10.0,"key":"CultistPotion"},{"floor":16.0,"key":"Strength Potion"},{"floor":25.0,"key":"FearPotion"},{"floor":27.0,"key":"LiquidMemories"},{"floor":28.0,"key":"Poison Potion"},{"floor":36.0,"key":"Poison Potion"},{"floor":39.0,"key":"FairyPotion"},{"floor":47.0,"key":"Dexterity Potion"}],"is_trial":false,"path_per_floor":["M","M","?","M","$","R","E","M","T","M","M","R","?","?","R","B",null,"M","?","?","$","?","R","M","E","T","M","E","?","$","M","R","B",null,"M","M","$","?","M","R","M","R","T","M","E","$","M","?","R","B",null],"character_chosen":"THE_SILENT","items_purchased":["Blur","Footwork","Bandage Up","Letter Opener","Well Laid Plans","Strange Spoon","Snake Skull","Catalyst","Energy Potion","Dexterity Potion","EntropicBrew"],"campfire_rested":1,"item_purchase_floors":[5,21,21,21,30,30,46,46,46,46,46],"current_hp_per_floor":[70,69,69,69,69,69,69,65,65,65,59,59,42,42,42,22,70,64,44,35,35,35,35,35,34,34,33,35,23,23,26,26,26,35,10,13,13,13,15,25,30,30,30,35,35,35,35,35,35,35],"gold":381,"neow_bonus":"THREE_SMALL_POTIONS","is_daily":false,"chose_seed":false,"campfire_upgraded":4,"win_rate":0.0,"timestamp":1610464428,"path_taken":["M","M","?","M","$","R","E","M","T","M","?","R","?","?","R","BOSS","M","?","?","$","?","R","?","E","T","M","E","?","$","M","R","BOSS","M","M","$","?","M","R","M","R","T","?","E","$","M","?","R","BOSS"],"items_purchased_type":["Card","Card","Card","Relic","Card","Relic","Relic","Card","Potion","Potion","Potion"],"build_version":"2020-12-22","purchased_purges":2,"victory":true,"max_hp_per_floor":[70,70,70,70,70,70,70,70,70,70,70,70,70,70,70,70,70,70,70,35,35,35,35,35,35,35,35,35,35,35,35,35,35,35,35,35,35,35,35,35,35,35,35,35,35,35,35,35,35,35],"card_choices":[{"not_picked":["Setup","Poisoned Stab"],"picked":"Bouncing Flask","floor":1.0},{"not_picked":["Masterful Stab","Sucker Punch"],"picked":"Endless Agony","floor":2.0},{"not_picked":["Dagger Throw","Setup","Quick Slash"],"picked":"SKIP","floor":4.0},{"not_picked":["Outmaneuver","Blade Dance","Deflect"],"picked":"SKIP","floor":7.0},{"not_picked":["Slice","Poisoned Stab"],"picked":"Crippling Poison","floor":8.0},{"not_picked":["Flechettes","Tactician"],"picked":"Wraith Form v2","floor":10.0},{"not_picked":["Deflect","Eviscerate"],"picked":"Backstab","floor":11.0},{"not_picked":["Tools of the Trade","Burst"],"picked":"Adrenaline","floor":16.0},{"not_picked":["All Out Attack","Terror"],"picked":"Flechettes","floor":18.0},{"not_picked":["Poisoned Stab","Reflex"],"picked":"Bane+1","floor":24.0},{"not_picked":["Underhanded Strike+1","Accuracy+1"],"picked":"Deflect","floor":25.0},{"not_picked":["PiercingWail+1","Outmaneuver"],"picked":"Crippling Poison","floor":27.0},{"not_picked":["Riddle With Holes","Dash"],"picked":"Bouncing Flask","floor":28.0},{"not_picked":["Dagger Spray","Accuracy+1"],"picked":"Leg Sweep","floor":31.0},{"not_picked":["Doppelganger","Burst"],"picked":"Bullet Time","floor":33.0},{"not_picked":["Sucker Punch+1","Prepared+1","Quick Slash"],"picked":"SKIP","floor":35.0},{"not_picked":["Slice","Deadly Poison+1"],"picked":"Terror+1","floor":36.0},{"not_picked":["Deflect+1","Underhanded Strike"],"picked":"Burst","floor":39.0},{"not_picked":["Flying Knee","Heel Hook+1","Leg Sweep+1"],"picked":"SKIP","floor":41.0},{"not_picked":["Outmaneuver+1","Acrobatics+1","Poisoned Stab"],"picked":"SKIP","floor":44.0},{"not_picked":["Grand Finale","Finisher"],"picked":"PiercingWail","floor":45.0},{"not_picked":["Sucker Punch+1","Finisher+1"],"picked":"Noxious Fumes+1","floor":47.0}],"player_experience":946474,"relics_obtained":[{"floor":7.0,"key":"Omamori"},{"floor":9.0,"key":"Pen Nib"},{"floor":19.0,"key":"Red Mask"},{"floor":25.0,"key":"CaptainsWheel"},{"floor":26.0,"key":"Art of War"},{"floor":28.0,"key":"Shovel"},{"floor":32.0,"key":"Potion Belt"},{"floor":42.0,"key":"Meat on the Bone"},{"floor":43.0,"key":"War Paint"},{"floor":45.0,"key":"Old Coin"},{"floor":49.0,"key":"Akabeko"}],"event_choices":[{"damage_healed":0.0,"max_hp_gain":0.0,"max_hp_loss":0.0,"gold_gain":0.0,"cards_transformed":["Strike_G"],"event_name":"Transmorgrifier","player_choice":"Transformed","floor":3.0,"gold_loss":0.0,"damage_taken":0.0,"cards_obtained":["Bouncing Flask"]},{"damage_healed":0.0,"max_hp_gain":0.0,"max_hp_loss":0.0,"gold_gain":0.0,"event_name":"Golden Idol","player_choice":"Take Damage","floor":13.0,"gold_loss":0.0,"damage_taken":17.0,"relics_obtained":["Golden Idol"]},{"damage_healed":0.0,"max_hp_gain":0.0,"max_hp_loss":0.0,"gold_gain":0.0,"event_name":"FaceTrader","player_choice":"Trade","floor":14.0,"gold_loss":0.0,"damage_taken":0.0,"relics_obtained":["SsserpentHead"]},{"damage_healed":0.0,"max_hp_gain":0.0,"max_hp_loss":0.0,"gold_gain":0.0,"event_name":"Masked Bandits","player_choice":"Fought Bandits","floor":19.0,"gold_loss":0.0,"damage_taken":0.0},{"damage_healed":0.0,"max_hp_gain":0.0,"max_hp_loss":35.0,"gold_gain":0.0,"event_name":"Ghosts","player_choice":"Became a Ghost","floor":20.0,"gold_loss":0.0,"damage_taken":0.0,"cards_obtained":["Ghostly","Ghostly","Ghostly","Ghostly","Ghostly"]},{"damage_healed":0.0,"max_hp_gain":0.0,"max_hp_loss":0.0,"gold_gain":0.0,"event_name":"Addict","player_choice":"Stole Relic","floor":22.0,"gold_loss":0.0,"damage_taken":0.0,"relics_obtained":["Sundial"],"cards_obtained":["Shame"]},{"damage_healed":0.0,"max_hp_gain":0.0,"max_hp_loss":0.0,"gold_gain":90.0,"event_name":"Knowing Skull","player_choice":"GOLD ","floor":29.0,"potions_obtained":[],"gold_loss":0.0,"damage_taken":12.0,"cards_obtained":[]},{"damage_healed":0.0,"max_hp_gain":0.0,"max_hp_loss":0.0,"gold_gain":0.0,"event_name":"Accursed Blacksmith","player_choice":"Forge","floor":38.0,"gold_loss":0.0,"damage_taken":0.0,"cards_upgraded":["Bandage Up"]},{"damage_healed":0.0,"max_hp_gain":0.0,"max_hp_loss":0.0,"gold_gain":0.0,"event_name":"Lab","player_choice":"Got Potions","floor":48.0,"gold_loss":0.0,"damage_taken":0.0}],"is_beta":false,"boss_relics":[{"not_picked":["HoveringKite","Black Star"],"picked":"Snecko Eye"},{"not_picked":["Runic Pyramid","Ring of the Serpent"],"picked":"Philosopher\u0027s Stone"}],"items_purged_floors":[30,46],"is_endless":false,"potions_floor_spawned":[4,7,10,16,25,27,28,31,36,39,47],"ascension_level":3}}