{"host":"pf47v7h0307523iy","time":1610473886,"event":{"mods":["BaseMod","Minty Spire (QoL Compilation)"],"gold_per_floor":[113,26,26,42,13,13,45,76,159,171,196,234,246,273,285,368,380,408,420,347,369,404,416,459,471,483,515,452,483,524,554,566,649,661,688,750,778,802,831,843,843],"floor_reached":40,"playtime":3363,"items_purged":[],"score":951,"play_id":"2af1d1c4-0cb9-422a-b669-198e38c0ccd1","local_time":"20210112195126","is_ascension_mode":true,"campfire_choices":[{"data":"Crippling Poison","floor":6.0,"key":"SMITH"},{"data":"Well Laid Plans","floor":13.0,"key":"SMITH"},{"data":"Bane","floor":15.0,"key":"SMITH"},{"floor":23.0,"key":"REST"},{"floor":25.0,"key":"RECALL"},{"floor":32.0,"key":"REST"}],"circlet_count":0,"master_deck":["AscendersBane","Strike_G","Strike_G","Defend_G","Defend_G","Defend_G","Defend_G","Defend_G","Survivor","Neutralize","Blade Dance","Crippling Poison+1","PiercingWail","Sucker Punch","Well Laid Plans+1","Dagger Spray","Slice","Bane+1","Backflip","After Image","Heel Hook","Crippling Poison","Blade Dance","PiercingWail+1","PiercingWail","Venomology","Noxious Fumes+1","Escape Plan+1","Finisher+1"],"relics":["Ring of the Snake","NeowsBlessing","MawBank","Eternal Feather","Nunchaku","Fusion Hammer","Juzu Bracelet","Akabeko","CaptainsWheel","Mercury Hourglass","Letter Opener","Runic Pyramid"],"acts_visited":["TheCity","TheBeyond"],"potions_floor_usage":[40],"damage_taken":[{"damage":0.0,"enemies":"Jaw Worm","floor":1.0,"turns":1.0},{"damage":0.0,"enemies":"Cultist","floor":4.0,"turns":1.0},{"damage":0.0,"enemies":"Lagavulin","floor":7.0,"turns":1.0},{"damage":2.0,"enemies":"Small Slimes","floor":8.0,"turns":3.0},{"damage":3.0,"enemies":"Blue Slaver","floor":11.0,"turns":5.0},{"damage":20.0,"enemies":"Gremlin Nob","floor":12.0,"turns":4.0},{"damage":13.0,"enemies":"Exordium Thugs","floor":14.0,"turns":3.0},{"damage":30.0,"enemies":"The Guardian","floor":16.0,"turns":15.0},{"damage":11.0,"enemies":"2 Thieves","floor":18.0,"turns":4.0},{"damage":7.0,"enemies":"Spheric Guardian","floor":21.0,"turns":6.0},{"damage":19.0,"enemies":"Book of Stabbing","floor":24.0,"turns":7.0},{"damage":0.0,"enemies":"3 Cultists","floor":27.0,"turns":4.0},{"damage":1.0,"enemies":"Centurion and Healer","floor":29.0,"turns":6.0},{"damage":5.0,"enemies":"Slavers","floor":30.0,"turns":4.0},{"damage":7.0,"enemies":"Snake Plant","floor":31.0,"turns":4.0},{"damage":31.0,"enemies":"Automaton","floor":33.0,"turns":12.0},{"damage":0.0,"enemies":"3 Darklings","floor":35.0,"turns":5.0},{"damage":0.0,"enemies":"3 Shapes","floor":37.0,"turns":3.0},{"damage":5.0,"enemies":"Writhing Mass","floor":38.0,"turns":7.0},{"damage":28.0,"enemies":"Transient","floor":39.0,"turns":6.0},{"damage":35,"enemies":"Giant Head","floor":40,"turns":6}],"seed_played":"548815011306228868","potions_obtained":[{"floor":4.0,"key":"AttackPotion"},{"floor":7.0,"key":"LiquidMemories"},{"floor":16.0,"key":"GamblersBrew"},{"floor":18.0,"key":"ColorlessPotion"},{"floor":24.0,"key":"SpeedPotion"},{"floor":27.0,"key":"EntropicBrew"},{"floor":39.0,"key":"Ancient Potion"}],"is_trial":false,"path_per_floor":["M","$","?","M","$","R","E","M","T","?","M","E","R","M","R","B",null,"M","?","?","M","T","R","E","R","T","M","?","M","E","M","R","B",null,"M","?","M","M","M","E"],"character_chosen":"THE_SILENT","items_purchased":["Crippling Poison","Sucker Punch"],"campfire_rested":2,"item_purchase_floors":[2,5],"current_hp_per_floor":[59,59,59,59,59,59,59,57,57,57,54,34,46,33,45,15,53,42,42,42,35,35,66,47,62,62,62,62,61,56,49,66,35,58,58,58,58,53,25,0,0],"gold":843,"neow_bonus":"THREE_ENEMY_KILL","is_daily":false,"chose_seed":false,"campfire_upgraded":3,"win_rate":0.0,"timestamp":1610473886,"path_taken":["M","$","?","M","$","R","E","?","T","?","M","E","R","M","R","BOSS","M","?","?","M","?","R","E","R","T","M","?","M","E","M","R","BOSS","M","?","M","M","M","E"],"items_purchased_type":["Card","Card"],"build_version":"2020-12-22","purchased_purges":0,"victory":false,"max_hp_per_floor":[66,66,66,66,66,66,66,66,66,66,66,66,66,66,66,66,66,66,66,66,66,66,66,66,66,66,66,66,66,66,66,66,66,66,66,66,66,66,66,66,66],"card_choices":[{"not_picked":["Dagger Throw","Reflex"],"picked":"Blade Dance","floor":1.0},{"not_picked":["Choke","Deflect"],"picked":"PiercingWail","floor":4.0},{"not_picked":["Dash","Sucker Punch"],"picked":"Well Laid Plans","floor":7.0},{"not_picked":["Backflip","Prepared"],"picked":"Dagger Spray","floor":8.0},{"not_picked":["Slice","Phantasmal Killer"],"picked":"Bane","floor":11.0},{"not_picked":["Accuracy","Dagger Throw"],"picked":"Backflip","floor":12.0},{"not_picked":["Backflip","Riddle With Holes","Slice"],"picked":"SKIP","floor":14.0},{"not_picked":["Glass Knife","Storm of Steel"],"picked":"After Image","floor":16.0},{"not_picked":["Sucker Punch","Dagger Spray"],"picked":"Heel Hook","floor":18.0},{"not_picked":["Flechettes","Prepared"],"picked":"Blade Dance","floor":21.0},{"not_picked":["Outmaneuver","Grand Finale"],"picked":"PiercingWail+1","floor":24.0},{"not_picked":["Outmaneuver","Acrobatics"],"picked":"PiercingWail","floor":27.0},{"not_picked":["Setup+1","Flying Knee","Accuracy+1"],"picked":"SKIP","floor":29.0},{"not_picked":["Riddle With Holes","Cloak And Dagger","Outmaneuver"],"picked":"SKIP","floor":30.0},{"not_picked":["Dodge and Roll","Slice","Bouncing Flask"],"picked":"SKIP","floor":31.0},{"not_picked":["Bullet Time","Tools of the Trade"],"picked":"Venomology","floor":33.0},{"not_picked":["Slice","Riddle With Holes","Catalyst"],"picked":"SKIP","floor":35.0},{"not_picked":["Deadly Poison+1","Eviscerate"],"picked":"Noxious Fumes+1","floor":37.0},{"not_picked":["Noxious Fumes","PiercingWail"],"picked":"Escape Plan+1","floor":38.0},{"not_picked":["Expertise+1","Dagger Throw"],"picked":"Finisher+1","floor":39.0}],"player_experience":1615879,"relics_obtained":[{"floor":7.0,"key":"MawBank"},{"floor":9.0,"key":"Eternal Feather"},{"floor":12.0,"key":"Nunchaku"},{"floor":22.0,"key":"Akabeko"},{"floor":24.0,"key":"CaptainsWheel"},{"floor":26.0,"key":"Mercury Hourglass"},{"floor":30.0,"key":"Letter Opener"}],"event_choices":[{"cards_removed":["Strike_G"],"damage_healed":0.0,"max_hp_gain":0.0,"max_hp_loss":0.0,"gold_gain":0.0,"event_name":"Bonfire Elementals","player_choice":"Offered Basic","floor":3.0,"gold_loss":0.0,"damage_taken":0.0},{"damage_healed":0.0,"max_hp_gain":0.0,"max_hp_loss":0.0,"gold_gain":0.0,"cards_transformed":["Strike_G"],"event_name":"Living Wall","player_choice":"Change","floor":10.0,"gold_loss":0.0,"damage_taken":0.0,"cards_obtained":["Slice"]},{"damage_healed":0.0,"max_hp_gain":0.0,"max_hp_loss":0.0,"gold_gain":0.0,"event_name":"The Library","player_choice":"Read","floor":19.0,"gold_loss":0.0,"damage_taken":0.0,"cards_obtained":["Crippling Poison"]},{"damage_healed":0.0,"max_hp_gain":0.0,"max_hp_loss":0.0,"gold_gain":0.0,"event_name":"Addict","player_choice":"Obtained Relic","floor":20.0,"gold_loss":85.0,"damage_taken":0.0,"relics_obtained":["Juzu Bracelet"]},{"cards_removed":["Strike_G"],"damage_healed":0.0,"max_hp_gain":0.0,"max_hp_loss":0.0,"gold_gain":0.0,"event_name":"Beggar","player_choice":"Gave Gold","floor":28.0,"gold_loss":75.0,"damage_taken":0.0},{"damage_healed":0.0,"max_hp_gain":0.0,"max_hp_loss":0.0,"gold_gain":50.0,"event_name":"Golden Shrine","player_choice":"Pray","floor":36.0,"gold_loss":0.0,"damage_taken":0.0}],"is_beta":false,"boss_relics":[{"not_picked":["Philosopher\u0027s Stone","SacredBark"],"picked":"Fusion Hammer"},{"not_picked":["Black Star","Astrolabe"],"picked":"Runic Pyramid"}],"items_purged_floors":[],"is_endless":false,"potions_floor_spawned":[4,7,11,16,18,24,27,31,37,39],"killed_by":"Giant Head","ascension_level":20}}