{"host":"ilhhjx796p2x2wmd","time":1610431984,"event":{"mods":["AchievementEnabler","BaseMod","BetterRewards","Colored Map","Colored Powertips","DeckTracker","Highlight Path","Minty Spire (QoL Compilation)","Permanent Neow","Rare Cards Sparkle","Shop Mod"],"gold_per_floor":[119,134,145,162,34,66,66,16,16,31,31,31],"floor_reached":11,"playtime":390,"items_purged":["Pain"],"score":111,"play_id":"2726a849-6f2a-4a2d-adc1-fb63baa22d2f","local_time":"20210112151304","is_ascension_mode":true,"campfire_choices":[{"data":"Feed","floor":7,"key":"SMITH"}],"circlet_count":0,"master_deck":["Strike_R","Strike_R","Strike_R","Strike_R","Strike_R","Defend_R","Defend_R","Defend_R","Bash","Feed+1","Heavy Blade","Flame Barrier","Armaments","Reaper"],"relics":["Burning Blood","Unceasing Top","Shovel"],"acts_visited":["Exordium"],"potions_floor_usage":[6,6],"damage_taken":[{"damage":3,"enemies":"Small Slimes","floor":1,"turns":3},{"damage":12,"enemies":"2 Louse","floor":2,"turns":3},{"damage":14,"enemies":"Jaw Worm","floor":3,"turns":2},{"damage":26,"enemies":"Looter","floor":4,"turns":5},{"damage":20,"enemies":"Gremlin Nob","floor":6,"turns":4},{"damage":0,"enemies":"Exordium Wildlife","floor":10,"turns":4},{"damage":15,"enemies":"3 Sentries","floor":11,"turns":3}],"seed_played":"4709196169368487694","potions_obtained":[{"floor":2,"key":"Energy Potion"},{"floor":4,"key":"PowerPotion"},{"floor":6,"key":"Ancient Potion"}],"is_trial":false,"path_per_floor":["M","M","M","M","$","E","R","?","T","M","E"],"character_chosen":"IRONCLAD","items_purchased":["Armaments"],"campfire_rested":0,"item_purchase_floors":[5],"current_hp_per_floor":[83,80,75,58,58,47,47,47,47,53,38,38],"gold":31,"neow_bonus":"THREE_RARE_CARDS","is_daily":false,"chose_seed":false,"campfire_upgraded":1,"win_rate":0.0,"timestamp":1610431984,"path_taken":["M","M","M","M","$","E","R","?","T","M","E"],"items_purchased_type":["Card"],"build_version":"2020-12-22","purchased_purges":1,"victory":false,"max_hp_per_floor":[83,86,89,92,92,95,95,95,95,95,95,95],"card_choices":[{"not_picked":["Reaper","Impervious"],"picked":"Feed","floor":0},{"not_picked":["Uppercut","Bloodletting","Anger"],"picked":"SKIP","floor":1},{"not_picked":["Thunderclap","Pummel"],"picked":"Heavy Blade","floor":2},{"not_picked":["Uppercut","Body Slam","Wild Strike"],"picked":"SKIP","floor":3},{"not_picked":["Second Wind","Body Slam"],"picked":"Flame Barrier","floor":4},{"not_picked":["Heavy Blade","Reckless Charge"],"picked":"Reaper","floor":6},{"not_picked":["Uppercut","Clothesline","Second Wind"],"picked":"SKIP","floor":10}],"player_experience":284374,"relics_obtained":[{"floor":6,"key":"Unceasing Top"},{"floor":9,"key":"Shovel"}],"event_choices":[{"cards_removed":["Defend_R"],"damage_healed":0,"gold_gain":0,"player_choice":"Card Removal","damage_taken":0,"max_hp_gain":0,"max_hp_loss":0,"event_name":"The Cleric","floor":8,"gold_loss":50}],"is_beta":false,"boss_relics":[],"items_purged_floors":[5],"is_endless":false,"potions_floor_spawned":[2,4,6],"killed_by":"3 Sentries","ascension_level":3}}