{"host":"dbkc9h3etq50r1dq","time":1610445631,"event":{"mods":["AchievementEnabler","BaseMod","Block Reminder","Colored Powertips","Curses Come First","Custom Start","Dark Map","Minty Spire (QoL Compilation)","Permanent Neow","Potion Indicator Mod","Rare Cards Sparkle","StSLib","SuperFastMode","The Jungle"],"gold_per_floor":[110,110,185,200,200,218,218,243,295,295,18,31,31,31,31,31,31],"floor_reached":16,"playtime":527,"items_purged":["Strike_R"],"score":127,"play_id":"967444e8-ddb5-445f-83bf-4aa477bd38f3","local_time":"20210112180031","is_ascension_mode":true,"campfire_choices":[{"floor":10.0,"key":"REST"},{"data":"Feed","floor":15,"key":"SMITH"}],"circlet_count":0,"master_deck":["Strike_R","Strike_R","Strike_R","Defend_R","Defend_R","Defend_R","Defend_R","Bash","Shrug It Off","Armaments","Feed+1","Juggernaut","Shrug It Off","Parasite"],"relics":["Burning Blood","Charon\u0027s Ashes","Tiny Chest","Peace Pipe","Art of War","Strange Spoon","Ice Cream"],"acts_visited":["Exordium"],"potions_floor_usage":[],"damage_taken":[{"damage":14.0,"enemies":"Jaw Worm","floor":1.0,"turns":5.0},{"damage":2.0,"enemies":"2 Louse","floor":4.0,"turns":4.0},{"damage":2.0,"enemies":"Cultist","floor":6.0,"turns":5.0},{"damage":8.0,"enemies":"3 Sentries","floor":8.0,"turns":8.0},{"damage":0.0,"enemies":"2 Fungi Beasts","floor":12.0,"turns":4.0},{"damage":82,"enemies":"Slime Boss","floor":16,"turns":16}],"seed_played":"-5227994439936142788","potions_obtained":[{"floor":4.0,"key":"EssenceOfSteel"},{"floor":5.0,"key":"Fruit Juice"},{"floor":5.0,"key":"DuplicationPotion"},{"floor":5.0,"key":"DuplicationPotion"}],"is_trial":false,"path_per_floor":["M","?","?","M","?","M","?","E","T","R","$","M","?","?","R","B"],"character_chosen":"IRONCLAD","items_purchased":["Strange Spoon","Shrug It Off"],"campfire_rested":1,"item_purchase_floors":[11,11],"current_hp_per_floor":[43,36,25,29,34,38,26,27,27,53,53,62,84,84,84,2,2],"gold":31,"neow_bonus":"ONE_RARE_RELIC","is_daily":false,"chose_seed":false,"campfire_upgraded":1,"win_rate":0.0,"timestamp":1610445631,"path_taken":["M","?","?","M","?","?","?","E","T","R","$","M","?","?","R","BOSS"],"items_purchased_type":["Relic","Card"],"build_version":"2020-12-22","purchased_purges":1,"victory":false,"max_hp_per_floor":[80,80,80,80,85,85,85,88,88,88,88,91,91,91,91,91,91],"card_choices":[{"not_picked":["Sword Boomerang","Perfected Strike"],"picked":"Shrug It Off","floor":1.0},{"not_picked":["Iron Wave","Cleave"],"picked":"Armaments","floor":4.0},{"not_picked":["True Grit","Intimidate"],"picked":"Feed","floor":6.0},{"not_picked":["Anger","Perfected Strike"],"picked":"Juggernaut","floor":8.0},{"not_picked":["Searing Blow","Hemokinesis","Sever Soul"],"picked":"SKIP","floor":12.0}],"player_experience":138562,"relics_obtained":[{"floor":8.0,"key":"Peace Pipe"},{"floor":9.0,"key":"Art of War"}],"event_choices":[{"cards_removed":["Strike_R"],"damage_healed":0.0,"max_hp_gain":0.0,"max_hp_loss":0.0,"gold_gain":0.0,"event_name":"Golden Wing","player_choice":"Card Removal","floor":2.0,"gold_loss":0.0,"damage_taken":7.0},{"damage_healed":0.0,"max_hp_gain":0.0,"max_hp_loss":0.0,"gold_gain":75.0,"event_name":"World of Goop","player_choice":"Gather Gold","floor":3.0,"gold_loss":0.0,"damage_taken":11.0},{"damage_healed":0.0,"max_hp_gain":0.0,"max_hp_loss":0.0,"gold_gain":0.0,"event_name":"Lab","player_choice":"Got Potions","floor":5.0,"gold_loss":0.0,"damage_taken":0.0},{"damage_healed":0.0,"max_hp_gain":0.0,"max_hp_loss":0.0,"gold_gain":0.0,"event_name":"Scrap Ooze","player_choice":"Success","floor":7.0,"gold_loss":0.0,"damage_taken":12.0,"relics_obtained":["Tiny Chest"]},{"damage_healed":22.0,"max_hp_gain":0.0,"max_hp_loss":0.0,"gold_gain":0.0,"event_name":"Mushrooms","player_choice":"Healed and dodged fight","floor":13.0,"gold_loss":0.0,"damage_taken":0.0,"cards_obtained":["Parasite"]},{"damage_healed":0,"gold_gain":0,"player_choice":"Searched \u00271\u0027 times","damage_taken":0,"relics_obtained":["Ice Cream"],"max_hp_gain":0,"max_hp_loss":0,"event_name":"Dead Adventurer","floor":14,"gold_loss":0}],"is_beta":false,"boss_relics":[],"items_purged_floors":[11],"is_endless":false,"potions_floor_spawned":[4],"killed_by":"Slime Boss","ascension_level":6}}