{"host":"jl3raagrljzztomj","time":1610413379,"event":{"mods":["BaseMod","BetterRewards","Custom Start","Highlight Path","Minty Spire (QoL Compilation)","Permanent Neow","StSLib"],"gold_per_floor":[113,188,188,201,129,161,161,161,161,161,161,161,181,193,193,193,193],"floor_reached":16,"playtime":680,"items_purged":[],"score":98,"play_id":"4bb45579-c877-4284-8ff8-dd3e7a427f22","local_time":"20210111190259","is_ascension_mode":false,"campfire_choices":[{"floor":7,"key":"REST"},{"data":"True Grit","floor":10,"key":"SMITH"},{"data":"Evolve","floor":12,"key":"SMITH"},{"data":"Strike_R","floor":15,"key":"SMITH"}],"circlet_count":0,"master_deck":["Strike_R+1","Strike_R+1","Strike_R","Defend_R","Defend_R","Defend_R","Defend_R","Bash+1","Evolve+1","True Grit+1"],"relics":["Burning Blood","Potion Belt","HornCleat","White Beast Statue","TungstenRod"],"acts_visited":["Exordium"],"potions_floor_usage":[16,16],"damage_taken":[{"damage":1,"enemies":"Jaw Worm","floor":1,"turns":5},{"damage":3,"enemies":"2 Louse","floor":4,"turns":4},{"damage":22,"enemies":"3 Sentries","floor":6,"turns":12},{"damage":1,"enemies":"Small Slimes","floor":13,"turns":4},{"damage":5,"enemies":"Exordium Wildlife","floor":14,"turns":8},{"damage":58,"enemies":"Slime Boss","floor":16,"turns":11}],"seed_played":"8110331976877741235","potions_obtained":[{"floor":13,"key":"LiquidBronze"},{"floor":14,"key":"DuplicationPotion"}],"is_trial":false,"path_per_floor":["M","?","?","M","$","E","R","T","T","R","?","R","M","M","R","B"],"character_chosen":"IRONCLAD","items_purchased":["Evolve"],"campfire_rested":1,"item_purchase_floors":[5],"current_hp_per_floor":[72,61,47,50,50,34,55,55,55,55,52,52,57,58,58,0,0],"gold":193,"neow_bonus":"REMOVE_TWO","is_daily":false,"chose_seed":false,"campfire_upgraded":3,"win_rate":0.0,"timestamp":1610413379,"path_taken":["M","?","?","M","$","E","R","?","T","R","?","R","?","M","R","BOSS"],"items_purchased_type":["Card"],"build_version":"2020-12-22","purchased_purges":0,"victory":false,"max_hp_per_floor":[72,72,72,72,72,72,72,72,72,72,72,72,72,72,72,72,72],"card_choices":[{"not_picked":["Headbutt","Flex","Iron Wave"],"picked":"SKIP","floor":1},{"not_picked":["Anger","Shrug It Off","Pommel Strike"],"picked":"SKIP","floor":4},{"not_picked":["Seeing Red","Brutality"],"picked":"True Grit","floor":6},{"not_picked":["Armaments","Thunderclap","Second Wind"],"picked":"SKIP","floor":13},{"not_picked":["Cleave","Evolve","Iron Wave"],"picked":"SKIP","floor":14}],"player_experience":902950,"relics_obtained":[{"floor":6,"key":"Potion Belt"},{"floor":8,"key":"HornCleat"},{"floor":9,"key":"White Beast Statue"}],"event_choices":[{"damage_healed":0,"gold_gain":75,"player_choice":"Gather Gold","damage_taken":11,"max_hp_gain":0,"max_hp_loss":0,"event_name":"World of Goop","floor":2,"gold_loss":0},{"damage_healed":0,"gold_gain":0,"player_choice":"Entered Light","damage_taken":14,"max_hp_gain":0,"max_hp_loss":0,"event_name":"Shining Light","floor":3,"gold_loss":0,"cards_upgraded":["Strike_R","Bash"]},{"damage_healed":0,"gold_gain":0,"player_choice":"Success","damage_taken":3,"relics_obtained":["TungstenRod"],"max_hp_gain":0,"max_hp_loss":0,"event_name":"Scrap Ooze","floor":11,"gold_loss":0}],"is_beta":false,"boss_relics":[],"items_purged_floors":[],"is_endless":false,"potions_floor_spawned":[13,14],"killed_by":"Slime Boss","ascension_level":0}}