{"host":"jfbo3eu2ui08ej1u","time":1610465107,"event":{"mods":["2.2 Compatiblity","AchievementEnabler","Act Like it!","Aspiration","BaseMod","Better Altar","Better Match","Better Note","Better Sensory Stone","Better Skull","Better Third Choice","Block Reminder","Colored Map","Colored Powertips","Conspire","DeckTracker","Displayed Cursed Tome","Downfall","Energized Spire","Fox Events","GifTheSpireLib","Hermit","Hubris","Infinite Spire","Marked Mod","Minty Spire (QoL Compilation)","Pale of the Ancients","Quick Restart","RRrroohrrRGHHhhh!!","Relic Filter","Reorder Act Four","Replay The Spire","Shop Mod","Spicy Shops","StSLib","Stuff the Spire","The Blue Laboratory","The Disciple","The Forsaken","The Hierophant","The Marked","Uncapped","Unceasing Turn Reminder","Wandering Minibosses"],"gold_per_floor":[99,109,121,152,166,200,200,230,230,64,64,79,104,104,119,220,220,145,164,33,133,133,133,133,133,179,206,227,21,21,21,40,155,155,155,171,188,197,197,224,295,101,101,136,162,162,162,204,216,216],"floor_reached":51,"playtime":3375,"items_purged":["hexamod:Strike","hexamod:Strike","Languid","hexamod:Sear"],"score":788,"play_id":"1f1ff852-8dec-4247-a71d-2af47a7bae01","local_time":"20210112102507","is_ascension_mode":false,"campfire_choices":[{"floor":1,"key":"DIG"},{"floor":11,"key":"REST"},{"data":"hexamod:SpectralAdrenaline","floor":18,"key":"SMITH"},{"data":"hexamod:HexaLevel","floor":23,"key":"SMITH"},{"data":"hexamod:TimeWarp","floor":30,"key":"SMITH"},{"data":"hexamod:SpectralAdrenaline","floor":35,"key":"SMITH"},{"data":"hubris:EnhanceAbility","floor":43,"key":"SMITH"}],"circlet_count":0,"master_deck":["hexamod:Defend","hexamod:Defend","hexamod:Defend","hexamod:Defend","hexamod:Float+1","hexamod:SpectersWail","hexamod:HexaLevel+1","hexamod:Again","hexamod:Rewind","hexamod:FastForward","hexamod:GhostflameInferno","hexamod:Again","hexamod:BacktrackSmack+1","Pot Of Greed","Pot Of Greed","hexamod:SpectralAdrenaline+1","hexamod:TimeWarp+1","AbeCurse","hexamod:SoulSteal","hexamod:GhostOfSpirePast","hexamod:GhostflameBarrier","hexamod:EmpoweredFlame","Pot Of Greed","hexamod:ThirdSeal","hexamod:HauntingEcho","hexamod:SpectralAdrenaline+1","hexamod:FirstSeal","hexamod:FastForward","hexamod:HexaLevel","hexamod:CrushingStance","hubris:EnhanceAbility+1","expansioncontent:BronzeBeam","infinitespire:Starlight","expansioncontent:Collect","Pot Of Greed","Parasite","hexamod:GhostOfSpireFuture","rorgmod:Reflex+1","hexamod:FastForward+1"],"relics":["hexamod:SpiritBrand","Vajra","Anchor","InkBottle","infinitespire:Broken Mirror","conspire:GlowingRock","Grinning Jar","Abe\u0027s Treasure","downfall:HeartBlessingGreen","Nunchaku","Toy Ornithopter","Letter Opener","CeramicFish","infinitespire:PuzzleCube","Eternal Feather","aspiration:SilentSkillbook","ReplayTheSpireMod:Ring of Collecting","Ring of Fury","Replay:Ringing Soul","Ring of Panic","ReplayTheSpireMod:ShopPack","ReplayTheSpireMod:Ring of Exchange","Sundial","infinitespire:Satchel"],"acts_visited":["Exordium","TheCity","TheBeyond"],"potions_floor_usage":[13,13,21,28,32,45,49],"damage_taken":[{"damage":0,"enemies":"Cultist","floor":2,"turns":3},{"damage":1,"enemies":"2 Louse","floor":3,"turns":2},{"damage":21,"enemies":"conspire:MimicChest","floor":4,"turns":6},{"damage":0,"enemies":"Small Slimes","floor":5,"turns":3},{"damage":19,"enemies":"Lagavulin","floor":6,"turns":7},{"damage":6,"enemies":"Replay:BlueRogue","floor":8,"turns":5},{"damage":0,"enemies":"downfall:FleeingMerchant","floor":10,"turns":4},{"damage":0,"enemies":"Exordium Wildlife","floor":12,"turns":2},{"damage":14,"enemies":"Gremlin Nob","floor":13,"turns":4},{"damage":0,"enemies":"Blue Slaver","floor":15,"turns":3},{"damage":8,"enemies":"downfall:Watcher","floor":16,"turns":6},{"damage":9,"enemies":"3 Byrds","floor":19,"turns":4},{"damage":0,"enemies":"downfall:FleeingMerchant","floor":20,"turns":4},{"damage":0,"enemies":"downfall:LadyInBlue","floor":21,"turns":4},{"damage":0,"enemies":"Chosen","floor":22,"turns":1},{"damage":17,"enemies":"Slavers","floor":26,"turns":4},{"damage":0,"enemies":"3 Cultists","floor":27,"turns":3},{"damage":0,"enemies":"Sentry and Sphere","floor":28,"turns":3},{"damage":8,"enemies":"downfall:FleeingMerchant","floor":29,"turns":4},{"damage":6,"enemies":"Shelled Parasite and Fungi","floor":32,"turns":4},{"damage":11,"enemies":"downfall:Defect","floor":33,"turns":5},{"damage":21,"enemies":"3 Darklings","floor":36,"turns":4},{"damage":0,"enemies":"3 Shapes","floor":37,"turns":3},{"damage":0,"enemies":"Writhing Mass","floor":44,"turns":5},{"damage":12,"enemies":"3 Darklings","floor":45,"turns":4},{"damage":21,"enemies":"Nemesis","floor":48,"turns":5},{"damage":6,"enemies":"Spire Growth","floor":49,"turns":5},{"damage":33,"enemies":"downfall:Silent","floor":50,"turns":5}],"seed_played":"5083558268576627017","potions_obtained":[{"floor":4,"key":"blueLaboratory:Moonshine"},{"floor":8,"key":"blueLaboratory:SavagePotion"},{"floor":12,"key":"blueLaboratory:BubblePotion"},{"floor":15,"key":"blueLaboratory:ForbiddenFruitJuice"},{"floor":16,"key":"blueLaboratory:BottledHope"},{"floor":21,"key":"CultistPotion"},{"floor":21,"key":"Dexterity Potion"},{"floor":21,"key":"Toxic Potion"},{"floor":21,"key":"SpeedPotion"},{"floor":27,"key":"Block Potion"},{"floor":32,"key":"blueLaboratory:CorrosionFlask"},{"floor":36,"key":"SkillPotion"},{"floor":49,"key":"Fruit Juice"}],"is_trial":false,"path_per_floor":["R_BF","M","M","?","M","E","T","E","?","$","R","M","E","?","M","B",null,"R","M","$","?","M","R","T","?","E","M","M","$","R","?","M","B",null,"R","M","M","?","T","AVR","T","$","R","M","M","?","?","E","M","B",null],"character_chosen":"THE_SPIRIT","items_purchased":["hexamod:Again","hexamod:GhostOfSpirePast","Nunchaku","hexamod:FirstSeal","infinitespire:PuzzleCube","Eternal Feather","expansioncontent:Collect"],"campfire_rested":1,"item_purchase_floors":[10,20,20,29,29,29,42],"current_hp_per_floor":[70,70,69,48,48,29,29,23,23,23,44,44,30,30,30,22,70,70,61,61,61,61,61,61,53,36,36,41,33,48,48,54,50,70,70,56,63,63,63,66,66,69,76,79,77,82,82,74,85,69],"gold":216,"neow_bonus":"UPGRADE_CARD","is_daily":false,"chose_seed":false,"campfire_upgraded":5,"win_rate":0.0,"timestamp":1610465107,"path_taken":["R_BF","M","M","?","M","E","T","E","?","$","R","M","E","?","M","BOSS","R","M","$","?","M","R","T","?","E","M","M","$","R","?","M","BOSS","R","M","M","?","?","AVR","T","$","R","M","?","?","?","E","M","BOSS"],"items_purchased_type":["Card","Card","Relic","Card","Relic","Relic","Card"],"build_version":"2020-12-22","purchased_purges":4,"victory":true,"max_hp_per_floor":[70,70,70,70,70,70,70,70,70,70,70,70,70,70,70,70,70,70,70,70,70,70,70,70,70,70,70,70,70,70,70,70,70,70,70,70,70,70,70,73,73,76,76,79,82,82,82,85,90,90],"card_choices":[{"not_picked":["hexamod:BacktrackSmack","hexamod:ThermalTransfer"],"picked":"hexamod:SpectersWail","floor":2},{"not_picked":["hexamod:BacktrackSmack","hexamod:GhostOfSpirePresent"],"picked":"hexamod:HexaLevel","floor":3},{"not_picked":["hexamod:BurningTouch","hexamod:SpectersWail"],"picked":"hexamod:Again","floor":4},{"not_picked":["hexamod:BurningTouch","hexamod:Firestarter"],"picked":"hexamod:Rewind","floor":5},{"not_picked":["hexamod:RainOfEmbers","hexamod:ThermalTransfer"],"picked":"hexamod:FastForward","floor":6},{"not_picked":["hexamod:BurningTouch","hexamod:ExtraCrispy"],"picked":"hexamod:GhostflameInferno","floor":8},{"not_picked":["hexamod:ShieldOfDarkness","hexamod:NightmareStrike","hexamod:NightmareGuise"],"picked":"SKIP","floor":10},{"not_picked":["hexamod:ChargedBarrage","hexamod:ShieldOfDarkness"],"picked":"hexamod:BacktrackSmack","floor":12},{"not_picked":["hexamod:Firestarter","hexamod:InspiringFlames","hexamod:GhostflameInferno"],"picked":"SKIP","floor":13},{"not_picked":["hexamod:ExtraCrispy","hexamod:ShieldOfDarkness"],"picked":"hexamod:SpectralAdrenaline","floor":15},{"not_picked":["hexamod:TimeOfNeed","hexamod:UnleashSpirits"],"picked":"hexamod:TimeWarp","floor":16},{"not_picked":["hexamod:InspiringFlames","hexamod:NecessarySacrifice","hexamod:RecurringNightmare"],"picked":"SKIP","floor":19},{"not_picked":["hexamod:NecessarySacrifice+1","hexamod:ShieldOfDarkness"],"picked":"hexamod:SoulSteal","floor":20},{"not_picked":["hexamod:NightmareStrike","hexamod:GhostLash"],"picked":"hexamod:GhostflameBarrier","floor":21},{"not_picked":["hexamod:NightmareStrike","hexamod:Firestarter","hexamod:Again"],"picked":"SKIP","floor":22},{"not_picked":["hexamod:BurningTouch","hexamod:Hexaguard"],"picked":"hexamod:EmpoweredFlame","floor":26},{"not_picked":["hexamod:SpectersWail","hexamod:InspiringFlames"],"picked":"hexamod:ThirdSeal","floor":27},{"not_picked":["hexamod:Haunt","hexamod:GhostLash"],"picked":"hexamod:HauntingEcho","floor":28},{"not_picked":["hexamod:FourthSeal","hexamod:GhostLash","hexamod:NightmareGuise"],"picked":"SKIP","floor":28},{"not_picked":["hexamod:ChargedBarrage","hexamod:GhostflameInferno"],"picked":"hexamod:SpectralAdrenaline","floor":29},{"not_picked":["hexamod:NightmareGuise","hexamod:GhostLash","hexamod:SpectersWail"],"picked":"SKIP","floor":29},{"not_picked":["hexamod:Firestarter+1","hexamod:GhostLash+1"],"picked":"hexamod:FastForward","floor":32},{"not_picked":["hexamod:GhostLash","hexamod:SwordOfDarkness","hexamod:Incineration"],"picked":"SKIP","floor":32},{"not_picked":["hexamod:ParanormalForm","hexamod:GhostflameInferno"],"picked":"hexamod:HexaLevel","floor":33},{"not_picked":["hexamod:WildfireWeapon","hexamod:ParanormalForm"],"picked":"hexamod:CrushingStance","floor":33},{"not_picked":["Dodge and Roll+1","Dagger Throw+1","rorgmod:Tendon Slice","rorgmod:Accuracy+1"],"picked":"SKIP","floor":36},{"not_picked":["StuffTheSpire:BumpUp+1","hexamod:AdvancingGuard+1","hexamod:FirstSeal","hexamod:GhostShield+1"],"picked":"SKIP","floor":36},{"not_picked":["rorgmod:Reflex","Bane+1","Predator","ReplayTheSpireMod:The Works+1"],"picked":"SKIP","floor":37},{"not_picked":["hexamod:InspiringFlames+1","Dodge and Roll+1","hexamod:NightmareGuise","hexamod:Hexaguard"],"picked":"SKIP","floor":37},{"not_picked":["ReplayTheSpireMod:Necrogeddon","Replay:Dark Deal","Discovery"],"picked":"hubris:EnhanceAbility","floor":40},{"not_picked":["expansioncontent:PolyBeam","expansioncontent:Corrupt","expansioncontent:Chronoboost"],"picked":"expansioncontent:BronzeBeam","floor":40},{"not_picked":["hexamod:Firestarter","StuffTheSpire:Shiver+1","hexamod:SecondSeal"],"picked":"hexamod:GhostOfSpireFuture","floor":44},{"not_picked":["Quick Slash","Hidden Blade+1","hexamod:GhostLash+1","Predator+1"],"picked":"SKIP","floor":44},{"not_picked":["hexamod:NightmareGuise+1","Slice","hexamod:SearingWound"],"picked":"rorgmod:Reflex+1","floor":45},{"not_picked":["Accuracy","hexamod:ThermalTransfer+1","Escape Plan+1","Acrobatics+1"],"picked":"SKIP","floor":45},{"not_picked":["Bullet Time","StuffTheSpire:Python+1","hexamod:ChargedBarrage+1"],"picked":"hexamod:FastForward+1","floor":48},{"not_picked":["hexamod:ExtraCrispy","hexamod:GhostShield","hexamod:HeatMetal+1","rorgmod:Catalyst+1"],"picked":"SKIP","floor":48},{"not_picked":["Replay:Bag of Tricks","StuffTheSpire:DoubleShiv","hexamod:PhantomFireball+1","Deadly Poison+1"],"picked":"SKIP","floor":49},{"not_picked":["hexamod:NightmareStrike+1","hexamod:GhostOfSpirePresent","Blade Dance","ReplayTheSpireMod:Shiv Toss"],"picked":"SKIP","floor":49}],"player_experience":1221467,"relics_obtained":[{"floor":1,"key":"Vajra"},{"floor":4,"key":"Anchor"},{"floor":6,"key":"InkBottle"},{"floor":7,"key":"infinitespire:Broken Mirror"},{"floor":8,"key":"conspire:GlowingRock"},{"floor":13,"key":"Grinning Jar"},{"floor":21,"key":"Toy Ornithopter"},{"floor":24,"key":"Letter Opener"},{"floor":26,"key":"CeramicFish"},{"floor":38,"key":"ReplayTheSpireMod:Ring of Collecting"},{"floor":38,"key":"Ring of Fury"},{"floor":39,"key":"Replay:Ringing Soul"},{"floor":39,"key":"Ring of Panic"},{"floor":41,"key":"ReplayTheSpireMod:Ring of Exchange"},{"floor":41,"key":"Sundial"},{"floor":48,"key":"infinitespire:Satchel"}],"event_choices":[{"cards_removed":["hexamod:Strike"],"damage_healed":0,"gold_gain":0,"player_choice":"Offered Basic","damage_taken":0,"max_hp_gain":0,"max_hp_loss":0,"event_name":"Bonfire Elementals","floor":31,"gold_loss":0}],"is_beta":false,"boss_relics":[{"not_picked":["energizedSpire:RedRose","Pandora\u0027s Box"],"picked":"Abe\u0027s Treasure"},{"not_picked":["Ring of Chaos","Replay:Bronze Core"],"picked":"aspiration:SilentSkillbook"}],"items_purged_floors":[10,29,40,42],"is_endless":false,"potions_floor_spawned":[4,8,12,15,16,21,27,32,36,49],"ascension_level":0}}