{"host":"31s8hzukbhz1k6i6","time":1610418921,"event":{"mods":["AchievementEnabler","BaseMod","Bestiary","Colored Map","Filter the Spire","Minty Spire (QoL Compilation)","Relic Stats","ojb\u0027s Info Mod"],"gold_per_floor":[10,10,34,66,90,102,114,161,197,243,255,267,279,305,317,329,329],"floor_reached":16,"playtime":695,"items_purged":[],"score":220,"play_id":"b05a151f-e251-4e6e-9bd4-c42b34f66128","local_time":"20210111183521","is_ascension_mode":true,"campfire_choices":[{"data":"Skewer","floor":6,"key":"SMITH"},{"floor":11,"key":"REST"},{"data":"Bouncing Flask","floor":15,"key":"SMITH"}],"circlet_count":0,"master_deck":["AscendersBane","Strike_G","Strike_G","Strike_G+1","Strike_G+1","Strike_G+1","Defend_G","Defend_G","Defend_G","Defend_G","Defend_G","Survivor","Neutralize+1","Bouncing Flask+1","Skewer+1","Dagger Spray","Leg Sweep"],"relics":["Ring of the Snake","MawBank","Toy Ornithopter","Whetstone","Bronze Scales","Happy Flower"],"acts_visited":["Exordium"],"potions_floor_usage":[8,10,10],"damage_taken":[{"damage":0.0,"enemies":"Jaw Worm","floor":1.0,"turns":7.0},{"damage":0.0,"enemies":"Cultist","floor":3.0,"turns":4.0},{"damage":1,"enemies":"2 Louse","floor":4,"turns":2},{"damage":12,"enemies":"Looter","floor":5,"turns":4},{"damage":22,"enemies":"Gremlin Nob","floor":8,"turns":4},{"damage":11,"enemies":"Lagavulin","floor":10,"turns":5},{"damage":1,"enemies":"2 Fungi Beasts","floor":14,"turns":3},{"damage":24,"enemies":"Slime Boss","floor":16,"turns":5}],"seed_played":"-2310091402080081212","potions_obtained":[{"floor":3,"key":"Weak Potion"},{"floor":4,"key":"Weak Potion"},{"floor":5,"key":"PowerPotion"},{"floor":8,"key":"DuplicationPotion"}],"is_trial":false,"path_per_floor":["M","?","M","M","M","R","?","E","T","E","R","$","?","M","R","B"],"character_chosen":"THE_SILENT","items_purchased":[],"campfire_rested":1,"item_purchase_floors":[],"current_hp_per_floor":[59,59,59,58,46,46,26,4,4,3,22,22,22,21,21,0,0],"gold":329,"neow_bonus":"THREE_RARE_CARDS","is_daily":false,"chose_seed":false,"campfire_upgraded":2,"win_rate":0.0,"timestamp":1610418921,"path_taken":["M","?","?","M","M","R","?","E","T","E","R","$","?","M","R","BOSS"],"items_purchased_type":[],"build_version":"2020-12-22","purchased_purges":0,"victory":false,"max_hp_per_floor":[66,66,66,66,66,66,66,66,66,66,66,66,66,66,66,66,66],"relic_stats":{"Happy Flower":[2],"counters":[8,34],"Bronze Scales":[12],"Whetstone":["Strike_G","Neutralize"],"MawBank":168,"obtain_stats":[{"Happy Flower":13,"Bronze Scales":10,"Whetstone":9,"MawBank":2,"Toy Ornithopter":8,"Ring of the Snake":0},{"Happy Flower":6,"Bronze Scales":6,"Whetstone":5,"MawBank":1,"Toy Ornithopter":5,"Ring of the Snake":0},{"Happy Flower":26,"Bronze Scales":26,"Whetstone":21,"MawBank":7,"Toy Ornithopter":21,"Ring of the Snake":0}],"Toy Ornithopter":10,"Ring of the Snake":[16]},"card_choices":[{"not_picked":["Wraith Form v2","Malaise"],"picked":"Grand Finale","floor":0.0},{"not_picked":["Flying Knee","Dagger Throw"],"picked":"Bouncing Flask","floor":1.0},{"not_picked":["Finisher","Escape Plan"],"picked":"Skewer","floor":3},{"not_picked":["Outmaneuver","Skewer"],"picked":"Dagger Spray","floor":4},{"not_picked":["Poisoned Stab","Deflect","Heel Hook"],"picked":"SKIP","floor":5},{"not_picked":["Poisoned Stab","Night Terror"],"picked":"Leg Sweep","floor":8},{"not_picked":["Sucker Punch","Dagger Throw","Finisher"],"picked":"SKIP","floor":10},{"not_picked":["Heel Hook","Backflip","Bouncing Flask"],"picked":"SKIP","floor":14}],"player_experience":177463,"relics_obtained":[{"floor":8,"key":"Toy Ornithopter"},{"floor":9,"key":"Whetstone"},{"floor":10,"key":"Bronze Scales"}],"event_choices":[{"cards_removed":["Grand Finale"],"damage_healed":0.0,"max_hp_gain":0.0,"max_hp_loss":0.0,"gold_gain":0.0,"event_name":"WeMeetAgain","player_choice":"Gave Card","floor":2.0,"gold_loss":0.0,"damage_taken":0.0,"relics_obtained":["MawBank"]},{"damage_healed":0,"gold_gain":0,"player_choice":"Entered Light","damage_taken":20,"max_hp_gain":0,"max_hp_loss":0,"event_name":"Shining Light","floor":7,"gold_loss":0,"cards_upgraded":["Strike_G","Strike_G"]},{"damage_healed":0,"gold_gain":0,"player_choice":"Searched \u00271\u0027 times","damage_taken":0,"relics_obtained":["Happy Flower"],"max_hp_gain":0,"max_hp_loss":0,"event_name":"Dead Adventurer","floor":13,"gold_loss":0}],"is_beta":false,"boss_relics":[],"items_purged_floors":[],"is_endless":false,"potions_floor_spawned":[3,4,5,8],"killed_by":"Slime Boss","ascension_level":20}}