{"host":"2qv44oxt58ptq59r","time":1610465715,"event":{"mods":["AchievementEnabler","BaseMod","Colored Powertips","Highlight Path","Minty Spire (QoL Compilation)","Permanent Neow","StSLib"],"gold_per_floor":[119,6,19,32,48,48,62,62,116,116,116,150,150,191,191,191,191],"floor_reached":16,"playtime":1440,"items_purged":[],"score":110,"play_id":"c33adf1a-18d5-4237-b3e9-d98546e10548","local_time":"20210112153515","is_ascension_mode":false,"campfire_choices":[{"data":"Uppercut","floor":6.0,"key":"SMITH"},{"data":"Bash","floor":8.0,"key":"SMITH"},{"floor":11.0,"key":"REST"},{"data":"Intimidate","floor":13,"key":"SMITH"},{"floor":15,"key":"REST"}],"circlet_count":0,"master_deck":["Strike_R","Strike_R","Strike_R","Strike_R","Strike_R","Defend_R","Defend_R","Defend_R","Defend_R","Bash+1","Uppercut+1","Good Instincts","Shrug It Off","Sword Boomerang","Intimidate+1","Shockwave"],"relics":["Burning Blood","Golden Idol","Frozen Egg 2","Akabeko"],"acts_visited":["Exordium"],"potions_floor_usage":[12],"damage_taken":[{"damage":3.0,"enemies":"Jaw Worm","floor":1.0,"turns":4.0},{"damage":0.0,"enemies":"2 Louse","floor":3.0,"turns":2.0},{"damage":0.0,"enemies":"Cultist","floor":4.0,"turns":3.0},{"damage":2.0,"enemies":"Blue Slaver","floor":5.0,"turns":5.0},{"damage":14.0,"enemies":"3 Louse","floor":7.0,"turns":4.0},{"damage":20,"enemies":"Lagavulin","floor":12,"turns":7},{"damage":27,"enemies":"3 Sentries","floor":14,"turns":13},{"damage":77,"enemies":"Hexaghost","floor":16,"turns":14}],"seed_played":"-3623409694272422555","potions_obtained":[{"floor":1.0,"key":"Block Potion"},{"floor":7.0,"key":"Swift Potion"}],"is_trial":false,"path_per_floor":["M","$","M","M","M","R","M","R","T","?","R","E","R","E","R","B"],"character_chosen":"IRONCLAD","items_purchased":["Good Instincts","Shrug It Off"],"campfire_rested":2,"item_purchase_floors":[2,2],"current_hp_per_floor":[88,88,88,88,88,88,80,80,80,58,84,70,70,49,75,0,0],"gold":191,"neow_bonus":"TEN_PERCENT_HP_BONUS","is_daily":false,"chose_seed":false,"campfire_upgraded":3,"win_rate":0.0,"timestamp":1610465715,"path_taken":["M","$","M","M","M","R","M","R","T","?","R","E","R","E","R","BOSS"],"items_purchased_type":["Card","Card"],"build_version":"2020-12-22","purchased_purges":0,"victory":false,"max_hp_per_floor":[88,88,88,88,88,88,88,88,88,88,88,88,88,88,88,88,88],"card_choices":[{"not_picked":["Intimidate","Hemokinesis"],"picked":"Uppercut","floor":1.0},{"not_picked":["Anger","Heavy Blade","Searing Blow"],"picked":"SKIP","floor":3.0},{"not_picked":["Thunderclap","Searing Blow","Evolve"],"picked":"SKIP","floor":4.0},{"not_picked":["Reckless Charge","Body Slam","Warcry"],"picked":"SKIP","floor":5.0},{"not_picked":["Heavy Blade","Warcry"],"picked":"Sword Boomerang","floor":7.0},{"not_picked":["Sentinel","Evolve+1"],"picked":"Intimidate","floor":12},{"not_picked":["Blood for Blood","Combust+1"],"picked":"Shockwave","floor":14}],"player_experience":5306201,"relics_obtained":[{"floor":12,"key":"Frozen Egg 2"},{"floor":14,"key":"Akabeko"}],"event_choices":[{"damage_healed":0.0,"max_hp_gain":0.0,"max_hp_loss":0.0,"gold_gain":0.0,"event_name":"Golden Idol","player_choice":"Take Damage","floor":10.0,"gold_loss":0.0,"damage_taken":22.0,"relics_obtained":["Golden Idol"]}],"is_beta":false,"boss_relics":[],"items_purged_floors":[],"is_endless":false,"potions_floor_spawned":[1,7],"killed_by":"Hexaghost","ascension_level":0}}