{"host":"3y2rtlgteqp2nuo3","time":1610423883,"event":{"mods":["2.2 Compatiblity","AchievementEnabler","BaseMod","Colored Map","DeckTracker","Highlight Path","Keyboard Shortcuts","Minty Spire (QoL Compilation)","Permanent Neow","Quick Restart","StSLib","SuperFastMode","everything is the same but u backflip on backflip"],"gold_per_floor":[118,133,146,146,71,71,98,98,98,116,116,128,144,158,158,259,259,269,45,45,144,156,156,156,156,234,254,254,154,179,192,192,291,291,304,320,102,102,102,102,117,117,169,169,184,184,211,0,0,0],"floor_reached":51,"playtime":1448,"items_purged":["Strike_G","Strike_G","Strike_G"],"score":1053,"play_id":"c85c0d4e-b72e-4d72-bef7-9ebf740456a0","local_time":"20210112125803","is_ascension_mode":true,"campfire_choices":[{"data":"Poisoned Stab","floor":6.0,"key":"SMITH"},{"data":"Die Die Die","floor":8.0,"key":"SMITH"},{"data":"Noxious Fumes","floor":11.0,"key":"SMITH"},{"data":"Bane","floor":15.0,"key":"SMITH"},{"data":"Bouncing Flask","floor":23.0,"key":"SMITH"},{"data":"Neutralize","floor":25.0,"key":"SMITH"},{"data":"Footwork","floor":28.0,"key":"SMITH"},{"floor":32.0,"key":"REST"},{"data":"Wraith Form v2","floor":40.0,"key":"SMITH"},{"data":"Panacea","floor":44.0,"key":"SMITH"},{"data":"Dodge and Roll","floor":46.0,"key":"SMITH"},{"floor":49,"key":"REST"}],"circlet_count":0,"master_deck":["Strike_G","Defend_G","Defend_G","Defend_G","Defend_G","Defend_G","Survivor","Neutralize+1","Die Die Die+1","Dagger Throw","Poisoned Stab+1","Noxious Fumes+1","Dodge and Roll+1","Tools of the Trade","Backflip","Footwork+1","Bouncing Flask+1","Outmaneuver+1","Reflex+1","Deadly Poison+1","Wraith Form v2+1","Panacea+1","Crippling Poison+1","Writhe"],"relics":["Ring of the Serpent","Bottled Flame","Bag of Marbles","Philosopher\u0027s Stone","OrangePellets","Eternal Feather","Molten Egg 2","Ornamental Fan","Strawberry","Happy Flower","Red Mask"],"acts_visited":["Exordium","TheCity","TheBeyond"],"potions_floor_usage":[47,50,50],"damage_taken":[{"damage":2.0,"enemies":"Cultist","floor":1.0,"turns":4.0},{"damage":1.0,"enemies":"Small Slimes","floor":2.0,"turns":3.0},{"damage":0.0,"enemies":"2 Louse","floor":3.0,"turns":1.0},{"damage":10.0,"enemies":"Gremlin Nob","floor":7.0,"turns":3.0},{"damage":0.0,"enemies":"Lots of Slimes","floor":10.0,"turns":1.0},{"damage":0.0,"enemies":"3 Louse","floor":12.0,"turns":1.0},{"damage":0.0,"enemies":"Exordium Wildlife","floor":13.0,"turns":2.0},{"damage":0.0,"enemies":"Looter","floor":14.0,"turns":3.0},{"damage":23.0,"enemies":"Hexaghost","floor":16.0,"turns":8.0},{"damage":12.0,"enemies":"Shell Parasite","floor":18.0,"turns":5.0},{"damage":0.0,"enemies":"Chosen","floor":22.0,"turns":3.0},{"damage":7.0,"enemies":"Centurion and Healer","floor":27.0,"turns":8.0},{"damage":24.0,"enemies":"Book of Stabbing","floor":30.0,"turns":6.0},{"damage":6.0,"enemies":"Snake Plant","floor":31.0,"turns":3.0},{"damage":46.0,"enemies":"Champ","floor":33.0,"turns":10.0},{"damage":0.0,"enemies":"3 Shapes","floor":35.0,"turns":4.0},{"damage":5.0,"enemies":"3 Darklings","floor":36.0,"turns":5.0},{"damage":9.0,"enemies":"Spire Growth","floor":41.0,"turns":6.0},{"damage":13.0,"enemies":"Writhing Mass","floor":45.0,"turns":6.0},{"damage":22,"enemies":"Giant Head","floor":47,"turns":10},{"damage":67,"enemies":"Donu and Deca","floor":50,"turns":9}],"seed_played":"-8609434485126987752","potions_obtained":[{"floor":2.0,"key":"Poison Potion"},{"floor":7.0,"key":"DuplicationPotion"},{"floor":13.0,"key":"SpeedPotion"},{"floor":18.0,"key":"Block Potion"},{"floor":30.0,"key":"Explosive Potion"},{"floor":33.0,"key":"GamblersBrew"}],"is_trial":false,"path_per_floor":["M","M","M","?","$","R","E","R","T","M","R","M","M","M","R","B",null,"M","$","?","?","M","R","?","R","T","M","R","$","E","M","R","B",null,"M","M","$","?","T","R","M","?","T","R","M","R","E","?","R","B",null],"character_chosen":"THE_SILENT","items_purchased":["OrangePellets","Footwork","Panacea"],"campfire_rested":2,"item_purchase_floors":[19,19,37],"current_hp_per_floor":[61,60,60,60,60,60,50,50,50,50,50,50,50,50,50,27,59,47,47,47,47,47,47,70,70,70,63,70,70,46,40,70,24,59,59,54,54,54,54,66,57,70,77,77,64,76,54,54,77,10],"gold":0,"neow_bonus":"ONE_RANDOM_RARE_CARD","is_daily":false,"chose_seed":false,"campfire_upgraded":10,"win_rate":0.0,"timestamp":1610423883,"path_taken":["M","M","M","?","?","R","E","R","T","?","R","?","M","M","R","BOSS","M","$","?","?","M","R","?","R","T","M","R","$","E","M","R","BOSS","M","?","$","?","?","R","M","?","T","R","M","R","E","?","R","BOSS"],"items_purchased_type":["Relic","Card","Card"],"build_version":"2020-12-22","purchased_purges":3,"victory":true,"max_hp_per_floor":[70,70,70,70,70,70,70,70,70,70,70,70,70,70,70,70,70,70,70,70,70,70,70,70,70,70,70,70,70,70,70,70,70,70,70,70,70,70,70,70,70,70,77,77,77,77,77,77,77,77],"card_choices":[{"not_picked":["Backflip","Expertise"],"picked":"Dagger Throw","floor":1.0},{"not_picked":["Choke","Blade Dance"],"picked":"Poisoned Stab","floor":2.0},{"not_picked":["Accuracy","Calculated Gamble"],"picked":"Bane","floor":3.0},{"not_picked":["Tactician","Cloak And Dagger"],"picked":"Noxious Fumes","floor":7.0},{"not_picked":["Bane","Prepared","Deflect"],"picked":"SKIP","floor":10.0},{"not_picked":["Bane","Prepared","Deflect"],"picked":"SKIP","floor":10.0},{"not_picked":["Finisher","Dodge and Roll","Eviscerate"],"picked":"SKIP","floor":12.0},{"not_picked":["Prepared","Quick Slash","Unload"],"picked":"SKIP","floor":13.0},{"not_picked":["Quick Slash","Sucker Punch"],"picked":"Dodge and Roll","floor":14.0},{"not_picked":["Storm of Steel","Die Die Die"],"picked":"Tools of the Trade","floor":16.0},{"not_picked":["Poisoned Stab","Sucker Punch"],"picked":"Backflip","floor":18.0},{"not_picked":["Cloak And Dagger","Deflect"],"picked":"Outmaneuver+1","floor":22.0},{"not_picked":["Concentrate","Blur"],"picked":"Reflex+1","floor":27.0},{"not_picked":["Backstab+1","Acrobatics+1"],"picked":"Deadly Poison+1","floor":30.0},{"not_picked":["Heel Hook+1","Sucker Punch+1","Quick Slash+1"],"picked":"SKIP","floor":31.0},{"not_picked":["Die Die Die+1","Malaise"],"picked":"Wraith Form v2","floor":33.0},{"not_picked":["Dagger Throw+1","Setup+1","Cloak And Dagger+1"],"picked":"SKIP","floor":35.0},{"not_picked":["Expertise","Flying Knee+1","Acrobatics+1"],"picked":"SKIP","floor":36.0},{"not_picked":["Expertise","Flying Knee+1","Acrobatics+1"],"picked":"SKIP","floor":36.0},{"not_picked":["Terror","Bouncing Flask+1"],"picked":"Crippling Poison+1","floor":41.0},{"not_picked":["Dash+1","Setup","Flechettes+1"],"picked":"SKIP","floor":45.0},{"not_picked":["Expertise+1","Acrobatics+1","Deadly Poison"],"picked":"SKIP","floor":47}],"player_experience":678112,"relics_obtained":[{"floor":7.0,"key":"Bottled Flame"},{"floor":9.0,"key":"Bag of Marbles"},{"floor":26.0,"key":"Eternal Feather"},{"floor":30.0,"key":"Molten Egg 2"},{"floor":39.0,"key":"Ornamental Fan"},{"floor":43.0,"key":"Strawberry"},{"floor":47,"key":"Happy Flower"}],"event_choices":[{"cards_removed":["Strike_G"],"damage_healed":0.0,"max_hp_gain":0.0,"max_hp_loss":0.0,"gold_gain":0.0,"event_name":"Purifier","player_choice":"Purged","floor":4.0,"gold_loss":0.0,"damage_taken":0.0},{"damage_healed":0.0,"max_hp_gain":0.0,"max_hp_loss":0.0,"gold_gain":0.0,"event_name":"The Library","player_choice":"Read","floor":20.0,"gold_loss":0.0,"damage_taken":0.0,"cards_obtained":["Bouncing Flask"]},{"damage_healed":0.0,"max_hp_gain":0.0,"max_hp_loss":0.0,"gold_gain":99.0,"event_name":"Nest","player_choice":"Stole From Cult","floor":21.0,"gold_loss":0.0,"damage_taken":0.0},{"damage_healed":23.0,"max_hp_gain":0.0,"max_hp_loss":0.0,"gold_gain":0.0,"event_name":"Wheel of Change","player_choice":"Full Heal","floor":24.0,"gold_loss":0.0,"damage_taken":0.0},{"cards_removed":["Bane"],"damage_healed":0.0,"max_hp_gain":0.0,"max_hp_loss":0.0,"gold_gain":0.0,"event_name":"Falling","player_choice":"Removed Attack","floor":38.0,"gold_loss":0.0,"damage_taken":0.0},{"damage_healed":18.0,"max_hp_gain":0.0,"max_hp_loss":0.0,"gold_gain":0.0,"event_name":"Winding Halls","player_choice":"Writhe","floor":42.0,"gold_loss":0.0,"damage_taken":0.0,"cards_obtained":["Writhe"]},{"damage_healed":0,"gold_gain":0,"player_choice":"Paid","damage_taken":0,"relics_obtained":["Red Mask"],"max_hp_gain":0,"max_hp_loss":0,"event_name":"Tomb of Lord Red Mask","floor":48,"gold_loss":211}],"is_beta":false,"boss_relics":[{"not_picked":["Busted Crown","Velvet Choker"],"picked":"Philosopher\u0027s Stone"},{"not_picked":["Coffee Dripper","SacredBark"],"picked":"Ring of the Serpent"}],"items_purged_floors":[5,29,37],"is_endless":false,"potions_floor_spawned":[2,7,13,18,30,33,36],"ascension_level":8}}