{"host":"61xbmbtf5zrn7rzc","time":1610484918,"event":{"mods":["BaseMod","Challenge The Spire","Hubris","Minty Spire (QoL Compilation)","Replay The Spire","StSLib","SuperFastMode"],"gold_per_floor":[112,112,125,125,90,90,119,119,174,190,265,265,277,290,290,365,365,382,322,338,356,391,391,425,29,29,29,41,68,84,134,134,207,207,227,155,168,390,404,404,432,12,37,37,365,365,285,298,298,298,298],"floor_reached":52,"language":"ENG","playtime":2778,"items_purged":["Dodge and Roll","Crippling Poison+1"],"score":2146,"play_id":"bcf164d8-d33b-4598-9d55-4dc4eb1bcaca","local_time":"20210112155518","daily_mods":["SealedDeck","Heirloom"],"is_ascension_mode":true,"campfire_choices":[{"data":"ReplayTheSpireMod:The Works","floor":6,"key":"SMITH"},{"data":"Reflex","floor":8,"key":"SMITH"},{"data":"Acrobatics","floor":15,"key":"SMITH"},{"data":"ReplayTheSpireMod:The Works","floor":23,"key":"SMITH"},{"data":"Tactician","floor":27,"key":"SMITH"},{"data":"Calculated Gamble","floor":32,"key":"SMITH"},{"data":"hubris:SlightOfHand","floor":40,"key":"SMITH"},{"data":"Panache","floor":44,"key":"SMITH"},{"data":"Crippling Poison","floor":46,"key":"SMITH"},{"data":"Malaise","floor":49,"key":"SMITH"}],"circlet_count":0,"master_deck":["AscendersBane","Backstab","hubris:SlightOfHand+1","Expertise+1","Concentrate","ReplayTheSpireMod:The Works+1","Acrobatics+1","Acrobatics+1","Reflex+1","Tactician+1","ReplayTheSpireMod:The Works+1","Calculated Gamble+1","Backstab","Panache+1","Malaise+1"],"relics":["Ring of the Serpent","Ring of Chaos","Tough Bandages","The Courier","hubris:ToyBattleship","hubris:DeckOfHolding","Red Mask","Blood Vial","Byrd Skull","hubris:SlimyHat","Bag of Preparation","Akabeko","hubris:ScarierMask","Potion Belt","Omamori","Gremlin Food","Snake Skull","Old Coin"],"acts_visited":["Exordium","TheCity","TheBeyond"],"potions_floor_usage":[],"damage_taken":[{"damage":0,"enemies":"2 Louse","floor":1,"turns":1},{"damage":0,"enemies":"Small Slimes","floor":3,"turns":1},{"damage":0,"enemies":"Lagavulin","floor":7,"turns":1},{"damage":0,"enemies":"Jaw Worm","floor":10,"turns":1},{"damage":0,"enemies":"3 Louse","floor":13,"turns":1},{"damage":0,"enemies":"Exordium Wildlife","floor":14,"turns":1},{"damage":0,"enemies":"Fading Forest","floor":16,"turns":2},{"damage":0,"enemies":"Chosen","floor":18,"turns":1},{"damage":0,"enemies":"3 Byrds","floor":20,"turns":1},{"damage":0,"enemies":"3 Cultists","floor":21,"turns":1},{"damage":0,"enemies":"Masked Bandits","floor":22,"turns":1},{"damage":0,"enemies":"Gremlin Leader","floor":24,"turns":1},{"damage":0,"enemies":"Shelled Parasite and Fungi","floor":28,"turns":1},{"damage":0,"enemies":"Slavers","floor":29,"turns":1},{"damage":0,"enemies":"Snecko","floor":30,"turns":1},{"damage":0,"enemies":"hubris:MusketHawk","floor":33,"turns":1},{"damage":0,"enemies":"3 Shapes","floor":35,"turns":1},{"damage":0,"enemies":"3 Darklings","floor":37,"turns":1},{"damage":0,"enemies":"Maw","floor":39,"turns":1},{"damage":0,"enemies":"Giant Head","floor":41,"turns":1},{"damage":0,"enemies":"R_Hoarder","floor":45,"turns":1},{"damage":0,"enemies":"4 Shapes","floor":48,"turns":1},{"damage":0,"enemies":"Replay:Hell Engine","floor":50,"turns":1},{"damage":0,"enemies":"hubris:GrandSnecko","floor":51,"turns":1}],"seed_played":"-6072997637850687885","potions_obtained":[{"floor":1,"key":"LiquidMemories"},{"floor":10,"key":"Fire Potion"},{"floor":18,"key":"Explosive Potion"},{"floor":24,"key":"Poison Potion"},{"floor":28,"key":"CunningPotion"},{"floor":30,"key":"CunningPotion"},{"floor":33,"key":"BlessingOfTheForge"},{"floor":39,"key":"Venom Potion"},{"floor":48,"key":"LiquidMemories"}],"is_trial":true,"path_per_floor":["M","?","M","$","?","R","E","R","T","M","?","T","M","M","R","B",null,"M","$","M","M","?","R","E","$","T","R","M","E","M","?","R","B",null,"M","$","M","?","M","R","E","$","T","R","E","R","$","M","R","B","B",null],"character_chosen":"THE_SILENT","items_purchased":["Byrd Skull","hubris:SlimyHat","Backstab","Panache","Omamori","Gremlin Food"],"campfire_rested":0,"item_purchase_floors":[25,25,36,42,42,42],"current_hp_per_floor":[59,39,39,39,55,55,55,55,55,55,44,44,44,44,44,44,61,61,61,61,61,61,61,61,61,61,61,63,65,66,66,66,66,66,66,66,66,66,66,66,66,66,66,66,66,66,66,66,66,66,66],"gold":298,"neow_bonus":"","is_daily":false,"chose_seed":false,"campfire_upgraded":10,"win_rate":0.0,"timestamp":1610484918,"path_taken":["M","?","M","$","?","R","E","R","T","M","?","?","M","M","R","BOSS","M","$","M","M","?","R","E","$","T","R","M","E","M","?","R","BOSS","M","$","M","?","M","R","E","$","T","R","E","R","$","M","R","BOSS","BOSS"],"items_purchased_type":["Relic","Relic","Card","Card","Relic","Relic"],"build_version":"2020-12-22","purchased_purges":2,"victory":true,"max_hp_per_floor":[66,66,66,66,66,66,66,66,66,66,66,66,66,66,66,66,66,66,66,66,66,66,66,66,66,66,66,66,66,66,66,66,66,66,66,66,66,66,66,66,66,66,66,66,66,66,66,66,66,66,66],"card_choices":[{"not_picked":["Draining Mist","Well Laid Plans"],"picked":"Tactician","floor":1},{"not_picked":["Terror","hubris:Sniper","Underhanded Strike"],"picked":"SKIP","floor":3},{"not_picked":["Riddle With Holes","Setup","Cloak And Dagger"],"picked":"SKIP","floor":7},{"not_picked":["Concentrate","Blade Dance","Setup"],"picked":"SKIP","floor":10},{"not_picked":["Catalyst","Distraction","Noxious Fumes"],"picked":"SKIP","floor":13},{"not_picked":["Bane","Dagger Throw","PiercingWail"],"picked":"SKIP","floor":14},{"not_picked":["Sucker Punch","Deadly Poison","Outmaneuver+1"],"picked":"SKIP","floor":18},{"not_picked":["Cloak And Dagger","ReplayTheSpireMod:Exploit Weakness","Crippling Poison+1"],"picked":"SKIP","floor":20},{"not_picked":["Dagger Spray","Acrobatics"],"picked":"ReplayTheSpireMod:The Works","floor":21},{"not_picked":["Heel Hook","Hidden Blade","Cloak And Dagger"],"picked":"SKIP","floor":24},{"not_picked":["Masterful Stab","Hidden Blade"],"picked":"Calculated Gamble","floor":28},{"not_picked":["Acrobatics","Prepared","Crippling Poison"],"picked":"SKIP","floor":29},{"not_picked":["Draining Mist","Escape Plan+1","Hidden Blade"],"picked":"SKIP","floor":30},{"not_picked":["hubris:Sniper","Flying Knee","Toxin Wave"],"picked":"SKIP","floor":35},{"not_picked":["ReplayTheSpireMod:Shiv Toss","Sucker Punch","Outmaneuver"],"picked":"SKIP","floor":37},{"not_picked":["Deflect+1","ReplayTheSpireMod:Shiv Toss","Dagger Spray+1"],"picked":"SKIP","floor":39},{"not_picked":["Phantasmal Killer","Bane+1","Backflip"],"picked":"SKIP","floor":41},{"not_picked":["Backflip","Flying Knee+1","PiercingWail"],"picked":"SKIP","floor":45},{"not_picked":["Flying Knee","Poisoned Stab"],"picked":"Malaise","floor":48}],"player_experience":99591,"relics_obtained":[{"floor":7,"key":"The Courier"},{"floor":9,"key":"hubris:ToyBattleship"},{"floor":12,"key":"hubris:DeckOfHolding"},{"floor":22,"key":"Red Mask"},{"floor":24,"key":"Blood Vial"},{"floor":26,"key":"Bag of Preparation"},{"floor":29,"key":"Akabeko"},{"floor":41,"key":"Potion Belt"},{"floor":43,"key":"Snake Skull"},{"floor":45,"key":"Old Coin"}],"event_choices":[{"damage_healed":0,"gold_gain":0,"player_choice":"Entered Light","damage_taken":20,"max_hp_gain":0,"max_hp_loss":0,"event_name":"Shining Light","floor":2,"gold_loss":0,"cards_upgraded":["Expertise","Acrobatics"]},{"damage_healed":16,"gold_gain":0,"player_choice":"Healed","damage_taken":0,"max_hp_gain":0,"max_hp_loss":0,"event_name":"The Cleric","floor":5,"gold_loss":35},{"damage_healed":0,"gold_gain":75,"player_choice":"Gather Gold","damage_taken":11,"max_hp_gain":0,"max_hp_loss":0,"event_name":"World of Goop","floor":11,"gold_loss":0},{"damage_healed":0,"gold_gain":0,"player_choice":"Fought Bandits","damage_taken":0,"max_hp_gain":0,"max_hp_loss":0,"event_name":"Masked Bandits","floor":22,"gold_loss":0},{"damage_healed":0,"gold_gain":50,"player_choice":"Stole From Cult","damage_taken":0,"max_hp_gain":0,"max_hp_loss":0,"event_name":"Nest","floor":31,"gold_loss":0},{"damage_healed":0,"gold_gain":222,"player_choice":"Wore Mask","damage_taken":0,"max_hp_gain":0,"max_hp_loss":0,"event_name":"Tomb of Lord Red Mask","floor":38,"gold_loss":0}],"is_beta":false,"boss_relics":[{"not_picked":["Philosopher\u0027s Stone","hubris:HollowSoul"],"picked":"Ring of the Serpent"},{"not_picked":["hubris:VirtuousBlindfold","Tiny House"],"picked":"hubris:ScarierMask"}],"items_purged_floors":[19,47],"is_endless":false,"potions_floor_spawned":[1,10,18,22,24,28,30,33,39,48],"ascension_level":20}}