{"host":"y3h3n3f7seyagppx","time":1610477572,"event":{"mods":["AlwaysNeverKeys","BaseMod","Better Vampires","Colored Powertips","DeckTracker","Emptier Cage","Minty Spire (QoL Compilation)","Permanent Neow","Quick Restart","Rare Cards Sparkle","Relic Sorter","Relic Stats","StSLib","Transform Curses"],"gold_per_floor":[115,0,75,87,104,104,131,131,155,169,203,203,203,237,237,310,310,322,340,351,276,18,48,48,75,75,95,95,109,142,142,142,213,213,223,242,71,91,91,120,120,136,161,190,249,261,301,313,325,337,349,361,373,34,67,67],"floor_reached":57,"playtime":4488,"items_purged":["Strike_R","Strike_R"],"score":2857,"play_id":"c0ed1223-81e8-4bd3-a5c9-c0e7a724a0a9","local_time":"20210112135252","is_ascension_mode":true,"campfire_choices":[{"data":"Carnage","floor":6,"key":"SMITH"},{"data":"Uppercut","floor":8,"key":"SMITH"},{"data":"Flame Barrier","floor":15,"key":"SMITH"},{"data":"Flame Barrier","floor":24,"key":"SMITH"},{"data":"Fire Breathing","floor":28,"key":"SMITH"},{"data":"Pommel Strike","floor":32,"key":"SMITH"},{"data":"Dual Wield","floor":41,"key":"SMITH"},{"data":"Shockwave","floor":46,"key":"SMITH"},{"data":"Secret Technique","floor":49,"key":"SMITH"},{"data":"Reaper","floor":53,"key":"SMITH"}],"circlet_count":0,"master_deck":["AscendersBane","Strike_R+1","Strike_R+1","Defend_R+1","Defend_R+1","Defend_R+1","Defend_R+1","Bash+1","Flame Barrier+1","Carnage+1","Pommel Strike+1","Uppercut+1","Fire Breathing+1","Flame Barrier+1","Feed","Reaper+1","Battle Trance+1","Demon Form+1","Whirlwind+1","Reaper","Dual Wield+1","Heavy Blade+1","Dark Embrace+1","Shockwave+1","Exhume","Secret Technique+1","Demon Form+1","Burning Pact+1"],"relics":["Burning Blood","PreservedInsect","Potion Belt","Ancient Tea Set","Happy Flower","Mercury Hourglass","Snecko Eye","TheAbacus","MealTicket","Letter Opener","Incense Burner","Frozen Egg 2","Coffee Dripper","DollysMirror","Nunchaku","Pen Nib","MawBank","Charon\u0027s Ashes","Bag of Marbles","Orrery","Toy Ornithopter"],"acts_visited":["Exordium","TheCity","TheBeyond","TheEnding"],"potions_floor_usage":[23,45,56],"damage_taken":[{"damage":6,"enemies":"Cultist","floor":1,"turns":3},{"damage":7,"enemies":"Jaw Worm","floor":4,"turns":4},{"damage":2,"enemies":"2 Louse","floor":5,"turns":3},{"damage":22,"enemies":"Lagavulin","floor":7,"turns":6},{"damage":1,"enemies":"2 Fungi Beasts","floor":10,"turns":4},{"damage":0,"enemies":"Gremlin Nob","floor":11,"turns":2},{"damage":12,"enemies":"3 Sentries","floor":14,"turns":5},{"damage":18,"enemies":"Slime Boss","floor":16,"turns":7},{"damage":0,"enemies":"Chosen","floor":18,"turns":3},{"damage":5,"enemies":"3 Byrds","floor":19,"turns":2},{"damage":4,"enemies":"Snake Plant","floor":20,"turns":4},{"damage":12,"enemies":"Gremlin Leader","floor":23,"turns":4},{"damage":6,"enemies":"Book of Stabbing","floor":25,"turns":3},{"damage":0,"enemies":"Cultist and Chosen","floor":27,"turns":4},{"damage":0,"enemies":"Snecko","floor":29,"turns":4},{"damage":5,"enemies":"Slavers","floor":30,"turns":3},{"damage":9,"enemies":"Automaton","floor":33,"turns":9},{"damage":0,"enemies":"3 Shapes","floor":35,"turns":5},{"damage":0,"enemies":"Orb Walker","floor":36,"turns":2},{"damage":12,"enemies":"4 Shapes","floor":38,"turns":5},{"damage":25,"enemies":"Nemesis","floor":40,"turns":5},{"damage":0,"enemies":"Transient","floor":42,"turns":6},{"damage":14,"enemies":"Giant Head","floor":44,"turns":5},{"damage":34,"enemies":"2 Orb Walkers","floor":45,"turns":3},{"damage":14,"enemies":"Nemesis","floor":47,"turns":3},{"damage":18,"enemies":"Donu and Deca","floor":50,"turns":7},{"damage":126,"enemies":"Time Eater","floor":51,"turns":15},{"damage":10,"enemies":"Shield and Spear","floor":55,"turns":5},{"damage":104,"enemies":"The Heart","floor":56,"turns":7}],"seed_played":"1498778300199250762","potions_obtained":[{"floor":5,"key":"Energy Potion"},{"floor":7,"key":"FairyPotion"},{"floor":14,"key":"GamblersBrew"},{"floor":16,"key":"Explosive Potion"},{"floor":27,"key":"SpeedPotion"},{"floor":33,"key":"AttackPotion"},{"floor":42,"key":"DistilledChaos"},{"floor":44,"key":"EntropicBrew"},{"floor":47,"key":"FearPotion"}],"is_trial":false,"path_per_floor":["M","$","?","M","M","R","E","R","T","M","E","?","?","E","R","B",null,"M","M","M","?","$","E","R","E","T","M","R","M","E","?","R","B",null,"M","M","$","M","?","E","R","M","T","E","?","R","E","?","R","B","B",null,"R","$","E","B",null],"character_chosen":"IRONCLAD","items_purchased":["Carnage","TheAbacus","DollysMirror","Demon Form+1","Orrery"],"campfire_rested":0,"item_purchase_floors":[2,22,37,54,54],"current_hp_per_floor":[68,68,57,56,60,60,44,44,44,49,55,55,32,26,26,14,60,66,67,72,72,72,66,66,66,66,72,72,81,81,81,81,84,84,87,90,90,93,93,89,89,99,99,102,74,74,66,56,56,102,81,97,97,102,105,72],"gold":67,"neow_bonus":"RANDOM_COMMON_RELIC","is_daily":false,"chose_seed":false,"campfire_upgraded":10,"win_rate":0.0,"timestamp":1610477572,"path_taken":["M","$","?","M","M","R","E","R","T","M","E","?","?","E","R","BOSS","M","M","M","?","$","E","R","E","T","M","R","M","E","?","R","BOSS","M","M","$","M","?","E","R","M","T","E","?","R","E","?","R","BOSS","BOSS","R","$","E","BOSS"],"items_purchased_type":["Card","Relic","Relic","Card","Relic"],"build_version":"2020-12-22","purchased_purges":2,"victory":true,"max_hp_per_floor":[75,75,75,75,75,75,75,75,75,75,75,75,75,75,75,75,75,75,75,78,78,78,78,78,78,78,78,78,81,81,81,81,84,84,87,90,90,93,93,96,96,99,99,102,102,102,102,102,102,102,102,102,102,102,105,105],"relic_stats":{"Happy Flower":[38],"counters":[29,138],"PreservedInsect":519,"Pen Nib":[7],"Charon\u0027s Ashes":[134],"Letter Opener":[95],"MawBank":120,"Burning Blood":120,"Mercury Hourglass":[442],"Nunchaku":[9],"TheAbacus":[192],"Snecko Eye":[211,172,181,183],"MealTicket":5,"obtain_stats":[{"Potion Belt":7,"Happy Flower":11,"PreservedInsect":0,"Pen Nib":43,"Charon\u0027s Ashes":45,"Incense Burner":26,"Letter Opener":25,"Frozen Egg 2":30,"Ancient Tea Set":9,"MawBank":44,"Burning Blood":0,"Mercury Hourglass":14,"Nunchaku":40,"TheAbacus":22,"DollysMirror":37,"Snecko Eye":17,"Orrery":54,"MealTicket":23,"Coffee Dripper":34,"Bag of Marbles":47,"Toy Ornithopter":55},{"Potion Belt":4,"Happy Flower":6,"PreservedInsect":0,"Pen Nib":22,"Charon\u0027s Ashes":24,"Incense Burner":13,"Letter Opener":13,"Frozen Egg 2":16,"Ancient Tea Set":4,"MawBank":23,"Burning Blood":0,"Mercury Hourglass":7,"Nunchaku":21,"TheAbacus":11,"DollysMirror":19,"Snecko Eye":8,"Orrery":27,"MealTicket":12,"Coffee Dripper":17,"Bag of Marbles":25,"Toy Ornithopter":28},{"Potion Belt":16,"Happy Flower":22,"PreservedInsect":0,"Pen Nib":93,"Charon\u0027s Ashes":101,"Incense Burner":50,"Letter Opener":50,"Frozen Egg 2":61,"Ancient Tea Set":16,"MawBank":98,"Burning Blood":0,"Mercury Hourglass":27,"Nunchaku":87,"TheAbacus":43,"DollysMirror":77,"Snecko Eye":34,"Orrery":126,"MealTicket":47,"Coffee Dripper":70,"Bag of Marbles":104,"Toy Ornithopter":131}],"Toy Ornithopter":5},"card_choices":[{"not_picked":["True Grit","Searing Blow"],"picked":"Flame Barrier","floor":1},{"not_picked":["Flex","Dark Embrace","Searing Blow"],"picked":"SKIP","floor":4},{"not_picked":["Rampage","Havoc"],"picked":"Pommel Strike","floor":5},{"not_picked":["Fire Breathing","Demon Form"],"picked":"Uppercut","floor":7},{"not_picked":["Thunderclap","Headbutt"],"picked":"Fire Breathing","floor":10},{"not_picked":["Twin Strike","Havoc","Heavy Blade"],"picked":"SKIP","floor":11},{"not_picked":["Fire Breathing","Anger"],"picked":"Flame Barrier","floor":14},{"not_picked":["Limit Break","Reaper"],"picked":"Feed","floor":16},{"not_picked":["Pummel","Headbutt","Body Slam"],"picked":"SKIP","floor":18},{"not_picked":["Heavy Blade","Headbutt+1"],"picked":"Metallicize+1","floor":19},{"not_picked":["Intimidate","Anger","Headbutt"],"picked":"SKIP","floor":20},{"not_picked":["Clothesline","Fire Breathing","Thunderclap"],"picked":"SKIP","floor":23},{"not_picked":["Shockwave","Dark Embrace"],"picked":"Reaper","floor":25},{"not_picked":["Havoc+1","Cleave","Thunderclap"],"picked":"SKIP","floor":27},{"not_picked":["Shrug It Off","Headbutt","Thunderclap"],"picked":"SKIP","floor":29},{"not_picked":["Reaper","Thunderclap+1"],"picked":"Battle Trance+1","floor":30},{"not_picked":["Reaper","Immolate"],"picked":"Demon Form+1","floor":33},{"not_picked":["Flex","Thunderclap","True Grit"],"picked":"SKIP","floor":35},{"not_picked":["Iron Wave","Uppercut"],"picked":"Whirlwind+1","floor":36},{"not_picked":["Havoc+1","Flex"],"picked":"Dual Wield","floor":38},{"not_picked":["Pummel","Warcry+1"],"picked":"Heavy Blade+1","floor":40},{"not_picked":["Cleave","Clash"],"picked":"Dark Embrace+1","floor":42},{"not_picked":["Rupture+1","Entrench"],"picked":"Shockwave","floor":44},{"not_picked":["Dark Embrace+1","Body Slam"],"picked":"Exhume","floor":45},{"not_picked":["Perfected Strike","Clothesline","Infernal Blade"],"picked":"SKIP","floor":47},{"not_picked":["Perfected Strike","Clothesline","Infernal Blade"],"picked":"SKIP","floor":47},{"not_picked":["Thinking Ahead","Secret Weapon"],"picked":"Secret Technique","floor":48},{"not_picked":["Spot Weakness","Sentinel"],"picked":"Burning Pact+1","floor":54},{"not_picked":["Fire Breathing+1","Burning Pact","Battle Trance"],"picked":"SKIP","floor":55}],"player_experience":20749097,"relics_obtained":[{"floor":7,"key":"Potion Belt"},{"floor":9,"key":"Ancient Tea Set"},{"floor":11,"key":"Happy Flower"},{"floor":14,"key":"Mercury Hourglass"},{"floor":23,"key":"MealTicket"},{"floor":25,"key":"Letter Opener"},{"floor":26,"key":"Incense Burner"},{"floor":30,"key":"Frozen Egg 2"},{"floor":40,"key":"Nunchaku"},{"floor":43,"key":"Pen Nib"},{"floor":44,"key":"MawBank"},{"floor":45,"key":"Charon\u0027s Ashes"},{"floor":47,"key":"Bag of Marbles"},{"floor":55,"key":"Toy Ornithopter"}],"event_choices":[{"damage_healed":0,"gold_gain":75,"player_choice":"Gather Gold","damage_taken":11,"max_hp_gain":0,"max_hp_loss":0,"event_name":"World of Goop","floor":3,"gold_loss":0},{"damage_healed":0,"gold_gain":0,"player_choice":"Ignored","damage_taken":0,"max_hp_gain":0,"max_hp_loss":0,"event_name":"Liars Game","floor":12,"gold_loss":0},{"damage_healed":0,"gold_gain":0,"player_choice":"Entered Light","damage_taken":23,"max_hp_gain":0,"max_hp_loss":0,"event_name":"Shining Light","floor":13,"gold_loss":0,"cards_upgraded":["Bash","Defend_R"]},{"cards_removed":["Strike_R"],"damage_healed":0,"gold_gain":0,"player_choice":"Gave Gold","damage_taken":0,"max_hp_gain":0,"max_hp_loss":0,"event_name":"Beggar","floor":21,"gold_loss":75},{"damage_healed":0,"gold_gain":0,"player_choice":"Simplicity","damage_taken":0,"max_hp_gain":0,"max_hp_loss":0,"event_name":"Back to Basics","floor":31,"gold_loss":0,"cards_upgraded":["Strike_R","Strike_R","Defend_R","Defend_R","Defend_R"]},{"cards_removed":["Metallicize"],"damage_healed":0,"gold_gain":0,"player_choice":"Removed Power","damage_taken":0,"max_hp_gain":0,"max_hp_loss":0,"event_name":"Falling","floor":39,"gold_loss":0},{"damage_healed":0,"gold_gain":0,"player_choice":"Fight","damage_taken":0,"max_hp_gain":0,"max_hp_loss":0,"event_name":"Mysterious Sphere","floor":45,"gold_loss":0},{"damage_healed":0,"gold_gain":0,"player_choice":"Memory 3","damage_taken":10,"max_hp_gain":0,"max_hp_loss":0,"event_name":"SensoryStone","floor":48,"gold_loss":0}],"is_beta":false,"boss_relics":[{"not_picked":["Black Blood","Mark of Pain"],"picked":"Snecko Eye"},{"not_picked":["Velvet Choker","Calling Bell"],"picked":"Coffee Dripper"}],"items_purged_floors":[2,22],"is_endless":false,"potions_floor_spawned":[5,7,14,16,20,27,30,33,35,40,42,44,47],"ascension_level":20}}