{"host":"3y2rtlgteqp2nuo3","time":1610442293,"event":{"mods":["2.2 Compatiblity","AchievementEnabler","BaseMod","Colored Map","DeckTracker","Highlight Path","Keyboard Shortcuts","Minty Spire (QoL Compilation)","Permanent Neow","Quick Restart","StSLib","SuperFastMode","everything is the same but u backflip on backflip"],"gold_per_floor":[119,132,132,149,160,185,185,110,135,166,166,183,193,223,223,320,320,336,349,100,125,145,145,145],"floor_reached":23,"playtime":794,"items_purged":["Strike_G","Strike_G"],"score":320,"play_id":"d086b4f4-e161-4705-8016-af36e950ba13","local_time":"20210112180453","is_ascension_mode":true,"campfire_choices":[{"data":"Dagger Spray","floor":7.0,"key":"SMITH"},{"floor":11.0,"key":"REST"},{"data":"Neutralize","floor":15.0,"key":"SMITH"}],"circlet_count":0,"master_deck":["AscendersBane","Strike_G","Strike_G","Defend_G","Defend_G","Defend_G","Defend_G","Defend_G","Survivor","Neutralize+1","Dagger Spray+1","Blade Dance","Blade Dance","Sucker Punch","Heel Hook","Heel Hook","Backflip","Flying Knee","After Image","Outmaneuver","Dodge and Roll","Acrobatics+1","Poisoned Stab+1"],"relics":["Ring of the Snake","Happy Flower","Art of War","Regal Pillow","Potion Belt","Tingsha","HoveringKite","ClockworkSouvenir","Red Mask"],"acts_visited":["Exordium","TheCity"],"potions_floor_usage":[21],"damage_taken":[{"damage":2.0,"enemies":"Small Slimes","floor":1.0,"turns":5.0},{"damage":2.0,"enemies":"Cultist","floor":2.0,"turns":5.0},{"damage":0.0,"enemies":"2 Louse","floor":4.0,"turns":2.0},{"damage":0.0,"enemies":"Lots of Slimes","floor":5.0,"turns":1.0},{"damage":8.0,"enemies":"Gremlin Nob","floor":6.0,"turns":3.0},{"damage":14.0,"enemies":"3 Sentries","floor":10.0,"turns":8.0},{"damage":0.0,"enemies":"Large Slime","floor":12.0,"turns":4.0},{"damage":1.0,"enemies":"Blue Slaver","floor":13.0,"turns":4.0},{"damage":5.0,"enemies":"Gremlin Nob","floor":14.0,"turns":4.0},{"damage":59.0,"enemies":"Hexaghost","floor":16.0,"turns":12.0},{"damage":10.0,"enemies":"2 Thieves","floor":18.0,"turns":4.0},{"damage":0.0,"enemies":"3 Byrds","floor":19.0,"turns":4.0},{"damage":12,"enemies":"Masked Bandits","floor":21,"turns":2},{"damage":1,"enemies":"Cultist and Chosen","floor":22,"turns":6},{"damage":31,"enemies":"Book of Stabbing","floor":23,"turns":5}],"seed_played":"-445245329768419270","potions_obtained":[{"floor":4.0,"key":"GamblersBrew"},{"floor":5.0,"key":"Fire Potion"},{"floor":13.0,"key":"Block Potion"},{"floor":14.0,"key":"SteroidPotion"},{"floor":16.0,"key":"AttackPotion"},{"floor":18.0,"key":"Weak Potion"}],"is_trial":false,"path_per_floor":["M","M","?","M","M","E","R","$","T","E","R","M","M","E","R","B",null,"M","M","$","?","M","E"],"character_chosen":"THE_SILENT","items_purchased":["ClockworkSouvenir"],"campfire_rested":1,"item_purchase_floors":[20],"current_hp_per_floor":[61,59,59,59,59,51,51,51,51,37,70,70,69,64,64,5,54,44,44,44,32,31,0,0],"gold":145,"neow_bonus":"TRANSFORM_CARD","is_daily":false,"chose_seed":false,"campfire_upgraded":2,"win_rate":0.0,"timestamp":1610442293,"path_taken":["M","M","?","M","M","E","R","$","T","E","R","M","M","E","R","BOSS","M","?","$","?","M","E"],"items_purchased_type":["Relic"],"build_version":"2020-12-22","purchased_purges":2,"victory":false,"max_hp_per_floor":[70,70,70,70,70,70,70,70,70,70,70,70,70,70,70,70,70,70,70,70,70,70,70,70],"card_choices":[{"not_picked":["Cloak And Dagger","Calculated Gamble"],"picked":"Dagger Spray","floor":1.0},{"not_picked":["Quick Slash","Eviscerate"],"picked":"Blade Dance","floor":2.0},{"not_picked":["Concentrate","Backflip"],"picked":"Blade Dance","floor":4.0},{"not_picked":["Tactician","All Out Attack"],"picked":"Sucker Punch","floor":5.0},{"not_picked":["Calculated Gamble","Setup"],"picked":"Heel Hook","floor":6.0},{"not_picked":["Endless Agony","Bane","Slice"],"picked":"SKIP","floor":10.0},{"not_picked":["Dash","Expertise"],"picked":"Heel Hook","floor":12.0},{"not_picked":["Dagger Throw","Quick Slash"],"picked":"Backflip","floor":13.0},{"not_picked":["Deadly Poison","Venomology"],"picked":"Flying Knee","floor":14.0},{"not_picked":["Venomology","Doppelganger"],"picked":"After Image","floor":16.0},{"not_picked":["Sucker Punch","Acrobatics"],"picked":"Outmaneuver","floor":18.0},{"not_picked":["Dagger Throw","Masterful Stab"],"picked":"Dodge and Roll","floor":19.0},{"not_picked":["Poisoned Stab","Backflip"],"picked":"Acrobatics+1","floor":21},{"not_picked":["Bane","Cloak And Dagger"],"picked":"Poisoned Stab+1","floor":22}],"player_experience":681400,"relics_obtained":[{"floor":6.0,"key":"Art of War"},{"floor":9.0,"key":"Regal Pillow"},{"floor":10.0,"key":"Potion Belt"},{"floor":14.0,"key":"Tingsha"},{"floor":21,"key":"Red Mask"}],"event_choices":[{"cards_removed":["Infinite Blades"],"damage_healed":0.0,"max_hp_gain":0.0,"max_hp_loss":0.0,"gold_gain":0.0,"event_name":"WeMeetAgain","player_choice":"Gave Card","floor":3.0,"gold_loss":0.0,"damage_taken":0.0,"relics_obtained":["Happy Flower"]},{"damage_healed":0,"gold_gain":0,"player_choice":"Fought Bandits","damage_taken":0,"max_hp_gain":0,"max_hp_loss":0,"event_name":"Masked Bandits","floor":21,"gold_loss":0}],"is_beta":false,"boss_relics":[{"not_picked":["Ring of the Serpent","Fusion Hammer"],"picked":"HoveringKite"}],"items_purged_floors":[8,20],"is_endless":false,"potions_floor_spawned":[4,5,13,14,16,18],"killed_by":"Book of Stabbing","ascension_level":10}}