{"host":"mwb0clku6crgv6yl","time":1610425817,"event":{"mods":["AchievementEnabler","BaseMod","Highlight Path","Koishi","Minty Spire (QoL Compilation)","Prisma Mod","Replay The Spire","StSLib","The Administrix","The Construct","The Cursed","The Gatherer","The Hierophant"],"gold_per_floor":[110,127,147,147,247,247,265,283,308,308,60,95,95,14,14,119,119,130,130,45,45,45,45,144,159,6,23,46,71,71,82,92,107,107,205,205,223,163,124,148,160,160,126,126,151,164,164,183,213,11,11,11],"floor_reached":53,"playtime":3321,"items_purged":[],"score":580,"play_id":"b58fcd3f-ada4-42dc-8f02-194e88c7c404","local_time":"20210112123017","is_ascension_mode":false,"campfire_choices":[{"data":"Koishi:HauntingSlash","floor":6,"key":"SMITH"},{"floor":10,"key":"REST"},{"floor":13,"key":"REST"},{"floor":15,"key":"REST"},{"floor":30,"key":"REST"},{"floor":34,"key":"REST"},{"data":"Koishi:HeartStoppingHorror","floor":42,"key":"SMITH"},{"data":"Koishi:HeartStoppingHorror","floor":47,"key":"SMITH"},{"data":"Koishi:ImGoingToCallYouNow","floor":51,"key":"SMITH"}],"circlet_count":0,"master_deck":["Koishi:BasicStrike","Koishi:BasicStrike","Koishi:BasicStrike","Koishi:BasicStrike+1","Koishi:BasicDefend","Koishi:BasicDefend","Koishi:BasicDefend","Koishi:BasicDefend+1","Koishi:Provoke","Koishi:HauntingSlash+1","Koishi:SubterraneanRose","Koishi:BloodcurdlingScream","Koishi:ParalyzingFear","Koishi:SpiritedAway","Koishi:HeartStoppingHorror+1","Koishi:TraumaticStroke","Koishi:MindNumbingTerror","Koishi:ImGoingToCallYouNow+1","Koishi:EmbersOfLove","Koishi:UnseenTerror","Koishi:GhostParty","Koishi:GrowingPain","Koishi:StingingMind","Koishi:HeartStoppingHorror+1","Koishi:HeartStoppingHorror+1","Koishi:StingingMind","Koishi:HeartfeltFancy","Koishi:ApparitionsStalkTheNight","Koishi:PhantomBarrier","Koishi:MassHysteria","Koishi:DreadfulBlow","Koishi:TremblingHands+1","Koishi:Possession+1","Koishi:JumpScare"],"relics":["Koishi:ImaginaryFriend","Akabeko","Pet Ghost","Anchor","Replay:Bronze Core","Nunchaku","Blood Vial","Art of War","Koishi:BloodstainedWhiteRose","Coffee Dripper","Dream Catcher","Unceasing Top","Strawberry","Replay:Baseball","OrangePellets"],"acts_visited":["Exordium","TheCity","TheBeyond"],"potions_floor_usage":[35,52,52],"damage_taken":[{"damage":0,"enemies":"Small Slimes","floor":1,"turns":4},{"damage":4,"enemies":"2 Louse","floor":2,"turns":3},{"damage":0,"enemies":"Cultist","floor":3,"turns":3},{"damage":16,"enemies":"Gremlin Gang","floor":7,"turns":6},{"damage":14,"enemies":"Lots of Slimes","floor":8,"turns":3},{"damage":26,"enemies":"Lagavulin","floor":12,"turns":5},{"damage":21,"enemies":"The Guardian","floor":16,"turns":10},{"damage":23,"enemies":"Shell Parasite","floor":18,"turns":6},{"damage":14,"enemies":"2 Thieves","floor":25,"turns":5},{"damage":18,"enemies":"Snake Plant","floor":27,"turns":3},{"damage":49,"enemies":"Gremlin Leader","floor":29,"turns":7},{"damage":36,"enemies":"3 Cultists","floor":31,"turns":5},{"damage":2,"enemies":"Centurion and Healer","floor":32,"turns":8},{"damage":0,"enemies":"Snake Plant","floor":33,"turns":3},{"damage":58,"enemies":"Collector","floor":35,"turns":13},{"damage":0,"enemies":"Orb Walker","floor":37,"turns":4},{"damage":40,"enemies":"3 Darklings","floor":41,"turns":8},{"damage":14,"enemies":"Spire Growth","floor":46,"turns":5},{"damage":11,"enemies":"Writhing Mass","floor":48,"turns":5},{"damage":14,"enemies":"Giant Head","floor":49,"turns":7},{"damage":49,"enemies":"Donu and Deca","floor":52,"turns":8}],"seed_played":"-5604808749056695796","potions_obtained":[{"floor":7,"key":"Weak Potion"},{"floor":8,"key":"SteroidPotion"},{"floor":16,"key":"Elixir"},{"floor":27,"key":"FairyPotion"},{"floor":29,"key":"Swift Potion"},{"floor":41,"key":"Dexterity Potion"},{"floor":48,"key":"LiquidMemories"}],"is_trial":false,"path_per_floor":["M","M","M","?","?","R","M","M","T","R","$","E","R","$","R","B",null,"M","?","?","?","PTL","PTL","?","M","$","M","T","E","R","M","M","M","R","B",null,"M","?","$","T","M","R","$","?","T","M","R","M","E","$","R","B",null],"character_chosen":"KOISHI","items_purchased":["Pet Ghost","Koishi:HeartStoppingHorror+1","Koishi:MindNumbingTerror","Blood Vial","Koishi:ApparitionsStalkTheNight","Koishi:MassHysteria","OrangePellets","Koishi:JumpScare"],"campfire_rested":5,"item_purchase_floors":[11,11,14,26,39,43,50,50],"current_hp_per_floor":[66,62,64,51,51,51,37,25,25,44,44,20,39,39,58,39,66,53,53,53,41,41,41,41,37,37,25,25,16,37,16,38,45,66,35,71,71,71,71,71,46,46,46,46,53,73,73,78,78,78,78,44],"gold":11,"neow_bonus":"TEN_PERCENT_HP_BONUS","is_daily":false,"chose_seed":false,"campfire_upgraded":4,"win_rate":0.0,"timestamp":1610425817,"path_taken":["M","M","M","?","?","R","?","?","T","R","?","E","R","$","R","BOSS","M","?","?","?","PTL","PTL","?","?","?","M","T","E","R","M","M","M","R","BOSS","M","?","$","?","M","R","$","?","T","?","R","M","E","?","R","BOSS"],"items_purchased_type":["Relic","Card","Card","Relic","Card","Card","Relic","Card"],"build_version":"2020-12-22","purchased_purges":0,"victory":true,"max_hp_per_floor":[66,66,66,66,66,66,66,66,66,66,66,66,66,66,66,66,66,66,66,66,71,71,71,71,71,71,71,71,71,71,71,71,71,71,71,71,71,71,71,71,71,71,71,71,78,78,78,78,78,78,78,78],"card_choices":[{"not_picked":["Koishi:DreadfulBlow","Koishi:EmbersOfLove"],"picked":"Koishi:SubterraneanRose","floor":1},{"not_picked":["Koishi:Catatonia","Koishi:ParalyzingFear"],"picked":"Koishi:BloodcurdlingScream","floor":2},{"not_picked":["Koishi:HeartfeltFancy","Koishi:TremblingHands"],"picked":"Koishi:ParalyzingFear","floor":3},{"not_picked":["Koishi:ReflexRadar","Koishi:Bloodlust"],"picked":"Koishi:HeartAttack","floor":7},{"not_picked":["Koishi:Jaunt","Koishi:UnansweredLove"],"picked":"Koishi:SpiritedAway","floor":8},{"not_picked":["Koishi:UnconsciousUprising","Koishi:FourthEye"],"picked":"Koishi:TraumaticStroke","floor":12},{"not_picked":["Koishi:FormlessExistence","Koishi:ConfinedInnocent"],"picked":"Koishi:ImGoingToCallYouNow","floor":16},{"not_picked":["Koishi:Jaunt","Koishi:BloodcurdlingScream"],"picked":"Koishi:EmbersOfLove","floor":18},{"not_picked":["Koishi:ParalyzingFear","Koishi:Prune"],"picked":"Koishi:FidgetySnatcher","floor":25},{"not_picked":["Koishi:RacingHeart","Koishi:JumpScare"],"picked":"Koishi:GhostParty","floor":27},{"not_picked":["Koishi:ReleaseOfTheId+1","Koishi:FleetingPhantom"],"picked":"Koishi:GrowingPain","floor":29},{"not_picked":["Koishi:CatchAndRose","Koishi:HeartfeltFancy","Koishi:SubterraneanRose"],"picked":"SKIP","floor":31},{"not_picked":["Koishi:VengefulSpirit","Koishi:UnansweredLove+1"],"picked":"Koishi:StingingMind","floor":32},{"not_picked":["Koishi:FourthEye","Koishi:CatchAndRose+1"],"picked":"Koishi:HeartStoppingHorror","floor":33},{"not_picked":["Koishi:PerfectMindControl","Koishi:FormlessExistence"],"picked":"Koishi:HeartStoppingHorror","floor":35},{"not_picked":["Koishi:RacingHeart","Koishi:PhantomStrike","Koishi:EmbryosDream"],"picked":"SKIP","floor":37},{"not_picked":["Koishi:FleetingPhantom","Koishi:EmbryosDream"],"picked":"Koishi:PhantomBarrier","floor":41},{"not_picked":["Koishi:CatchAndRose+1","Koishi:BloodcurdlingScream"],"picked":"Koishi:DreadfulBlow","floor":46},{"not_picked":["Koishi:HeartfeltFancy+1","Koishi:StrangeCloudFist"],"picked":"Koishi:TremblingHands+1","floor":48},{"not_picked":["Koishi:JumpScare+1","Koishi:UnansweredLove+1"],"picked":"Koishi:Possession+1","floor":49}],"player_experience":253782,"relics_obtained":[{"floor":9,"key":"Akabeko"},{"floor":12,"key":"Anchor"},{"floor":28,"key":"Art of War"},{"floor":29,"key":"Koishi:BloodstainedWhiteRose"},{"floor":40,"key":"Dream Catcher"},{"floor":45,"key":"Strawberry"},{"floor":49,"key":"Replay:Baseball"}],"event_choices":[{"damage_healed":0,"gold_gain":0,"player_choice":"Entered Light","damage_taken":13,"max_hp_gain":0,"max_hp_loss":0,"event_name":"Shining Light","floor":4,"gold_loss":0,"cards_upgraded":["Koishi:BasicStrike","Koishi:BasicDefend"]},{"damage_healed":0,"gold_gain":100,"player_choice":"Gold","damage_taken":0,"max_hp_gain":0,"max_hp_loss":0,"event_name":"Wheel of Change","floor":5,"gold_loss":0},{"damage_healed":0,"gold_gain":0,"player_choice":"Read","damage_taken":0,"max_hp_gain":0,"max_hp_loss":0,"event_name":"The Library","floor":19,"gold_loss":0,"cards_obtained":["Koishi:UnseenTerror"]},{"damage_healed":0,"gold_gain":0,"player_choice":"Obtained Relic","damage_taken":0,"relics_obtained":["Nunchaku"],"max_hp_gain":0,"max_hp_loss":0,"event_name":"Addict","floor":20,"gold_loss":85},{"damage_healed":0,"gold_gain":0,"player_choice":"Shed Blood","damage_taken":17,"max_hp_gain":5,"max_hp_loss":0,"event_name":"Forgotten Altar","floor":21,"gold_loss":0},{"damage_healed":0,"gold_gain":99,"player_choice":"Stole From Cult","damage_taken":0,"max_hp_gain":0,"max_hp_loss":0,"event_name":"Nest","floor":24,"gold_loss":0},{"damage_healed":0,"gold_gain":0,"cards_transformed":["Koishi:FidgetySnatcher","Koishi:HeartAttack"],"player_choice":"Transformed Cards","damage_taken":0,"max_hp_gain":0,"max_hp_loss":0,"event_name":"Designer","floor":38,"gold_loss":60,"cards_obtained":["Koishi:StingingMind","Koishi:HeartfeltFancy"]},{"damage_healed":0,"gold_gain":0,"player_choice":"Gave Potion","damage_taken":0,"relics_obtained":["Unceasing Top"],"max_hp_gain":0,"max_hp_loss":0,"event_name":"WeMeetAgain","floor":44,"gold_loss":0}],"is_beta":false,"boss_relics":[{"not_picked":["SlaversCollar","Replay:Drink Me"],"picked":"Replay:Bronze Core"},{"not_picked":["construct:ClawGrip","ChewingGum"],"picked":"Coffee Dripper"}],"items_purged_floors":[],"is_endless":false,"potions_floor_spawned":[7,8,16,18,27,29,31,41,48],"ascension_level":0}}