{"host":"31s8hzukbhz1k6i6","time":1610484914,"event":{"mods":["AchievementEnabler","BaseMod","Bestiary","Colored Map","Filter the Spire","Minty Spire (QoL Compilation)","Relic Stats","ojb\u0027s Info Mod"],"gold_per_floor":[362,362,375,300,123,149,149,169,169,202,202,202,202],"floor_reached":12,"language":"ENG","playtime":494,"items_purged":["Defend_R"],"score":172,"play_id":"9b959309-d9dc-4693-befb-36e51f9b36da","local_time":"20210112125514","is_ascension_mode":true,"campfire_choices":[{"data":"True Grit","floor":7,"key":"SMITH"}],"circlet_count":0,"master_deck":["AscendersBane","Strike_R","Strike_R","Strike_R","Strike_R","Defend_R","Defend_R","Defend_R","Bash","Anger","Carnage","True Grit+1","Dark Embrace","Warcry","True Grit"],"relics":["Burning Blood","Dead Branch","Du-Vu Doll","InkBottle"],"acts_visited":["Exordium"],"potions_floor_usage":[12,12,12],"damage_taken":[{"damage":5,"enemies":"Small Slimes","floor":1,"turns":3},{"damage":7,"enemies":"2 Louse","floor":3,"turns":3},{"damage":35,"enemies":"Lagavulin","floor":6,"turns":5},{"damage":7,"enemies":"Jaw Worm","floor":8,"turns":5},{"damage":25,"enemies":"3 Sentries","floor":10,"turns":7},{"damage":24,"enemies":"Gremlin Nob","floor":12,"turns":3}],"seed_played":"6080299088122618995","potions_obtained":[{"floor":8,"key":"EntropicBrew"}],"is_trial":false,"path_per_floor":["M","?","M","?","$","E","R","M","T","E","?","E"],"character_chosen":"IRONCLAD","items_purchased":["True Grit","Dark Embrace"],"campfire_rested":0,"item_purchase_floors":[5,5],"current_hp_per_floor":[68,73,72,72,72,43,43,42,42,23,23,0,0],"gold":202,"neow_bonus":"TWO_FIFTY_GOLD","is_daily":false,"chose_seed":false,"campfire_upgraded":1,"win_rate":0.0,"timestamp":1610484914,"path_taken":["M","?","M","?","$","E","R","M","T","E","?","E"],"items_purchased_type":["Card","Card"],"build_version":"2020-12-22","purchased_purges":1,"victory":false,"max_hp_per_floor":[68,73,73,73,73,73,73,73,73,73,73,73,73],"relic_stats":{"counters":[6,26],"Dead Branch":[28],"obtain_stats":[{"Du-Vu Doll":9,"Dead Branch":6,"Burning Blood":0,"InkBottle":10},{"Du-Vu Doll":4,"Dead Branch":3,"Burning Blood":0,"InkBottle":5},{"Du-Vu Doll":16,"Dead Branch":11,"Burning Blood":0,"InkBottle":23}],"Burning Blood":29,"InkBottle":[1]},"card_choices":[{"not_picked":["Body Slam","Clothesline"],"picked":"Anger","floor":1},{"not_picked":["Twin Strike","Havoc"],"picked":"Carnage","floor":3},{"not_picked":["Carnage","Havoc","Iron Wave"],"picked":"SKIP","floor":6},{"not_picked":["Warcry","Battle Trance","Clash"],"picked":"SKIP","floor":8},{"not_picked":["Battle Trance","Clash"],"picked":"Warcry","floor":8},{"not_picked":["Combust","Pummel"],"picked":"True Grit","floor":10}],"player_experience":181658,"relics_obtained":[{"floor":6,"key":"Dead Branch"},{"floor":9,"key":"Du-Vu Doll"},{"floor":10,"key":"InkBottle"}],"event_choices":[{"damage_healed":0,"gold_gain":0,"player_choice":"Donut","damage_taken":0,"max_hp_gain":5,"max_hp_loss":0,"event_name":"Big Fish","floor":2,"gold_loss":0},{"cards_removed":["Strike_R"],"damage_healed":0,"gold_gain":0,"player_choice":"Card Removal","damage_taken":0,"max_hp_gain":0,"max_hp_loss":0,"event_name":"The Cleric","floor":4,"gold_loss":75},{"damage_healed":0,"gold_gain":0,"player_choice":"Ignored","damage_taken":0,"max_hp_gain":0,"max_hp_loss":0,"event_name":"Liars Game","floor":11,"gold_loss":0}],"is_beta":false,"boss_relics":[],"items_purged_floors":[5],"is_endless":false,"potions_floor_spawned":[8],"killed_by":"Gremlin Nob","ascension_level":20}}