{"host":"refsn2q8at3dn95k","time":1610415924,"event":{"mods":["BaseMod","Hubris","Infinite Spire","Minty Spire (QoL Compilation)","Replay The Spire","StSLib","The Jungle"],"gold_per_floor":[209,209,227,177,22,56,56,67,67,99,99,110,136,152,152,228,228,245,274,274,37,50,50,63,63,63],"floor_reached":25,"playtime":2620,"items_purged":["Strike_R"],"score":365,"play_id":"6214a26d-2237-4411-b8b1-67ad49e488c2","local_time":"20210111194524","is_ascension_mode":true,"campfire_choices":[{"floor":11.0,"key":"RECALL"},{"data":"Bash","floor":15.0,"key":"SMITH"},{"floor":23,"key":"REST"}],"circlet_count":0,"master_deck":["AscendersBane","Strike_R","Strike_R+1","Strike_R","Strike_R+1","Defend_R","Defend_R","Defend_R","Bash+1","Cleave","Reaper","Immolate","Inflame","Thunderclap","Bludgeon","Rage","Apotheosis"],"relics":["Burning Blood","Blue Candle","Bronze Scales","Pear","Paper Frog","Kunai","Whetstone","Black Star","Red Mask"],"acts_visited":[],"potions_floor_usage":[22,24],"damage_taken":[{"damage":14.0,"enemies":"Jaw Worm","floor":1.0,"turns":4.0},{"damage":2.0,"enemies":"Cultist","floor":3.0,"turns":4.0},{"damage":56.0,"enemies":"3 Sentries","floor":6.0,"turns":6.0},{"damage":4.0,"enemies":"Small Slimes","floor":8.0,"turns":3.0},{"damage":25.0,"enemies":"Gremlin Nob","floor":10.0,"turns":4.0},{"damage":13.0,"enemies":"Looter","floor":12.0,"turns":3.0},{"damage":21.0,"enemies":"Lagavulin","floor":13.0,"turns":5.0},{"damage":14.0,"enemies":"Red Slaver","floor":14.0,"turns":5.0},{"damage":74.0,"enemies":"The Guardian","floor":16.0,"turns":13.0},{"damage":28.0,"enemies":"3 Byrds","floor":18.0,"turns":4.0},{"damage":50.0,"enemies":"Masked Bandits","floor":19.0,"turns":4.0},{"damage":8,"enemies":"Chosen","floor":22,"turns":3},{"damage":20,"enemies":"Snake Plant","floor":24,"turns":2},{"damage":43,"enemies":"Shelled Parasite and Fungi","floor":25,"turns":3}],"seed_played":"2923971412607099084","potions_obtained":[{"floor":1.0,"key":"Fire Potion"},{"floor":6.0,"key":"PowerPotion"},{"floor":10.0,"key":"ColorlessPotion"},{"floor":19.0,"key":"FearPotion"},{"floor":22,"key":"GamblersBrew"}],"is_trial":false,"path_per_floor":["M","?","M","?","$","E","?","M","T","E","R","M","E","M","R","B",null,"M","?","?","$","M","R","M","M"],"character_chosen":"IRONCLAD","items_purchased":["Bronze Scales","Apotheosis"],"campfire_rested":1,"item_purchase_floors":[5,21],"current_hp_per_floor":[64,64,68,68,68,28,90,90,90,71,71,70,72,68,68,7,69,53,21,21,21,21,48,34,0,0],"gold":63,"neow_bonus":"HUNDRED_GOLD","is_daily":false,"chose_seed":false,"campfire_upgraded":1,"win_rate":0.0,"timestamp":1610415924,"path_taken":["M","?","?","?","$","E","?","M","T","E","R","?","E","M","R","BOSS","M","?","?","$","?","R","M","M"],"items_purchased_type":["Relic","Card"],"build_version":"2020-12-22","purchased_purges":1,"victory":false,"max_hp_per_floor":[80,80,80,80,80,90,90,90,90,90,90,90,90,90,90,90,90,90,90,90,90,90,90,90,90,90],"card_choices":[{"not_picked":["Burning Pact","Reckless Charge"],"picked":"Uppercut","floor":1.0},{"not_picked":["Anger","Wild Strike"],"picked":"Combust","floor":3.0},{"not_picked":["Flex","Anger"],"picked":"Cleave","floor":6.0},{"not_picked":["True Grit","Wild Strike","Burning Pact"],"picked":"SKIP","floor":8.0},{"not_picked":["Wild Strike","Carnage"],"picked":"Reaper","floor":10.0},{"not_picked":["Body Slam","Armaments","Battle Trance"],"picked":"SKIP","floor":12.0},{"not_picked":["Intimidate","Warcry","Barricade"],"picked":"SKIP","floor":13.0},{"not_picked":["Body Slam","Headbutt","Dual Wield"],"picked":"SKIP","floor":14.0},{"not_picked":["Offering","Fiend Fire"],"picked":"Immolate","floor":16.0},{"not_picked":["Fire Breathing","Havoc+1"],"picked":"Inflame","floor":18.0},{"not_picked":["Combust","Headbutt"],"picked":"Thunderclap","floor":19.0},{"not_picked":["Sword Boomerang","Flex","Iron Wave"],"picked":"SKIP","floor":22},{"not_picked":["Sword Boomerang","Flex","Iron Wave"],"picked":"SKIP","floor":22},{"not_picked":["Burning Pact","Shrug It Off+1","Thunderclap"],"picked":"SKIP","floor":24}],"player_experience":1620401,"relics_obtained":[{"floor":6.0,"key":"Pear"},{"floor":9.0,"key":"Paper Frog"},{"floor":10.0,"key":"Kunai"},{"floor":13.0,"key":"Whetstone"},{"floor":19.0,"key":"Red Mask"}],"event_choices":[{"cards_removed":["Uppercut"],"damage_healed":0.0,"max_hp_gain":0.0,"max_hp_loss":0.0,"gold_gain":0.0,"event_name":"WeMeetAgain","player_choice":"Gave Card","floor":2.0,"gold_loss":0.0,"damage_taken":0.0,"relics_obtained":["Blue Candle"]},{"cards_removed":["Defend_R"],"damage_healed":0.0,"max_hp_gain":0.0,"max_hp_loss":0.0,"gold_gain":0.0,"event_name":"The Cleric","player_choice":"Card Removal","floor":4.0,"gold_loss":50.0,"damage_taken":0.0},{"cards_removed":["Combust"],"damage_healed":62.0,"max_hp_gain":0.0,"max_hp_loss":0.0,"gold_gain":0.0,"event_name":"Bonfire Elementals","player_choice":"Offered Uncommon","floor":7.0,"gold_loss":0.0,"damage_taken":0.0},{"damage_healed":0.0,"max_hp_gain":0.0,"max_hp_loss":0.0,"gold_gain":0.0,"event_name":"Masked Bandits","player_choice":"Fought Bandits","floor":19.0,"gold_loss":0.0,"damage_taken":0.0},{"damage_healed":0.0,"max_hp_gain":0.0,"max_hp_loss":0.0,"gold_gain":0.0,"event_name":"Match and Keep!","player_choice":"2 cards matched","floor":20.0,"gold_loss":0.0,"damage_taken":0.0,"cards_obtained":["Bludgeon","Rage"]}],"is_beta":false,"boss_relics":[{"not_picked":["Coffee Dripper","Astrolabe"],"picked":"Black Star"}],"items_purged_floors":[21],"is_endless":false,"potions_floor_spawned":[1,6,10,19,22],"killed_by":"Shelled Parasite and Fungi","ascension_level":13}}