{"host":"eu5wvbbtjeiar27l","time":1610422216,"event":{"mods":["BaseMod","Colored Powertips","Conspire","Hubris","Infinite Spire","Minty Spire (QoL Compilation)","Rare Cards Sparkle","StSLib","vexMod"],"gold_per_floor":[110,130,20,34,34,34,64,64,64,64,91,118,145,132,144,256,268,295,324,355,377,389,389],"floor_reached":22,"playtime":1274,"items_purged":["Strike_B"],"score":223,"play_id":"ed0a6e50-4e1d-4c37-a504-f2e3f43b93ab","local_time":"20210112033016","is_ascension_mode":false,"campfire_choices":[{"data":"Fusion","floor":6,"key":"SMITH"},{"data":"Machine Learning","floor":8,"key":"SMITH"},{"data":"Zap","floor":10,"key":"SMITH"},{"floor":15,"key":"REST"}],"circlet_count":0,"master_deck":["Strike_B","Strike_B","Strike_B","Defend_B","Defend_B","Defend_B","Defend_B","Zap+1","Dualcast","Turbo","Ball Lightning","Fusion+1","Machine Learning+1","FTL","Coolheaded","Ball Lightning","Echo Form","Barrage","Lockon","All For One"],"relics":["Cracked Core","NeowsBlessing","hubris:TinFlute","MawBank","hubris:Backtick","Runic Capacitor"],"acts_visited":["Exordium","TheCity"],"potions_floor_usage":[7,7,7,11,16,16],"damage_taken":[{"damage":0,"enemies":"Cultist","floor":1,"turns":1},{"damage":0,"enemies":"2 Louse","floor":2,"turns":1},{"damage":0,"enemies":"Small Slimes","floor":4,"turns":1},{"damage":9,"enemies":"Lagavulin","floor":7,"turns":5},{"damage":31,"enemies":"3 Sentries","floor":11,"turns":7},{"damage":17,"enemies":"Exordium Wildlife","floor":12,"turns":4},{"damage":19,"enemies":"Exordium Thugs","floor":13,"turns":4},{"damage":18,"enemies":"Hexaghost","floor":16,"turns":7},{"damage":25,"enemies":"Shell Parasite","floor":18,"turns":5},{"damage":35,"enemies":"2 Thieves","floor":19,"turns":3},{"damage":11,"enemies":"Snecko","floor":20,"turns":5},{"damage":0,"enemies":"Sentry and Sphere","floor":21,"turns":1},{"damage":16,"enemies":"Shelled Parasite and Fungi","floor":22,"turns":2}],"seed_played":"7722020219120811365","potions_obtained":[{"floor":1,"key":"EntropicBrew"},{"floor":2,"key":"LiquidBronze"},{"floor":12,"key":"LiquidBronze"},{"floor":13,"key":"DuplicationPotion"},{"floor":20,"key":"Weak Potion"},{"floor":21,"key":"FocusPotion"}],"is_trial":false,"path_per_floor":["M","M","$","M","$","R","E","R","T","R","E","M","M","?","R","B",null,"M","M","M","M","M"],"character_chosen":"DEFECT","items_purchased":["Fusion"],"campfire_rested":1,"item_purchase_floors":[3],"current_hp_per_floor":[75,75,75,75,75,75,72,72,72,72,41,24,5,5,29,11,81,56,21,10,10,0,0],"gold":389,"neow_bonus":"THREE_ENEMY_KILL","is_daily":false,"chose_seed":false,"campfire_upgraded":3,"win_rate":0.0,"timestamp":1610422216,"path_taken":["M","M","$","?","?","R","E","R","T","R","E","M","M","?","R","BOSS","M","M","M","M","M"],"items_purchased_type":["Card"],"build_version":"2020-12-22","purchased_purges":1,"victory":false,"max_hp_per_floor":[75,75,75,75,75,75,81,81,81,81,81,81,81,81,81,81,81,81,81,81,81,81,81],"card_choices":[{"not_picked":["Stack","Rebound"],"picked":"Turbo","floor":1},{"not_picked":["Cold Snap","Sweeping Beam"],"picked":"Ball Lightning","floor":2},{"not_picked":["Streamline","Sweeping Beam","hubris:DoWhile"],"picked":"SKIP","floor":4},{"not_picked":["Self Repair","Glacier"],"picked":"Machine Learning","floor":7},{"not_picked":["Undo","Reinforced Body"],"picked":"FTL","floor":11},{"not_picked":["Leap","Hologram"],"picked":"Coolheaded","floor":12},{"not_picked":["Aggregate","Beam Cell"],"picked":"Ball Lightning","floor":13},{"not_picked":["Amplify","Core Surge"],"picked":"Echo Form","floor":16},{"not_picked":["conspire:Rain","Turbo"],"picked":"Barrage","floor":18},{"not_picked":["Rebound","Steam"],"picked":"Lockon","floor":19},{"not_picked":["conspire:Rain+1","Gash","Leap"],"picked":"SKIP","floor":20},{"not_picked":["Sunder+1","Compile Driver"],"picked":"All For One","floor":21}],"player_experience":98387,"relics_obtained":[{"floor":7,"key":"vexMod:BerryBomb"},{"floor":9,"key":"hubris:TinFlute"},{"floor":11,"key":"MawBank"}],"event_choices":[],"is_beta":false,"boss_relics":[{"not_picked":["hubris:GrandSneckoEye","infinitespire:Cupcake"],"picked":"hubris:Backtick"}],"items_purged_floors":[3],"is_endless":false,"potions_floor_spawned":[1,2,12,13,20,21],"killed_by":"Shelled Parasite and Fungi","ascension_level":0}}