{"host":"appz8zkad29u9482","time":1610437146,"event":{"mods":["2.2 Compatiblity","Act Like it!","Aspiration","BaseMod","Beaked The Cultist","Better Altar","Better Match","Better Note","Better Skull","Better Third Choice","BetterRewards","CapriCore","Conspire","Disable Question Mark Monsters","Energized Spire","Gensokyo","GifTheSpireLib","Gold Saver","Halation","Hermit","Hubris","Infinite Spire","Jedi Mod","Marisa????????","Minty Spire (QoL Compilation)","Permanent Neow","Reimu??????","Replay The Spire","Somnambulant","Spicy Shops","StSLib","Strawberry Spire","Stuff the Spire","The Administrix","The Animator","The Cursed","The Hierophant","The Immortal","yUi"],"gold_per_floor":[996,996,1008,908,413,413,430,460,512,532,532,564,564,413,413,510,510,525,129,129,129,129,129,129,129],"floor_reached":24,"playtime":1300,"items_purged":[],"score":245,"play_id":"623446ed-f4e1-4d8c-bc45-0c8de51bb84d","local_time":"20210111213906","is_ascension_mode":true,"campfire_choices":[{"data":"Armaments","floor":6,"key":"SMITH"},{"data":"Armaments","floor":13,"key":"SMITH"},{"data":"Armaments","floor":15,"key":"SMITH"},{"data":"Strike_R+1","floor":23,"key":"SMITH"}],"circlet_count":0,"master_deck":["Strike_R","Strike_R","Strike_R+2","Strike_R","Strike_R","Defend_R","Defend_R+1","Defend_R","Defend_R+1","Bash+1","Armaments+1","jedi:collectorstrike","Ghostly","Armaments+1","Impervious+1","Armaments+1","StuffTheSpire:Incineration","Sword Boomerang","Wild Strike","Life Link","Sword Boomerang","Brutality","Rupture+1","Armaments+1","Armaments+1","Armaments+1","Armaments+1","Armaments+1"],"relics":["Burning Blood","Simple Rune","halation:PromiseList","Orrery","hubris:BundleOfHerbs","StuffTheSpire:GrapeVine","Nunchaku","Snecko Eye","hubris:Reverence","strawberrySpire:BrokenPrinter","Bloody Idol","Blood Vial","hubris:Zylophone","aspiration:SecretTechniqueScroll"],"acts_visited":["Exordium","TheCity"],"potions_floor_usage":[18],"damage_taken":[{"damage":8,"enemies":"Jaw Worm","floor":1,"turns":4},{"damage":3,"enemies":"Small Slimes","floor":3,"turns":4},{"damage":6,"enemies":"2 Louse","floor":7,"turns":3},{"damage":15,"enemies":"Gremlin Nob","floor":8,"turns":4},{"damage":6,"enemies":"Looter","floor":10,"turns":3},{"damage":21,"enemies":"Lagavulin","floor":12,"turns":5},{"damage":12,"enemies":"Slime Boss","floor":16,"turns":10},{"damage":8,"enemies":"conspire:FuzzyDice","floor":18,"turns":5},{"damage":21,"enemies":"Nightmare","floor":24,"turns":7}],"seed_played":"-1943073065913772396","potions_obtained":[{"floor":3,"key":"Elixir"},{"floor":10,"key":"Swift Potion"},{"floor":16,"key":"Block Potion"},{"floor":18,"key":"Languid Potion"}],"is_trial":false,"path_per_floor":["M","?","M","?","$","R","M","E","T","M","?","E","R","$","R","B",null,"M","$","?","?","AVR","R","NM"],"character_chosen":"IRONCLAD","items_purchased":["Armaments","Simple Rune","halation:PromiseList","Orrery","Nunchaku","hubris:Reverence","strawberrySpire:BrokenPrinter"],"campfire_rested":0,"item_purchase_floors":[5,5,5,5,14,19,19],"current_hp_per_floor":[78,78,80,80,80,80,80,71,71,71,55,40,40,40,40,34,80,78,78,17,17,17,17,0,0],"gold":129,"neow_bonus":"UPGRADE_CARD","is_daily":false,"chose_seed":false,"campfire_upgraded":4,"win_rate":0.0,"timestamp":1610437146,"path_taken":["M","?","M","?","$","R","M","E","T","M","?","E","R","$","R","BOSS","M","$","?","?","AVR","R","NM"],"items_purchased_type":["Card","Relic","Relic","Relic","Relic","Relic","Relic"],"build_version":"2020-12-22","purchased_purges":0,"victory":false,"max_hp_per_floor":[80,80,80,80,80,80,80,80,80,80,80,80,80,80,80,80,80,80,80,80,80,80,80,80,80],"card_choices":[{"not_picked":["hubris:CleavingFinish","Battle Trance"],"picked":"Armaments","floor":1},{"not_picked":["Clothesline","Body Slam"],"picked":"jedi:collectorstrike","floor":3},{"not_picked":["Wild Strike","Shrug It Off"],"picked":"jedi:collectorstrike","floor":5},{"not_picked":["Thunderclap","Searing Blow"],"picked":"Impervious","floor":5},{"not_picked":["Twin Strike","jedi:collectorstrike"],"picked":"Armaments","floor":5},{"not_picked":["Feel No Pain","Defy Death"],"picked":"StuffTheSpire:Incineration","floor":5},{"not_picked":["Fire Breathing","Thunderclap"],"picked":"Sword Boomerang","floor":5},{"not_picked":["StuffTheSpire:Slingshot","strawberrySpire:FireDrill"],"picked":"Wild Strike","floor":7},{"not_picked":["Rampage","jedi:fear","Replay:Undeath\u0027s Touch"],"picked":"SKIP","floor":8},{"not_picked":["Replay:Undeath\u0027s Touch","Headbutt"],"picked":"Life Link","floor":10},{"not_picked":["conspire:HitWhereItHurts","Exhume"],"picked":"Sword Boomerang","floor":12},{"not_picked":["Eclipse","Bludgeon"],"picked":"Brutality","floor":16},{"not_picked":["Entrench","jedi:collectorstrike"],"picked":"Rupture+1","floor":18}],"player_experience":534598,"relics_obtained":[{"floor":8,"key":"hubris:BundleOfHerbs"},{"floor":12,"key":"StuffTheSpire:GrapeVine"}],"event_choices":[{"damage_healed":0,"gold_gain":0,"player_choice":"Argue","damage_taken":0,"max_hp_gain":0,"max_hp_loss":0,"event_name":"conspire:LoneGhost","floor":4,"gold_loss":0},{"damage_healed":71,"gold_gain":0,"player_choice":"Upgrade","damage_taken":16,"max_hp_gain":0,"max_hp_loss":80,"event_name":"betterThird:BetterShining","floor":11,"gold_loss":0,"cards_upgraded":["Strike_R","Impervious"]},{"damage_healed":0,"gold_gain":0,"player_choice":" Idol Vial ","damage_taken":61,"relics_obtained":["Bloody Idol","Blood Vial"],"max_hp_gain":78,"max_hp_loss":17,"event_name":"betterAltar:BetterAltar","floor":20,"potions_obtained":[],"relics_lost":[],"gold_loss":0}],"is_beta":false,"boss_relics":[{"not_picked":["energizedSpire:SpiderWeb","energizedSpire:DecayingSkull"],"picked":"Snecko Eye"}],"items_purged_floors":[],"is_endless":false,"potions_floor_spawned":[3,10,16,18],"killed_by":"Nightmare","ascension_level":2}}