{"host":"5ddwedapke4fsx0r","time":1610490960,"event":{"mods":["BaseMod","Better Third Choice","Downfall","Infinite Spire","Minty Spire (QoL Compilation)","Replay The Spire","Shade Mod","StSLib","The Cursed","The Servant 0.9.4"],"gold_per_floor":[112,112,131,131,131,145,174,188,242,242,270,270,290,315,315,418,418,429,344,344,355,367,367,392,392,392,419,448,448,448,466,466,602,702,787,869,869,958,1046,1161,1161,1187,1187,1187,1300,482,559,623,623,637],"floor_reached":51,"language":"ENG","playtime":3739,"items_purged":["hexamod:Haunted"],"score":1133,"play_id":"4e851254-d5da-48ca-bee6-426eec6063a4","local_time":"20210112233600","is_ascension_mode":true,"campfire_choices":[{"data":"Shade:ExtraLimbs","floor":10,"key":"SMITH"},{"data":"Shade:SensePrey","floor":12,"key":"SMITH"},{"floor":15,"key":"DIG"},{"data":"Shade:Putrefaction","floor":23,"key":"SMITH"},{"data":"Shade:Brains","floor":25,"key":"SMITH"},{"floor":32,"key":"REST"},{"floor":44,"key":"REST"},{"data":"Shade:Putrefaction","floor":49,"key":"SMITH"}],"circlet_count":0,"master_deck":["Shade:Strike_Shade","Shade:Strike_Shade","Shade:Strike_Shade","Shade:Strike_Shade+1","Shade:Defend_Shade","Shade:Defend_Shade","Shade:AnimateDead+1","Shade:CarefulCut","Shade:Bonestorm+1","Shade:SensePrey+1","Shade:Brains+1","Shade:ExtraLimbs+1","Shade:Trample","Shade:AblativeArmor","Shade:Coordination+1","Shade:Putrefaction+1","Shade:FreshBones","Shade:AnimateDead+1","Shade:ClawBack+1","Shade:BoneShards+1","Shade:WallOfFlesh+1","Shade:ScuttlingHand+1","Shade:ClawBack+1","Shade:OfferingToTheBeyond","Shade:Brains+1","Shade:AuraOfUnlife","Spreading Infection","Shade:FingerOfDeath+1","Shade:CoffinDance","Shade:Frenzy","Spreading Infection","Shade:Brains+1","ReplayTheSpireMod:IOU","ReplayTheSpireMod:IOU","ReplayTheSpireMod:IOU","Shade:Putrefaction+1","Shade:Brains+1","Shade:FuneraryArmor"],"relics":["Shade:YorickSkull","Quantum Egg","Gremlin Food","Centennial Puzzle","Chameleon Ring","Tiny Chest","Black Star","Incense Burner","Replay:Wax Seal","infinitespire:BottledMercury","Replay:Rubber Ducky","The Courier","Replay:Bandana","CaptainsWheel","infinitespire:EvilPickle","Replay:Wanted Poster","Ring of Panic","ReplayTheSpireMod:Ring of Addiction","Potion Belt","SacredBark","StrikeDummy","Nunchaku","Cursed Key","Mercury Hourglass","infinitespire:PuzzleCube","MealTicket","White Beast Statue","Counterbalance","Bag of Marbles","Anchor","Pondfish Scales","Replay:Bottled Eggs","Turnip"],"acts_visited":["Exordium","TheCity","TheBeyond"],"potions_floor_usage":[18,27,33,38,39,45,48,50,50],"damage_taken":[{"damage":0,"enemies":"2 Louse","floor":1,"turns":2},{"damage":0,"enemies":"Cultist","floor":3,"turns":3},{"damage":2,"enemies":"Jaw Worm","floor":6,"turns":2},{"damage":4,"enemies":"Lagavulin","floor":7,"turns":6},{"damage":0,"enemies":"Exordium Thugs","floor":8,"turns":3},{"damage":9,"enemies":"3 Sentries","floor":11,"turns":5},{"damage":0,"enemies":"Large Slime","floor":13,"turns":4},{"damage":1,"enemies":"Lagavulin","floor":14,"turns":5},{"damage":23,"enemies":"Hexaghost","floor":16,"turns":11},{"damage":11,"enemies":"Shell Parasite","floor":18,"turns":7},{"damage":0,"enemies":"Chosen","floor":21,"turns":3},{"damage":2,"enemies":"3 Cultists","floor":22,"turns":3},{"damage":11,"enemies":"Gremlin Leader","floor":24,"turns":5},{"damage":0,"enemies":"Slavers","floor":27,"turns":4},{"damage":6,"enemies":"Snake Plant","floor":28,"turns":6},{"damage":0,"enemies":"Sentry and Sphere","floor":31,"turns":2},{"damage":1,"enemies":"Pondfish","floor":33,"turns":10},{"damage":4,"enemies":"3 Darklings","floor":35,"turns":3},{"damage":0,"enemies":"3 Shapes","floor":36,"turns":3},{"damage":15,"enemies":"Writhing Mass","floor":38,"turns":6},{"damage":0,"enemies":"Jaw Worm Horde","floor":39,"turns":5},{"damage":6,"enemies":"Giant Head","floor":40,"turns":10},{"damage":0,"enemies":"4 Shapes","floor":45,"turns":3},{"damage":0,"enemies":"R_Hoarder","floor":47,"turns":8},{"damage":0,"enemies":"2 Orb Walkers","floor":48,"turns":4},{"damage":0,"enemies":"Replay:Hell Engine","floor":50,"turns":11}],"seed_played":"-3892756735932106348","potions_obtained":[{"floor":1,"key":"Swift Potion"},{"floor":3,"key":"LifebloodPotion"},{"floor":6,"key":"Energy Potion"},{"floor":16,"key":"Dexterity Potion"},{"floor":18,"key":"Languid Potion"},{"floor":24,"key":"AttackPotion"},{"floor":36,"key":"Block Potion"},{"floor":37,"key":"Energy Potion"},{"floor":37,"key":"SteroidPotion"},{"floor":37,"key":"Toxic Potion"},{"floor":38,"key":"sneckomod:MuddlingPotion"},{"floor":39,"key":"BlessingOfTheForge"},{"floor":47,"key":"Toxic Potion"},{"floor":48,"key":"AttackPotion"}],"is_trial":false,"path_per_floor":["M","?","M","?","$","M","E","M","T","R","E","R","M","E","R","B",null,"M","?","?","M","M","R","E","R","T","E","M","T","AVR","M","R","B",null,"M","M","?","M","M","E","AVR","T","T","R","M","$","E","?","R","B",null],"character_chosen":"SHADE","items_purchased":["infinitespire:PuzzleCube","MealTicket","White Beast Statue","Counterbalance","Bag of Marbles","Anchor","Shade:Putrefaction"],"campfire_rested":2,"item_purchase_floors":[46,46,46,46,46,46,46],"current_hp_per_floor":[59,59,59,59,59,57,53,53,53,53,44,44,44,43,43,20,59,48,48,48,48,46,46,35,35,35,35,29,29,29,29,46,45,59,55,55,55,40,40,34,34,34,34,51,51,51,51,51,51,51],"gold":637,"neow_bonus":"REMOVE_TWO","is_daily":false,"chose_seed":false,"campfire_upgraded":5,"win_rate":0.0,"timestamp":1610490960,"path_taken":["M","?","?","?","?","M","E","M","T","R","E","R","M","E","R","BOSS","M","?","?","?","M","R","E","R","T","E","M","?","AVR","M","R","BOSS","M","M","?","M","M","E","AVR","?","T","R","M","$","E","?","R","BOSS"],"items_purchased_type":["Relic","Relic","Relic","Relic","Relic","Relic","Card"],"build_version":"2020-12-22","purchased_purges":1,"victory":true,"max_hp_per_floor":[59,59,59,59,59,59,59,59,59,59,59,59,59,59,59,59,59,59,59,59,59,59,59,59,59,59,59,59,59,59,59,59,59,59,59,59,59,59,59,59,59,59,57,57,57,57,57,57,57,57],"card_choices":[{"not_picked":["Shade:BoneShards","Shade:RavenousHorde","Shade:CallOfTheGrave"],"picked":"SKIP","floor":1},{"not_picked":["Shade:ClawBack","Shade:Patience"],"picked":"Shade:Bonestorm","floor":3},{"not_picked":["Shade:Coordination","Shade:Awaken"],"picked":"Shade:SensePrey","floor":6},{"not_picked":["Shade:SkeletonHug","Shade:CoffinDance"],"picked":"Shade:Brains","floor":7},{"not_picked":["Shade:WallOfFlesh","Shade:CoffinDance"],"picked":"Shade:ExtraLimbs","floor":8},{"not_picked":["Shade:CoffinDance","Shade:Carnophage"],"picked":"Shade:Trample","floor":11},{"not_picked":["Shade:Premonition","Shade:Brains"],"picked":"Shade:AblativeArmor","floor":13},{"not_picked":["Shade:CommandSoldier","Shade:FreshBones"],"picked":"Shade:Coordination","floor":14},{"not_picked":["Shade:LichForm","Shade:DarkOfNight"],"picked":"Shade:Putrefaction","floor":16},{"not_picked":["Shade:AblativeArmor","Shade:ExtraLimbs"],"picked":"Shade:FreshBones","floor":18},{"not_picked":["Shade:ExtraLimbs","Shade:Bite_Shade"],"picked":"Shade:ClawBack","floor":21},{"not_picked":["Shade:Excise","Shade:CallOfTheGrave"],"picked":"Shade:BoneShards+1","floor":22},{"not_picked":["Shade:Tombstone","Shade:SoulPierce"],"picked":"Shade:WallOfFlesh+1","floor":24},{"not_picked":["Shade:FleshToFlesh","Shade:FreshBones","Shade:BoneShards"],"picked":"SKIP","floor":27},{"not_picked":["Shade:CommandSoldier","Shade:CoffinDance"],"picked":"Shade:ScuttlingHand+1","floor":28},{"not_picked":["Shade:GraveStillness","Shade:SkeletonArmy+1"],"picked":"Shade:ClawBack","floor":31},{"not_picked":["Shade:LastGasp","Shade:GreaterAnimation"],"picked":"Shade:OfferingToTheBeyond","floor":33},{"not_picked":["Shade:StitchTogether+1","Shade:Haruspicy"],"picked":"Shade:Brains+1","floor":35},{"not_picked":["Shade:Haruspicy","Shade:WallOfFlesh"],"picked":"Shade:AuraOfUnlife","floor":36},{"not_picked":["Shade:Consume","Shade:ClawBack+1"],"picked":"Shade:FingerOfDeath+1","floor":38},{"not_picked":["Shade:ExtraLimbs","Shade:SpontaneousRitual+1"],"picked":"Shade:CoffinDance","floor":39},{"not_picked":["Shade:Coordination","Shade:SkeletonHug+1"],"picked":"Shade:Frenzy","floor":40},{"not_picked":["Shade:LyeBath","Shade:SpectralStrikes+1"],"picked":"Shade:Brains+1","floor":45},{"not_picked":["Shade:Awaken","Shade:ExtraLimbs"],"picked":"Shade:Brains+1","floor":47},{"not_picked":["Shade:RavenousHorde+1","Shade:AncientSpear"],"picked":"Shade:FuneraryArmor","floor":48}],"player_experience":410506,"relics_obtained":[{"floor":7,"key":"Quantum Egg"},{"floor":9,"key":"Gremlin Food"},{"floor":11,"key":"Centennial Puzzle"},{"floor":14,"key":"Chameleon Ring"},{"floor":15,"key":"Tiny Chest"},{"floor":24,"key":"Replay:Wax Seal"},{"floor":24,"key":"infinitespire:BottledMercury"},{"floor":26,"key":"Replay:Rubber Ducky"},{"floor":27,"key":"The Courier"},{"floor":27,"key":"Replay:Bandana"},{"floor":29,"key":"CaptainsWheel"},{"floor":37,"key":"Ring of Panic"},{"floor":37,"key":"ReplayTheSpireMod:Ring of Addiction"},{"floor":37,"key":"Potion Belt"},{"floor":37,"key":"SacredBark"},{"floor":40,"key":"StrikeDummy"},{"floor":40,"key":"Nunchaku"},{"floor":43,"key":"Mercury Hourglass"},{"floor":47,"key":"Pondfish Scales"},{"floor":47,"key":"Replay:Bottled Eggs"},{"floor":48,"key":"Turnip"}],"event_choices":[{"damage_healed":0,"gold_gain":0,"player_choice":"Forge","damage_taken":0,"max_hp_gain":0,"max_hp_loss":0,"event_name":"Accursed Blacksmith","floor":2,"gold_loss":0,"cards_upgraded":["Shade:AnimateDead"]},{"damage_healed":0,"gold_gain":0,"player_choice":"Upgraded","damage_taken":0,"max_hp_gain":0,"max_hp_loss":0,"event_name":"Upgrade Shrine","floor":4,"gold_loss":0,"cards_upgraded":["Shade:Bonestorm"]},{"damage_healed":0,"gold_gain":0,"player_choice":"Obtained Relic","damage_taken":0,"relics_obtained":["Incense Burner"],"max_hp_gain":0,"max_hp_loss":0,"event_name":"Addict","floor":19,"gold_loss":85},{"damage_healed":0,"gold_gain":0,"player_choice":"Copied","damage_taken":0,"max_hp_gain":0,"max_hp_loss":0,"event_name":"Duplicator","floor":20,"gold_loss":0,"cards_obtained":["Shade:AnimateDead"]},{"damage_healed":0,"gold_gain":0,"player_choice":"Fight","damage_taken":0,"max_hp_gain":0,"max_hp_loss":0,"event_name":"Mysterious Sphere","floor":48,"gold_loss":0}],"is_beta":false,"boss_relics":[{"not_picked":["Philosopher\u0027s Stone","infinitespire:Cupcake"],"picked":"Black Star"},{"not_picked":["Runic Dome","Abe\u0027s Treasure"],"picked":"Replay:Wanted Poster"}],"items_purged_floors":[46],"is_endless":false,"potions_floor_spawned":[1,3,6,16,18,22,24,36,38,39,47,48],"ascension_level":1}}