{"host":"ikjt6v4q6zrcj3if","time":1610418291,"event":{"mods":["100% Spire Juice","Arknights The Spire","BaseMod","CapriCore","Colored Map","Downfall","Jorbs\u0027s Wanderer Trilogy","Koishi","Luminous","Minty Spire (QoL Compilation)","Permanent Neow","Quick Restart","Replay The Spire","StSLib","SuperFastMode","The Marked","The Necromancer","The Runesmith"],"gold_per_floor":[113,195,270,45,57,57,91,10,33,33,64,76,119,141,153,268,280,310,338,250,349,349,349,374,374,374,402,418,418,418,32,32,133,133,151,37,37,57,39,39,72,82,105,155,180,199,199,212,212,212],"floor_reached":51,"playtime":2803,"items_purged":["Strike_W","Languid","Injury","Strike_W"],"score":949,"play_id":"a3ef65cc-cc5f-4ace-8185-7846177f59a9","local_time":"20210112112451","is_ascension_mode":true,"campfire_choices":[{"data":"Summon_Death_Knight","floor":6,"key":"SMITH"},{"data":"Violent_Necrosis","floor":10,"key":"SMITH"},{"data":"Defend_W","floor":12,"key":"SMITH"},{"data":"Siphon_Strength","floor":23,"key":"SMITH"},{"data":"Summon_Undead","floor":25,"key":"SMITH"},{"data":"Bone_Wall","floor":30,"key":"SMITH"},{"data":"Negative_Energy_Arrows","floor":32,"key":"SMITH"},{"data":"Necrotic_Claws","floor":40,"key":"SMITH"},{"data":"Grasp_Heart","floor":47,"key":"SMITH"},{"floor":49,"key":"REST"}],"circlet_count":0,"master_deck":["Strike_W","Strike_W","Defend_W+1","Defend_W+1","Defend_W+1","Defend_W+1","Negative_Energy_Arrows+1","Bone_Wall+1","Summon_Death_Knight+1","Necrotic_Claws+1","Violent_Necrosis+1","Hellfire","Summon_Undead_Army+1","Bone_Armory+1","Summon_Undead+1","Blood_Curse+1","Summon_Death_Knight+1","Clumsy","Shade_Step+1","Siphon_Strength+1","Shade_Step+1","Uncharnel+1","Grasp_Heart+1","Chrysalis+1","Life_Tap+1","Summon_Undead_Army+1","Decay","Spectral_Walk+1","Bone_Prison+1","Summon_Undead+1","Shackles_Of_Pain+1"],"relics":["Vampire_Amulet","Strange Spoon","Frozen Egg 2","Replay:Baseball","MawBank","Replay:Bottled Eggs","Replay:Ancient Bell","ReplayTheSpireMod:TigerMarble","Divine Protection","Incense Burner","Lantern","Toxic Egg 2","Anchor","Membership Card","Black Star","Thread and Needle","Replay:Accelerometer","Dream Catcher","Durian","Garlic","Replay:Towering Pillar of Hats"],"acts_visited":["Exordium","TheCity","TheBeyond"],"potions_floor_usage":[7,27,33,48],"damage_taken":[{"damage":14,"enemies":"Small Slimes","floor":1,"turns":4},{"damage":0,"enemies":"2 Louse","floor":5,"turns":2},{"damage":17,"enemies":"3 Sentries","floor":7,"turns":10},{"damage":18,"enemies":"Gremlin Nob","floor":11,"turns":4},{"damage":10,"enemies":"Lagavulin","floor":13,"turns":5},{"damage":0,"enemies":"Cultist","floor":14,"turns":2},{"damage":0,"enemies":"The Guardian","floor":16,"turns":8},{"damage":0,"enemies":"Shell Parasite","floor":18,"turns":5},{"damage":3,"enemies":"Spheric Guardian","floor":19,"turns":4},{"damage":2,"enemies":"Book of Stabbing","floor":24,"turns":4},{"damage":22,"enemies":"Gremlin Leader","floor":27,"turns":6},{"damage":7,"enemies":"Shelled Parasite and Fungi","floor":28,"turns":4},{"damage":11,"enemies":"Collector","floor":33,"turns":7},{"damage":2,"enemies":"Orb Walker","floor":35,"turns":4},{"damage":13,"enemies":"3 Shapes","floor":38,"turns":3},{"damage":0,"enemies":"R_Hoarder","floor":41,"turns":7},{"damage":0,"enemies":"Sphere and 2 Shapes","floor":42,"turns":5},{"damage":0,"enemies":"Mind Bloom Boss Battle","floor":44,"turns":5},{"damage":29,"enemies":"Nemesis","floor":45,"turns":5},{"damage":0,"enemies":"Transient","floor":46,"turns":5},{"damage":0,"enemies":"Jaw Worm Horde","floor":48,"turns":4},{"damage":20,"enemies":"Awakened One","floor":50,"turns":12}],"seed_played":"2913192633172127175","potions_obtained":[{"floor":1,"key":"Weak Potion"},{"floor":13,"key":"AttackPotion"},{"floor":14,"key":"Venom Potion"},{"floor":19,"key":"LiquidBronze"},{"floor":28,"key":"Swift Potion"},{"floor":33,"key":"Energy Potion"},{"floor":41,"key":"Slimebound:ThreeZeroPotion"}],"is_trial":false,"path_per_floor":["M","?","?","$","M","R","E","$","T","R","E","R","E","M","R_BF","B",null,"M","M","$","?","?","R","E","R","T","E","M","?","R","$","R","B",null,"M","$","?","M","$","R","E","M","T","?","E","M","R","M","R","B",null],"character_chosen":"NECROMANCER","items_purchased":["Strange Spoon","Summon_Undead_Army+1","Membership Card","Grasp_Heart","Chrysalis+1","Summon_Undead_Army+1","Spectral_Walk+1"],"campfire_rested":1,"item_purchase_floors":[4,8,31,31,31,36,39],"current_hp_per_floor":[63,45,34,34,38,38,27,27,27,27,11,11,3,8,30,38,75,75,74,74,74,74,74,74,74,74,57,54,54,54,54,54,60,75,75,75,75,62,62,62,70,75,75,80,53,55,55,61,80,80],"gold":212,"neow_bonus":"ONE_RANDOM_RARE_CARD","is_daily":false,"chose_seed":false,"campfire_upgraded":9,"win_rate":0.0,"timestamp":1610418291,"path_taken":["M","?","?","$","M","R","E","$","T","R","E","R","E","M","R_BF","BOSS","M","M","$","?","?","R","E","R","T","E","?","?","R","$","R","BOSS","M","$","?","?","?","R","E","M","T","?","E","M","R","M","R","BOSS"],"items_purchased_type":["Relic","Card","Relic","Card","Card","Card","Card"],"build_version":"2020-12-22","purchased_purges":4,"victory":true,"max_hp_per_floor":[75,75,75,75,75,75,75,75,75,75,75,75,75,75,75,75,75,75,75,75,75,75,75,75,75,75,75,75,75,75,75,75,75,75,75,75,75,75,75,75,75,75,75,80,80,80,80,80,80,80],"card_choices":[{"not_picked":["Whirlwind_of_Bones","Finger_Of_Death","Bone_Bullets"],"picked":"SKIP","floor":1},{"not_picked":["Epidemic","Bone_Armor"],"picked":"Necrotic_Claws","floor":2},{"not_picked":["Death_March_Dance","Bone_Spikes"],"picked":"Violent_Necrosis","floor":5},{"not_picked":["Consume_Illness","Corrupt"],"picked":"Hellfire","floor":7},{"not_picked":["Plague_Bolt","Death_Coil"],"picked":"Bone_Armory+1","floor":11},{"not_picked":["Skeleton_Dragon+1","Slay_Living","Summon_Undead"],"picked":"SKIP","floor":13},{"not_picked":["Skeleton_Dragon+1","Slay_Living"],"picked":"Summon_Undead","floor":13},{"not_picked":["Bone_Shift","Blood_Whip"],"picked":"Blood_Curse","floor":14},{"not_picked":["Negative_Energy_Bomb","Requiem"],"picked":"Summon_Death_Knight+1","floor":16},{"not_picked":["stsjorbsmod:Amnesia","Replay:Hysterical Blindness"],"picked":"Languid","floor":17},{"not_picked":["CommonCold","ReplayTheSpireMod:Faulty Equipment"],"picked":"Injury","floor":17},{"not_picked":["CurseOfTheBell","stsjorbsmod:PollutedStrike"],"picked":"Clumsy","floor":17},{"not_picked":["Death_Coil","Stop_Heart"],"picked":"Shade_Step+1","floor":18},{"not_picked":["Negative_Energy_Javelin","Negative_Energy_Sphere"],"picked":"Siphon_Strength","floor":19},{"not_picked":["Reap_The_Weak","Bone_Shift","Slay_Living"],"picked":"SKIP","floor":24},{"not_picked":["Reap_The_Weak","Bone_Shift","Slay_Living"],"picked":"SKIP","floor":24},{"not_picked":["Chill_Blood+1","Deaths_Shadow"],"picked":"Uncharnel+1","floor":27},{"not_picked":["Toxic_Smoke_Screen+1","Blood_Whip+1","Negative_Energy_Sphere"],"picked":"SKIP","floor":28},{"not_picked":["Toxic_Smoke_Screen+1","Death_March_Dance+1"],"picked":"Life_Tap+1","floor":35},{"not_picked":["Negative_Energy_Shield+1","Negative_Energy_Sphere","Thousand_Bone_Knives"],"picked":"SKIP","floor":38},{"not_picked":["Life_Drain","Blood_Whip"],"picked":"Bone_Prison+1","floor":41},{"not_picked":["Toxic_Smoke_Screen+1","Vampiric_Strike","Skeleton_Dragon+1"],"picked":"SKIP","floor":42},{"not_picked":["Negative_Energy_Mist+1","Vampiric_Strike","Blood_Wake"],"picked":"SKIP","floor":45},{"not_picked":["Toxic_Smoke_Screen+1","Death_March_Dance+1","Blood_Curse+1"],"picked":"SKIP","floor":46},{"not_picked":["Finger_Of_Death","Epidemic+1"],"picked":"Summon_Undead+1","floor":48},{"not_picked":["Blood_Whip","Finger_Of_Death+1"],"picked":"Shackles_Of_Pain+1","floor":49}],"player_experience":409097,"relics_obtained":[{"floor":7,"key":"Frozen Egg 2"},{"floor":9,"key":"Replay:Baseball"},{"floor":11,"key":"MawBank"},{"floor":13,"key":"Replay:Bottled Eggs"},{"floor":24,"key":"Lantern"},{"floor":26,"key":"Toxic Egg 2"},{"floor":27,"key":"Anchor"},{"floor":41,"key":"Thread and Needle"},{"floor":41,"key":"Replay:Accelerometer"},{"floor":43,"key":"Dream Catcher"},{"floor":44,"key":"Durian"},{"floor":45,"key":"Garlic"},{"floor":45,"key":"Replay:Towering Pillar of Hats"}],"event_choices":[{"damage_healed":0,"gold_gain":75,"player_choice":"Gather Gold","damage_taken":11,"max_hp_gain":0,"max_hp_loss":0,"event_name":"World of Goop","floor":3,"gold_loss":0},{"damage_healed":0,"gold_gain":99,"player_choice":"Stole From Cult","damage_taken":0,"max_hp_gain":0,"max_hp_loss":0,"event_name":"Nest","floor":21,"gold_loss":0},{"damage_healed":0,"gold_gain":0,"player_choice":"Copied","damage_taken":0,"max_hp_gain":0,"max_hp_loss":0,"event_name":"Duplicator","floor":22,"gold_loss":0,"cards_obtained":["Shade_Step"]},{"damage_healed":0,"gold_gain":0,"player_choice":"Ignored","damage_taken":0,"max_hp_gain":0,"max_hp_loss":0,"event_name":"The Mausoleum","floor":29,"gold_loss":0},{"damage_healed":0,"gold_gain":0,"player_choice":"Cursed","damage_taken":0,"max_hp_gain":0,"max_hp_loss":0,"event_name":"Wheel of Change","floor":37,"gold_loss":0,"cards_obtained":["Decay"]},{"damage_healed":0,"gold_gain":0,"player_choice":"Fight","damage_taken":0,"max_hp_gain":0,"max_hp_loss":0,"event_name":"MindBloom","floor":44,"gold_loss":0}],"is_beta":false,"boss_relics":[{"not_picked":["Runesmith:UraniumAnvil","Honey Jar"],"picked":"Replay:Ancient Bell"},{"not_picked":["Oddly Smooth Stone","Bag of Preparation"],"picked":"ReplayTheSpireMod:TigerMarble"},{"not_picked":["Kunai","Mercury Hourglass"],"picked":"Divine Protection"},{"not_picked":["Runesmith:Locket","Pocketwatch"],"picked":"Incense Burner"},{"not_picked":["Snecko Heart","Pandora\u0027s Box"],"picked":"Black Star"}],"items_purged_floors":[4,20,31,36],"is_endless":false,"potions_floor_spawned":[1,13,14,19,24,28,33,41,44,46],"ascension_level":3}}