{"host":"363c1o4m0ew2jbar","time":1610419144,"event":{"mods":["AchievementEnabler","BaseMod","Better Note","Downfall","Hubris","Minty Spire (QoL Compilation)","Spicy Shops","StSLib"],"gold_per_floor":[110,110,120,1,1,1,26,26,52,52,67,4,4,64,64,165,165,178,178,178,191,207,227,3,3,3],"floor_reached":25,"playtime":812,"items_purged":["Strike_G"],"score":291,"play_id":"264f30e9-084d-484e-af1e-dc1ca7b8bd24","local_time":"20210111163904","is_ascension_mode":true,"campfire_choices":[{"data":"Neutralize","floor":6,"key":"SMITH"},{"data":"Blade Dance","floor":13,"key":"SMITH"},{"floor":15,"key":"REST"}],"circlet_count":0,"master_deck":["Strike_G","Strike_G","Strike_G","Defend_G","Defend_G","Defend_G","Defend_G","Survivor","Neutralize+1","Choke","Infinite Blades","Blur","Dodge and Roll","Blade Dance+1","Envenom","Tools of the Trade","Footwork","Cloak And Dagger","Cloak And Dagger"],"relics":["Ring of the Snake","NeowsBlessing","Kunai","hubris:TenFootPole","Oddly Smooth Stone","Turnip","expansioncontent:StudyCardRelic","Happy Flower"],"acts_visited":["Exordium","TheCity"],"potions_floor_usage":[14,21,22,25,25],"damage_taken":[{"damage":0,"enemies":"2 Louse","floor":1,"turns":1},{"damage":0,"enemies":"Cultist","floor":3,"turns":1},{"damage":0,"enemies":"Gremlin Nob","floor":7,"turns":1},{"damage":12,"enemies":"Jaw Worm","floor":11,"turns":5},{"damage":13,"enemies":"Gremlin Nob","floor":14,"turns":3},{"damage":45,"enemies":"The Guardian","floor":16,"turns":11},{"damage":6,"enemies":"3 Byrds","floor":18,"turns":4},{"damage":0,"enemies":"2 Thieves","floor":21,"turns":4},{"damage":1,"enemies":"Snake Plant","floor":22,"turns":6},{"damage":5,"enemies":"Snecko","floor":23,"turns":5},{"damage":45,"enemies":"Gremlin Leader","floor":25,"turns":5}],"seed_played":"-4181027402173307260","potions_obtained":[{"floor":11,"key":"AttackPotion"},{"floor":16,"key":"DistilledChaos"},{"floor":18,"key":"DistilledChaos"},{"floor":21,"key":"Fire Potion"},{"floor":23,"key":"DistilledChaos"}],"is_trial":false,"path_per_floor":["M","?","M","$","T","R","E","?","T","$","M","$","R","?","R","B",null,"M","?","?","M","M","M","$","E"],"character_chosen":"THE_SILENT","items_purchased":["Infinite Blades","Blade Dance","Happy Flower"],"campfire_rested":1,"item_purchase_floors":[4,12,24],"current_hp_per_floor":[63,63,63,63,63,63,63,63,63,63,51,51,51,38,59,14,56,50,46,46,46,45,40,40,0,0],"gold":3,"neow_bonus":"THREE_ENEMY_KILL","is_daily":false,"chose_seed":false,"campfire_upgraded":2,"win_rate":0.0,"timestamp":1610419144,"path_taken":["M","?","M","?","?","R","E","?","T","$","M","?","R","?","R","BOSS","M","?","?","M","?","M","?","E"],"items_purchased_type":["Card","Card","Relic"],"build_version":"2020-12-22","purchased_purges":1,"victory":false,"max_hp_per_floor":[70,70,70,70,70,70,70,70,70,70,70,70,70,70,70,70,70,70,75,75,75,75,75,75,75,75],"card_choices":[{"not_picked":["Dodge and Roll","Dagger Spray"],"picked":"Choke","floor":1},{"not_picked":["Bane","Quick Slash","hubris:SlightOfHand"],"picked":"SKIP","floor":3},{"not_picked":["Distraction","Prepared","hubris:Sniper"],"picked":"SKIP","floor":7},{"not_picked":["Quick Slash","hubris:SlightOfHand"],"picked":"Dodge and Roll","floor":11},{"not_picked":["Backstab","Setup"],"picked":"Envenom","floor":14},{"not_picked":["Doppelganger","Phantasmal Killer"],"picked":"Tools of the Trade","floor":16},{"not_picked":["Prepared","Blade Dance"],"picked":"Footwork","floor":18},{"not_picked":["Backflip","Reflex+1"],"picked":"Cloak And Dagger","floor":21},{"not_picked":["hubris:SlightOfHand","Crippling Poison"],"picked":"Cloak And Dagger","floor":22},{"not_picked":["Predator+1","Cloak And Dagger","Reflex"],"picked":"SKIP","floor":23}],"player_experience":1188583,"relics_obtained":[{"floor":5,"key":"Kunai"},{"floor":7,"key":"hubris:TenFootPole"},{"floor":9,"key":"Oddly Smooth Stone"},{"floor":14,"key":"Turnip"}],"event_choices":[{"cards_removed":["Strike_G"],"damage_healed":0,"gold_gain":0,"player_choice":"Offered Basic","damage_taken":0,"max_hp_gain":0,"max_hp_loss":0,"event_name":"Bonfire Elementals","floor":2,"gold_loss":0},{"damage_healed":0,"gold_gain":0,"player_choice":"Searched \u00271\u0027 times","damage_taken":0,"max_hp_gain":0,"max_hp_loss":0,"event_name":"Dead Adventurer","floor":14,"gold_loss":0},{"damage_healed":0,"gold_gain":0,"player_choice":"Shed Blood","damage_taken":18,"max_hp_gain":5,"max_hp_loss":0,"event_name":"Forgotten Altar","floor":19,"gold_loss":0},{"cards_removed":["Defend_G"],"damage_healed":0,"gold_gain":0,"player_choice":"Purged","damage_taken":0,"max_hp_gain":0,"max_hp_loss":0,"event_name":"Purifier","floor":20,"gold_loss":0}],"is_beta":false,"boss_relics":[{"not_picked":["hubris:RunicObelisk","Fusion Hammer"],"picked":"expansioncontent:StudyCardRelic"}],"items_purged_floors":[24],"is_endless":false,"potions_floor_spawned":[11,16,18,21,23],"killed_by":"Gremlin Leader","ascension_level":6}}