{"host":"5hj512uv6i1x1iks","time":1610479041,"event":{"mods":["BaseMod","Colored Powertips","Minty Spire (QoL Compilation)","Random Character Button","Rare Cards Sparkle","Relic Stats","StSLib","ojb\u0027s Better Paths Mod","ojb\u0027s Info Mod"],"gold_per_floor":[110,124,124,139,149,181,181,197,220,68,68,81,81,107,107,180,180,191,191,147,164,184,219,232,248,327,327,427,441,453,453,453],"floor_reached":31,"language":"ENG","playtime":1119,"items_purged":[],"score":488,"play_id":"1a21687f-27fd-4739-95de-a47d605ea209","local_time":"20210112131721","is_ascension_mode":true,"campfire_choices":[{"data":"Cold Snap","floor":7.0,"key":"SMITH"},{"floor":11.0,"key":"REST"},{"floor":15.0,"key":"REST"}],"circlet_count":0,"master_deck":["AscendersBane","Strike_B","Strike_B","Strike_B","Strike_B","Defend_B","Defend_B","Defend_B","Defend_B","Zap","Dualcast","Compile Driver+1","Force Field","Cold Snap+1","Sunder+1","Capacitor","Sweeping Beam","Echo Form","Doom and Gloom","Defragment","Conserve Battery","Coolheaded","Conserve Battery+1"],"relics":["Snecko Eye","Letter Opener","Regal Pillow","Potion Belt","Nuclear Battery","Vajra","Bottled Lightning","Ice Cream","Toxic Egg 2"],"acts_visited":["Exordium","TheCity"],"potions_floor_usage":[31],"damage_taken":[{"damage":2.0,"enemies":"Jaw Worm","floor":1.0,"turns":4.0},{"damage":0.0,"enemies":"Cultist","floor":2.0,"turns":3.0},{"damage":0.0,"enemies":"2 Louse","floor":4.0,"turns":2.0},{"damage":9.0,"enemies":"Blue Slaver","floor":5.0,"turns":6.0},{"damage":20.0,"enemies":"3 Sentries","floor":6.0,"turns":10.0},{"damage":18.0,"enemies":"Gremlin Gang","floor":8.0,"turns":3.0},{"damage":14.0,"enemies":"3 Louse","floor":12.0,"turns":3.0},{"damage":26.0,"enemies":"Gremlin Nob","floor":14.0,"turns":4.0},{"damage":34.0,"enemies":"The Guardian","floor":16.0,"turns":11.0},{"damage":7.0,"enemies":"Chosen","floor":18.0,"turns":3.0},{"damage":1.0,"enemies":"3 Byrds","floor":21.0,"turns":3.0},{"damage":7.0,"enemies":"Sentry and Sphere","floor":22.0,"turns":4.0},{"damage":25.0,"enemies":"Slavers","floor":23.0,"turns":4.0},{"damage":7.0,"enemies":"Cultist and Chosen","floor":24.0,"turns":4.0},{"damage":24.0,"enemies":"Snake Plant","floor":25.0,"turns":4.0},{"damage":1.0,"enemies":"Colosseum Slavers","floor":28.0,"turns":4.0},{"damage":2.0,"enemies":"Colosseum Nobs","floor":28.0,"turns":4.0},{"damage":4.0,"enemies":"Snecko","floor":29.0,"turns":4.0},{"damage":0,"enemies":"Sentry and Sphere","floor":30,"turns":4},{"damage":6,"enemies":"Snake Plant","floor":31,"turns":2}],"seed_played":"4304297275177707563","potions_obtained":[{"floor":4.0,"key":"Fire Potion"},{"floor":6.0,"key":"FocusPotion"},{"floor":16.0,"key":"GamblersBrew"},{"floor":18.0,"key":"Strength Potion"},{"floor":19.0,"key":"FairyPotion"},{"floor":23.0,"key":"SteroidPotion"},{"floor":24.0,"key":"ColorlessPotion"},{"floor":28.0,"key":"BlessingOfTheForge"}],"is_trial":false,"path_per_floor":["M","M","?","M","M","E","R","M","T","$","R","M","?","E","R","B",null,"M","?","$","M","M","E","M","M","T","?","?","M","M","M"],"character_chosen":"DEFECT","items_purchased":["Sunder","Capacitor","Defragment"],"campfire_rested":2,"item_purchase_floors":[10,10,20],"current_hp_per_floor":[62,62,62,62,53,33,33,15,15,15,51,37,37,11,47,13,57,50,50,50,49,42,17,10,13,13,13,10,6,6,0,0],"gold":453,"neow_bonus":"BOSS_RELIC","is_daily":false,"chose_seed":false,"campfire_upgraded":1,"win_rate":0.0,"timestamp":1610479041,"path_taken":["M","M","?","M","M","E","R","M","T","$","R","?","?","E","R","BOSS","M","?","$","M","M","E","M","?","T","?","?","M","M","M"],"items_purchased_type":["Card","Card","Card"],"build_version":"2020-12-22","purchased_purges":0,"victory":false,"max_hp_per_floor":[71,71,71,71,71,71,71,71,71,71,71,71,71,71,71,71,71,71,71,71,71,71,71,71,71,71,71,71,71,71,71,71],"relic_stats":{"Regal Pillow":30,"counters":[20,86],"Snecko Eye":[149,161,137,152],"Letter Opener":[117],"obtain_stats":[{"Potion Belt":14,"Ice Cream":28,"Regal Pillow":9,"Snecko Eye":0,"Vajra":23,"Letter Opener":6,"Bottled Lightning":26,"Toxic Egg 2":28,"Cracked Core":0,"Nuclear Battery":17},{"Potion Belt":8,"Ice Cream":17,"Regal Pillow":6,"Snecko Eye":0,"Vajra":13,"Letter Opener":5,"Bottled Lightning":15,"Toxic Egg 2":17,"Cracked Core":0,"Nuclear Battery":9},{"Potion Belt":35,"Ice Cream":76,"Regal Pillow":28,"Snecko Eye":0,"Vajra":60,"Letter Opener":25,"Bottled Lightning":68,"Toxic Egg 2":76,"Cracked Core":0,"Nuclear Battery":46}]},"card_choices":[{"not_picked":["Heatsinks","Darkness"],"picked":"Compile Driver","floor":1.0},{"not_picked":["Lockon","Coolheaded","Turbo"],"picked":"SKIP","floor":2.0},{"not_picked":["Go for the Eyes","Stack"],"picked":"Force Field","floor":4.0},{"not_picked":["Barrage","Stack"],"picked":"Cold Snap","floor":5.0},{"not_picked":["Rebound","Barrage","Hyperbeam"],"picked":"SKIP","floor":6.0},{"not_picked":["Leap","Chill","Scrape"],"picked":"SKIP","floor":8.0},{"not_picked":["Stack","Steam","Capacitor"],"picked":"SKIP","floor":12.0},{"not_picked":["Hello World","Gash"],"picked":"Sweeping Beam","floor":14.0},{"not_picked":["Biased Cognition","Fission"],"picked":"Echo Form","floor":16.0},{"not_picked":["Hologram","Barrage+1"],"picked":"Doom and Gloom","floor":18.0},{"not_picked":["Rebound","Auto Shields+1","FTL"],"picked":"SKIP","floor":21.0},{"not_picked":["Streamline","Turbo","Redo"],"picked":"SKIP","floor":22.0},{"not_picked":["Stack","Aggregate"],"picked":"Conserve Battery","floor":23.0},{"not_picked":["Undo","Darkness","Sunder"],"picked":"SKIP","floor":24.0},{"not_picked":["Capacitor","BootSequence"],"picked":"Coolheaded","floor":25.0},{"not_picked":["Blizzard","Cold Snap"],"picked":"Conserve Battery+1","floor":28.0},{"not_picked":["Streamline","Steam+1","Heatsinks"],"picked":"SKIP","floor":29.0},{"not_picked":["Rebound","Thunder Strike","Gash"],"picked":"SKIP","floor":30}],"player_experience":575011,"relics_obtained":[{"floor":6.0,"key":"Letter Opener"},{"floor":9.0,"key":"Regal Pillow"},{"floor":14.0,"key":"Potion Belt"},{"floor":23.0,"key":"Vajra"},{"floor":26.0,"key":"Bottled Lightning"},{"floor":28.0,"key":"Ice Cream"},{"floor":28.0,"key":"Toxic Egg 2"}],"event_choices":[{"damage_healed":0.0,"max_hp_gain":0.0,"max_hp_loss":0.0,"gold_gain":0.0,"event_name":"Accursed Blacksmith","player_choice":"Forge","floor":3.0,"gold_loss":0.0,"damage_taken":0.0,"cards_upgraded":["Compile Driver"]},{"damage_healed":0.0,"max_hp_gain":0.0,"max_hp_loss":0.0,"gold_gain":0.0,"event_name":"Living Wall","player_choice":"Grow","floor":13.0,"gold_loss":0.0,"damage_taken":0.0,"cards_upgraded":["Sunder"]},{"damage_healed":0.0,"max_hp_gain":0.0,"max_hp_loss":0.0,"gold_gain":0.0,"event_name":"Lab","player_choice":"Got Potions","floor":19.0,"gold_loss":0.0,"damage_taken":0.0},{"damage_healed":0.0,"max_hp_gain":0.0,"max_hp_loss":0.0,"gold_gain":0.0,"event_name":"Cursed Tome","player_choice":"Ignored","floor":27.0,"gold_loss":0.0,"damage_taken":0.0},{"damage_healed":0.0,"max_hp_gain":0.0,"max_hp_loss":0.0,"gold_gain":0.0,"event_name":"Colosseum","player_choice":"Fight","floor":28.0,"gold_loss":0.0,"damage_taken":0.0},{"damage_healed":0.0,"max_hp_gain":0.0,"max_hp_loss":0.0,"gold_gain":0.0,"event_name":"Colosseum","player_choice":"Fought Nobs","floor":28.0,"gold_loss":0.0,"damage_taken":0.0}],"is_beta":false,"boss_relics":[{"not_picked":["Busted Crown","SacredBark"],"picked":"Nuclear Battery"}],"items_purged_floors":[],"is_endless":false,"potions_floor_spawned":[4,6,8,16,18,23,24,28],"killed_by":"Snake Plant","ascension_level":16}}