{"host":"dn6kke80v5f7isus","time":1610470297,"event":{"mods":["AchievementEnabler","Act Like it!","BaseMod","Colored Powertips","Custom Start","Defuse TimeMaze Blight","Downfall","Duelist Mod","Gremlin Skip","Highlight Path","Hubris","Infinite Spire","Minty Spire (QoL Compilation)","Rare Cards Sparkle","Replay The Spire","StSLib","Uncapped"],"gold_per_floor":[136,156,166,166,177,177,206,217,242,290,290,5659,5659,5692,5692,5768,5768,5786,5786,5886,5904,5919,5919,5919,5844,5844,5879,5879,5906,5924,4862,4862,4936,4936,4948,4948,4618,4630,4630,4630,4658,4658,4658,4658,4676,4676,4366,4386,4386,4386,4386,4386],"floor_reached":51,"playtime":1905,"items_purged":["theDuelist:Sparks","theDuelist:Sparks+1"],"score":1322,"play_id":"0c73a96b-924b-4d46-815e-4312656fde6b","local_time":"20210112115137","is_ascension_mode":true,"campfire_choices":[{"data":"theDuelist:SuperheavySoulbuster","floor":6.0,"key":"SMITH"},{"floor":11.0,"key":"RECALL"},{"data":"theDuelist:SuperheavyBenkei","floor":13,"key":"SMITH"},{"data":"theDuelist:CommandKnight","floor":15,"key":"SMITH"},{"floor":23,"key":"REST"},{"floor":32,"key":"REST"},{"floor":40,"key":"REST"},{"data":"theDuelist:LightningBlade+1","floor":42,"key":"SMITH"},{"data":"theDuelist:LightningBlade+2","floor":46,"key":"SMITH"},{"data":"theDuelist:LightningBlade+3","floor":49,"key":"SMITH"}],"circlet_count":0,"master_deck":["J.A.X.+1","theDuelist:LightningBlade+4","theDuelist:CastleWalls+1","theDuelist:ColossalFighter+1","theDuelist:FeedbackWarrior+1","theDuelist:MightyWarrior+1","theDuelist:CommandKnight+1","theDuelist:SuperheavySoulbuster+1","theDuelist:SuperheavyBenkei+1","theDuelist:LightLaser+1","theDuelist:GilfordLegend","theDuelist:SuperheavyBenkei+1"],"relics":["theDuelist:MillenniumPuzzle","theDuelist:CardPoolRelic","theDuelist:CardPoolBasicRelic","theDuelist:BoosterPackPoolRelic","theDuelist:CardPoolAddRelic","theDuelist:CardPoolMinusRelic","theDuelist:CardPoolSaveRelic","theDuelist:CardPoolOptionsRelic","NeowsBlessing","Pondfish Scales","hubris:OldNail","theDuelist:SummonAnchor","Shuriken","Happy Flower","Centennial Puzzle","hubris:TerracottaHorce","Replay:Wanted Poster","theDuelist:MillenniumStone","Orichalcum","theDuelist:ZoneToken","Champion Belt","Strawberry","TwistedFunnel","theDuelist:BoosterPackTrapEgg","SacredBark","theDuelist:MillenniumStone","infinitespire:Lucky Rock","hubris:TenFootPole","theDuelist:MillenniumArmor","theDuelist:Bombchain","Replay:Wax Seal","Singing Bowl"],"acts_visited":["Exordium","TheCity","TheBeyond"],"potions_floor_usage":[14,14,16,28,33,33,33,35,41,45,50],"damage_taken":[{"damage":0.0,"enemies":"infinitespire:Voidling","floor":1.0,"turns":1.0},{"damage":0.0,"enemies":"Small Slimes","floor":2.0,"turns":1.0},{"damage":0.0,"enemies":"Cultist","floor":3.0,"turns":1.0},{"damage":0.0,"enemies":"Exordium Wildlife","floor":5.0,"turns":3.0},{"damage":23.0,"enemies":"Lagavulin","floor":7.0,"turns":5.0},{"damage":2.0,"enemies":"2 Fungi Beasts","floor":8.0,"turns":2.0},{"damage":17,"enemies":"Replay:BlueRogue","floor":14,"turns":5},{"damage":34,"enemies":"The Guardian","floor":16,"turns":7},{"damage":21,"enemies":"Shell Parasite","floor":18,"turns":3},{"damage":0,"enemies":"Chosen","floor":21,"turns":3},{"damage":16,"enemies":"Snake Plant","floor":22,"turns":3},{"damage":27,"enemies":"Gremlin Leader","floor":27,"turns":4},{"damage":0,"enemies":"3 Cultists","floor":28,"turns":1},{"damage":101,"enemies":"Slavers","floor":29,"turns":8},{"damage":6,"enemies":"Sentry and Sphere","floor":30,"turns":3},{"damage":38,"enemies":"Automaton","floor":33,"turns":6},{"damage":25,"enemies":"3 Darklings","floor":35,"turns":3},{"damage":5,"enemies":"3 Shapes","floor":38,"turns":2},{"damage":3,"enemies":"R_Hoarder","floor":41,"turns":4},{"damage":0,"enemies":"3 Darklings","floor":45,"turns":4},{"damage":0,"enemies":"Transient","floor":48,"turns":6},{"damage":156,"enemies":"infinitespire:MassOfShapes","floor":50,"turns":8},{"damage":131,"enemies":"Time Eater","floor":51,"turns":6}],"seed_played":"-6391652103911355788","potions_obtained":[{"floor":5.0,"key":"PowerPotion"},{"floor":7.0,"key":"theDuelist:VampireVial"},{"floor":10.0,"key":"theDuelist:SteelBrew"},{"floor":10.0,"key":"Block Potion"},{"floor":14,"key":"LiquidMemories"},{"floor":21,"key":"SmokeBomb"},{"floor":30,"key":"theDuelist:IcePotion"},{"floor":33,"key":"champ:CounterPotion"},{"floor":35,"key":"SpeedPotion"},{"floor":39,"key":"theDuelist:FreezingPotion"},{"floor":39,"key":"theDuelist:IcePotion"},{"floor":41,"key":"Block Potion"},{"floor":45,"key":"DuplicationPotion"}],"is_trial":false,"path_per_floor":["M","M","M","?","M","R","E","M","T","?","R","$","R","E","R","B",null,"M","?","AVR","M","M","R","?","?","T","E","M","E","M","$","R","B",null,"M","?","$","M","?","R","E","R","T","AVR","M","R","$","M","R","B","B"],"character_chosen":"THE_DUELIST","items_purchased":["Shuriken","Happy Flower","theDuelist:SuperheavyBenkei","Strawberry","TwistedFunnel","theDuelist:BoosterPackTrapEgg","FairyPotion","Slimebound:ThreeZeroPotion","Fire Potion","theDuelist:LightningBlade","theDuelist:MillenniumStone","infinitespire:Lucky Rock","Replay:Wax Seal","Singing Bowl"],"campfire_rested":3,"item_purchase_floors":[12,12,12,31,31,31,31,31,31,31,37,37,47,47],"current_hp_per_floor":[63,63,63,63,63,63,40,38,38,10,10,170,170,156,156,122,160,139,139,139,139,123,148,148,148,148,121,121,20,14,21,67,33,125,100,100,100,95,95,139,136,136,136,136,136,136,136,136,136,116,0,0],"gold":4386,"neow_bonus":"THREE_ENEMY_KILL","is_daily":false,"chose_seed":false,"campfire_upgraded":6,"win_rate":0.0,"timestamp":1610470297,"path_taken":["M","M","?","?","M","R","E","?","T","?","R","$","R","E","R","BOSS","M","?","AVR","M","M","R","?","?","T","E","M","E","M","?","R","BOSS","M","?","$","M","?","R","E","R","T","AVR","M","R","$","?","R","BOSS","BOSS"],"items_purchased_type":["Relic","Relic","Card","Relic","Relic","Relic","Potion","Potion","Potion","Card","Relic","Relic","Relic","Relic"],"build_version":"2020-12-22","purchased_purges":2,"victory":false,"max_hp_per_floor":[70,70,70,70,70,70,70,70,70,70,70,170,170,173,173,173,173,173,166,148,148,148,148,148,148,148,148,148,148,148,155,155,155,155,155,155,149,149,149,149,149,149,149,149,149,149,149,149,149,149,149,149],"card_choices":[{"not_picked":["theDuelist:GravityWarrior","theDuelist:HeroRing","theDuelist:SuperheavySoulbeads","theDuelist:RockstoneWarrior","theDuelist:SteamTrainKing"],"picked":"SKIP","floor":1.0},{"not_picked":["theDuelist:BattleWarrior","theDuelist:CyberRaider","theDuelist:SoldierLady","theDuelist:AfterTheStorm","theDuelist:GauntletWarrior"],"picked":"SKIP","floor":2.0},{"not_picked":["theDuelist:GoyoChaser","theDuelist:BullBlader","theDuelist:JudgeMan","theDuelist:Hayate","theDuelist:AlphaMagnet"],"picked":"SKIP","floor":3.0},{"not_picked":["theDuelist:FeedbackWarrior","theDuelist:FlameSwordsman","theDuelist:CyberRaider","theDuelist:WarriorReturningAlive","theDuelist:CubicKarma"],"picked":"SKIP","floor":5.0},{"not_picked":["theDuelist:BlueBloodedOni","theDuelist:GreenGraveOni","theDuelist:PurplePainOni","theDuelist:RainbowKuriboh","theDuelist:RedHeadedOni"],"picked":"SKIP","floor":7.0},{"not_picked":["theDuelist:ReinforcementsArmy","theDuelist:PurplePainOni","theDuelist:DeltaAttacker","theDuelist:DarkBurningAttack","theDuelist:OnslaughtFireKings"],"picked":"SKIP","floor":8.0},{"not_picked":["theDuelist:NitroWarrior","theDuelist:FortressWarrior","theDuelist:DarkCrusader","theDuelist:SuperheavyScales","theDuelist:BattleWarrior"],"picked":"SKIP","floor":14},{"not_picked":["theDuelist:SoldierLady","theDuelist:CelticGuardian","theDuelist:HardArmor+1","theDuelist:GoyoDefender","theDuelist:SuperheavySoulbeads+1"],"picked":"SKIP","floor":18},{"not_picked":["theDuelist:PurplePainOni+1","theDuelist:BlueBloodedOni","theDuelist:GreenGraveOni","theDuelist:GreyGreedOni","theDuelist:PurplePainOni"],"picked":"SKIP","floor":21},{"not_picked":["theDuelist:SoldierLady","theDuelist:GaiaFierce","theDuelist:HardArmor","theDuelist:AfterTheStorm","theDuelist:DokiDoki"],"picked":"SKIP","floor":22},{"not_picked":["theDuelist:BladeKnight+1","theDuelist:OnslaughtFireKings","theDuelist:Mudballman","theDuelist:AgainstTheWind","theDuelist:SuperheavySoulbuster"],"picked":"SKIP","floor":27},{"not_picked":["theDuelist:GoyoChaser","theDuelist:SuperheavySwordsman","theDuelist:LegendaryBlackBelt","theDuelist:AfterTheStorm","theDuelist:NitroWarrior"],"picked":"SKIP","floor":29},{"not_picked":["theDuelist:MightyWarrior","theDuelist:BladeKnight","theDuelist:JudgeMan","theDuelist:AlphaMagnet","theDuelist:CrossAttack"],"picked":"SKIP","floor":30},{"not_picked":["theDuelist:GravityLash","theDuelist:ElfLight","theDuelist:HeartUnderdog+1","theDuelist:SuperheavyBenkei"],"picked":"theDuelist:LightLaser","floor":33},{"not_picked":["theDuelist:AttackTheMoon+1","theDuelist:BigFire+1","theDuelist:ClearKuriboh","theDuelist:Hinotama","theDuelist:SmashingGround"],"picked":"SKIP","floor":35},{"not_picked":["theDuelist:BlackPendant+1","theDuelist:PotDichotomy+1","theDuelist:PreventRat+1","theDuelist:BattleOx+1"],"picked":"theDuelist:GilfordLegend","floor":38},{"not_picked":["theDuelist:FeedbackWarrior","theDuelist:BullBlader+1","theDuelist:Zombyra","theDuelist:CombinationAttack","theDuelist:FortressWarrior"],"picked":"SKIP","floor":41},{"not_picked":["theDuelist:BladeKnight+1","theDuelist:AlphaMagnet+1","theDuelist:OnslaughtFireKings","theDuelist:MagnumShield","theDuelist:ElectromagneticTurtle+1"],"picked":"SKIP","floor":45},{"not_picked":["theDuelist:DarkGrepher","theDuelist:EulerCircuit","theDuelist:SuperheavySoulshield","theDuelist:CrystalTree"],"picked":"theDuelist:SuperheavyBenkei+1","floor":48}],"player_experience":614960,"relics_obtained":[{"floor":7.0,"key":"hubris:OldNail"},{"floor":10.0,"key":"theDuelist:SummonAnchor"},{"floor":14,"key":"Centennial Puzzle"},{"floor":26,"key":"Orichalcum"},{"floor":27,"key":"theDuelist:ZoneToken"},{"floor":29,"key":"Champion Belt"},{"floor":41,"key":"hubris:TenFootPole"},{"floor":43,"key":"theDuelist:MillenniumArmor"}],"event_choices":[{"cards_removed":["theDuelist:FeedbackWarrior"],"damage_healed":0.0,"max_hp_gain":0.0,"max_hp_loss":0.0,"gold_gain":0.0,"event_name":"WeMeetAgain","player_choice":"Gave Card","floor":4.0,"gold_loss":0.0,"damage_taken":0.0,"relics_obtained":["Pondfish Scales"]},{"damage_healed":0,"gold_gain":0,"player_choice":"Brew - 2x Potion Slots","duelist":true,"damage_taken":0,"max_hp_gain":0,"max_hp_loss":0,"event_name":"Aknamkanon\u0027s Tomb","floor":19,"gold_loss":0},{"damage_healed":0,"gold_gain":0,"player_choice":"Obtain J.A.X.","damage_taken":0,"max_hp_gain":0,"max_hp_loss":0,"event_name":"Drug Dealer","floor":24,"gold_loss":0,"cards_obtained":["J.A.X."]},{"cards_removed":["theDuelist:CastleWalls"],"damage_healed":0,"gold_gain":0,"player_choice":"Gave Gold","damage_taken":0,"max_hp_gain":0,"max_hp_loss":0,"event_name":"Beggar","floor":25,"gold_loss":75},{"damage_healed":0,"gold_gain":0,"player_choice":"Got Potions","damage_taken":0,"max_hp_gain":0,"max_hp_loss":0,"event_name":"Lab","floor":39,"gold_loss":0}],"is_beta":false,"boss_relics":[{"not_picked":["Empty Cage","ChewingGum"],"picked":"hubris:TerracottaHorce"},{"not_picked":["Philosopher\u0027s Stone","Snecko Scales"],"picked":"SacredBark"}],"items_purged_floors":[12,20],"is_endless":false,"potions_floor_spawned":[5,7,14,21,30,33,35,41,45],"killed_by":"Time Eater","ascension_level":15}}