{"host":"npi2injwpr7l8z4q","time":1610471443,"event":{"mods":["BaseMod","Dark Map","KOR Keyword Fix","Minty Spire (QoL Compilation)","Permanent Neow","Quick Restart","Replay The Spire","StSLib","The Poker Player","everything is the same but u backflip on backflip","¡¼?Úª?ø«¡½REMEMod"],"gold_per_floor":[112,112,126,126,126,126,126,126,126],"floor_reached":7,"playtime":710,"items_purged":[],"score":49,"play_id":"11ea39d9-ca5e-456d-8363-08eb6d818e54","local_time":"20210113021043","is_ascension_mode":false,"metric_token":734,"campfire_choices":[{"data":"PokerPlayerMod:Spade3","floor":6,"key":"SMITH"}],"circlet_count":0,"master_deck":["PokerPlayerMod:Diamond2","PokerPlayerMod:Diamond3","PokerPlayerMod:Diamond5","PokerPlayerMod:Diamond6","PokerPlayerMod:Spade2","PokerPlayerMod:Spade4","PokerPlayerMod:Spade4","PokerPlayerMod:Club1","PokerPlayerMod:Club3","PokerPlayerMod:Heart2","PokerPlayerMod:TrumpStrike","PokerPlayerMod:BadJoker","PokerPlayerMod:Mulligan","PokerPlayerMod:FakeSymbols","PokerPlayerMod:Heart2","PokerPlayerMod:Extraction"],"relics":["PokerPlayerMod:DeckCase","REME_ComplimentaryCards","ReplayTheSpireMod:TigerMarble","Replay:Bottled Steam"],"acts_visited":["Exordium"],"potions_floor_usage":[],"damage_taken":[{"damage":0,"enemies":"Small Slimes","floor":1,"turns":1},{"damage":0,"enemies":"Jaw Worm","floor":3,"turns":3},{"damage":4,"enemies":"3 Sentries","floor":7,"turns":3}],"seed_played":"-2033301299645025340","potions_obtained":[{"floor":3,"key":"Block Potion"}],"is_trial":false,"path_per_floor":["M","?","M","T","?","R","E"],"character_chosen":"THE_POKER_PLAYER","items_purchased":[],"campfire_rested":0,"item_purchase_floors":[],"current_hp_per_floor":[37,27,33,33,33,33,35,35,35],"gold":126,"neow_bonus":"TRANSFORM_TWO_CARDS","is_daily":false,"chose_seed":false,"campfire_upgraded":1,"win_rate":0.0,"timestamp":1610471443,"path_taken":["M","?","M","?","?","R","E"],"items_purchased_type":[],"build_version":"2020-12-22","purchased_purges":0,"victory":false,"max_hp_per_floor":[52,52,52,52,52,52,52,52,52],"card_choices":[{"not_picked":["PokerPlayerMod:DartThrow","PokerPlayerMod:DiamondStrike","PokerPlayerMod:CardBurn"],"picked":"SKIP","floor":1},{"not_picked":["PokerPlayerMod:Club1","PokerPlayerMod:Raise"],"picked":"PokerPlayerMod:Extraction","floor":3}],"player_experience":177447,"relics_obtained":[{"floor":4,"key":"ReplayTheSpireMod:TigerMarble"},{"floor":7,"key":"Replay:Bottled Steam"}],"event_choices":[{"damage_healed":0,"gold_gain":0,"player_choice":"Entered Light","damage_taken":10,"max_hp_gain":0,"max_hp_loss":0,"event_name":"Shining Light","floor":2,"gold_loss":0,"cards_upgraded":["PokerPlayerMod:Diamond5","PokerPlayerMod:Club3"]}],"is_beta":false,"boss_relics":[],"items_purged_floors":[],"is_endless":false,"potions_floor_spawned":[3],"killed_by":"3 Sentries","ascension_level":0}}