{"host":"c97twqu0op5dg8i4","time":1610422156,"event":{"mods":["AchievementEnabler","BaseMod","Colored Map","Minty Spire (QoL Compilation)","Permanent Neow"],"gold_per_floor":[369,383,383,22,37,57,87,105,105,132,147,123,142,160,160,160,160],"floor_reached":16,"playtime":460,"items_purged":["Strike_B"],"score":116,"play_id":"6abfc4f6-7883-4b2b-8371-27d7fdc7f8ce","local_time":"20210111222916","is_ascension_mode":false,"campfire_choices":[{"floor":15,"key":"REST"}],"circlet_count":0,"master_deck":["Strike_B","Strike_B+1","Defend_B","Defend_B","Defend_B","Defend_B","Zap","Dualcast","Gash","Sweeping Beam+1","Self Repair","Gash","Buffer","Defragment","Defragment","Go for the Eyes"],"relics":["Cracked Core","Whetstone","Shuriken","Kunai","Bottled Tornado"],"acts_visited":["Exordium"],"potions_floor_usage":[10,11],"damage_taken":[{"damage":5,"enemies":"Small Slimes","floor":1,"turns":3},{"damage":0,"enemies":"Cultist","floor":2,"turns":4},{"damage":1,"enemies":"Jaw Worm","floor":5,"turns":3},{"damage":0,"enemies":"Large Slime","floor":6,"turns":6},{"damage":24,"enemies":"Gremlin Nob","floor":7,"turns":4},{"damage":10,"enemies":"Looter","floor":8,"turns":3},{"damage":20,"enemies":"3 Sentries","floor":10,"turns":5},{"damage":8,"enemies":"Gremlin Gang","floor":11,"turns":4},{"damage":21,"enemies":"Lots of Slimes","floor":13,"turns":2},{"damage":0,"enemies":"2 Fungi Beasts","floor":14,"turns":2},{"damage":27,"enemies":"Hexaghost","floor":16,"turns":9}],"seed_played":"-2118357442416370986","potions_obtained":[{"floor":1,"key":"SteroidPotion"},{"floor":6,"key":"CultistPotion"},{"floor":8,"key":"PotionOfCapacity"}],"is_trial":false,"path_per_floor":["M","M","?","$","M","M","E","M","T","E","M","?","M","M","R","B"],"character_chosen":"DEFECT","items_purchased":["Self Repair","Gash","Whetstone"],"campfire_rested":1,"item_purchase_floors":[4,4,4],"current_hp_per_floor":[49,49,49,49,55,62,45,42,42,29,28,28,14,21,43,16,16],"gold":160,"neow_bonus":"TWO_FIFTY_GOLD","is_daily":false,"chose_seed":false,"campfire_upgraded":0,"win_rate":0.0,"timestamp":1610422156,"path_taken":["M","M","?","$","M","?","E","M","T","E","M","?","M","M","R","BOSS"],"items_purchased_type":["Card","Card","Relic"],"build_version":"2020-12-22","purchased_purges":1,"victory":false,"max_hp_per_floor":[75,75,75,75,75,75,75,75,75,75,75,75,75,75,75,75,75],"card_choices":[{"not_picked":["Capacitor","White Noise"],"picked":"Gash","floor":1},{"not_picked":["FTL","Leap"],"picked":"Sweeping Beam","floor":2},{"not_picked":["Leap","Barrage"],"picked":"Buffer","floor":5},{"not_picked":["Barrage","Loop","Doom and Gloom"],"picked":"SKIP","floor":6},{"not_picked":["Aggregate","Streamline","Glacier"],"picked":"SKIP","floor":7},{"not_picked":["Cold Snap","Storm"],"picked":"Defragment","floor":8},{"not_picked":["Darkness","Cold Snap","Rebound"],"picked":"SKIP","floor":10},{"not_picked":["FTL","Leap","Steam"],"picked":"SKIP","floor":11},{"not_picked":["Leap","Ball Lightning"],"picked":"Defragment","floor":13},{"not_picked":["Ball Lightning","Hello World"],"picked":"Go for the Eyes","floor":14}],"player_experience":110826,"relics_obtained":[{"floor":7,"key":"Shuriken"},{"floor":9,"key":"Kunai"},{"floor":10,"key":"Bottled Tornado"}],"event_choices":[{"cards_removed":["Strike_B"],"damage_healed":0,"gold_gain":0,"player_choice":"Purged","damage_taken":0,"max_hp_gain":0,"max_hp_loss":0,"event_name":"Purifier","floor":3,"gold_loss":0},{"damage_healed":0,"gold_gain":0,"player_choice":"Left Gold","damage_taken":0,"max_hp_gain":0,"max_hp_loss":0,"event_name":"World of Goop","floor":12,"gold_loss":24}],"is_beta":false,"boss_relics":[],"items_purged_floors":[4],"is_endless":false,"potions_floor_spawned":[1,6,8],"killed_by":"Hexaghost","ascension_level":0}}