{"host":"o7j6aatxjwpw1421","time":1610458521,"event":{"mods":["2.2 Compatiblity","AchievementEnabler","BaseMod","Colored Map","DeckTracker","Highlight Path","Keyboard Shortcuts","Minty Spire (QoL Compilation)","Permanent Neow","Quick Restart","StSLib","SuperFastMode","everything is the same but u backflip on backflip"],"gold_per_floor":[109,122,47,47,47,47,58,73,73,84,110,110,123,153,153,153,153],"floor_reached":16,"playtime":555,"items_purged":[],"score":218,"play_id":"049dffd1-9d6a-450f-b282-d8d2a9b96c98","local_time":"20210112223521","is_ascension_mode":true,"campfire_choices":[{"data":"Armaments","floor":6.0,"key":"SMITH"},{"data":"Corruption","floor":12.0,"key":"SMITH"},{"data":"Whirlwind","floor":15.0,"key":"SMITH"}],"circlet_count":0,"master_deck":["AscendersBane","Strike_R","Strike_R","Strike_R","Strike_R","Defend_R","Defend_R","Defend_R","Bash","Armaments+1","Intimidate","Rampage","Corruption+1","Shrug It Off","Whirlwind+1"],"relics":["Burning Blood","WingedGreaves","Anchor","Meat on the Bone","Smiling Mask"],"acts_visited":["Exordium"],"potions_floor_usage":[],"damage_taken":[{"damage":8.0,"enemies":"2 Louse","floor":1.0,"turns":3.0},{"damage":12.0,"enemies":"Jaw Worm","floor":2.0,"turns":5.0},{"damage":8.0,"enemies":"Small Slimes","floor":7.0,"turns":6.0},{"damage":6.0,"enemies":"Exordium Thugs","floor":8.0,"turns":9.0},{"damage":9.0,"enemies":"Large Slime","floor":10.0,"turns":8.0},{"damage":50.0,"enemies":"3 Sentries","floor":11.0,"turns":12.0},{"damage":3.0,"enemies":"Blue Slaver","floor":13.0,"turns":4.0},{"damage":14.0,"enemies":"Lagavulin","floor":14.0,"turns":6.0},{"damage":33,"enemies":"Slime Boss","floor":16,"turns":7}],"seed_played":"-6793861206312098272","potions_obtained":[{"floor":2.0,"key":"ElixirPotion"},{"floor":11.0,"key":"Block Potion"},{"floor":13.0,"key":"Energy Potion"}],"is_trial":false,"path_per_floor":["M","M","?","?","?","R","M","M","T","M","E","R","M","E","R","B"],"character_chosen":"IRONCLAD","items_purchased":[],"campfire_rested":0,"item_purchase_floors":[],"current_hp_per_floor":[66,60,60,65,65,65,63,63,63,60,16,16,31,35,35,2,2],"gold":153,"neow_bonus":"ONE_RARE_RELIC","is_daily":false,"chose_seed":false,"campfire_upgraded":3,"win_rate":0.0,"timestamp":1610458521,"path_taken":["M","M","?","?","?","R","M","M","T","M","E","R","M","E","R","BOSS"],"items_purchased_type":[],"build_version":"2020-12-22","purchased_purges":0,"victory":false,"max_hp_per_floor":[68,68,68,73,73,73,73,73,73,73,73,73,73,73,73,73,73],"card_choices":[{"not_picked":["Clothesline","Feel No Pain"],"picked":"Armaments","floor":1.0},{"not_picked":["Armaments","Anger","Clothesline"],"picked":"SKIP","floor":2.0},{"not_picked":["Clothesline","Perfected Strike"],"picked":"Intimidate","floor":7.0},{"not_picked":["Thunderclap","Iron Wave","Armaments"],"picked":"SKIP","floor":8.0},{"not_picked":["Clothesline","Heavy Blade"],"picked":"Rampage","floor":10.0},{"not_picked":["Whirlwind","Bludgeon"],"picked":"Corruption","floor":11.0},{"not_picked":["Armaments","Anger"],"picked":"Shrug It Off","floor":13.0},{"not_picked":["Armaments","Reaper"],"picked":"Whirlwind","floor":14.0}],"player_experience":497364,"relics_obtained":[{"floor":9.0,"key":"Anchor"},{"floor":11.0,"key":"Meat on the Bone"},{"floor":14.0,"key":"Smiling Mask"}],"event_choices":[{"cards_removed":["Strike_R"],"damage_healed":0.0,"max_hp_gain":0.0,"max_hp_loss":0.0,"gold_gain":0.0,"event_name":"The Cleric","player_choice":"Card Removal","floor":3.0,"gold_loss":75.0,"damage_taken":0.0},{"damage_healed":0.0,"max_hp_gain":5.0,"max_hp_loss":0.0,"gold_gain":0.0,"event_name":"Big Fish","player_choice":"Donut","floor":4.0,"gold_loss":0.0,"damage_taken":0.0},{"cards_removed":["Defend_R"],"damage_healed":0.0,"max_hp_gain":0.0,"max_hp_loss":0.0,"gold_gain":0.0,"event_name":"Purifier","player_choice":"Purged","floor":5.0,"gold_loss":0.0,"damage_taken":0.0}],"is_beta":false,"boss_relics":[],"items_purged_floors":[],"is_endless":false,"potions_floor_spawned":[2,11,13],"killed_by":"Slime Boss","ascension_level":19}}