{"host":"axuns55dzq466eei","time":1610460156,"event":{"mods":["BaseMod","Colored Map","Keyboard Shortcuts","Minty Spire (QoL Compilation)","StSLib","SuperFastMode"],"gold_per_floor":[115,133,133,133,58,58,96,96,145,161,175,175,8,27,27,123,123,141,154,54,77,77,77],"floor_reached":22,"playtime":432,"items_purged":["Strike_B","Strike_B"],"score":422,"play_id":"3d89caa5-b5f8-4697-a494-12921270f84e","local_time":"20210112230236","is_ascension_mode":true,"campfire_choices":[{"data":"Loop","floor":6,"key":"SMITH"},{"floor":8,"key":"REST"},{"data":"Zap","floor":15,"key":"SMITH"}],"circlet_count":0,"master_deck":["AscendersBane","Strike_B","Strike_B","Defend_B+1","Defend_B","Defend_B","Defend_B","Zap+1","Dualcast","Loop+1","Compile Driver+1","Electrodynamics","Chaos","Skim","Force Field","Amplify","Recycle+1","Coolheaded"],"relics":["Cracked Core","NeowsBlessing","Golden Idol","Strawberry","Potion Belt","Medical Kit","SacredBark"],"acts_visited":["Exordium","TheCity"],"potions_floor_usage":[16,16,18,19,21],"damage_taken":[{"damage":0,"enemies":"Small Slimes","floor":1,"turns":1},{"damage":0,"enemies":"Cultist","floor":2,"turns":1},{"damage":0,"enemies":"Gremlin Nob","floor":7,"turns":1},{"damage":0,"enemies":"Jaw Worm","floor":10,"turns":3},{"damage":12,"enemies":"Looter","floor":11,"turns":3},{"damage":18,"enemies":"Exordium Thugs","floor":14,"turns":3},{"damage":2,"enemies":"Hexaghost","floor":16,"turns":8},{"damage":25,"enemies":"3 Byrds","floor":18,"turns":3},{"damage":15,"enemies":"Shell Parasite","floor":19,"turns":4},{"damage":6,"enemies":"Centurion and Healer","floor":21,"turns":6},{"damage":18,"enemies":"Cultist and Chosen","floor":22,"turns":2}],"seed_played":"2458900893257808500","potions_obtained":[{"floor":2,"key":"ColorlessPotion"},{"floor":7,"key":"Weak Potion"},{"floor":12,"key":"CultistPotion"},{"floor":12,"key":"Fire Potion"},{"floor":16,"key":"Weak Potion"},{"floor":18,"key":"PowerPotion"},{"floor":19,"key":"Strength Potion"}],"is_trial":false,"path_per_floor":["M","M","?","?","$","R","E","R","T","M","M","?","$","M","R","B",null,"M","M","$","M","M"],"character_chosen":"DEFECT","items_purchased":["Medical Kit"],"campfire_rested":1,"item_purchase_floors":[13],"current_hp_per_floor":[64,64,40,19,19,19,26,49,49,49,37,37,37,19,19,17,63,38,23,23,17,0,0],"gold":77,"neow_bonus":"THREE_ENEMY_KILL","is_daily":false,"chose_seed":false,"campfire_upgraded":2,"win_rate":0.0,"timestamp":1610460156,"path_taken":["M","M","?","?","$","R","E","R","T","M","M","?","$","?","R","BOSS","M","M","$","M","M"],"items_purchased_type":["Relic"],"build_version":"2020-12-22","purchased_purges":2,"victory":false,"max_hp_per_floor":[71,71,71,71,71,71,78,78,78,78,78,78,78,78,78,78,78,78,78,78,78,78,78],"card_choices":[{"not_picked":["Barrage","Redo"],"picked":"Loop","floor":1},{"not_picked":["Streamline","Sunder"],"picked":"Compile Driver","floor":2},{"not_picked":["Stack","Self Repair"],"picked":"Electrodynamics","floor":7},{"not_picked":["Cold Snap","Beam Cell"],"picked":"Chaos","floor":10},{"not_picked":["Scrape","Redo"],"picked":"Skim","floor":11},{"not_picked":["Ball Lightning","Steam"],"picked":"Force Field","floor":14},{"not_picked":["Electrodynamics","Fission"],"picked":"Amplify","floor":16},{"not_picked":["Ball Lightning","Steam"],"picked":"Recycle+1","floor":18},{"not_picked":["Scrape","Fusion","Hello World"],"picked":"SKIP","floor":19},{"not_picked":["Streamline","Compile Driver+1"],"picked":"Coolheaded","floor":21}],"player_experience":1071631,"relics_obtained":[{"floor":7,"key":"Strawberry"},{"floor":9,"key":"Potion Belt"}],"event_choices":[{"damage_healed":0,"gold_gain":0,"player_choice":"Take Damage","damage_taken":24,"relics_obtained":["Golden Idol"],"max_hp_gain":0,"max_hp_loss":0,"event_name":"Golden Idol","floor":3,"gold_loss":0},{"damage_healed":0,"gold_gain":0,"player_choice":"Entered Light","damage_taken":21,"max_hp_gain":0,"max_hp_loss":0,"event_name":"Shining Light","floor":4,"gold_loss":0,"cards_upgraded":["Defend_B","Compile Driver"]},{"damage_healed":0,"gold_gain":0,"player_choice":"Got Potions","damage_taken":0,"max_hp_gain":0,"max_hp_loss":0,"event_name":"Lab","floor":12,"gold_loss":0}],"is_beta":false,"boss_relics":[{"not_picked":["FrozenCore","Fusion Hammer"],"picked":"SacredBark"}],"items_purged_floors":[5,20],"is_endless":false,"potions_floor_spawned":[2,7,16,18,19],"killed_by":"Cultist and Chosen","ascension_level":20}}