{"host":"c7y19xegjhmhlks5","time":1610482866,"event":{"mods":["AchievementEnabler","BaseMod","Better Note","Block Reminder","Colored Map","Downfall","Highlight Path","Infinite Spire","Minty Spire (QoL Compilation)","Replay The Spire","StSLib","everything is the same but u backflip on backflip"],"gold_per_floor":[99,117,127,191,211,221,248,283,208,208,208,227,256,266,276,371,371,371,371,371,371],"floor_reached":19,"language":"ENG","playtime":1400,"items_purged":[],"score":188,"play_id":"0f96548f-0b25-4792-904b-b47d0631bf0c","local_time":"20210112152106","is_ascension_mode":true,"campfire_choices":[{"floor":1.0,"key":"DIG"},{"floor":9.0,"key":"REST"},{"floor":11.0,"key":"RECALL"},{"floor":19,"key":"REST"}],"circlet_count":0,"master_deck":["Guardian:Strike_Guardian","Guardian:Strike_Guardian","Guardian:Strike_Guardian","Guardian:Strike_Guardian","Guardian:Defend_Guardian","Guardian:Defend_Guardian","Guardian:Defend_Guardian","Guardian:Defend_Guardian","Guardian:CurlUp","Guardian:TwinSlam","Guardian:Reroute","Guardian:PiercingHide","Guardian:TimeCapacitor","Guardian:Reroute","Guardian:Incinerate","Guardian:ArmoredProtocol","Guardian:FloatingOrbs","Guardian:PrismaticBeam","Guardian:Planning","Guardian:TemporalShield","Guardian:TimeSifter"],"relics":["Guardian:ModeShifter","Omamori","MealTicket","Happy Flower","Letter Opener","downfall:HeartBlessingGreen","Replay:Multitool","Ring of Chaos"],"acts_visited":["Exordium","TheCity"],"potions_floor_usage":[],"damage_taken":[{"damage":0.0,"enemies":"Small Slimes","floor":2.0,"turns":4.0},{"damage":0.0,"enemies":"Jaw Worm","floor":3.0,"turns":3.0},{"damage":0.0,"enemies":"Cultist","floor":5.0,"turns":3.0},{"damage":7.0,"enemies":"Lots of Slimes","floor":6.0,"turns":3.0},{"damage":22.0,"enemies":"Lagavulin","floor":8.0,"turns":5.0},{"damage":3.0,"enemies":"2 Fungi Beasts","floor":12.0,"turns":4.0},{"damage":5.0,"enemies":"3 Sentries","floor":13.0,"turns":6.0},{"damage":4.0,"enemies":"Exordium Wildlife","floor":14.0,"turns":4.0},{"damage":6.0,"enemies":"Blue Slaver","floor":15.0,"turns":2.0},{"damage":24.0,"enemies":"downfall:Watcher","floor":16.0,"turns":9.0}],"seed_played":"-8600180869046214363","potions_obtained":[{"floor":2.0,"key":"Reflective Coating"},{"floor":3.0,"key":"Weak Potion"},{"floor":4.0,"key":"infinitespire:BlackPotion"},{"floor":10.0,"key":"PowerPotion"},{"floor":10.0,"key":"Block Potion"},{"floor":13.0,"key":"Explosive Potion"},{"floor":15.0,"key":"Swift Potion"}],"is_trial":false,"path_per_floor":["R_BF","M","M","?","M","M","T","E","R","?","R","M","E","M","M","B",null,"PTL","R"],"character_chosen":"GUARDIAN","items_purchased":[],"campfire_rested":2,"item_purchase_floors":[],"current_hp_per_floor":[88,88,88,88,88,81,81,59,85,85,85,82,77,73,67,43,88,88,88,88,88],"gold":371,"neow_bonus":"TEN_PERCENT_HP_BONUS","is_daily":false,"chose_seed":false,"campfire_upgraded":0,"win_rate":0.0,"timestamp":1610482866,"path_taken":["R_BF","M","M","?","M","M","T","E","R","?","R","M","E","M","M","BOSS","PTL","R_BF"],"items_purchased_type":[],"build_version":"2020-12-22","purchased_purges":0,"victory":false,"max_hp_per_floor":[88,88,88,88,88,88,88,88,88,88,88,88,88,88,88,88,88,88,88,88,88],"card_choices":[{"not_picked":["Guardian:Suspension","Guardian:TemporalShield"],"picked":"Guardian:Reroute","floor":2.0},{"not_picked":["Guardian:PrimingBeam","Guardian:VentSteam"],"picked":"Guardian:PiercingHide","floor":3.0},{"not_picked":["Guardian:Preprogram","Guardian:PrimingBeam"],"picked":"Guardian:Gem_Red","floor":4.0},{"not_picked":["Guardian:ShieldSpikes","Guardian:BronzeArmor"],"picked":"Guardian:TimeCapacitor","floor":4.0},{"not_picked":["Guardian:CrystalBeam","Guardian:Emergency"],"picked":"Guardian:Reroute","floor":5.0},{"not_picked":["Guardian:Suspension","Guardian:PolyBeam"],"picked":"Guardian:Incinerate","floor":6.0},{"not_picked":["Guardian:CrystalBeam","Guardian:VentSteam"],"picked":"Guardian:ArmoredProtocol","floor":8.0},{"not_picked":["Guardian:WalkerClaw","Guardian:Gem_Red"],"picked":"Guardian:FloatingOrbs","floor":12.0},{"not_picked":["Guardian:BronzeArmor","Guardian:Gem_Red"],"picked":"Guardian:PrismaticBeam","floor":13.0},{"not_picked":["Guardian:VentSteam","Guardian:Incinerate"],"picked":"Guardian:Planning","floor":14.0},{"not_picked":["Guardian:WalkerClaw","Guardian:Gem_Lightblue"],"picked":"Guardian:TemporalShield","floor":15.0},{"not_picked":["Guardian:ConstructionForm","Guardian:RevengeProtocol"],"picked":"Guardian:TimeSifter","floor":16.0}],"player_experience":654957,"relics_obtained":[{"floor":1.0,"key":"Omamori"},{"floor":4.0,"key":"MealTicket"},{"floor":7.0,"key":"Happy Flower"},{"floor":8.0,"key":"Letter Opener"},{"floor":13.0,"key":"Replay:Multitool"}],"event_choices":[{"damage_healed":0.0,"max_hp_gain":0.0,"max_hp_loss":0.0,"gold_gain":0.0,"event_name":"Lab","player_choice":"Got Potions","floor":10.0,"gold_loss":0.0,"damage_taken":0.0}],"is_beta":false,"boss_relics":[{"not_picked":["Kintsugi","Velvet Choker"],"picked":"Ring of Chaos"}],"items_purged_floors":[],"is_endless":false,"potions_floor_spawned":[2,3,13,15],"ascension_level":1}}