{"host":"oavks417bmop70h8","time":1610437097,"event":{"mods":["AchievementEnabler","BaseMod","GifTheSpireLib","Marisa????????","Minty Spire (QoL Compilation)","READ ME - Guardian Mod","Random Character Button","StSLib","The Bug Knight","The Cursed","The Disciple","The Mystic","The Necromancer","The Runesmith","The Servant 0.9.4"],"gold_per_floor":[114,32,45,45,64,64,97,97,97,97,62,62,62,80,80,175,175,187,38,128,146,165,165,165],"floor_reached":23,"playtime":3599,"items_purged":[],"score":189,"play_id":"2a819335-0e2f-486a-aabb-23b87d7439cc","local_time":"20210112053817","is_ascension_mode":false,"campfire_choices":[{"data":"HollowMod:CycloneSlash","floor":6,"key":"SMITH"},{"floor":8,"key":"REST"},{"data":"HollowMod:PogoStrike","floor":10,"key":"SMITH"},{"floor":15,"key":"REST"}],"circlet_count":0,"master_deck":["HollowMod:NailStrikeStart","HollowMod:NailStrikeStart","HollowMod:NailStrikeStart","HollowMod:NailStrikeStart","HollowMod:QuickDashStart","HollowMod:QuickDashStart","HollowMod:QuickDashStart","HollowMod:PogoStrike+1","HollowMod:CycloneSlash+1","Madness","HollowMod:SiblingsSouls","HollowMod:CycloneSlash","HollowMod:RecoilStrike","HollowMod:AwokenDreamNail","HollowMod:NewJinnsSoul","HollowMod:DungDefenderAura","HollowMod:MothsMistake","HollowMod:DoubleDash","HollowMod:SoulSplash+1"],"relics":["Empty Cage","Gremlin Horn","TungstenRod","Meat on the Bone","Runesmith:UraniumAnvil"],"acts_visited":["Exordium","TheCity"],"potions_floor_usage":[7,7,16,23,23],"damage_taken":[{"damage":1,"enemies":"2 Louse","floor":1,"turns":2},{"damage":3,"enemies":"Small Slimes","floor":3,"turns":3},{"damage":6,"enemies":"Jaw Worm","floor":5,"turns":3},{"damage":28,"enemies":"Gremlin Nob","floor":7,"turns":4},{"damage":4,"enemies":"Gremlin Gang","floor":14,"turns":2},{"damage":54,"enemies":"The Guardian","floor":16,"turns":9},{"damage":15,"enemies":"Chosen","floor":18,"turns":5},{"damage":5,"enemies":"3 Byrds","floor":21,"turns":4},{"damage":24,"enemies":"Centurion and Healer","floor":22,"turns":8},{"damage":38,"enemies":"Gremlin Leader","floor":23,"turns":5}],"seed_played":"7052594094937820124","potions_obtained":[{"floor":5,"key":"CultistPotion"},{"floor":7,"key":"Fruit Juice"},{"floor":14,"key":"Energy Potion"},{"floor":22,"key":"Weak Potion"}],"is_trial":false,"path_per_floor":["M","$","M","?","M","R","E","R","T","R","?","?","?","M","R","B",null,"M","$","?","M","M","E"],"character_chosen":"THE_BUGKNIGHT","items_purchased":["Madness","HollowMod:DungDefenderAura","HollowMod:MothsMistake"],"campfire_rested":2,"item_purchase_floors":[2,19,19],"current_hp_per_floor":[74,74,71,71,65,65,42,66,66,66,80,66,66,62,80,38,80,65,65,50,45,33,0,0],"gold":165,"neow_bonus":"BOSS_RELIC","is_daily":false,"chose_seed":false,"campfire_upgraded":2,"win_rate":0.0,"timestamp":1610437097,"path_taken":["M","$","M","?","M","R","E","R","T","R","?","?","?","?","R","BOSS","M","?","?","M","?","E"],"items_purchased_type":["Card","Card","Card"],"build_version":"2020-12-22","purchased_purges":0,"victory":false,"max_hp_per_floor":[75,75,75,75,75,75,80,80,80,80,80,80,80,80,80,80,80,80,80,80,80,80,80,80],"card_choices":[{"not_picked":["HollowMod:ShapeofUnn","HollowMod:NewJinnsSoul"],"picked":"HollowMod:CycloneSlash","floor":1},{"not_picked":["HollowMod:RecoilStrike","HollowMod:LifebloodCocoon"],"picked":"HollowMod:SiblingsSouls","floor":3},{"not_picked":["HollowMod:BaldurShell","HollowMod:NewLittleFool","HollowMod:LifebloodCocoon"],"picked":"SKIP","floor":5},{"not_picked":["HollowMod:HeavyBlow","HollowMod:GreatSlash"],"picked":"HollowMod:CycloneSlash","floor":7},{"not_picked":["HollowMod:Grubsong","HollowMod:HowlingWraiths"],"picked":"HollowMod:RecoilStrike","floor":14},{"not_picked":["HollowMod:ElderbugsWisdom","HollowMod:SoulMaster"],"picked":"HollowMod:AwokenDreamNail","floor":16},{"not_picked":["HollowMod:NewLittleFool","HollowMod:NewGlowingWomb"],"picked":"HollowMod:NewJinnsSoul","floor":18},{"not_picked":["HollowMod:CornifersMapStart","HollowMod:HowlingWraiths"],"picked":"HollowMod:DoubleDash","floor":21},{"not_picked":["HollowMod:PerfectDash","HollowMod:SharpenedNail"],"picked":"HollowMod:SoulSplash+1","floor":22}],"player_experience":220198,"relics_obtained":[{"floor":7,"key":"Gremlin Horn"},{"floor":9,"key":"TungstenRod"}],"event_choices":[{"damage_healed":20,"gold_gain":0,"player_choice":"Healed","damage_taken":0,"max_hp_gain":0,"max_hp_loss":0,"event_name":"The Cleric","floor":11,"gold_loss":35},{"damage_healed":0,"gold_gain":0,"player_choice":"Success","damage_taken":18,"relics_obtained":["Meat on the Bone"],"max_hp_gain":0,"max_hp_loss":0,"event_name":"Scrap Ooze","floor":12,"gold_loss":0},{"damage_healed":0,"gold_gain":90,"player_choice":"GOLD POTION ","damage_taken":18,"max_hp_gain":0,"max_hp_loss":0,"event_name":"Knowing Skull","floor":20,"potions_obtained":["SteroidPotion"],"gold_loss":0,"cards_obtained":[]}],"is_beta":false,"boss_relics":[{"not_picked":["Astrolabe","Coffee Dripper"],"picked":"Runesmith:UraniumAnvil"}],"items_purged_floors":[],"is_endless":false,"potions_floor_spawned":[5,7,14,22],"killed_by":"Gremlin Leader","ascension_level":0}}