{"host":"x21cvmfdo17nyhii","time":1610492142,"event":{"mods":["AchievementEnabler","BaseMod","Colored Map","Colored Powertips","DeckTracker","Highlight Path","Minty Spire (QoL Compilation)","Quick Restart","Rare Cards Sparkle","SuperFastMode"],"gold_per_floor":[115,115,115,115,128,128,162,174,174,174,201,218,218,63,63,159,168,188,103,120,219,64,64,92,17,17,17,17,17,17,36,36,36,36],"floor_reached":33,"language":"ENG","playtime":805,"items_purged":["Strike_R"],"score":368,"play_id":"28981f65-5e4f-4f60-9098-302d5e2f0269","local_time":"20210112145542","is_ascension_mode":true,"campfire_choices":[{"floor":6.0,"key":"DIG"},{"floor":10.0,"key":"REST"},{"floor":13.0,"key":"DIG"},{"floor":15.0,"key":"REST"},{"floor":23.0,"key":"REST"},{"floor":27.0,"key":"REST"},{"floor":32.0,"key":"REST"}],"circlet_count":0,"master_deck":["Strike_R","Strike_R","Strike_R+1","Defend_R","Defend_R","Defend_R","Bash","Perfected Strike+1","Body Slam","CurseOfTheBell","Shrug It Off","True Grit"],"relics":["Busted Crown","Shovel","Oddly Smooth Stone","Du-Vu Doll","Ginger","Toy Ornithopter","CeramicFish","Juzu Bracelet","Calling Bell","Omamori","Shuriken","Incense Burner","Art of War","Whetstone","Bag of Marbles"],"acts_visited":["Exordium","TheCity"],"potions_floor_usage":[33,33,33],"damage_taken":[{"damage":7.0,"enemies":"Small Slimes","floor":1.0,"turns":4.0},{"damage":4.0,"enemies":"2 Louse","floor":5.0,"turns":2.0},{"damage":24.0,"enemies":"3 Sentries","floor":7.0,"turns":8.0},{"damage":0.0,"enemies":"Jaw Worm","floor":8.0,"turns":2.0},{"damage":0.0,"enemies":"Gremlin Nob","floor":11.0,"turns":2.0},{"damage":0.0,"enemies":"Exordium Thugs","floor":12.0,"turns":3.0},{"damage":78.0,"enemies":"Hexaghost","floor":16.0,"turns":9.0},{"damage":20.0,"enemies":"3 Byrds","floor":18.0,"turns":7.0},{"damage":22.0,"enemies":"2 Thieves","floor":20.0,"turns":3.0},{"damage":37.0,"enemies":"Slavers","floor":24.0,"turns":7.0},{"damage":9.0,"enemies":"Snecko","floor":31.0,"turns":4.0},{"damage":84,"enemies":"Automaton","floor":33,"turns":8}],"seed_played":"-1670768158399416374","potions_obtained":[{"floor":8.0,"key":"DuplicationPotion"},{"floor":12.0,"key":"PowerPotion"},{"floor":16.0,"key":"SpeedPotion"},{"floor":18.0,"key":"Strength Potion"},{"floor":20.0,"key":"SpeedPotion"},{"floor":31.0,"key":"Block Potion"}],"is_trial":false,"path_per_floor":["M","?","?","?","M","R","E","M","T","R","E","M","R","$","R","B",null,"M","?","M","?","$","R","E","?","T","R","$","?","$","M","R","B"],"character_chosen":"IRONCLAD","items_purchased":["Juzu Bracelet","Shrug It Off","True Grit"],"campfire_rested":5,"item_purchase_floors":[14,22,22],"current_hp_per_floor":[73,78,66,59,55,55,31,31,31,56,56,56,56,56,81,7,66,46,46,29,29,29,54,17,17,17,42,42,42,42,33,58,0,0],"gold":36,"neow_bonus":"BOSS_RELIC","is_daily":false,"chose_seed":false,"campfire_upgraded":0,"win_rate":0.0,"timestamp":1610492142,"path_taken":["M","?","?","?","M","R","E","M","T","R","E","M","R","?","R","BOSS","M","?","M","?","$","R","E","?","T","R","$","?","?","M","R","BOSS"],"items_purchased_type":["Relic","Card","Card"],"build_version":"2020-12-22","purchased_purges":1,"victory":false,"max_hp_per_floor":[80,85,85,85,85,85,85,85,85,85,85,85,85,85,85,85,85,85,85,85,85,85,85,85,85,85,85,85,85,85,85,85,85,85],"card_choices":[{"not_picked":[],"picked":"Perfected Strike","floor":1.0},{"not_picked":[],"picked":"Body Slam","floor":5.0},{"not_picked":["Power Through"],"picked":"SKIP","floor":7.0},{"not_picked":["Rampage"],"picked":"SKIP","floor":8.0},{"not_picked":["Thunderclap"],"picked":"SKIP","floor":11.0},{"not_picked":["Spot Weakness"],"picked":"SKIP","floor":12.0},{"not_picked":["Intimidate"],"picked":"SKIP","floor":18.0},{"not_picked":["Heavy Blade"],"picked":"SKIP","floor":20.0},{"not_picked":["Heavy Blade"],"picked":"SKIP","floor":24.0},{"not_picked":["Clash"],"picked":"SKIP","floor":31.0}],"player_experience":317614,"relics_obtained":[{"floor":6.0,"key":"Oddly Smooth Stone"},{"floor":7.0,"key":"Du-Vu Doll"},{"floor":9.0,"key":"Ginger"},{"floor":11.0,"key":"Toy Ornithopter"},{"floor":13.0,"key":"CeramicFish"},{"floor":17.0,"key":"Omamori"},{"floor":17.0,"key":"Shuriken"},{"floor":17.0,"key":"Incense Burner"},{"floor":24.0,"key":"Whetstone"},{"floor":26.0,"key":"Bag of Marbles"}],"event_choices":[{"damage_healed":0.0,"max_hp_gain":5.0,"max_hp_loss":0.0,"gold_gain":0.0,"event_name":"Big Fish","player_choice":"Donut","floor":2.0,"gold_loss":0.0,"damage_taken":0.0},{"damage_healed":0.0,"max_hp_gain":0.0,"max_hp_loss":0.0,"gold_gain":0.0,"event_name":"Scrap Ooze","player_choice":"Success","floor":3.0,"gold_loss":0.0,"damage_taken":12.0,"relics_obtained":["Shovel"]},{"cards_removed":["Defend_R"],"damage_healed":0.0,"max_hp_gain":0.0,"max_hp_loss":0.0,"gold_gain":0.0,"event_name":"Golden Wing","player_choice":"Card Removal","floor":4.0,"gold_loss":0.0,"damage_taken":7.0},{"damage_healed":0.0,"max_hp_gain":0.0,"max_hp_loss":0.0,"gold_gain":0.0,"event_name":"Addict","player_choice":"Obtained Relic","floor":19.0,"gold_loss":85.0,"damage_taken":0.0,"relics_obtained":["Art of War"]},{"damage_healed":0.0,"max_hp_gain":0.0,"max_hp_loss":0.0,"gold_gain":99.0,"event_name":"Nest","player_choice":"Stole From Cult","floor":21.0,"gold_loss":0.0,"damage_taken":0.0},{"cards_removed":["Strike_R"],"damage_healed":0.0,"max_hp_gain":0.0,"max_hp_loss":0.0,"gold_gain":0.0,"event_name":"Beggar","player_choice":"Gave Gold","floor":25.0,"gold_loss":75.0,"damage_taken":0.0},{"damage_healed":0.0,"max_hp_gain":0.0,"max_hp_loss":0.0,"gold_gain":0.0,"event_name":"Ghosts","player_choice":"Ignored","floor":29.0,"gold_loss":0.0,"damage_taken":0.0}],"is_beta":false,"boss_relics":[{"not_picked":["Pandora\u0027s Box","Fusion Hammer"],"picked":"Calling Bell"}],"items_purged_floors":[22],"is_endless":false,"potions_floor_spawned":[8,12,16,18,20,31],"killed_by":"Automaton","ascension_level":5}}