{"host":"6h0diz2ap0m56grs","time":1610426039,"event":{"mods":["2.2 Compatiblity","BaseMod","Colored Map","Marisa????????","Minty Spire (QoL Compilation)","Quick Restart","Replay The Spire","Shop Mod","StSLib","The Servant 0.9.4"],"gold_per_floor":[110,127,54,54,66,93,124,124,149,149,182,215,241,241,241,339,439,449,389,594,594,412,444,473,503,528,561,561,572,572,481,481,577,577,595,595,595,595,595,630,663,663,690,699,699,699],"floor_reached":45,"playtime":1062,"items_purged":["MachineGunSpark"],"score":1260,"play_id":"a5a26fa5-5c7e-45b7-8a11-54465a7b5313","local_time":"20210111223359","daily_mods":["SealedDeck","Heirloom","Time Dilation","Flight"],"is_ascension_mode":true,"campfire_choices":[{"data":"MilkyWay","floor":8,"key":"SMITH"},{"data":"MilkyWay","floor":10,"key":"SMITH"},{"data":"MilkyWay","floor":15,"key":"SMITH"},{"data":"MilkyWay","floor":28,"key":"SMITH"},{"data":"MachineGunSpark","floor":30,"key":"SMITH"},{"data":"OortCloud","floor":32,"key":"SMITH"},{"data":"MilkyWay","floor":42,"key":"SMITH"},{"data":"UltimateShortwave","floor":44,"key":"SMITH"}],"circlet_count":0,"master_deck":["PowerUp","PowerUp","6A","6A","UnstableBomb","StarBarrage","MilkyWay+1","MilkyWay+1","MilkyWay+1","OortCloud","OortCloud","6A","Parasite","Parasite","MachineGunSpark+1","OneTimeOff+1","MilkyWay+1","OortCloud+1","PowerUp","UltimateShortwave","UnstableBomb+1","MilkyWay+1","UltimateShortwave+1","SprinkleStarSeal"],"relics":["MiniHakkero","replay:Trail_Library","Ice Cream","ShroomBag","Tiny Chest","Orichalcum","Akabeko","Onion Ring","Bag of Marbles","Replay:Wanted Poster","HandmadeGrimoire","MerchantsRug","BreadOfAWashokuLover","Replay:Kaleidoscope","Replay:Wax Seal","SproutingBranch","Lantern","Runic Pyramid","FossilizedHelix","Replay:Bottled Steam","Art of War","CeramicFish"],"acts_visited":["Exordium","TheCity","TheBeyond"],"potions_floor_usage":[16],"damage_taken":[{"damage":0,"enemies":"Small Slimes","floor":1,"turns":2},{"damage":0,"enemies":"Cultist","floor":2,"turns":3},{"damage":0,"enemies":"2 Louse","floor":5,"turns":3},{"damage":4,"enemies":"Lagavulin","floor":6,"turns":5},{"damage":10,"enemies":"Gremlin Nob","floor":7,"turns":4},{"damage":0,"enemies":"Lagavulin","floor":11,"turns":3},{"damage":0,"enemies":"Gremlin Nob","floor":12,"turns":2},{"damage":0,"enemies":"3 Sentries","floor":13,"turns":4},{"damage":12,"enemies":"Hexaghost","floor":16,"turns":2},{"damage":0,"enemies":"Spheric Guardian","floor":18,"turns":2},{"damage":0,"enemies":"Slavers","floor":23,"turns":2},{"damage":0,"enemies":"Gremlin Leader","floor":24,"turns":1},{"damage":0,"enemies":"Slavers","floor":25,"turns":1},{"damage":2,"enemies":"Replay:Snechameleon","floor":27,"turns":1},{"damage":1,"enemies":"Chosen","floor":29,"turns":1},{"damage":0,"enemies":"Pondfish","floor":33,"turns":6},{"damage":0,"enemies":"3 Darklings","floor":35,"turns":2},{"damage":0,"enemies":"Reptomancer","floor":40,"turns":3},{"damage":0,"enemies":"Giant Head","floor":41,"turns":4},{"damage":0,"enemies":"Reptomancer","floor":45,"turns":1}],"seed_played":"6541015716273335974","potions_obtained":[{"floor":7,"key":"Death Potion"},{"floor":11,"key":"PowerPotion"},{"floor":16,"key":"DuplicationPotion"},{"floor":24,"key":"SpeedPotion"},{"floor":25,"key":"Ancient Potion"}],"is_trial":true,"path_per_floor":["M","M","$","?","M","E","E","R","T","R","E","E","E","?","R","B",null,"M","?","?","T","$","E","E","E","T","E","R","M","R","$","R","B",null,"M","?","T","?","?","E","E","R","T","R","E"],"character_chosen":"MARISA","items_purchased":["OortCloud","MerchantsRug","Lantern"],"campfire_rested":0,"item_purchase_floors":[3,22,31],"current_hp_per_floor":[75,75,75,75,75,71,65,65,65,65,69,73,75,63,63,53,75,75,75,57,57,57,61,67,70,70,74,74,75,75,75,75,75,75,75,75,75,75,75,75,88,88,88,88,88,88],"gold":699,"neow_bonus":"","is_daily":false,"chose_seed":false,"campfire_upgraded":8,"win_rate":0.0,"timestamp":1610426039,"path_taken":["M","M","$","?","?","E","E","R","T","R","E","E","E","?","R","BOSS","M","?","?","?","?","E","E","E","T","E","R","?","R","$","R","BOSS","M","?","?","?","?","E","E","R","T","R","E"],"items_purchased_type":["Card","Relic","Relic"],"build_version":"2020-12-22","purchased_purges":1,"victory":false,"max_hp_per_floor":[75,75,75,75,75,75,75,75,75,75,75,75,75,75,75,75,75,75,75,75,75,75,75,75,75,75,75,75,75,75,75,75,75,75,75,75,75,75,75,75,88,88,88,88,88,88],"card_choices":[{"not_picked":["OpenUniverse","ChargeUpSpray","EnergyFlow"],"picked":"SKIP","floor":1},{"not_picked":["MeteoricShower","Singularity"],"picked":"OortCloud","floor":2},{"not_picked":["MagicAbsorber","NonDirectionalLaser"],"picked":"6A","floor":5},{"not_picked":["ChargingUp","NonDirectionalLaser","GalacticHalo"],"picked":"SKIP","floor":6},{"not_picked":["LuminesStrike","MysteriousBeam","MagicAbsorber"],"picked":"SKIP","floor":7},{"not_picked":["BlazingStar","EnergyFlow","DC"],"picked":"SKIP","floor":11},{"not_picked":["GalacticHalo","DC","AsteroidBelt"],"picked":"SKIP","floor":12},{"not_picked":["GravityBeat","BlazingStar","PropBag"],"picked":"SKIP","floor":13},{"not_picked":["OpenUniverse+1","DC","SporeBomb+1"],"picked":"SKIP","floor":18},{"not_picked":["NonDirectionalLaser","MillisecondPulsars"],"picked":"OneTimeOff+1","floor":23},{"not_picked":["IllusionStar","Acceleration","MagicAbsorber+1"],"picked":"SKIP","floor":24},{"not_picked":["GalacticHalo","DeepEcoloBomb"],"picked":"MilkyWay","floor":25},{"not_picked":["MeteoricShower","GrandCross"],"picked":"OortCloud","floor":27},{"not_picked":["AsteroidBelt+1","OortCloud","IllusionStar"],"picked":"SKIP","floor":29},{"not_picked":["StarDustReverie","SatelliteIllusion"],"picked":"UltimateShortwave","floor":33},{"not_picked":["LuminesStrike+1","EventHorizon+1"],"picked":"UnstableBomb+1","floor":35},{"not_picked":["Acceleration+1","MysteriousBeam+1","DeepEcoloBomb+1"],"picked":"SKIP","floor":40},{"not_picked":["DarkSpark","GrandCross"],"picked":"UltimateShortwave","floor":41}],"player_experience":178795,"relics_obtained":[{"floor":6,"key":"ShroomBag"},{"floor":7,"key":"Tiny Chest"},{"floor":9,"key":"Orichalcum"},{"floor":11,"key":"Akabeko"},{"floor":12,"key":"Onion Ring"},{"floor":13,"key":"Bag of Marbles"},{"floor":21,"key":"HandmadeGrimoire"},{"floor":23,"key":"BreadOfAWashokuLover"},{"floor":24,"key":"Replay:Kaleidoscope"},{"floor":25,"key":"Blue Candle"},{"floor":26,"key":"Replay:Wax Seal"},{"floor":27,"key":"SproutingBranch"},{"floor":37,"key":"FossilizedHelix"},{"floor":40,"key":"Replay:Bottled Steam"},{"floor":41,"key":"Art of War"},{"floor":43,"key":"CeramicFish"}],"event_choices":[{"cards_removed":["GalacticHalo"],"damage_healed":5,"gold_gain":0,"player_choice":"Offered Common","damage_taken":0,"max_hp_gain":0,"max_hp_loss":0,"event_name":"Bonfire Elementals","floor":4,"gold_loss":0},{"cards_removed":["GalacticHalo"],"damage_healed":5,"gold_gain":0,"player_choice":"Offered Special","damage_taken":0,"max_hp_gain":0,"max_hp_loss":0,"event_name":"Bonfire Elementals","floor":4,"gold_loss":0},{"damage_healed":0,"gold_gain":0,"player_choice":"Success","damage_taken":12,"relics_obtained":["Boot"],"max_hp_gain":0,"max_hp_loss":0,"event_name":"Scrap Ooze","floor":14,"gold_loss":0},{"damage_healed":0,"gold_gain":0,"player_choice":"Ignored","damage_taken":0,"max_hp_gain":0,"max_hp_loss":0,"event_name":"Tomb of Lord Red Mask","floor":38,"gold_loss":0},{"damage_healed":0,"gold_gain":0,"player_choice":"Memory 1","damage_taken":0,"max_hp_gain":0,"max_hp_loss":0,"event_name":"SensoryStone","floor":39,"gold_loss":0}],"is_beta":false,"boss_relics":[{"not_picked":["SlaversCollar","Calling Bell"],"picked":"Replay:Wanted Poster"},{"not_picked":["SacredBark","BewitchedHakkero"],"picked":"Runic Pyramid"}],"items_purged_floors":[22],"is_endless":false,"potions_floor_spawned":[7,11,16,24,25,29,35],"killed_by":"Reptomancer","ascension_level":1}}