{"host":"dn6kke80v5f7isus","time":1610416659,"event":{"mods":["AchievementEnabler","Act Like it!","BaseMod","Colored Powertips","Custom Start","Defuse TimeMaze Blight","Downfall","Duelist Mod","Gremlin Skip","Highlight Path","Hubris","Infinite Spire","Minty Spire (QoL Compilation)","Rare Cards Sparkle","Replay The Spire","StSLib","Uncapped"],"gold_per_floor":[136,148,166,166,186,9217,9217,9250,9275,9350,9385,9385,9385,9397,9397,9471,9471,9490,8580,8080,8080,8099,8099,8128,8128,8128,7577,7589,7589,7659,7659,7736,7836,7850,7850,7850,7124,7153,7153,7180,7255,7285,7285,7296,7296,6875,6875,6875,6875,6875,6154,6186,6186],"floor_reached":56,"playtime":2024,"items_purged":["theDuelist:CastleWalls","theDuelist:JerryBeansMan+1","theDuelist:Sparks"],"score":2218,"play_id":"4288bdc9-0a8d-4535-bea8-691f9dce005e","local_time":"20210111205739","is_ascension_mode":true,"campfire_choices":[{"floor":7,"key":"RECALL"},{"floor":15,"key":"DIG"},{"data":"Flash of Steel","floor":23,"key":"SMITH"},{"data":"theDuelist:SuperSolarNutrient","floor":29,"key":"SMITH"},{"data":"Sadistic Nature","floor":32,"key":"SMITH"},{"data":"theDuelist:Sparks","floor":41,"key":"SMITH"},{"data":"theDuelist:Invigoration","floor":45,"key":"SMITH"},{"data":"theDuelist:Sparks","floor":47,"key":"SMITH"},{"data":"theDuelist:Sparks","floor":49,"key":"SMITH"},{"data":"theDuelist:Sparks","floor":52,"key":"SMITH"}],"circlet_count":0,"master_deck":["theDuelist:AngelTrumpeter+1","theDuelist:AngelTrumpeter+1","theDuelist:Sparks+6","theDuelist:CactusBouncer+1","theDuelist:DarkworldThorns+1","theDuelist:Inmato+1","Flash of Steel+1","Sadistic Nature+1","theDuelist:SuperSolarNutrient+1","theDuelist:SuperSolarNutrient+1","theDuelist:BlossomBombardment+1","theDuelist:SilverApples+1","theDuelist:SuperSolarNutrient+1","theDuelist:SuperSolarNutrient+1","theDuelist:RevivalRose+1","theDuelist:Invigoration+1","theDuelist:SilverApples+1","Pot Of Greed","Pot Of Greed","theDuelist:BlackRoseDragon+1"],"relics":["theDuelist:MillenniumPuzzle","theDuelist:CardPoolRelic","theDuelist:CardPoolBasicRelic","theDuelist:BoosterPackPoolRelic","theDuelist:CardPoolAddRelic","theDuelist:CardPoolMinusRelic","theDuelist:CardPoolSaveRelic","theDuelist:CardPoolOptionsRelic","NeowsBlessing","Simple Rune","Blood Vial","hubris:OldNail","Carrot","infinitespire:Freezer","theDuelist:DuelistLetterOpener","Empty Cage","hubris:Teleporter","Letter Opener","hubris:TinFlute","hubris:64BitClover","theDuelist:BoosterPackTrapEgg","Chameleon Ring","Replay:Wanted Poster","White Beast Statue","Dream Catcher","theDuelist:MerchantTalisman","theDuelist:MillenniumPrayerbook","Strawberry","hubris:Reverence","Snake Skull","Replay:Wax Seal","theDuelist:MillenniumStone","theDuelist:DuelistOrichalcum","Another Sword","theDuelist:MillenniumSymbol","Grinning Jar","Durian"],"acts_visited":[],"potions_floor_usage":[16,55,55,55],"damage_taken":[{"damage":0.0,"enemies":"Cultist","floor":1.0,"turns":1.0},{"damage":0.0,"enemies":"2 Louse","floor":2.0,"turns":1.0},{"damage":0.0,"enemies":"Jaw Worm","floor":3.0,"turns":1.0},{"damage":0.0,"enemies":"Large Slime","floor":5.0,"turns":6.0},{"damage":14,"enemies":"3 Sentries","floor":6,"turns":6},{"damage":32,"enemies":"Gremlin Nob","floor":8,"turns":4},{"damage":12,"enemies":"3 Sentries","floor":11,"turns":6},{"damage":0,"enemies":"Looter","floor":14,"turns":2},{"damage":30,"enemies":"Slime Boss","floor":16,"turns":12},{"damage":0,"enemies":"Shell Parasite","floor":18,"turns":5},{"damage":0,"enemies":"Chosen","floor":22,"turns":4},{"damage":0,"enemies":"Slavers","floor":24,"turns":1},{"damage":0,"enemies":"Sentry and Sphere","floor":28,"turns":3},{"damage":61,"enemies":"Champ","floor":33,"turns":8},{"damage":0,"enemies":"Orb Walker","floor":35,"turns":2},{"damage":0,"enemies":"Giant Head","floor":40,"turns":5},{"damage":0,"enemies":"R_Hoarder","floor":42,"turns":5},{"damage":0,"enemies":"Nemesis","floor":44,"turns":6},{"damage":1,"enemies":"3 Darklings","floor":46,"turns":3},{"damage":9,"enemies":"infinitespire:MassOfShapes","floor":50,"turns":6},{"damage":12,"enemies":"Shield and Spear","floor":54,"turns":4},{"damage":64,"enemies":"The Heart","floor":55,"turns":4}],"seed_played":"5334306270039633171","potions_obtained":[{"floor":2.0,"key":"sneckomod:MuddlingPotion"},{"floor":3.0,"key":"theDuelist:SolderPotionB"},{"floor":24,"key":"Elixir"},{"floor":33,"key":"theDuelist:GiftPotion"},{"floor":35,"key":"Guardian:BlockOnCardUsePotion"}],"is_trial":false,"path_per_floor":["M","M","M","?","M","E","R","E","T","?","E","?","T","M","R","B",null,"M","$","?","?","M","R","E","?","T","$","M","R","T","R","B",null,"M","?","?","$","E","R","E","T","E","R","M","R","$","R","B",null,"R","$","E","B",null],"character_chosen":"THE_DUELIST","items_purchased":["hubris:Teleporter","Letter Opener","Flash of Steel","Sadistic Nature","hubris:64BitClover","theDuelist:BoosterPackTrapEgg","White Beast Statue","Dream Catcher","theDuelist:MerchantTalisman","Replay:Wax Seal","theDuelist:MillenniumStone","theDuelist:DuelistOrichalcum","Another Sword","theDuelist:MillenniumSymbol","Grinning Jar"],"campfire_rested":0,"item_purchase_floors":[19,19,19,19,27,27,38,38,38,48,48,48,53,53,53],"current_hp_per_floor":[63,63,63,63,63,149,149,117,117,106,96,96,96,98,98,70,145,147,147,147,147,149,149,151,151,151,151,153,153,153,153,94,148,150,150,150,150,152,152,161,161,163,163,164,164,161,161,152,159,159,159,154,109],"gold":6186,"neow_bonus":"THREE_ENEMY_KILL","is_daily":false,"chose_seed":false,"campfire_upgraded":8,"win_rate":0.0,"timestamp":1610416659,"path_taken":["M","?","M","?","M","E","R","E","T","?","E","?","?","M","R","BOSS","M","$","?","?","M","R","E","?","T","?","?","R","?","R","BOSS","M","?","?","$","E","R","E","T","E","R","?","R","?","R","BOSS","R","$","E","BOSS"],"items_purchased_type":["Relic","Relic","Card","Card","Relic","Relic","Relic","Relic","Relic","Relic","Relic","Relic","Relic","Relic","Relic"],"build_version":"2020-12-22","purchased_purges":3,"victory":true,"max_hp_per_floor":[70,70,70,70,70,170,170,170,170,170,170,170,170,170,170,170,170,170,170,170,170,170,170,170,166,166,166,166,166,166,166,166,166,166,166,166,166,166,166,173,173,173,173,173,173,161,161,161,161,161,161,166,166],"card_choices":[{"not_picked":["theDuelist:DarklordSuperbia","theDuelist:FeatherPho","theDuelist:MudGolem","theDuelist:StrayLambs","theDuelist:GoldenApples"],"picked":"SKIP","floor":1.0},{"not_picked":["theDuelist:Hinotama","theDuelist:RainbowBridge","theDuelist:GolemSentry","theDuelist:DarkFactory","theDuelist:EarthEffigy"],"picked":"SKIP","floor":2.0},{"not_picked":["theDuelist:DarklordSuperbia","theDuelist:Cloning","theDuelist:BattleOx","theDuelist:RainbowBridge","theDuelist:GiantSoldierSteel"],"picked":"SKIP","floor":3.0},{"not_picked":["theDuelist:MudGolem","theDuelist:WhiteRoseDragon","theDuelist:Firegrass","theDuelist:BlackRoseDragon","theDuelist:FallenAngelRoses"],"picked":"SKIP","floor":5.0},{"not_picked":["theDuelist:Fissure","theDuelist:RedHeadedOni","theDuelist:BattleFootballer","theDuelist:DianKeto","theDuelist:GilfordLegend"],"picked":"SKIP","floor":6},{"not_picked":["theDuelist:JerryBeansMan","theDuelist:Inmato","theDuelist:PredaplantPterapenthes","theDuelist:Invigoration","theDuelist:BotanicalLion"],"picked":"SKIP","floor":8},{"not_picked":["theDuelist:WormKing","theDuelist:Kuriboh","theDuelist:Jinzo","theDuelist:FutureFusion","theDuelist:BattleguardKing"],"picked":"SKIP","floor":11},{"not_picked":["theDuelist:AngelTrumpeter","theDuelist:DarkworldThorns","theDuelist:PredaplantSpinodionaea","theDuelist:RagingMadPlants","theDuelist:MarkRose"],"picked":"SKIP","floor":14},{"not_picked":["theDuelist:PowerGiant","theDuelist:MagicHoleGolem","theDuelist:GaiaMidNightSun+1","theDuelist:RedMedicine+1","theDuelist:BlueBloodedOni"],"picked":"SKIP","floor":18},{"not_picked":["infinitespire:Execution","ReplayTheSpireMod:Haul"],"picked":"infinitespire:SealOfDarkness+","floor":20},{"not_picked":["theDuelist:CactusBouncer","theDuelist:PredaplantPterapenthes","theDuelist:Firegrass","theDuelist:WorldTree"],"picked":"theDuelist:SuperSolarNutrient+1","floor":22},{"not_picked":["theDuelist:Predaponics","theDuelist:FallenAngelRoses","theDuelist:MiracleFertilizer","theDuelist:PredaplantSarraceniant"],"picked":"theDuelist:AngelTrumpeter","floor":24},{"not_picked":["theDuelist:AttackTheMoon","theDuelist:Hinotama","theDuelist:Predaponics","theDuelist:FrozenRose"],"picked":"theDuelist:SuperSolarNutrient","floor":28},{"not_picked":["theDuelist:QueenAngelRoses","theDuelist:BlackRoseMoonlight","theDuelist:PredaplantSarraceniant","theDuelist:PredaplantChimerafflesia"],"picked":"theDuelist:BlossomBombardment+1","floor":33},{"not_picked":["theDuelist:BotanicalLion","theDuelist:DarkworldThorns+1","theDuelist:PredaplantFlytrap+1","theDuelist:AcidTrapHole+1"],"picked":"theDuelist:SilverApples+1","floor":35},{"not_picked":["theDuelist:BlackRoseDragon+1","theDuelist:BeastFangs","theDuelist:PredaplantSpinodionaea","theDuelist:BlackRoseMoonlight"],"picked":"theDuelist:RevivalRose+1","floor":40},{"not_picked":["theDuelist:CactusBouncer+1","theDuelist:SuperSolarNutrient","theDuelist:PredaplantPterapenthes+1","theDuelist:WhiteRoseDragon+1"],"picked":"theDuelist:Invigoration","floor":42},{"not_picked":["theDuelist:CactusBouncer","theDuelist:WormApocalypse+1","theDuelist:LonefireBlossom","theDuelist:BlackRoseDragon+1"],"picked":"theDuelist:SilverApples+1","floor":44},{"not_picked":["theDuelist:DokiDoki+1","theDuelist:EarthquakeGiant+1","theDuelist:GolemSentry+1","theDuelist:MillenniumGolem","theDuelist:MudGolem+1"],"picked":"SKIP","floor":46},{"not_picked":["theDuelist:PredaplantDrosophyllum+1","theDuelist:AngelTrumpeter+1"],"picked":"theDuelist:BlackRoseDragon+1","floor":54}],"player_experience":604829,"relics_obtained":[{"floor":6,"key":"Simple Rune"},{"floor":8,"key":"Blood Vial"},{"floor":9,"key":"hubris:OldNail"},{"floor":11,"key":"Carrot"},{"floor":15,"key":"theDuelist:DuelistLetterOpener"},{"floor":26,"key":"hubris:TinFlute"},{"floor":30,"key":"Chameleon Ring"},{"floor":40,"key":"theDuelist:MillenniumPrayerbook"},{"floor":42,"key":"Strawberry"},{"floor":43,"key":"hubris:Reverence"},{"floor":44,"key":"Snake Skull"},{"floor":54,"key":"Durian"}],"event_choices":[{"damage_healed":0,"gold_gain":75,"player_choice":"Gather Gold","damage_taken":11,"max_hp_gain":0,"max_hp_loss":0,"event_name":"World of Goop","floor":10,"gold_loss":0},{"damage_healed":0,"gold_gain":0,"player_choice":"Searched \u00272\u0027 times","damage_taken":0,"relics_obtained":["infinitespire:Freezer"],"max_hp_gain":0,"max_hp_loss":0,"event_name":"Dead Adventurer","floor":12,"gold_loss":0},{"damage_healed":0,"gold_gain":0,"player_choice":"Ignored","damage_taken":0,"max_hp_gain":0,"max_hp_loss":0,"event_name":"Vampires","floor":21,"gold_loss":0},{"damage_healed":0,"gold_gain":0,"player_choice":"Brew - 2x Potion Slots","duelist":true,"damage_taken":0,"max_hp_gain":0,"max_hp_loss":0,"event_name":"Aknamkanon\u0027s Tomb","floor":25,"gold_loss":0},{"damage_healed":0,"gold_gain":0,"player_choice":"Leave","duelist":true,"damage_taken":0,"max_hp_gain":0,"max_hp_loss":0,"event_name":"Card Trader","floor":36,"gold_loss":0},{"cards_removed":["theDuelist:CastleWalls"],"damage_healed":0,"gold_gain":0,"player_choice":"Purged","damage_taken":0,"max_hp_gain":0,"max_hp_loss":0,"event_name":"Purifier","floor":37,"gold_loss":0}],"is_beta":false,"boss_relics":[{"not_picked":["SlaversCollar","Painkiller Herb"],"picked":"Empty Cage"},{"not_picked":["Pandora\u0027s Box","hubris:HollowSoul"],"picked":"Replay:Wanted Poster"}],"items_purged_floors":[19,48,53],"is_endless":false,"potions_floor_spawned":[2,3,5,8,14,24,33,35,40,42,44,46,54],"ascension_level":14}}