{"host":"wha9hktbkslqvblg","time":1610431838,"event":{"mods":["BaseMod","Colored Map","Minty Spire (QoL Compilation)","Relic Stats","SuperFastMode","everything is the same but u backflip on backflip"],"gold_per_floor":[117,117,117,136,136,163,163,163,163],"floor_reached":8,"playtime":106,"items_purged":[],"score":158,"play_id":"919b2e05-9e97-4ea7-97f0-ada18ba087c0","local_time":"20210112151038","is_ascension_mode":true,"campfire_choices":[{"data":"Bash","floor":7,"key":"SMITH"}],"circlet_count":0,"master_deck":["AscendersBane","Strike_R","Strike_R","Strike_R","Strike_R","Defend_R","Defend_R","Defend_R","Defend_R","Bash+1","Sword Boomerang+1","Limit Break"],"relics":["Burning Blood","NeowsBlessing","Turnip"],"acts_visited":["Exordium"],"potions_floor_usage":[8],"damage_taken":[{"damage":0,"enemies":"Small Slimes","floor":1,"turns":1},{"damage":0,"enemies":"Jaw Worm","floor":4,"turns":1},{"damage":0,"enemies":"Lagavulin","floor":6,"turns":1},{"damage":60,"enemies":"3 Sentries","floor":8,"turns":8}],"seed_played":"956790203961744633","potions_obtained":[{"floor":4,"key":"EntropicBrew"}],"is_trial":false,"path_per_floor":["M","?","?","M","?","E","R","E"],"character_chosen":"IRONCLAD","items_purchased":[],"campfire_rested":0,"item_purchase_floors":[],"current_hp_per_floor":[74,67,72,78,78,80,80,20,20],"gold":163,"neow_bonus":"THREE_ENEMY_KILL","is_daily":false,"chose_seed":false,"campfire_upgraded":1,"win_rate":0.0,"timestamp":1610431838,"path_taken":["M","?","?","M","?","E","R","E"],"items_purchased_type":[],"build_version":"2020-12-22","purchased_purges":0,"victory":false,"max_hp_per_floor":[75,75,80,80,80,80,80,80,80],"relic_stats":{"counters":[4,11],"Turnip":[0],"obtain_stats":[{"NeowsBlessing":0,"Turnip":6,"Burning Blood":0},{"NeowsBlessing":0,"Turnip":3,"Burning Blood":0},{"NeowsBlessing":0,"Turnip":3,"Burning Blood":0}],"Burning Blood":14},"card_choices":[{"not_picked":["Armaments","Clash"],"picked":"Sword Boomerang","floor":1},{"not_picked":["Entrench","Twin Strike","Clothesline"],"picked":"SKIP","floor":4},{"not_picked":["Rage","Inflame"],"picked":"Limit Break","floor":6}],"player_experience":956047,"relics_obtained":[{"floor":6,"key":"Turnip"}],"event_choices":[{"cards_removed":["Strike_R"],"damage_healed":0,"gold_gain":0,"player_choice":"Card Removal","damage_taken":7,"max_hp_gain":0,"max_hp_loss":0,"event_name":"Golden Wing","floor":2,"gold_loss":0},{"damage_healed":0,"gold_gain":0,"player_choice":"Donut","damage_taken":0,"max_hp_gain":5,"max_hp_loss":0,"event_name":"Big Fish","floor":3,"gold_loss":0},{"damage_healed":0,"gold_gain":0,"player_choice":"Forge","damage_taken":0,"max_hp_gain":0,"max_hp_loss":0,"event_name":"Accursed Blacksmith","floor":5,"gold_loss":0,"cards_upgraded":["Sword Boomerang"]}],"is_beta":false,"boss_relics":[],"items_purged_floors":[],"is_endless":false,"potions_floor_spawned":[4],"killed_by":"3 Sentries","ascension_level":20}}