{"host":"Qube","time":1610489817,"event":{"mods":["AchievementEnabler","BaseMod","Colored Map","Colored Powertips","Minty Spire (QoL Compilation)","Quick Restart","Random Character Button","StSLib"],"gold_per_floor":[117,137,137,137,151,186,186,221,221,31,31,62,62,74,74,150,150,166,216,231,231,247,247,247,247],"floor_reached":24,"language":"ENG","playtime":985,"items_purged":[],"score":417,"play_id":"11491d8e-9919-419f-b289-c910ec3f0e1f","local_time":"20210112141657","is_ascension_mode":true,"campfire_choices":[{"floor":7.0,"key":"REST"},{"floor":11.0,"key":"REST"},{"data":"Biased Cognition","floor":13,"key":"SMITH"},{"floor":15,"key":"REST"},{"floor":23,"key":"REST"}],"circlet_count":0,"master_deck":["AscendersBane","Strike_B","Strike_B","Defend_B","Defend_B+1","Defend_B","Defend_B+1","Zap","Dualcast","Cold Snap","Sweeping Beam","White Noise","Barrage","Biased Cognition+1","Gash+1","Coolheaded","Coolheaded","Echo Form","Cold Snap+1","Ball Lightning+1"],"relics":["Cracked Core","NeowsBlessing","Unceasing Top","Singing Bowl","Molten Egg 2","ClockworkSouvenir","Ornamental Fan","Inserter"],"acts_visited":["Exordium","TheCity"],"potions_floor_usage":[12,16,22],"damage_taken":[{"damage":0.0,"enemies":"Cultist","floor":1.0,"turns":1.0},{"damage":0.0,"enemies":"Small Slimes","floor":2.0,"turns":1.0},{"damage":0.0,"enemies":"Jaw Worm","floor":5.0,"turns":1.0},{"damage":34.0,"enemies":"Lagavulin","floor":6.0,"turns":9.0},{"damage":34.0,"enemies":"3 Sentries","floor":8.0,"turns":6.0},{"damage":3,"enemies":"Gremlin Nob","floor":12,"turns":3},{"damage":15,"enemies":"Gremlin Gang","floor":14,"turns":5},{"damage":6,"enemies":"Slime Boss","floor":16,"turns":16},{"damage":24,"enemies":"3 Byrds","floor":18,"turns":7},{"damage":0,"enemies":"Chosen","floor":20,"turns":6},{"damage":31,"enemies":"Centurion and Healer","floor":22,"turns":8},{"damage":44,"enemies":"Gremlin Leader","floor":24,"turns":2}],"seed_played":"7812690685585039764","potions_obtained":[{"floor":1.0,"key":"ColorlessPotion"},{"floor":2.0,"key":"Regen Potion"},{"floor":8.0,"key":"SteroidPotion"},{"floor":14,"key":"SkillPotion"},{"floor":20,"key":"Regen Potion"}],"is_trial":false,"path_per_floor":["M","M","?","?","M","E","R","E","T","$","R","E","R","M","R","B",null,"M","?","M","?","M","R","E"],"character_chosen":"DEFECT","items_purchased":["ClockworkSouvenir","Gash+1"],"campfire_rested":4,"item_purchase_floors":[10,10],"current_hp_per_floor":[64,64,43,43,43,24,45,11,11,11,32,29,29,14,35,29,61,37,37,37,37,23,44,0,0],"gold":247,"neow_bonus":"THREE_ENEMY_KILL","is_daily":false,"chose_seed":false,"campfire_upgraded":1,"win_rate":0.0,"timestamp":1610489817,"path_taken":["M","?","?","?","?","E","R","E","T","?","R","E","R","M","R","BOSS","M","?","M","?","?","R","E"],"items_purchased_type":["Relic","Card"],"build_version":"2020-12-18","purchased_purges":0,"victory":false,"max_hp_per_floor":[71,71,71,71,71,71,71,71,71,71,71,71,71,71,71,71,71,71,71,71,71,73,73,73,73],"card_choices":[{"not_picked":["Sunder","Aggregate"],"picked":"Cold Snap","floor":1.0},{"not_picked":["Hologram","Turbo"],"picked":"Sweeping Beam","floor":2.0},{"not_picked":["Rip and Tear","Conserve Battery"],"picked":"White Noise","floor":5.0},{"not_picked":["Chaos","Rebound"],"picked":"Barrage","floor":6.0},{"not_picked":["Double Energy","Ball Lightning"],"picked":"Biased Cognition","floor":8.0},{"not_picked":["Auto Shields","Leap"],"picked":"Coolheaded","floor":12},{"not_picked":["Redo","Turbo"],"picked":"Coolheaded","floor":14},{"not_picked":["Biased Cognition","Core Surge+1"],"picked":"Echo Form","floor":16},{"not_picked":["Sunder+1","Auto Shields"],"picked":"Cold Snap+1","floor":18},{"not_picked":["Redo","Steam Power"],"picked":"Ball Lightning+1","floor":20},{"not_picked":["Leap","Undo","BootSequence"],"picked":"Singing Bowl","floor":22}],"player_experience":874839,"relics_obtained":[{"floor":6.0,"key":"Unceasing Top"},{"floor":8.0,"key":"Singing Bowl"},{"floor":9.0,"key":"Molten Egg 2"},{"floor":12,"key":"Ornamental Fan"}],"event_choices":[{"damage_healed":0.0,"max_hp_gain":0.0,"max_hp_loss":0.0,"gold_gain":0.0,"event_name":"Shining Light","player_choice":"Entered Light","floor":3.0,"gold_loss":0.0,"damage_taken":21.0,"cards_upgraded":["Defend_B","Defend_B"]},{"cards_removed":["Strike_B"],"damage_healed":0.0,"max_hp_gain":0.0,"max_hp_loss":0.0,"gold_gain":0.0,"event_name":"Bonfire Elementals","player_choice":"Offered Basic","floor":4.0,"gold_loss":0.0,"damage_taken":0.0},{"damage_healed":0,"gold_gain":50,"player_choice":"Stole From Cult","damage_taken":0,"max_hp_gain":0,"max_hp_loss":0,"event_name":"Nest","floor":19,"gold_loss":0},{"cards_removed":["Strike_B"],"damage_healed":0,"gold_gain":0,"player_choice":"Purged","damage_taken":0,"max_hp_gain":0,"max_hp_loss":0,"event_name":"Purifier","floor":21,"gold_loss":0}],"is_beta":true,"boss_relics":[{"not_picked":["FrozenCore","Snecko Eye"],"picked":"Inserter"}],"items_purged_floors":[],"is_endless":false,"potions_floor_spawned":[1,2,8,14,20],"killed_by":"Gremlin Leader","ascension_level":19}}