{"host":"kda2p2afd6bvz6qo","time":1610487101,"event":{"mods":["BaseMod","Colored Map","Minty Spire (QoL Compilation)","Relic Stats"],"gold_per_floor":[109,109,123,123,103,131,131,141,141,7,23,34,59,74,74,150,150,166,179,90,106,123,152,152,180,180,196,229,229,75,75,75,146,146,162,62,75,94,106,134,134,134,186,198,223,223,253,263,263,263],"floor_reached":51,"language":"ENG","playtime":4790,"items_purged":["Regret","Strike_G"],"score":1787,"play_id":"24c8db75-d875-4c6f-b91e-4d1f734e6875","local_time":"20210112213141","is_ascension_mode":true,"campfire_choices":[{"data":"Blade Dance","floor":7.0,"key":"SMITH"},{"data":"Adrenaline","floor":15.0,"key":"SMITH"},{"data":"Envenom","floor":24.0,"key":"SMITH"},{"floor":32.0,"key":"REST"},{"data":"Well Laid Plans","floor":42.0,"key":"SMITH"},{"data":"Accuracy","floor":46.0,"key":"SMITH"},{"data":"Finisher","floor":49.0,"key":"SMITH"}],"circlet_count":0,"master_deck":["AscendersBane","Strike_G","Strike_G","Strike_G","Defend_G","Defend_G","Defend_G","Defend_G+1","Defend_G","Survivor+1","Neutralize","Well Laid Plans+1","Footwork","Blade Dance+1","Adrenaline+1","Prepared+1","Cloak And Dagger+1","Backflip+1","PiercingWail+1","Blade Dance+1","Envenom+1","Blade Dance+1","Blur+1","Acrobatics+1","Prepared+1","Blur+1","Blur+1","Finisher+1","Noxious Fumes","Calculated Gamble+1","J.A.X.+1","Night Terror+1","CurseOfTheBell","Backflip+1","Cloak And Dagger+1","Deflect+1","Phantasmal Killer+1","Accuracy+1"],"relics":["Ring of the Snake","NeowsBlessing","InkBottle","Kunai","Toxic Egg 2","Pear","Busted Crown","Regal Pillow","Red Mask","Question Card","Du-Vu Doll","Calling Bell","Eternal Feather","Gambling Chip","War Paint","The Courier","Potion Belt","Smiling Mask","HornCleat"],"acts_visited":["Exordium","TheCity","TheBeyond"],"potions_floor_usage":[50],"damage_taken":[{"damage":0.0,"enemies":"Cultist","floor":1.0,"turns":1.0},{"damage":0.0,"enemies":"Small Slimes","floor":3.0,"turns":1.0},{"damage":0.0,"enemies":"3 Sentries","floor":6.0,"turns":2.0},{"damage":3.0,"enemies":"2 Louse","floor":8.0,"turns":4.0},{"damage":16.0,"enemies":"Gremlin Gang","floor":11.0,"turns":4.0},{"damage":9.0,"enemies":"3 Louse","floor":12.0,"turns":4.0},{"damage":0.0,"enemies":"Lagavulin","floor":13.0,"turns":6.0},{"damage":0.0,"enemies":"Exordium Wildlife","floor":14.0,"turns":6.0},{"damage":0.0,"enemies":"Hexaghost","floor":16.0,"turns":12.0},{"damage":2.0,"enemies":"Chosen","floor":18.0,"turns":5.0},{"damage":16.0,"enemies":"Spheric Guardian","floor":19.0,"turns":4.0},{"damage":0.0,"enemies":"Shelled Parasite and Fungi","floor":21.0,"turns":5.0},{"damage":0.0,"enemies":"Snake Plant","floor":22.0,"turns":7.0},{"damage":0.0,"enemies":"Slavers","floor":23.0,"turns":4.0},{"damage":0.0,"enemies":"Masked Bandits","floor":25.0,"turns":3.0},{"damage":18.0,"enemies":"Cultist and Chosen","floor":27.0,"turns":7.0},{"damage":2.0,"enemies":"Gremlin Leader","floor":28.0,"turns":9.0},{"damage":9.0,"enemies":"Champ","floor":33.0,"turns":6.0},{"damage":3.0,"enemies":"3 Darklings","floor":35.0,"turns":5.0},{"damage":2.0,"enemies":"Orb Walker","floor":37.0,"turns":2.0},{"damage":3.0,"enemies":"Sphere and 2 Shapes","floor":38.0,"turns":5.0},{"damage":3.0,"enemies":"Maw","floor":39.0,"turns":4.0},{"damage":3.0,"enemies":"Giant Head","floor":40.0,"turns":4.0},{"damage":4.0,"enemies":"4 Shapes","floor":44.0,"turns":6.0},{"damage":24.0,"enemies":"Reptomancer","floor":45.0,"turns":4.0},{"damage":8.0,"enemies":"Nemesis","floor":47.0,"turns":7.0},{"damage":6.0,"enemies":"Transient","floor":48.0,"turns":6.0},{"damage":56,"enemies":"Time Eater","floor":50,"turns":17}],"seed_played":"8292483026873146710","potions_obtained":[{"floor":1.0,"key":"LiquidMemories"},{"floor":2.0,"key":"Fruit Juice"},{"floor":2.0,"key":"CunningPotion"},{"floor":5.0,"key":"SneckoOil"},{"floor":12.0,"key":"FearPotion"},{"floor":18.0,"key":"SteroidPotion"},{"floor":27.0,"key":"Poison Potion"},{"floor":28.0,"key":"DuplicationPotion"},{"floor":33.0,"key":"ColorlessPotion"},{"floor":44.0,"key":"Fruit Juice"}],"is_trial":false,"path_per_floor":["M","?","M","?","?","E","R","M","T","$","M","M","E","M","R","B",null,"M","M","$","M","M","E","R","?","T","M","E","?","$","?","R","B",null,"M","$","M","M","M","E","?","R","T","M","E","R","E","M","R","B",null],"character_chosen":"THE_SILENT","items_purchased":["Prepared+1","Blur+1","Noxious Fumes","Calculated Gamble+1"],"campfire_rested":1,"item_purchase_floors":[10,20,30,30],"current_hp_per_floor":[59,59,59,59,64,64,64,61,61,61,45,36,46,46,46,46,72,70,54,54,54,54,54,54,54,54,36,34,34,34,34,73,64,77,74,74,72,69,66,63,63,81,81,82,58,79,71,65,86,30],"gold":263,"neow_bonus":"THREE_ENEMY_KILL","is_daily":false,"chose_seed":false,"campfire_upgraded":6,"win_rate":0.0,"timestamp":1610487101,"path_taken":["M","?","?","?","?","E","R","M","T","$","M","M","E","M","R","BOSS","M","?","$","M","M","E","R","?","T","M","E","?","$","?","R","BOSS","M","$","M","M","M","E","?","R","T","M","E","R","E","M","R","BOSS"],"items_purchased_type":["Card","Card","Card","Card"],"build_version":"2020-12-22","purchased_purges":2,"victory":true,"max_hp_per_floor":[66,66,66,66,71,71,71,71,71,71,71,71,81,81,81,81,81,81,81,81,81,81,81,81,81,81,81,81,81,81,81,81,81,81,81,81,81,81,81,81,81,81,81,86,86,86,86,86,86,86],"relic_stats":{"Regal Pillow":15,"Busted Crown":38,"counters":[28,150],"Gambling Chip":[30],"Eternal Feather":60,"Kunai":[169],"War Paint":["Survivor","Defend_G"],"Question Card":13,"Smiling Mask":0,"obtain_stats":[{"Potion Belt":43,"Regal Pillow":23,"Pear":13,"NeowsBlessing":0,"Eternal Feather":34,"The Courier":40,"War Paint":34,"Question Card":26,"Smiling Mask":45,"Du-Vu Doll":28,"Calling Bell":34,"Busted Crown":17,"HornCleat":47,"Gambling Chip":34,"Red Mask":25,"Kunai":6,"Toxic Egg 2":9,"InkBottle":4,"Ring of the Snake":0},{"Potion Belt":23,"Regal Pillow":14,"Pear":7,"NeowsBlessing":0,"Eternal Feather":18,"The Courier":23,"War Paint":18,"Question Card":15,"Smiling Mask":25,"Du-Vu Doll":17,"Calling Bell":18,"Busted Crown":9,"HornCleat":26,"Gambling Chip":18,"Red Mask":15,"Kunai":3,"Toxic Egg 2":4,"InkBottle":2,"Ring of the Snake":0},{"Potion Belt":110,"Regal Pillow":65,"Pear":22,"NeowsBlessing":0,"Eternal Feather":90,"The Courier":110,"War Paint":90,"Question Card":68,"Smiling Mask":120,"Du-Vu Doll":84,"Calling Bell":90,"Busted Crown":40,"HornCleat":127,"Gambling Chip":90,"Red Mask":68,"Kunai":4,"Toxic Egg 2":8,"InkBottle":2,"Ring of the Snake":0}],"InkBottle":[117],"Ring of the Snake":[56]},"card_choices":[{"not_picked":["Slice","Acrobatics"],"picked":"Well Laid Plans","floor":1.0},{"not_picked":["Dagger Spray","Flying Knee"],"picked":"Footwork","floor":3.0},{"not_picked":["Deflect","Backflip"],"picked":"Blade Dance","floor":6.0},{"not_picked":["Dagger Throw","Prepared"],"picked":"Adrenaline","floor":8.0},{"not_picked":["Dagger Spray","Deflect+1"],"picked":"Cloak And Dagger+1","floor":11.0},{"not_picked":["Prepared+1","Acrobatics+1"],"picked":"Backflip+1","floor":12.0},{"not_picked":["Footwork","Leg Sweep+1"],"picked":"PiercingWail+1","floor":13.0},{"not_picked":["Outmaneuver+1","Riddle With Holes"],"picked":"Blade Dance+1","floor":14.0},{"not_picked":["Wraith Form v2","Burst+1"],"picked":"Envenom","floor":16.0},{"not_picked":[],"picked":"Blade Dance+1","floor":18.0},{"not_picked":["Flying Knee"],"picked":"SKIP","floor":19.0},{"not_picked":[],"picked":"Acrobatics+1","floor":21.0},{"not_picked":[],"picked":"Prepared+1","floor":22.0},{"not_picked":[],"picked":"Blur+1","floor":23.0},{"not_picked":[],"picked":"Blur+1","floor":25.0},{"not_picked":["Eviscerate","Footwork"],"picked":"SKIP","floor":27.0},{"not_picked":["Unload","Flechettes"],"picked":"SKIP","floor":28.0},{"not_picked":["Adrenaline+1"],"picked":"Night Terror+1","floor":33.0},{"not_picked":["Slice"],"picked":"Backflip+1","floor":35.0},{"not_picked":["Riddle With Holes","Bane"],"picked":"SKIP","floor":37.0},{"not_picked":["Footwork"],"picked":"Cloak And Dagger+1","floor":38.0},{"not_picked":["Masterful Stab"],"picked":"Deflect+1","floor":39.0},{"not_picked":["Concentrate+1"],"picked":"Phantasmal Killer+1","floor":40.0},{"not_picked":["Leg Sweep+1"],"picked":"Accuracy","floor":44.0},{"not_picked":["Underhanded Strike","Bane+1"],"picked":"SKIP","floor":45.0},{"not_picked":["Flying Knee","Skewer"],"picked":"SKIP","floor":47.0},{"not_picked":["Bane","Calculated Gamble+1"],"picked":"SKIP","floor":48.0}],"player_experience":120182,"relics_obtained":[{"floor":6.0,"key":"Kunai"},{"floor":9.0,"key":"Toxic Egg 2"},{"floor":13.0,"key":"Pear"},{"floor":23.0,"key":"Regal Pillow"},{"floor":25.0,"key":"Red Mask"},{"floor":26.0,"key":"Question Card"},{"floor":28.0,"key":"Du-Vu Doll"},{"floor":34.0,"key":"Eternal Feather"},{"floor":34.0,"key":"Gambling Chip"},{"floor":34.0,"key":"War Paint"},{"floor":40.0,"key":"The Courier"},{"floor":43.0,"key":"Potion Belt"},{"floor":45.0,"key":"Smiling Mask"},{"floor":47.0,"key":"HornCleat"}],"event_choices":[{"damage_healed":0.0,"max_hp_gain":0.0,"max_hp_loss":0.0,"gold_gain":0.0,"event_name":"Lab","player_choice":"Got Potions","floor":2.0,"gold_loss":0.0,"damage_taken":0.0},{"damage_healed":0.0,"max_hp_gain":0.0,"max_hp_loss":0.0,"gold_gain":0.0,"event_name":"Big Fish","player_choice":"Box","floor":4.0,"gold_loss":0.0,"damage_taken":0.0,"relics_obtained":["InkBottle"],"cards_obtained":["Regret"]},{"damage_healed":0.0,"max_hp_gain":0.0,"max_hp_loss":0.0,"gold_gain":0.0,"event_name":"The Woman in Blue","player_choice":"Bought 1 Potion","floor":5.0,"gold_loss":0.0,"damage_taken":0.0},{"damage_healed":0.0,"max_hp_gain":0.0,"max_hp_loss":0.0,"gold_gain":0.0,"event_name":"Masked Bandits","player_choice":"Fought Bandits","floor":25.0,"gold_loss":0.0,"damage_taken":0.0},{"damage_healed":0.0,"max_hp_gain":0.0,"max_hp_loss":0.0,"gold_gain":0.0,"event_name":"The Library","player_choice":"Read","floor":29.0,"gold_loss":0.0,"damage_taken":0.0,"cards_obtained":["Finisher"]},{"damage_healed":0.0,"max_hp_gain":0.0,"max_hp_loss":0.0,"gold_gain":0.0,"event_name":"Drug Dealer","player_choice":"Obtain J.A.X.","floor":31.0,"gold_loss":0.0,"damage_taken":0.0,"cards_obtained":["J.A.X."]},{"cards_removed":["Strike_G"],"damage_healed":0.0,"max_hp_gain":0.0,"max_hp_loss":0.0,"gold_gain":0.0,"event_name":"Falling","player_choice":"Removed Attack","floor":41.0,"gold_loss":0.0,"damage_taken":0.0}],"is_beta":false,"boss_relics":[{"not_picked":["Runic Dome","Ring of the Serpent"],"picked":"Busted Crown"},{"not_picked":["Runic Pyramid","Pandora\u0027s Box"],"picked":"Calling Bell"}],"items_purged_floors":[10,36],"is_endless":false,"potions_floor_spawned":[1,3,12,18,27,28,33,38,39,44],"ascension_level":18}}