{"host":"yxvacnrv6koupv9r","time":1610454650,"event":{"mods":["100% Spire Juice","BaseMod","Friendly Minions","Googly Eyes","Hero for Fun","KinomotoSakuraMod(木之本樱)","Kiyohime（清姬）","LagranYue(拉格朗・月)","Marisa（F雨　魔理沙）","Minty Spire (QoL Compilation)","Remilia（蕾米莉亚）","SOS（斯巴达之子）","Shop Mod","StSLib","Td1madao Mod","The Alterego","The Animator","The Bladedancer","Yakumo Yukari mod","Youmu（魂魄妖梦）","Yuri Mod","[IsaacMod]以撒尖塔"],"gold_per_floor":[20,36,136,149,166,197,197,236,236,267,281,281,302,325,325,456,456,470,483,130,149,149,183,183,216,293,293,293,144,144,154,154,250,250,265,0,53,63,73,107,107,122,196,196,196,32,51,81,93,105,117,129,91,123,123],"floor_reached":56,"playtime":1601,"items_purged":["Defend_Y","Defend_Y","Defend_Y+1","Defend_Y+1","Defend_Y+1","Do_Nothing"],"score":1717,"play_id":"228dcc9c-f1fa-4574-b59c-8bfe98259d3b","local_time":"20210112203050","is_ascension_mode":false,"campfire_choices":[{"floor":12,"key":"RECALL"},{"data":"Normal_Punch","floor":15,"key":"SMITH"},{"data":"EndlessPower","floor":24,"key":"SMITH"},{"floor":32,"key":"REST"},{"data":"DoctorFetus","floor":41,"key":"SMITH"},{"data":"Slap","floor":44,"key":"SMITH"},{"data":"Side_Hop","floor":49,"key":"SMITH"},{"data":"Toss_Stone","floor":52,"key":"SMITH"}],"circlet_count":0,"master_deck":["Strike_Y+1","Strike_Y+1","Strike_Y+1","Strike_Y+1","Strike_Y+1","DoctorFetus+1","Slap+1","Normal_Punch+1","Side_Hop+1","Toss_Stone+1","Serious_Side_Hops","Serious_Punch","Toss_Stone","Side_Hop","Slap","Consecutive_Normal_Punch","Hip_Strike","Consecutive_Normal_Punch","Normal_Punch","Get_Hopes_Up","Wear_Disguise","Yawn+1","Slap","Normal_Punch","Serious_Punch","Wrath_TH","EndlessPower+1","Slap","Side_Hop","Normal_Punch","Slap","Slap+1","Terrifying_Presence","Serious_Punch","Toss_Stone+1","Consecutive_Normal_Punch+1","Normal_Punch+1","Slap","Consecutive_Normal_Punch+1","Hip_Strike","Slap","Serious_Punch","Normal_Punch+1","Wear_Disguise","Terrifying_Presence"],"relics":["Cape","HushsDoor","LagranYue:RandomDrawCardRelic","NineVolt","Potion Belt","Bloody Idol","TuHaoJin","Pen Nib","MagicMushroom","Damocles","GuppysTail","Darkstone Periapt","Mummified Hand","Vajra","WingedGreaves","AntiCross","Smiling Mask","Juzu Bracelet","Regal Pillow","Kunai","Nunchaku","Coffee Dripper","GuppysCollar","SatanicBible","Blood Vial","Red Mask","Du-Vu Doll","Question Card","LagranYue:MagicReflectiveArmorRelic","HowToJump","LagranYue:GuidanceLightRelic","Boot","DeadEye","Pear","GnawedLeaf","ScarletDevilRocket","MawBank","DoctorsRemote","SalivaCoin"],"acts_visited":["Exordium","TheCity","TheBeyond","TheEnding"],"potions_floor_usage":[11,55,55,55,55,55],"damage_taken":[{"damage":0,"enemies":"Jaw Worm","floor":1,"turns":1},{"damage":0,"enemies":"Cultist","floor":2,"turns":1},{"damage":0,"enemies":"2 Louse","floor":4,"turns":1},{"damage":0,"enemies":"2 Fungi Beasts","floor":5,"turns":2},{"damage":0,"enemies":"Lagavulin","floor":6,"turns":1},{"damage":0,"enemies":"Gremlin Nob","floor":8,"turns":1},{"damage":0,"enemies":"3 Sentries","floor":10,"turns":2},{"damage":0,"enemies":"3 Louse","floor":11,"turns":2},{"damage":0,"enemies":"Gremlin Gang","floor":13,"turns":2},{"damage":0,"enemies":"Red Slaver","floor":14,"turns":1},{"damage":0,"enemies":"Slime Boss","floor":16,"turns":1},{"damage":0,"enemies":"3 Byrds","floor":18,"turns":2},{"damage":0,"enemies":"Chosen","floor":19,"turns":1},{"damage":0,"enemies":"3 Cultists","floor":21,"turns":1},{"damage":0,"enemies":"Gremlin Leader","floor":23,"turns":1},{"damage":0,"enemies":"Book of Stabbing","floor":25,"turns":1},{"damage":0,"enemies":"Snake Plant","floor":31,"turns":1},{"damage":0,"enemies":"Champ","floor":33,"turns":1},{"damage":0,"enemies":"Orb Walker","floor":35,"turns":1},{"damage":0,"enemies":"2 Orb Walkers","floor":37,"turns":1},{"damage":0,"enemies":"3 Shapes","floor":38,"turns":1},{"damage":0,"enemies":"Spire Growth","floor":39,"turns":1},{"damage":0,"enemies":"Giant Head","floor":40,"turns":1},{"damage":0,"enemies":"Transient","floor":42,"turns":1},{"damage":0,"enemies":"Maw","floor":47,"turns":1},{"damage":0,"enemies":"Nemesis","floor":48,"turns":1},{"damage":0,"enemies":"Awakened One","floor":50,"turns":2},{"damage":0,"enemies":"Shield and Spear","floor":54,"turns":1},{"damage":0,"enemies":"Delirium","floor":55,"turns":9}],"seed_played":"-7428172737223410003","potions_obtained":[{"floor":1,"key":"Explosive Potion"},{"floor":5,"key":"Block Potion"},{"floor":8,"key":"LiquidBronze"},{"floor":11,"key":"DistilledChaos"},{"floor":14,"key":"SkillPotion"},{"floor":18,"key":"Weak Potion"},{"floor":21,"key":"Dexterity Potion"},{"floor":47,"key":"SpeedPotion"}],"is_trial":false,"path_per_floor":["M","M","?","M","M","E","?","E","T","E","M","R","M","M","R","B",null,"M","M","$","M","?","E","R","E","T","?","?","$","?","M","R","B",null,"M","?","?","M","M","E","R","M","T","R","?","$","M","E","R","B",null,"R","$","E","B",null],"character_chosen":"OPM","items_purchased":["Consecutive_Normal_Punch","Normal_Punch","Damocles","GuppysTail","Get_Hopes_Up","Wear_Disguise","Slap","Normal_Punch","Vajra","Normal_Punch","Slap","Serious_Punch","GuppysCollar","SatanicBible","Slap","Serious_Punch"],"campfire_rested":1,"item_purchase_floors":[17,17,17,17,17,17,20,20,20,29,29,34,34,34,46,46],"current_hp_per_floor":[1098,1098,1098,1098,1098,1098,1098,1098,1098,1098,1098,1098,1098,1098,1098,1098,1068,1068,1068,1068,1068,1074,1074,1074,1074,1074,1074,1074,1074,1074,1074,1074,1074,1040,1040,1040,1040,1040,1040,1040,1040,1040,1050,1050,1050,1050,1050,1050,1050,1050,1050,1050,1050,1050,1050],"gold":123,"neow_bonus":"TEN_PERCENT_HP_BONUS","is_daily":false,"chose_seed":false,"campfire_upgraded":6,"win_rate":0.0,"timestamp":1610454650,"path_taken":["M","M","?","M","M","E","?","E","T","E","M","R","?","M","R","BOSS","M","M","$","M","?","E","R","E","T","?","?","$","?","M","R","BOSS","M","?","?","M","M","E","R","M","T","R","?","$","M","E","R","BOSS","R","$","E","BOSS"],"items_purchased_type":["Card","Card","Relic","Relic","Card","Card","Card","Card","Relic","Card","Card","Card","Relic","Relic","Card","Card"],"build_version":"2020-12-22","purchased_purges":6,"victory":true,"max_hp_per_floor":[1098,1098,1098,1098,1098,1098,1098,1098,1098,1098,1098,1098,1098,1098,1098,1098,1068,1068,1068,1068,1068,1074,1074,1074,1074,1074,1074,1074,1074,1074,1074,1074,1074,1040,1040,1040,1040,1040,1040,1040,1040,1040,1050,1050,1050,1050,1050,1050,1050,1050,1050,1050,1050,1050,1050],"card_choices":[{"not_picked":[],"picked":"DoctorFetus","floor":0},{"not_picked":["Bomb","Ignore"],"picked":"Slap","floor":1},{"not_picked":["Wear_Disguise","Hop"],"picked":"Normal_Punch","floor":2},{"not_picked":["Yawn","Wear_Disguise"],"picked":"Side_Hop","floor":3},{"not_picked":["Toss_Stone","Ignore"],"picked":"Do_Nothing","floor":4},{"not_picked":["Do_Nothing","Slap"],"picked":"Toss_Stone","floor":5},{"not_picked":["Slap","Toss_Stone"],"picked":"Serious_Side_Hops","floor":6},{"not_picked":["Get_Hopes_Up","Yawn"],"picked":"Serious_Punch","floor":8},{"not_picked":["Do_Nothing","Bomb"],"picked":"Toss_Stone","floor":10},{"not_picked":["Yawn","Bomb"],"picked":"Side_Hop","floor":11},{"not_picked":["Yawn","Bomb"],"picked":"Slap","floor":13},{"not_picked":["Yawn","Ignore"],"picked":"Consecutive_Normal_Punch","floor":14},{"not_picked":["Get_Hopes_Up","Serious_Punch"],"picked":"Hip_Strike","floor":16},{"not_picked":["Ignore","Yawn"],"picked":"Wear_Disguise","floor":18},{"not_picked":["Side_Hop","Hop"],"picked":"Yawn+1","floor":19},{"not_picked":["Do_Nothing","Side_Hop"],"picked":"Serious_Punch","floor":21},{"not_picked":["Side_Hop+1","Consecutive_Normal_Punch"],"picked":"Slap","floor":23},{"not_picked":["Do_Nothing","Wear_Disguise"],"picked":"Side_Hop","floor":25},{"not_picked":["Ignore","Yawn"],"picked":"Slap+1","floor":31},{"not_picked":["Get_Hopes_Up","Serious_Punch"],"picked":"Terrifying_Presence","floor":33},{"not_picked":["Slap+1","Hop+1"],"picked":"Toss_Stone+1","floor":35},{"not_picked":["Do_Nothing","Normal_Punch"],"picked":"Consecutive_Normal_Punch+1","floor":37},{"not_picked":["Slap","Yawn+1","Wear_Disguise+1"],"picked":"Normal_Punch+1","floor":38},{"not_picked":["Hop+1","Ignore","Yawn"],"picked":"Slap","floor":39},{"not_picked":["Ignore","Hop","Yawn+1"],"picked":"Consecutive_Normal_Punch+1","floor":40},{"not_picked":["Ignore+1","Side_Hop","Toss_Stone"],"picked":"Hip_Strike","floor":42},{"not_picked":["Hop","Yawn","Ignore"],"picked":"Normal_Punch+1","floor":47},{"not_picked":["Serious_Side_Hops","Do_Nothing+1","Slap"],"picked":"Wear_Disguise","floor":48},{"not_picked":["Yawn","Do_Nothing+1","Ignore+1","Hop+1"],"picked":"SKIP","floor":54}],"player_experience":52019,"relics_obtained":[{"floor":6,"key":"Potion Belt"},{"floor":8,"key":"TuHaoJin"},{"floor":10,"key":"Pen Nib"},{"floor":18,"key":"Darkstone Periapt"},{"floor":19,"key":"Mummified Hand"},{"floor":21,"key":"WingedGreaves"},{"floor":23,"key":"AntiCross"},{"floor":23,"key":"Smiling Mask"},{"floor":25,"key":"Juzu Bracelet"},{"floor":25,"key":"Regal Pillow"},{"floor":26,"key":"Kunai"},{"floor":31,"key":"Nunchaku"},{"floor":35,"key":"Blood Vial"},{"floor":37,"key":"Du-Vu Doll"},{"floor":37,"key":"Question Card"},{"floor":38,"key":"LagranYue:MagicReflectiveArmorRelic"},{"floor":39,"key":"HowToJump"},{"floor":40,"key":"LagranYue:GuidanceLightRelic"},{"floor":40,"key":"Boot"},{"floor":42,"key":"DeadEye"},{"floor":43,"key":"Pear"},{"floor":47,"key":"GnawedLeaf"},{"floor":48,"key":"ScarletDevilRocket"},{"floor":48,"key":"MawBank"},{"floor":54,"key":"DoctorsRemote"},{"floor":54,"key":"SalivaCoin"}],"event_choices":[{"damage_healed":0,"gold_gain":0,"player_choice":"Take Damage","damage_taken":274,"relics_obtained":["Golden Idol"],"max_hp_gain":0,"max_hp_loss":0,"event_name":"Golden Idol","floor":7,"gold_loss":0},{"damage_healed":0,"gold_gain":0,"player_choice":"Ignored","damage_taken":0,"max_hp_gain":0,"max_hp_loss":0,"event_name":"Vampires","floor":27,"gold_loss":0},{"damage_healed":0,"gold_gain":0,"player_choice":"Simplicity","damage_taken":0,"max_hp_gain":0,"max_hp_loss":0,"event_name":"Back to Basics","floor":28,"gold_loss":0,"cards_upgraded":["Strike_Y","Strike_Y","Strike_Y","Strike_Y","Strike_Y","Defend_Y","Defend_Y","Defend_Y"]},{"damage_healed":0,"gold_gain":0,"player_choice":"Gave Idol","damage_taken":0,"relics_obtained":["Bloody Idol"],"max_hp_gain":0,"max_hp_loss":0,"event_name":"Forgotten Altar","floor":30,"relics_lost":["Golden Idol"],"gold_loss":0},{"damage_healed":0,"gold_gain":0,"player_choice":"Paid","damage_taken":0,"relics_obtained":["Red Mask"],"max_hp_gain":0,"max_hp_loss":0,"event_name":"Tomb of Lord Red Mask","floor":36,"gold_loss":265},{"damage_healed":0,"gold_gain":0,"player_choice":"Fight","damage_taken":0,"max_hp_gain":0,"max_hp_loss":0,"event_name":"Mysterious Sphere","floor":37,"gold_loss":0},{"cards_removed":["Wear_Disguise"],"damage_healed":0,"gold_gain":0,"player_choice":"Removed Power","damage_taken":0,"max_hp_gain":0,"max_hp_loss":0,"event_name":"Falling","floor":45,"gold_loss":0}],"is_beta":false,"boss_relics":[{"not_picked":["Runic Dome","Snecko Eye"],"picked":"MagicMushroom"},{"not_picked":[]},{"not_picked":["Busted Crown","Velvet Choker"],"picked":"Coffee Dripper"},{"not_picked":[]}],"items_purged_floors":[17,20,29,34,46,53],"is_endless":false,"potions_floor_spawned":[1,5,8,11,14,18,21,31,35,37,39,47,48],"ascension_level":0}}