{"host":"684z1xpuwaoqmmh1","time":1610460390,"event":{"mods":["Bard","BaseMod","Downfall","Hermit","Jorbs\u0027s Wanderer Trilogy","Marisa????????","Minty Spire (QoL Compilation)","Robot Space Explorer","Shade Mod","StSLib","The Hierophant","The Marked","The Mystic"],"gold_per_floor":[110,128,128,139,155,182,182,217,265,265,293,293,307,323,323,428,428,447,472,472,51,70,70,96,96,96,122,140,140,172,185,185,290,290,303,303,314,314,333,333,350,377,404,433,480,510,136,147,147,147,147,147,63,96,96],"floor_reached":56,"playtime":3629,"items_purged":["theMarked:Strike","theMarked:Strike"],"score":1471,"play_id":"b7552402-538b-4b5c-b680-c9fc1f846b8f","local_time":"20210112160630","is_ascension_mode":true,"campfire_choices":[{"data":"theMarked:MaelstromOfLightning","floor":7.0,"key":"SMITH"},{"floor":10.0,"key":"REST"},{"data":"theMarked:Abjuration","floor":12.0,"key":"SMITH"},{"data":"theMarked:StartUp","floor":15.0,"key":"SMITH"},{"data":"theMarked:TakeOffHeels","floor":23.0,"key":"SMITH"},{"data":"theMarked:TakeOffHeels","floor":25.0,"key":"SMITH"},{"floor":29.0,"key":"REST"},{"floor":32.0,"key":"REST"},{"floor":40.0,"key":"RECALL"},{"floor":49,"key":"REST"},{"data":"theMarked:AttractMetal","floor":52,"key":"SMITH"}],"circlet_count":0,"master_deck":["theMarked:Strike","theMarked:Strike","theMarked:Strike","theMarked:Defend","theMarked:Defend","theMarked:Defend+1","theMarked:Defend+1","theMarked:SoldierOfQuellstein","theMarked:TwofoldDefense","theMarked:EnhanceMovement","theMarked:MaelstromOfLightning+1","theMarked:SuspiciousRaven","theMarked:Electrocute","theMarked:SwordAndMagic","theMarked:StartUp+1","theMarked:Abjuration+1","theMarked:TunnelVision","theMarked:Generate","theMarked:ElementalBlade","theMarked:Aftermath","theMarked:TakeOffHeels+1","CurseOfTheBell","theMarked:Improvise+1","theMarked:CreepingChasm","theMarked:Polarize","theMarked:AttractMetal+1","theMarked:TakeOffHeels+1","theMarked:SuspiciousRaven+1","theMarked:HeritageOfTheMarked+1","theMarked:HeightenedSenses+1","theMarked:ContemptForTheProud","theMarked:Panic+1","theMarked:TakeOffHeels+1","theMarked:FavorableWinds+1","Bandage Up+1","theMarked:DeterminationOfTheMarked+1","theMarked:MaelstromOfLightning+1","theMarked:Indomitable+1","theMarked:Overcharge+1","theMarked:ReduceFriction+1","theMarked:AttractMetal+1","theMarked:RepellingDischarge+1","theMarked:SelfDefenseTraining+1","theMarked:Electrocute+1","theMarked:Standoff+1","theMarked:Panic+1","theMarked:Panic+1","theMarked:Opportunist+1"],"relics":["theMarked:ArtifactOfAir","Guardian:PocketSentry","Regal Pillow","Dream Catcher","InkBottle","Calling Bell","Boot","Frozen Egg 2","champ:DuelingGlove","Red Mask","Lantern","hexamod:BolsterEngine","War Paint","Orichalcum","Toxic Egg 2","Question Card","Peace Pipe","sneckomod:SneckoTalon","Vajra","Bottled Flame","Du-Vu Doll","Molten Egg 2","Bag of Preparation","Gremlin Horn"],"acts_visited":["Exordium","TheCity","TheBeyond","TheEnding"],"potions_floor_usage":[50,55],"damage_taken":[{"damage":7.0,"enemies":"Jaw Worm","floor":1.0,"turns":5.0},{"damage":0.0,"enemies":"Cultist","floor":2.0,"turns":4.0},{"damage":0.0,"enemies":"2 Louse","floor":4.0,"turns":4.0},{"damage":1.0,"enemies":"Looter","floor":5.0,"turns":4.0},{"damage":28.0,"enemies":"3 Sentries","floor":6.0,"turns":6.0},{"damage":21.0,"enemies":"Lagavulin","floor":8.0,"turns":6.0},{"damage":7.0,"enemies":"3 Sentries","floor":11.0,"turns":6.0},{"damage":0.0,"enemies":"3 Louse","floor":13.0,"turns":3.0},{"damage":0.0,"enemies":"Exordium Thugs","floor":14.0,"turns":2.0},{"damage":11.0,"enemies":"Hexaghost","floor":16.0,"turns":6.0},{"damage":9.0,"enemies":"Shell Parasite","floor":18.0,"turns":5.0},{"damage":15.0,"enemies":"Masked Bandits","floor":19.0,"turns":4.0},{"damage":0.0,"enemies":"3 Byrds","floor":22.0,"turns":4.0},{"damage":4.0,"enemies":"Gremlin Leader","floor":24.0,"turns":6.0},{"damage":24.0,"enemies":"Slavers","floor":27.0,"turns":6.0},{"damage":5.0,"enemies":"Snake Plant","floor":28.0,"turns":3.0},{"damage":17.0,"enemies":"Book of Stabbing","floor":30.0,"turns":5.0},{"damage":4.0,"enemies":"Centurion and Healer","floor":31.0,"turns":5.0},{"damage":51.0,"enemies":"Champ","floor":33.0,"turns":11.0},{"damage":2.0,"enemies":"Orb Walker","floor":35.0,"turns":2.0},{"damage":16.0,"enemies":"3 Darklings","floor":37.0,"turns":5.0},{"damage":8.0,"enemies":"Sphere and 2 Shapes","floor":39.0,"turns":5.0},{"damage":3.0,"enemies":"Jaw Worm Horde","floor":41.0,"turns":4.0},{"damage":5.0,"enemies":"Nemesis","floor":42.0,"turns":5.0},{"damage":0.0,"enemies":"Giant Head","floor":44.0,"turns":5.0},{"damage":29.0,"enemies":"2 Orb Walkers","floor":45.0,"turns":6.0},{"damage":13,"enemies":"Reptomancer","floor":46,"turns":5},{"damage":17,"enemies":"Maw","floor":48,"turns":7},{"damage":13,"enemies":"Awakened One","floor":50,"turns":16},{"damage":15,"enemies":"Shield and Spear","floor":54,"turns":4},{"damage":66,"enemies":"The Heart","floor":55,"turns":7}],"seed_played":"-9178787911071749490","potions_obtained":[{"floor":4.0,"key":"theMarked:ChargePotion"},{"floor":8.0,"key":"Fire Potion"},{"floor":11.0,"key":"LiquidMemories"},{"floor":13.0,"key":"Explosive Potion"},{"floor":24.0,"key":"Swift Potion"},{"floor":27.0,"key":"Explosive Potion"},{"floor":30.0,"key":"Energy Potion"},{"floor":33.0,"key":"BlessingOfTheForge"},{"floor":35.0,"key":"DuplicationPotion"},{"floor":39.0,"key":"FairyPotion"},{"floor":41.0,"key":"theMarked:ChargePotion"},{"floor":48,"key":"AttackPotion"}],"is_trial":false,"path_per_floor":["M","M","?","M","M","E","R","E","T","R","E","R","M","M","R","B",null,"M","?","?","$","M","R","E","R","T","E","M","R","E","M","R","B",null,"M","?","M","?","M","R","M","E","T","E","?","E","$","M","R","B",null,"R","$","E","B",null],"character_chosen":"THE_DEFAULT","items_purchased":["hexamod:BolsterEngine","theMarked:Polarize","War Paint","theMarked:Electrocute+1","theMarked:Standoff+1","Bag of Preparation","PowerPotion","theMarked:Opportunist+1"],"campfire_rested":4,"item_purchase_floors":[21,21,21,47,47,47,53,53],"current_hp_per_floor":[63,63,63,63,62,34,34,13,13,49,42,42,42,42,42,31,70,61,46,46,46,46,46,42,42,42,18,13,49,32,28,64,13,70,68,68,58,58,50,50,53,54,54,60,37,30,30,19,55,48,70,70,70,61,23],"gold":96,"neow_bonus":"THREE_CARDS","is_daily":false,"chose_seed":false,"campfire_upgraded":6,"win_rate":0.0,"timestamp":1610460390,"path_taken":["M","M","?","M","M","E","R","E","T","R","E","R","M","?","R","BOSS","M","?","?","$","M","R","E","R","T","E","M","R","E","M","R","BOSS","M","?","M","?","?","R","M","E","T","E","?","E","?","M","R","BOSS","R","$","E","BOSS"],"items_purchased_type":["Relic","Card","Relic","Card","Card","Relic","Potion","Card"],"build_version":"2020-12-22","purchased_purges":2,"victory":true,"max_hp_per_floor":[70,70,70,70,70,70,70,70,70,70,70,70,70,70,70,70,70,70,70,70,70,70,70,70,70,70,70,70,70,70,70,70,70,70,70,70,70,70,70,70,70,70,70,70,70,70,70,70,70,70,70,70,70,70,70],"card_choices":[{"not_picked":["theMarked:ElectricStrings","theMarked:Frustration"],"picked":"theMarked:TwofoldDefense","floor":0.0},{"not_picked":["theMarked:SwordAndMagic","theMarked:RepellingDischarge"],"picked":"theMarked:EnhanceMovement","floor":1.0},{"not_picked":["theMarked:Electrocute","theMarked:Aftermath"],"picked":"theMarked:MaelstromOfLightning","floor":2.0},{"not_picked":["theMarked:Generate","theMarked:EnhanceMovement"],"picked":"theMarked:Electrocute","floor":4.0},{"not_picked":["theMarked:WastefulDefense","theMarked:WastefulAttack"],"picked":"theMarked:SwordAndMagic","floor":5.0},{"not_picked":["theMarked:ReduceFriction","theMarked:HeightenedSenses"],"picked":"theMarked:StartUp","floor":6.0},{"not_picked":["theMarked:Overthink","theMarked:MysticalArsenal"],"picked":"theMarked:Abjuration","floor":8.0},{"not_picked":["theMarked:Overthink","theMarked:ResourceFulStrike"],"picked":"theMarked:TunnelVision","floor":10.0},{"not_picked":["theMarked:Overthink","theMarked:Static"],"picked":"theMarked:Generate","floor":11.0},{"not_picked":["theMarked:Reabsorb","theMarked:EmpowerWeapon"],"picked":"theMarked:ElementalBlade","floor":13.0},{"not_picked":["theMarked:Frustration","theMarked:ElectricStrings"],"picked":"theMarked:Aftermath","floor":14.0},{"not_picked":["theMarked:TurnInvisible","theMarked:Challenge"],"picked":"theMarked:TakeOffHeels","floor":16.0},{"not_picked":["theMarked:WastefulAttack","theMarked:ChainLightning+1"],"picked":"theMarked:Improvise+1","floor":18.0},{"not_picked":["theMarked:TakeCover","theMarked:RepellingDischarge"],"picked":"theMarked:CreepingChasm","floor":19.0},{"not_picked":["theMarked:WastefulAttack","theMarked:ChainLightning"],"picked":"theMarked:AttractMetal","floor":22.0},{"not_picked":["theMarked:ElectricStrings","theMarked:LightningStrikesTwice"],"picked":"theMarked:TakeOffHeels","floor":24.0},{"not_picked":["theMarked:Opportunist+1","theMarked:DispelDoubt"],"picked":"theMarked:SuspiciousRaven+1","floor":27.0},{"not_picked":["theMarked:Parkour+1","theMarked:WastefulDefense+1","theMarked:EmpowerWeapon+1"],"picked":"theMarked:HeritageOfTheMarked+1","floor":28.0},{"not_picked":["theMarked:Aftermath+1","theMarked:TwofoldDefense+1","theMarked:Parkour"],"picked":"theMarked:HeightenedSenses+1","floor":29.0},{"not_picked":["theMarked:Reabsorb+1","theMarked:ElectricStrings","theMarked:Parkour"],"picked":"theMarked:ContemptForTheProud","floor":30.0},{"not_picked":["theMarked:SwordAndMagic","theMarked:ReduceFriction+1","theMarked:WastefulDefense+1"],"picked":"theMarked:Panic+1","floor":31.0},{"not_picked":["theMarked:WastefulAttack","theMarked:BanishingStrike+1","theMarked:WastefulDefense+1"],"picked":"theMarked:TakeOffHeels+1","floor":32.0},{"not_picked":["theMarked:Snap","theMarked:Abjuration","theMarked:DispelDoubt"],"picked":"theMarked:FavorableWinds+1","floor":33.0},{"not_picked":["theMarked:CreepingChasm+1","theMarked:SwordAndMagic","theMarked:Frustration","theMarked:WastefulDefense+1"],"picked":"SKIP","floor":35.0},{"not_picked":["Enlightenment+1","Purity+1","Magnetism+1"],"picked":"Bandage Up+1","floor":36.0},{"not_picked":["theMarked:HeritageOfTheMarked+1","theMarked:TwofoldDefense+1","theMarked:Static+1"],"picked":"theMarked:DeterminationOfTheMarked+1","floor":37.0},{"not_picked":["theMarked:ContemptForTheProud","theMarked:Seal+1","theMarked:HeightenedSenses+1"],"picked":"theMarked:Indomitable+1","floor":39.0},{"not_picked":["theMarked:Improvise+1","theMarked:Frustration","theMarked:BanishingStrike"],"picked":"theMarked:Overcharge+1","floor":41.0},{"not_picked":["theMarked:UnarmedFury","theMarked:Static+1","theMarked:DeterminationOfTheMarked+1"],"picked":"theMarked:ReduceFriction+1","floor":42.0},{"not_picked":["theMarked:TwofoldDefense+1","theMarked:ElementalBlade+1","theMarked:Aftermath+1"],"picked":"theMarked:AttractMetal+1","floor":44.0},{"not_picked":["theMarked:ChainLightning+1","theMarked:BanishingStrike","theMarked:DeterminationOfTheMarked+1"],"picked":"theMarked:RepellingDischarge+1","floor":45.0},{"not_picked":["theMarked:MysticalArsenal+1","theMarked:AttractMetal+1","theMarked:ElectricStrings+1"],"picked":"theMarked:SelfDefenseTraining+1","floor":46},{"not_picked":["theMarked:BanishingStrike+1","theMarked:Frustration+1","theMarked:Electrify+1"],"picked":"theMarked:Panic+1","floor":48},{"not_picked":["theMarked:SwordAndMagic+1","theMarked:Aftermath+1","theMarked:ParalyzingBlade+1"],"picked":"theMarked:Panic+1","floor":49},{"not_picked":["theMarked:DispelDoubt+1","theMarked:ElectricStrings+1","theMarked:Parry+1","theMarked:Static+1"],"picked":"SKIP","floor":54}],"player_experience":2507332,"relics_obtained":[{"floor":6.0,"key":"Guardian:PocketSentry"},{"floor":8.0,"key":"Regal Pillow"},{"floor":9.0,"key":"Dream Catcher"},{"floor":11.0,"key":"InkBottle"},{"floor":17.0,"key":"Boot"},{"floor":17.0,"key":"Frozen Egg 2"},{"floor":17.0,"key":"champ:DuelingGlove"},{"floor":19.0,"key":"Red Mask"},{"floor":24.0,"key":"Orichalcum"},{"floor":26.0,"key":"Toxic Egg 2"},{"floor":27.0,"key":"Question Card"},{"floor":30.0,"key":"Peace Pipe"},{"floor":42.0,"key":"Vajra"},{"floor":44.0,"key":"Bottled Flame"},{"floor":45.0,"key":"Du-Vu Doll"},{"floor":46,"key":"Molten Egg 2"},{"floor":54,"key":"Gremlin Horn"}],"event_choices":[{"damage_healed":0.0,"max_hp_gain":0.0,"max_hp_loss":0.0,"gold_gain":0.0,"event_name":"Match and Keep!","player_choice":"1 cards matched","floor":3.0,"gold_loss":0.0,"damage_taken":0.0,"cards_obtained":["theMarked:SuspiciousRaven"]},{"damage_healed":0.0,"max_hp_gain":0.0,"max_hp_loss":0.0,"gold_gain":0.0,"event_name":"Masked Bandits","player_choice":"Fought Bandits","floor":19.0,"gold_loss":0.0,"damage_taken":0.0},{"damage_healed":0.0,"max_hp_gain":0.0,"max_hp_loss":0.0,"gold_gain":0.0,"event_name":"The Mausoleum","player_choice":"Opened","floor":20.0,"gold_loss":0.0,"damage_taken":0.0,"relics_obtained":["Lantern"]},{"damage_healed":0.0,"max_hp_gain":0.0,"max_hp_loss":0.0,"gold_gain":0.0,"event_name":"SensoryStone","player_choice":"Memory 1","floor":36.0,"gold_loss":0.0,"damage_taken":0.0},{"damage_healed":0.0,"max_hp_gain":0.0,"max_hp_loss":0.0,"gold_gain":0.0,"event_name":"Match and Keep!","player_choice":"1 cards matched","floor":38.0,"gold_loss":0.0,"damage_taken":0.0,"cards_obtained":["theMarked:MaelstromOfLightning"]},{"damage_healed":0.0,"max_hp_gain":0.0,"max_hp_loss":0.0,"gold_gain":0.0,"event_name":"Mysterious Sphere","player_choice":"Fight","floor":45.0,"gold_loss":0.0,"damage_taken":0.0}],"is_beta":false,"boss_relics":[{"not_picked":["Pandora\u0027s Box","Snecko Eye"],"picked":"Calling Bell"},{"not_picked":["Philosopher\u0027s Stone","Coffee Dripper"],"picked":"sneckomod:SneckoTalon"}],"items_purged_floors":[21,47],"is_endless":false,"potions_floor_spawned":[4,8,11,13,16,24,27,30,33,35,39,41,48,54],"ascension_level":3}}