{"host":"avq773cl9g5msfol","time":1610420276,"event":{"mods":["100% Spire Juice","AchievementEnabler","Act Like it!","Ascension Unlocker","Aspiration","Astrologer","Bard","Bartender","BaseMod","Better Altar","Better Third Choice","BetterRewards","CapriCore","ChefMod","Colored Map","Colored Powertips","Conspire","Dio Mod","Downfall","Elementarium","Energized Spire","Gensokyo","GifTheSpireLib","GungeonMod","Hallownest","Hermit","Highlight Path","Hubris","Humility","Infinite Spire","Jorbs\u0027s Wanderer Trilogy","Koishi","Magitek Elite","Marisa????????","Marked Mod","Menagerie","Minty Spire (QoL Compilation)","Pale of the Ancients","Potionbrewer","Quarter Circle Forward PUNCH!","Rare Cards Sparkle","Reimu??????","Relic Stats","Remilia??????","Replay The Spire","SacredBarkPlus","Shade Mod","Somnambulant","Spicy Shops","StSLib","Synergy Search","The Administrix","The Blue Laboratory","The Bug Knight","The Construct","The Cursed","The Disciple","The Dragon Tamer","The Exalted","The Hayseed","The Hierophant","The Immortal","The Judge","The Marked","The Mystic","The Problem Sleuth","The Runesmith","The Senshi","The Vixen","The Wild Card","TheArtist","TheFirefly","Wandering Minibosses","vexMod"],"gold_per_floor":[110,110,110,137,111,111,145,145,215,215,250,250,250,284,284,355,355,373,392,642,642,657,683,683,696,696,730,730,457,457,457,457,532,532,549,865,1025,1025,1025,1051,1051,1080,1134,1168,1179,1210,1225,1225,1225,1225,1225],"floor_reached":52,"playtime":4860,"items_purged":["CollectionFlower2:ReiMu+1","UniversalSpiritual:ReiMu+1"],"score":3388,"play_id":"308057ec-3b87-409e-a519-a6e39fdd09f7","local_time":"20210112095756","is_ascension_mode":true,"campfire_choices":[{"data":"Stagnation:ReiMu","floor":6.0,"key":"SMITH"},{"floor":10.0,"key":"REST"},{"data":"SpiritualOutbreak2:ReiMu","floor":12.0,"key":"SMITH"},{"data":"FineLineFantasy:ReiMu","floor":15.0,"key":"SMITH"},{"data":"OctopathBindingBorder2:ReiMu","floor":24.0,"key":"SMITH"},{"floor":30.0,"key":"REST"},{"floor":32.0,"key":"REST"},{"floor":41,"key":"REST"}],"circlet_count":0,"master_deck":["AscendersBane","NB:ReiMu+1","Stagnation:ReiMu+1","LovePray:ReiMu+1","PrayRite:ReiMu+1","YinYang:ReiMu+1","RunawayExorcism:ReiMu+1","Determination:ReiMu+1","Authority:ReiMu+1","AlertArray:ReiMu+1","Conquer:ReiMu+1","UniversalSpiritual:ReiMu+1","OrbThrow:ReiMu+1","BlastKick2:ReiMu+1","TakeOff:ReiMu+1","AirStrike:ReiMu+1","SubcavityFantasy:ReiMu+1","Amulet:ReiMu+1","UpKicking:ReiMu+1","FoulBorder2:ReiMu+1","AirManeuver:ReiMu+1","YinYangSange:ReiMu+1","Replay:Dark Deal+1","Swift Strike+1","expansioncontent:LastStand+1","RainPray2:ReiMu+1","CleanRite:ReiMu+1","SpiritualOutbreak2:ReiMu+1","HakureiPhantom:ReiMu+1","FineLineFantasy:ReiMu+1","DependentForm:ReiMu+1","CeremonyResonance:ReiMu+1","OctopathBindingBorder2:ReiMu+1","CardOfSanctity:ReiMu+1","WordoMod:WillOWisp+1","Hallownest:curseDreamersLament","BlastKick2:ReiMu+1","KamiRite:ReiMu+1","stsjorbsmod:Prestidigitation+1","CeremonyResonance:ReiMu+1","stsjorbsmod:Taunt","KyokaiOfKami:ReiMu+1","expansioncontent:AwakenDeath"],"relics":["FlyPower:ReiMu","Juzu Bracelet","Golden Egg","Quantum Egg","FadedRune:ReiMu","HollowMod:JonisBlessing","Bromod:ArcaneTrickery","Ice Cream","hubris:EmptyBottle","Bow_fan:ReiMu","Dead Branch","vexMod:HeadHunter","ReplayTheSpireMod:ShopPack","vexMod:PlasmaPancake","hubris:ToyBattleship","RedLine:ReiMu","InkBottle","Letter Opener","Potion Belt","PrismaticShard","Replay:Bronze Core","Hallownest:GodTamersBeastRelic","Hallownest:BeastSealRelic","DemoMod:GreenGuonStone","RuthlessExorcism:ReiMu","Toy Ornithopter","DemoMod:GlassGuonStoneRelic","Bromod:ArcaneNullifier","HornCleat"],"acts_visited":["Exordium","Gensokyo:Gensokyoer","Hallownest:KingdomsEdge"],"potions_floor_usage":[37],"damage_taken":[{"damage":0.0,"enemies":"Jaw Worm","floor":1.0,"turns":2.0},{"damage":0.0,"enemies":"Replay:BlueRogue","floor":7.0,"turns":5.0},{"damage":0.0,"enemies":"HollowMod:MossKnight","floor":11.0,"turns":3.0},{"damage":0.0,"enemies":"Gremlin Nob","floor":14.0,"turns":3.0},{"damage":0.0,"enemies":"Slime Boss","floor":16.0,"turns":5.0},{"damage":0.0,"enemies":"Gensokyo:3_Dogs","floor":18.0,"turns":4.0},{"damage":0.0,"enemies":"Gensokyo:2_Gloops","floor":19.0,"turns":2.0},{"damage":0.0,"enemies":"Gensokyo:Mirror_and_Dog","floor":22.0,"turns":3.0},{"damage":0.0,"enemies":"Gensokyo:Reisen","floor":23.0,"turns":3.0},{"damage":0.0,"enemies":"Gensokyo:Tenshi","floor":25.0,"turns":3.0},{"damage":0.0,"enemies":"Gensokyo:Koishi","floor":27.0,"turns":4.0},{"damage":12,"enemies":"Gensokyo:Kaguya","floor":33,"turns":8},{"damage":0,"enemies":"Hallownest:Shield_Heavy","floor":35,"turns":1},{"damage":0,"enemies":"Hallownest:Shield_Heavy","floor":37,"turns":3},{"damage":0,"enemies":"Hallownest:Shield_Heavy","floor":37,"turns":5},{"damage":3,"enemies":"Hallownest:Shield_Heavy","floor":37,"turns":4},{"damage":0,"enemies":"Hallownest:Shield_Heavy","floor":37,"turns":2},{"damage":0,"enemies":"Hallownest:eliteCollector","floor":40,"turns":1},{"damage":0,"enemies":"Hallownest:StalkingDevout","floor":42,"turns":3},{"damage":5,"enemies":"Hallownest:eliteHiveKnight","floor":44,"turns":5},{"damage":0,"enemies":"Hallownest:3_Siblings","floor":45,"turns":3},{"damage":0,"enemies":"Hallownest:StalkingDevout","floor":46,"turns":4},{"damage":0,"enemies":"Hallownest:monsterPrimalAspid","floor":47,"turns":3},{"damage":0,"enemies":"Hallownest:BossGreyPrinceZote","floor":50,"turns":2},{"damage":0,"enemies":"Hallownest:BossHollowKnight","floor":51,"turns":5}],"seed_played":"-7832852374715246841","potions_obtained":[{"floor":16.0,"key":"blueLaboratory:PhilterOfMotion"}],"is_trial":false,"path_per_floor":["M","?","?","T","$","R","E","?","T","R","E","R","?","E","R","B",null,"M","M","?","?","M","E","R","E","T","E","?","$","R","AVR","R","B",null,"M","?","?","?","?","E","R","E","T","E","M","E","M","T","R_BF","B","B",null],"character_chosen":"REIMU","items_purchased":["FadedRune:ReiMu","Conquer:ReiMu","HollowMod:JonisBlessing","Bromod:ArcaneTrickery","UniversalSpiritual:ReiMu","OrbThrow:ReiMu","blueLaboratory:FruitPunch","Ice Cream","BlastKick2:ReiMu","hubris:EmptyBottle","blueLaboratory:FrostheartPotion","TakeOff:ReiMu","AirStrike:ReiMu","SubcavityFantasy:ReiMu","Bow_fan:ReiMu","Amulet:ReiMu","Dead Branch","UpKicking:ReiMu","vexMod:HeadHunter","FoulBorder2:ReiMu+1","AirManeuver:ReiMu","YinYangSange:ReiMu","ReplayTheSpireMod:ShopPack","RainPray2:ReiMu","Potion Belt","blueLaboratory:BubblePotion"],"campfire_rested":4,"item_purchase_floors":[0,0,0,0,0,0,0,0,0,0,0,0,0,0,0,0,0,0,0,0,0,0,0,5,29,29],"current_hp_per_floor":[54,51,51,51,51,51,51,51,51,60,66,66,66,66,66,66,69,69,69,69,69,69,69,69,69,69,69,69,69,70,70,70,58,67,67,67,64,47,47,47,68,68,68,63,63,63,63,63,70,70,70],"gold":1225,"neow_bonus":"","is_daily":false,"chose_seed":false,"campfire_upgraded":4,"win_rate":0.0,"timestamp":1610420276,"path_taken":["M","?","?","?","$","R","E","?","T","R","E","R","?","E","R","BOSS","M","M","?","?","M","E","R","E","T","E","?","$","R","AVR","R","BOSS","M","?","?","?","?","E","R","E","T","E","M","E","M","?","R_BF","BOSS","BOSS"],"items_purchased_type":["Relic","Card","Relic","Relic","Card","Card","Potion","Relic","Card","Relic","Potion","Card","Card","Card","Relic","Card","Relic","Card","Relic","Card","Card","Card","Relic","Card","Relic","Potion"],"build_version":"2020-12-22","purchased_purges":2,"victory":true,"max_hp_per_floor":[60,60,60,60,60,60,60,60,60,60,66,66,66,66,66,70,70,70,70,70,70,70,70,70,70,70,70,70,70,70,70,70,70,70,70,70,70,70,70,70,70,70,70,70,70,70,70,70,70,70,70],"relic_stats":{"counters":[182,638],"Dead Branch":[195],"Juzu Bracelet":12,"Letter Opener":[503],"obtain_stats":[{"Golden Egg":0,"infinitespire:BottledMercury":43,"vexMod:MemoryStick":43,"ScarletDevilRocket":34,"Bromod:ArcaneNullifier":46,"wanderingMiniBosses:OtherGremlinHorn":31,"Ginger":23,"vexMod:RockOfEvil":34,"aspiration:RitualStick":19,"Replay:Wanted Poster":34,"Replay:Ringing Soul":26,"conspire:GlowingRock":6,"infinitespire:ShieldingShard":0,"Ribbon":0,"vexMod:EndlessSickness":17,"Replay:Bronze Core":34,"DemoMod:MeltedRock":14,"DemoMod:LamentConfigurum":20,"qcfpunch:Red_Cyclone_Teachings":26,"aspiration:DSix":44,"HollowMod:QueensCombRelic":6,"construct:RocketBooster":24,"Gensokyo:TheCrow":41,"DemoMod:OrangeGuonStone":0,"HollowMod:JonisBlessing":0,"Pen Nib":27,"Guardian:PocketSentry":11,"aspiration:FrozenJewel":0,"Akabeko":27,"infinitespire:EvilPickle":37,"SlaversCollar":40,"Elementarium:ElementariumTrophy":33,"qcfpunch:Broken_Tusk":46,"Pandora\u0027s Box":0,"energizedSpire:MagnifyingGlass":28,"paleoftheancients:SoulOfTheShowman":53,"vexMod:PlasmaPancake":11,"Lantern":0,"StoneCalendar":40,"AdministrixMod:CrackedTaijitu":0,"wanderingMiniBosses:AbyssPearl":37,"Mythril_Glove":38,"hubris:EmptyBottle":0,"White_Cape":0,"Hallownest:GodTamersBeastRelic":37,"qcfpunch:Crimson_Sash":4,"hubris:EvacipatedBox":0,"Replay:Rubber Ducky":23,"Matryoshka":0,"FadedRune:ReiMu":0,"Ring of Peace":27,"AntiCross":6,"hubris:CuriousFeather":0,"WingedGreaves":2,"DemoMod:GnawedKey":0,"qcfpunch:Cattail":44,"InkBottle":28,"AdministrixMod:DragonsEyeCharm":0,"Potion Belt":0,"Lee\u0027s Waffle":0,"Runesmith:Nanobots":6,"construct:ClawGrip":17,"hubris:64BitClover":9,"Guardian:GemstoneGun":0,"DemoMod:WeirdEgg":8,"PreservedInsect":0,"The Courier":26,"DemoMod:PinkGuonStone":0,"Protect_Vest":49,"infinitespire:CheckeredPen":6,"infinitespire:Lucky Rock":6,"hubris:Towel":1,"MawBank":10,"PureWhite:ReiMu":26,"Busted Crown":34,"Bottled Lightning":48,"AdministrixMod:PrescriptionBottle":0,"ReplayTheSpireMod:Lightbulb":23,"wanderingMiniBosses:Inkheart":20,"Elementarium:FlickeringLantern":21,"Toy Ornithopter":44,"hubris:BottledRain":29,"DemoMod:GreenGuonStone":0,"Ice Cream":0,"DemoMod:BlueGuonStone":48,"hubris:CrystalStatue":0,"Calipers":0,"Menagerie:HuntersKnife":5,"Vajra":0,"ZunR:ReiMu":21,"DemoMod:GlassGuonStoneRelic":11,"AdministrixMod:ConductorRitualBaton":0,"DemoMod:RiddleOfLead":34,"RedLine:ReiMu":17,"HornCleat":48,"vexMod:RetaliationKit":31,"Girya":9,"chefmod:TrustyPot":0,"paleoftheancients:KeyRelic":51,"Choco_Feather":8,"Dead Branch":0,"Oddly Smooth Stone":28,"wanderingMiniBosses:MasterThiefsPresence":22,"conspire:Boomerang":25,"aspiration:SeaSaltIceCream":4,"Letter Opener":48,"War Paint":29,"paleoftheancients:Timepiece":51,"OrangePellets":42,"Bottled Flame":13,"Replay:Baseball":29,"ReplayTheSpireMod:Shallot":4,"Bronze Scales":46,"ReplayTheSpireMod:TigerMarble":9,"infinitespire:EmpoweringShard":43,"hubris:ToyBattleship":14,"Mirror":40,"FlyPower:ReiMu":0,"hermit:Momento":0,"ReplayTheSpireMod:Ring of Exchange":27,"SacredBark":34,"conspire:SpecialSausage":3,"aspiration:TomeofQuesting":43,"Yang":0,"Juzu Bracelet":0,"Hallownest:DreamNailRelic":3,"hubris:SlimyHat":0,"Replay:Mystery Machine":13,"DemoMod:WhiteGuonStone":0,"Bow_fan:ReiMu":0,"PrismaticShard":31,"conspire:TopHat":26,"ClockworkSouvenir":0,"DemoMod:SevenLeafClover":0,"Frozen Eye":29,"Nunchaku":0,"energizedSpire:CursedPentagram":17,"Bromod:ArcaneTrickery":0,"Bromod:ArcaneTempo":24,"qcfpunch:Wrestler\u0027s_Cloak":0,"Cracked Core":0,"Hallownest:BeastSealRelic":39,"hubris:KleinBottle":46,"Hallownest:SalubrasBlessingRelic":10,"qcfpunch:Army_Boots":13,"hubris:DisguiseKit":27,"ReplayTheSpireMod:Ninjato":3,"Replay:Towering Pillar of Hats":0,"infinitespire:CursedDice":43,"aspiration:RunicSpoon":0,"Quantum Egg":2,"aspiration:HummingbirdHeart":55,"aspiration:SecretTechniqueScroll":17,"White Beast Statue":43,"Anchor":0,"CaptainsWheel":5,"infinitespire:WardingShard":6,"vexMod:HeadHunter":0,"infinitespire:Satchel":30,"Runesmith:UraniumAnvil":34,"LetterFromLob":1,"qcfpunch:Red_Headband":24,"Bag of Marbles":40,"Membership Card":0,"PureWater":0,"DemoMod:Bottle":0,"DemoMod:VorpalBullet":24,"FossilizedHelix":0,"aspiration:MarisaSkillbook":17,"RuthlessExorcism:ReiMu":0,"ReplayTheSpireMod:ShopPack":0},{"Golden Egg":0,"infinitespire:BottledMercury":21,"vexMod:MemoryStick":72,"ScarletDevilRocket":92,"Bromod:ArcaneNullifier":179,"wanderingMiniBosses:OtherGremlinHorn":35,"Ginger":118,"vexMod:RockOfEvil":36,"aspiration:RitualStick":141,"Replay:Wanted Poster":17,"Replay:Ringing Soul":11,"conspire:GlowingRock":2,"infinitespire:ShieldingShard":78,"Ribbon":130,"vexMod:EndlessSickness":60,"Replay:Bronze Core":169,"DemoMod:MeltedRock":29,"DemoMod:LamentConfigurum":61,"qcfpunch:Red_Cyclone_Teachings":32,"aspiration:DSix":98,"HollowMod:QueensCombRelic":134,"construct:RocketBooster":32,"Gensokyo:TheCrow":72,"DemoMod:OrangeGuonStone":107,"HollowMod:JonisBlessing":78,"Pen Nib":64,"Guardian:PocketSentry":27,"aspiration:FrozenJewel":43,"Akabeko":145,"infinitespire:EvilPickle":71,"SlaversCollar":97,"Elementarium:ElementariumTrophy":36,"qcfpunch:Broken_Tusk":40,"Pandora\u0027s Box":24,"energizedSpire:MagnifyingGlass":64,"paleoftheancients:SoulOfTheShowman":105,"vexMod:PlasmaPancake":160,"Lantern":43,"StoneCalendar":20,"AdministrixMod:CrackedTaijitu":78,"wanderingMiniBosses:AbyssPearl":95,"Mythril_Glove":19,"hubris:EmptyBottle":24,"White_Cape":43,"Hallownest:GodTamersBeastRelic":174,"qcfpunch:Crimson_Sash":25,"hubris:EvacipatedBox":130,"Replay:Rubber Ducky":142,"Matryoshka":130,"FadedRune:ReiMu":157,"Ring of Peace":89,"AntiCross":2,"hubris:CuriousFeather":24,"WingedGreaves":25,"DemoMod:GnawedKey":43,"qcfpunch:Cattail":72,"InkBottle":64,"AdministrixMod:DragonsEyeCharm":78,"Potion Belt":43,"Lee\u0027s Waffle":43,"Runesmith:Nanobots":81,"construct:ClawGrip":115,"hubris:64BitClover":53,"Guardian:GemstoneGun":43,"DemoMod:WeirdEgg":135,"PreservedInsect":24,"The Courier":89,"DemoMod:PinkGuonStone":107,"Protect_Vest":41,"infinitespire:CheckeredPen":26,"infinitespire:Lucky Rock":52,"hubris:Towel":108,"MawBank":57,"PureWhite:ReiMu":11,"Busted Crown":148,"Bottled Lightning":128,"AdministrixMod:PrescriptionBottle":78,"ReplayTheSpireMod:Lightbulb":88,"wanderingMiniBosses:Inkheart":117,"Elementarium:FlickeringLantern":117,"Toy Ornithopter":177,"hubris:BottledRain":146,"DemoMod:GreenGuonStone":43,"Ice Cream":157,"DemoMod:BlueGuonStone":101,"hubris:CrystalStatue":43,"Calipers":78,"Menagerie:HuntersKnife":45,"Vajra":78,"ZunR:ReiMu":141,"DemoMod:GlassGuonStoneRelic":4,"AdministrixMod:ConductorRitualBaton":53,"DemoMod:RiddleOfLead":68,"RedLine:ReiMu":162,"HornCleat":180,"vexMod:RetaliationKit":16,"Girya":3,"chefmod:TrustyPot":130,"paleoftheancients:KeyRelic":103,"Choco_Feather":3,"Dead Branch":53,"Oddly Smooth Stone":33,"wanderingMiniBosses:MasterThiefsPresence":10,"conspire:Boomerang":89,"aspiration:SeaSaltIceCream":25,"Letter Opener":155,"War Paint":14,"paleoftheancients:Timepiece":103,"OrangePellets":39,"Bottled Flame":28,"Replay:Baseball":121,"ReplayTheSpireMod:Shallot":25,"Bronze Scales":100,"ReplayTheSpireMod:TigerMarble":26,"infinitespire:EmpoweringShard":127,"hubris:ToyBattleship":161,"Mirror":39,"FlyPower:ReiMu":157,"hermit:Momento":0,"ReplayTheSpireMod:Ring of Exchange":89,"SacredBark":92,"conspire:SpecialSausage":50,"aspiration:TomeofQuesting":98,"Yang":107,"Juzu Bracelet":0,"Hallownest:DreamNailRelic":1,"hubris:SlimyHat":78,"Replay:Mystery Machine":28,"DemoMod:WhiteGuonStone":53,"Bow_fan:ReiMu":157,"PrismaticShard":168,"conspire:TopHat":63,"ClockworkSouvenir":24,"DemoMod:SevenLeafClover":0,"Frozen Eye":13,"Nunchaku":130,"energizedSpire:CursedPentagram":86,"Bromod:ArcaneTrickery":107,"Bromod:ArcaneTempo":118,"qcfpunch:Wrestler\u0027s_Cloak":78,"Cracked Core":43,"Hallownest:BeastSealRelic":174,"hubris:KleinBottle":127,"Hallownest:SalubrasBlessingRelic":3,"qcfpunch:Army_Boots":84,"hubris:DisguiseKit":119,"ReplayTheSpireMod:Ninjato":50,"Replay:Towering Pillar of Hats":107,"infinitespire:CursedDice":21,"aspiration:RunicSpoon":0,"Quantum Egg":1,"aspiration:HummingbirdHeart":105,"aspiration:SecretTechniqueScroll":6,"White Beast Statue":152,"Anchor":107,"CaptainsWheel":133,"infinitespire:WardingShard":46,"vexMod:HeadHunter":0,"infinitespire:Satchel":121,"Runesmith:UraniumAnvil":123,"LetterFromLob":44,"qcfpunch:Red_Headband":62,"Bag of Marbles":151,"Membership Card":24,"PureWater":107,"DemoMod:Bottle":78,"DemoMod:VorpalBullet":11,"FossilizedHelix":78,"aspiration:MarisaSkillbook":140,"RuthlessExorcism:ReiMu":130,"ReplayTheSpireMod:ShopPack":157},{"Golden Egg":0,"infinitespire:BottledMercury":74,"vexMod:MemoryStick":236,"ScarletDevilRocket":319,"Bromod:ArcaneNullifier":628,"wanderingMiniBosses:OtherGremlinHorn":115,"Ginger":447,"vexMod:RockOfEvil":123,"aspiration:RitualStick":512,"Replay:Wanted Poster":52,"Replay:Ringing Soul":34,"conspire:GlowingRock":6,"infinitespire:ShieldingShard":264,"Ribbon":486,"vexMod:EndlessSickness":194,"Replay:Bronze Core":599,"DemoMod:MeltedRock":94,"DemoMod:LamentConfigurum":198,"qcfpunch:Red_Cyclone_Teachings":104,"aspiration:DSix":352,"HollowMod:QueensCombRelic":493,"construct:RocketBooster":104,"Gensokyo:TheCrow":236,"DemoMod:OrangeGuonStone":405,"HollowMod:JonisBlessing":264,"Pen Nib":209,"Guardian:PocketSentry":89,"aspiration:FrozenJewel":147,"Akabeko":522,"infinitespire:EvilPickle":234,"SlaversCollar":349,"Elementarium:ElementariumTrophy":123,"qcfpunch:Broken_Tusk":130,"Pandora\u0027s Box":83,"energizedSpire:MagnifyingGlass":209,"paleoftheancients:SoulOfTheShowman":389,"vexMod:PlasmaPancake":564,"Lantern":147,"StoneCalendar":71,"AdministrixMod:CrackedTaijitu":264,"wanderingMiniBosses:AbyssPearl":341,"Mythril_Glove":60,"hubris:EmptyBottle":83,"White_Cape":147,"Hallownest:GodTamersBeastRelic":613,"qcfpunch:Crimson_Sash":85,"hubris:EvacipatedBox":486,"Replay:Rubber Ducky":514,"Matryoshka":486,"FadedRune:ReiMu":554,"Ring of Peace":305,"AntiCross":6,"hubris:CuriousFeather":83,"WingedGreaves":85,"DemoMod:GnawedKey":147,"qcfpunch:Cattail":236,"InkBottle":209,"AdministrixMod:DragonsEyeCharm":264,"Potion Belt":147,"Lee\u0027s Waffle":147,"Runesmith:Nanobots":273,"construct:ClawGrip":435,"hubris:64BitClover":171,"Guardian:GemstoneGun":147,"DemoMod:WeirdEgg":497,"PreservedInsect":83,"The Courier":305,"DemoMod:PinkGuonStone":405,"Protect_Vest":131,"infinitespire:CheckeredPen":87,"infinitespire:Lucky Rock":169,"hubris:Towel":406,"MawBank":182,"PureWhite:ReiMu":34,"Busted Crown":531,"Bottled Lightning":476,"AdministrixMod:PrescriptionBottle":264,"ReplayTheSpireMod:Lightbulb":298,"wanderingMiniBosses:Inkheart":444,"Elementarium:FlickeringLantern":444,"Toy Ornithopter":622,"hubris:BottledRain":525,"DemoMod:GreenGuonStone":147,"Ice Cream":554,"DemoMod:BlueGuonStone":365,"hubris:CrystalStatue":147,"Calipers":264,"Menagerie:HuntersKnife":152,"Vajra":264,"ZunR:ReiMu":512,"DemoMod:GlassGuonStoneRelic":10,"AdministrixMod:ConductorRitualBaton":171,"DemoMod:RiddleOfLead":226,"RedLine:ReiMu":572,"HornCleat":631,"vexMod:RetaliationKit":45,"Girya":9,"chefmod:TrustyPot":486,"paleoftheancients:KeyRelic":377,"Choco_Feather":9,"Dead Branch":171,"Oddly Smooth Stone":107,"wanderingMiniBosses:MasterThiefsPresence":29,"conspire:Boomerang":305,"aspiration:SeaSaltIceCream":85,"Letter Opener":546,"War Paint":39,"paleoftheancients:Timepiece":377,"OrangePellets":127,"Bottled Flame":92,"Replay:Baseball":457,"ReplayTheSpireMod:Shallot":85,"Bronze Scales":360,"ReplayTheSpireMod:TigerMarble":87,"infinitespire:EmpoweringShard":473,"hubris:ToyBattleship":567,"Mirror":127,"FlyPower:ReiMu":554,"hermit:Momento":0,"ReplayTheSpireMod:Ring of Exchange":305,"SacredBark":319,"conspire:SpecialSausage":167,"aspiration:TomeofQuesting":352,"Yang":405,"Juzu Bracelet":0,"Hallownest:DreamNailRelic":1,"hubris:SlimyHat":264,"Replay:Mystery Machine":92,"DemoMod:WhiteGuonStone":171,"Bow_fan:ReiMu":554,"PrismaticShard":591,"conspire:TopHat":204,"ClockworkSouvenir":83,"DemoMod:SevenLeafClover":0,"Frozen Eye":37,"Nunchaku":486,"energizedSpire:CursedPentagram":291,"Bromod:ArcaneTrickery":405,"Bromod:ArcaneTempo":447,"qcfpunch:Wrestler\u0027s_Cloak":264,"Cracked Core":147,"Hallownest:BeastSealRelic":613,"hubris:KleinBottle":473,"Hallownest:SalubrasBlessingRelic":9,"qcfpunch:Army_Boots":280,"hubris:DisguiseKit":451,"ReplayTheSpireMod:Ninjato":167,"Replay:Towering Pillar of Hats":405,"infinitespire:CursedDice":74,"aspiration:RunicSpoon":0,"Quantum Egg":1,"aspiration:HummingbirdHeart":389,"aspiration:SecretTechniqueScroll":16,"White Beast Statue":539,"Anchor":405,"CaptainsWheel":491,"infinitespire:WardingShard":157,"vexMod:HeadHunter":0,"infinitespire:Satchel":457,"Runesmith:UraniumAnvil":463,"LetterFromLob":150,"qcfpunch:Red_Headband":202,"Bag of Marbles":536,"Membership Card":83,"PureWater":405,"DemoMod:Bottle":264,"DemoMod:VorpalBullet":34,"FossilizedHelix":264,"aspiration:MarisaSkillbook":509,"RuthlessExorcism:ReiMu":486,"ReplayTheSpireMod:ShopPack":554}],"InkBottle":[35],"Toy Ornithopter":0},"card_choices":[{"not_picked":["Crow Ritual","Metamorphosis"],"picked":"Replay:Dark Deal","floor":0.0},{"not_picked":["Dark Shackles","Midas Touch"],"picked":"Swift Strike","floor":0.0},{"not_picked":["Replay:SS_forest_5","expansioncontent:DashGenerateEvil"],"picked":"expansioncontent:LastStand","floor":0.0},{"not_picked":["OrbThrow:ReiMu","AirStrike:ReiMu","SubcavityInstant:ReiMu"],"picked":"SKIP","floor":1.0},{"not_picked":["OctopathSalyBorderN:ReiMu","BlastKick2:ReiMu","CeremonyResonance:ReiMu"],"picked":"SKIP","floor":7.0},{"not_picked":["TightArray:ReiMu","SubcavityInstant:ReiMu","KyokaiOfKami:ReiMu"],"picked":"SKIP","floor":7.0},{"not_picked":["HakureiPhantom:ReiMu","YinYang:ReiMu"],"picked":"CleanRite:ReiMu","floor":11.0},{"not_picked":["TightArray:ReiMu","KamiSacrifice:ReiMu"],"picked":"SpiritualOutbreak2:ReiMu","floor":11.0},{"not_picked":["BlastKick2:ReiMu","RunawayExorcism:ReiMu"],"picked":"HakureiPhantom:ReiMu","floor":14.0},{"not_picked":["Dreaming2:ReiMu","YinYang:ReiMu"],"picked":"FineLineFantasy:ReiMu","floor":14.0},{"not_picked":["SubcavityFantasy:ReiMu","CardOfSanctity:ReiMu"],"picked":"DependentForm:ReiMu","floor":16.0},{"not_picked":["AirStrike:ReiMu","Amulet:ReiMu","SpreadBorder2:ReiMu"],"picked":"SKIP","floor":18.0},{"not_picked":["LearningPray:ReiMu","SubAcupoint:ReiMu","Enchanting:ReiMu"],"picked":"SKIP","floor":19.0},{"not_picked":["UpKicking:ReiMu","Intuition:ReiMu","SubcavityInstant:ReiMu"],"picked":"SKIP","floor":22.0},{"not_picked":["RunawayExorcism:ReiMu","KyokaiOfKami:ReiMu"],"picked":"CeremonyResonance:ReiMu","floor":23.0},{"not_picked":["EmergencyTakeOff:ReiMu","SpreadBorder2:ReiMu+1"],"picked":"OctopathBindingBorder2:ReiMu","floor":23.0},{"not_picked":["BlastKick2:ReiMu","Authority:ReiMu","DependentForm:ReiMu"],"picked":"SKIP","floor":25.0},{"not_picked":["AlertArray:ReiMu","LearningPray:ReiMu","Determination:ReiMu"],"picked":"SKIP","floor":25.0},{"not_picked":["OctopathSalyBorderN:ReiMu","Determination:ReiMu"],"picked":"CardOfSanctity:ReiMu","floor":27.0},{"not_picked":["OrbThrow:ReiMu+1","FineLineFantasy:ReiMu","CardOfSanctity:ReiMu"],"picked":"SKIP","floor":27.0},{"not_picked":["TheSimpletonMod:KeenEdge","TheSimpletonMod:SaladShooter+1"],"picked":"WordoMod:WillOWisp+1","floor":35},{"not_picked":["infinitespire:UltimateForm","ReplayTheSpireMod:??????????????????????"],"picked":"infinitespire:SealOfDarkness+","floor":38},{"not_picked":["Determination:ReiMu","HakureiPhantom:ReiMu"],"picked":"BlastKick2:ReiMu","floor":40},{"not_picked":["Mirage_Vest","ReplayTheSpireMod:Strike From Hell+1","WordoMod:InfectiousCulture"],"picked":"SKIP","floor":40},{"not_picked":["PrayRite:ReiMu","Authority:ReiMu"],"picked":"KamiRite:ReiMu","floor":42},{"not_picked":["TheCursedMod:SpitefulPlan","Immolate"],"picked":"stsjorbsmod:Prestidigitation","floor":42},{"not_picked":["Authority:ReiMu","Determination:ReiMu"],"picked":"CeremonyResonance:ReiMu","floor":44},{"not_picked":["theSenshi:EncouragingSpeech","Center_Self","bard:Flourish"],"picked":"SKIP","floor":44},{"not_picked":["dioMod:BloodShield","Stack"],"picked":"stsjorbsmod:Taunt","floor":45},{"not_picked":["Shading:ReiMu","PrayRite:ReiMu"],"picked":"KyokaiOfKami:ReiMu","floor":46},{"not_picked":["theSenshi:SailorJupiterAssists","astrologer:Eclipse"],"picked":"expansioncontent:AwakenDeath","floor":46},{"not_picked":["thefirefly:MirrorShield","thefirefly:FullProjection","champ:FocusedBerserking"],"picked":"SKIP","floor":47}],"player_experience":1319111,"relics_obtained":[{"floor":11.0,"key":"vexMod:PlasmaPancake"},{"floor":14.0,"key":"hubris:ToyBattleship"},{"floor":26.0,"key":"InkBottle"},{"floor":27.0,"key":"Letter Opener"},{"floor":42,"key":"DemoMod:GreenGuonStone"},{"floor":43,"key":"RuthlessExorcism:ReiMu"},{"floor":44,"key":"Toy Ornithopter"},{"floor":46,"key":"Bromod:ArcaneNullifier"},{"floor":48,"key":"HornCleat"}],"event_choices":[{"damage_healed":0.0,"max_hp_gain":0.0,"max_hp_loss":0.0,"gold_gain":0.0,"event_name":"The Woman in Blue","player_choice":"Bought 0 Potions","floor":2.0,"gold_loss":0.0,"damage_taken":0.0},{"damage_healed":0.0,"max_hp_gain":0.0,"max_hp_loss":0.0,"gold_gain":0.0,"event_name":"Accursed Blacksmith","player_choice":"Forge","floor":3.0,"gold_loss":0.0,"damage_taken":0.0,"cards_upgraded":["NB:ReiMu"]}],"is_beta":false,"boss_relics":[{"not_picked":["construct:ClawGrip","energizedSpire:SpiderWeb"],"picked":"RedLine:ReiMu"},{"not_picked":["aspiration:PoetsPen","Calling Bell"],"picked":"Replay:Bronze Core"}],"items_purged_floors":[0,0],"is_endless":false,"potions_floor_spawned":[1,14,16,22,27,35,37,37,47],"ascension_level":20}}