{"host":"5ezk7t18wcb10u1o","time":1610492558,"event":{"mods":["BaseMod","Bestiary","Colored Powertips","Minty Spire (QoL Compilation)","Relic Sorter"],"gold_per_floor":[112,128,128,128,146,176,176,189,262,262,187,199,349,365,365,443,443,458,458,488,500,500],"floor_reached":21,"language":"ENG","playtime":860,"items_purged":["Regret"],"score":362,"play_id":"caaf587a-c2dc-44f1-9eaf-4e689d23cc0a","local_time":"20210112230238","is_ascension_mode":true,"campfire_choices":[{"floor":7,"key":"REST"},{"data":"Leap","floor":10,"key":"SMITH"},{"floor":15,"key":"REST"}],"circlet_count":0,"master_deck":["AscendersBane","Strike_B","Strike_B","Strike_B","Strike_B","Defend_B","Defend_B","Defend_B","Defend_B","Zap","Dualcast","Blind+1","Beam Cell","Sunder","Leap","Sweeping Beam","Leap+1","Doubt","Gash","Writhe","Rebound+1"],"relics":["Cracked Core","StoneCalendar","Ancient Tea Set","Kunai","Sozu","MawBank"],"acts_visited":["Exordium","TheCity"],"potions_floor_usage":[12,16],"damage_taken":[{"damage":1,"enemies":"Small Slimes","floor":1,"turns":3},{"damage":2,"enemies":"Jaw Worm","floor":2,"turns":3},{"damage":0,"enemies":"Cultist","floor":5,"turns":2},{"damage":44,"enemies":"Lagavulin","floor":6,"turns":7},{"damage":6,"enemies":"2 Fungi Beasts","floor":8,"turns":3},{"damage":2,"enemies":"Exordium Wildlife","floor":12,"turns":3},{"damage":3,"enemies":"Blue Slaver","floor":14,"turns":4},{"damage":23,"enemies":"The Guardian","floor":16,"turns":13},{"damage":33,"enemies":"Spheric Guardian","floor":18,"turns":5},{"damage":19,"enemies":"Chosen","floor":20,"turns":5},{"damage":16,"enemies":"Shelled Parasite and Fungi","floor":21,"turns":1}],"seed_played":"7582007203265719948","potions_obtained":[{"floor":6,"key":"SpeedPotion"},{"floor":8,"key":"Explosive Potion"},{"floor":16,"key":"FocusPotion"}],"is_trial":false,"path_per_floor":["M","M","?","?","M","E","R","M","T","R","$","M","?","M","R","B",null,"M","?","M","M"],"character_chosen":"DEFECT","items_purchased":[],"campfire_rested":2,"item_purchase_floors":[],"current_hp_per_floor":[63,61,61,61,61,17,38,32,32,32,32,30,30,27,48,25,60,27,27,8,0,0],"gold":500,"neow_bonus":"RANDOM_COLORLESS","is_daily":false,"chose_seed":false,"campfire_upgraded":1,"win_rate":0.0,"timestamp":1610492558,"path_taken":["M","M","?","?","M","E","R","M","T","R","$","M","?","M","R","BOSS","M","?","M","M"],"items_purchased_type":[],"build_version":"2020-12-22","purchased_purges":1,"victory":false,"max_hp_per_floor":[71,71,71,71,71,71,71,71,71,71,71,71,71,71,71,71,71,71,71,71,71,71],"card_choices":[{"not_picked":["Impatience","Purity"],"picked":"Blind","floor":0},{"not_picked":["Glacier","Force Field"],"picked":"Beam Cell","floor":1},{"not_picked":["Leap","Steam"],"picked":"Sunder","floor":2},{"not_picked":["Cold Snap","Hologram"],"picked":"Leap","floor":5},{"not_picked":["Capacitor","Beam Cell"],"picked":"Sweeping Beam","floor":6},{"not_picked":["Darkness","Sweeping Beam"],"picked":"Leap","floor":8},{"not_picked":["Compile Driver","Sunder","Hello World"],"picked":"SKIP","floor":12},{"not_picked":["Compile Driver","Sweeping Beam","Rebound"],"picked":"SKIP","floor":14},{"not_picked":["Darkness","Tempest+1"],"picked":"Gash","floor":18},{"not_picked":["Streamline","Beam Cell"],"picked":"Rebound+1","floor":20}],"player_experience":1121596,"relics_obtained":[{"floor":6,"key":"Ancient Tea Set"},{"floor":9,"key":"Kunai"}],"event_choices":[{"damage_healed":0,"gold_gain":0,"player_choice":"Grow","damage_taken":0,"max_hp_gain":0,"max_hp_loss":0,"event_name":"Living Wall","floor":3,"gold_loss":0,"cards_upgraded":["Blind"]},{"damage_healed":0,"gold_gain":0,"player_choice":"Box","damage_taken":0,"relics_obtained":["StoneCalendar"],"max_hp_gain":0,"max_hp_loss":0,"event_name":"Big Fish","floor":4,"gold_loss":0,"cards_obtained":["Regret"]},{"damage_healed":0,"gold_gain":150,"player_choice":"AGREE","damage_taken":0,"max_hp_gain":0,"max_hp_loss":0,"event_name":"Liars Game","floor":13,"gold_loss":0,"cards_obtained":["Doubt"]},{"damage_healed":0,"gold_gain":0,"player_choice":"Opened","damage_taken":0,"relics_obtained":["MawBank"],"max_hp_gain":0,"max_hp_loss":0,"event_name":"The Mausoleum","floor":19,"gold_loss":0,"cards_obtained":["Writhe"]}],"is_beta":false,"boss_relics":[{"not_picked":["Coffee Dripper","Velvet Choker"],"picked":"Sozu"}],"items_purged_floors":[11],"is_endless":false,"potions_floor_spawned":[6,8,16],"killed_by":"Shelled Parasite and Fungi","ascension_level":20}}