{"host":"c7y19xegjhmhlks5","time":1610478756,"event":{"mods":["AchievementEnabler","BaseMod","Better Note","Block Reminder","Colored Map","Downfall","Highlight Path","Infinite Spire","Minty Spire (QoL Compilation)","Replay The Spire","StSLib","everything is the same but u backflip on backflip"],"gold_per_floor":[99,111,60,77,272,197,222,248,248,277,277,290,290,290,306,411,411,411,424,424,444,458,458,458,458,481,406,406,321,356,370,386,486,486,486,501,519,519,519,519,519,552,552,563,578,578,578,627,552,649,649,649,659,676,692,724,754,754,754,754,318,318,333,362,401,411,507,507,507,523,541,541,566,566,591,616,616,650,650,610,610,610,622,717,717,717,730,730,763,776,776,810,822,822,832,850,863,322,351,368,471,571,571,571],"floor_reached":102,"playtime":14405,"items_purged":["Shame","Pain"],"score":2658,"play_id":"b9e55499-6bc0-444e-a3ae-017984601044","local_time":"20210112141236","is_ascension_mode":true,"campfire_choices":[{"floor":1.0,"key":"RECALL"},{"data":"Guardian:PiercingHide","floor":6.0,"key":"SMITH"},{"floor":11.0,"key":"REST"},{"data":"Neutralize","floor":13.0,"key":"SMITH"},{"floor":18.0,"key":"DIG"},{"floor":23.0,"key":"REST"},{"floor":27.0,"key":"REST"},{"floor":35.0,"key":"REST"},{"floor":40.0,"key":"REST"},{"floor":47.0,"key":"REST"},{"floor":49.0,"key":"REST"},{"floor":52.0,"key":"DIG"},{"floor":60.0,"key":"REST"},{"data":"1","floor":62.0,"key":"LIFT"},{"data":"2","floor":69,"key":"LIFT"},{"data":"3","floor":77,"key":"LIFT"},{"floor":81,"key":"REST"},{"floor":86,"key":"REST"},{"floor":91,"key":"REST"}],"circlet_count":0,"master_deck":["Guardian:Strike_Guardian","Guardian:Strike_Guardian","Guardian:Strike_Guardian","Guardian:Defend_Guardian","Guardian:Defend_Guardian","Guardian:Defend_Guardian","Guardian:Defend_Guardian","Guardian:CurlUp","Guardian:ChargeCore","Guardian:Preprogram","Guardian:Suspension+1","Guardian:DecasProtection","Guardian:PiercingHide+1","Guardian:Incinerate","Survivor","Neutralize+1","Guardian:Planning","Guardian:Recover","Guardian:AncientConstruct","Necronomicurse","Guardian:ChargeUp","Guardian:PiercingHide+1","infinitespire:TheBestDefense","Guardian:FloatingOrbs+1","Guardian:ChargeCore","Guardian:TemporalShield","Guardian:Repulse","Guardian:TimeSifter","Guardian:TemporalShield+1","Guardian:ChargeCore","Guardian:RollAttack+1","Guardian:BaubleBeam","Guardian:Orbwalk+1","Guardian:HyperBeam_Guardian","Guardian:EvasiveProtocol","Guardian:PrismaticBeam","Guardian:Incinerate","Guardian:CrystalBeam","Guardian:Incinerate","Guardian:Incinerate","Guardian:Orbwalk","Guardian:Clone","Guardian:TimeSifter","Guardian:Reroute","Guardian:ArmoredProtocol","Guardian:RollAttack+1","ReplayTheSpireMod:Chaos Vortex","Guardian:Reroute","Guardian:SpikerProtocol+1","Guardian:Clone+1","Guardian:Suspension+1","Guardian:FierceBash","Guardian:Clone","Guardian:PrimingBeam","Guardian:Emergency","Guardian:TimeSifter","Guardian:Gem_Red","Guardian:HyperBeam_Guardian","Guardian:SentryBeam+1","Guardian:TimeBomb+1","Guardian:Reroute","Guardian:Orbwalk","expansioncontent:QuickStudy","Guardian:ChargeUp+1","Guardian:Gem_Red","Guardian:HyperBeam_Guardian"],"relics":["Guardian:ModeShifter","downfall:HeartBlessingRed","Shuriken","Tiny Chest","Replay:Grab Bag","Fusion Hammer","Sozu","Ring of Chaos","Garlic","Necronomicon","Darkstone Periapt","downfall:HeartBlessingBlue","downfall:RedIOU","infinitespire:ShieldingShard","Honey Jar","Replay:Accelerometer","infinitespire:EmpoweringShard","Bag of Preparation","Guardian:ModeShifterPlus","Bottled Tornado","Replay:Bottled Snecko","downfall:HeartBlessingGreen","Replay:Bronze Core","Replay:Bottled Steam","WarpedTongs","Girya","Gambling Chip","Busted Crown","Blue Doll","Strawberry","Cursed Key","Torii","OrangePellets","Art of War","Replay:Wanted Poster"],"acts_visited":["Exordium","TheCity","TheBeyond","Exordium","TheCity","TheBeyond","Exordium"],"potions_floor_usage":[],"damage_taken":[{"damage":0.0,"enemies":"Jaw Worm","floor":2.0,"turns":4.0},{"damage":0.0,"enemies":"downfall:FleeingMerchant","floor":3.0,"turns":4.0},{"damage":1.0,"enemies":"2 Louse","floor":4.0,"turns":2.0},{"damage":9.0,"enemies":"3 Sentries","floor":8.0,"turns":10.0},{"damage":16.0,"enemies":"Gremlin Nob","floor":10.0,"turns":6.0},{"damage":0.0,"enemies":"Small Slimes","floor":12.0,"turns":3.0},{"damage":0.0,"enemies":"Blue Slaver","floor":15.0,"turns":4.0},{"damage":13.0,"enemies":"downfall:Ironclad","floor":16.0,"turns":13.0},{"damage":2.0,"enemies":"Spheric Guardian","floor":19.0,"turns":6.0},{"damage":7.0,"enemies":"Shell Parasite","floor":21.0,"turns":8.0},{"damage":3.0,"enemies":"3 Cultists","floor":22.0,"turns":7.0},{"damage":14.0,"enemies":"Sentry and Sphere","floor":29.0,"turns":7.0},{"damage":20.0,"enemies":"Nightmare","floor":30.0,"turns":10.0},{"damage":1.0,"enemies":"Shelled Parasite and Fungi","floor":31.0,"turns":3.0},{"damage":0.0,"enemies":"Centurion and Healer","floor":32.0,"turns":4.0},{"damage":5.0,"enemies":"downfall:Defect","floor":33.0,"turns":5.0},{"damage":11.0,"enemies":"3 Darklings","floor":36.0,"turns":6.0},{"damage":1.0,"enemies":"3 Shapes","floor":37.0,"turns":5.0},{"damage":3.0,"enemies":"Giant Head","floor":42.0,"turns":8.0},{"damage":0.0,"enemies":"Maw","floor":44.0,"turns":5.0},{"damage":0.0,"enemies":"3 Darklings","floor":45.0,"turns":4.0},{"damage":0.0,"enemies":"R_Hoarder","floor":48.0,"turns":7.0},{"damage":0.0,"enemies":"downfall:Watcher","floor":50.0,"turns":6.0},{"damage":0.0,"enemies":"Small Slimes","floor":53.0,"turns":1.0},{"damage":0.0,"enemies":"2 Louse","floor":54.0,"turns":2.0},{"damage":0.0,"enemies":"infinitespire:Voidling","floor":55.0,"turns":2.0},{"damage":0.0,"enemies":"Lagavulin","floor":56.0,"turns":5.0},{"damage":0.0,"enemies":"Replay:BlueRogue","floor":57.0,"turns":4.0},{"damage":0.0,"enemies":"downfall:FleeingMerchant","floor":61.0,"turns":5.0},{"damage":0.0,"enemies":"Blue Slaver","floor":63.0,"turns":2.0},{"damage":0.0,"enemies":"3 Sentries","floor":64.0,"turns":2.0},{"damage":0.0,"enemies":"downfall:FleeingMerchant","floor":65.0,"turns":1.0},{"damage":0.0,"enemies":"3 Louse","floor":66.0,"turns":1.0},{"damage":61.0,"enemies":"Hexaghost","floor":67.0,"turns":4.0},{"damage":0,"enemies":"Chosen","floor":70,"turns":2},{"damage":0,"enemies":"Spheric Guardian","floor":71,"turns":2},{"damage":0,"enemies":"Slavers","floor":73,"turns":3},{"damage":0,"enemies":"Nightmare","floor":75,"turns":6},{"damage":0,"enemies":"Slavers","floor":76,"turns":2},{"damage":0,"enemies":"Book of Stabbing","floor":78,"turns":3},{"damage":0,"enemies":"Snake Plant","floor":83,"turns":2},{"damage":0,"enemies":"Champ","floor":84,"turns":5},{"damage":0,"enemies":"Orb Walker","floor":87,"turns":2},{"damage":26,"enemies":"Giant Head","floor":89,"turns":6},{"damage":0,"enemies":"3 Shapes","floor":90,"turns":2},{"damage":0,"enemies":"R_Hoarder","floor":92,"turns":3},{"damage":0,"enemies":"Jaw Worm Horde","floor":93,"turns":1},{"damage":0,"enemies":"3 Darklings","floor":95,"turns":2},{"damage":0,"enemies":"Sphere and 2 Shapes","floor":96,"turns":2},{"damage":0,"enemies":"Maw","floor":97,"turns":4},{"damage":0,"enemies":"Giant Head","floor":99,"turns":4},{"damage":13,"enemies":"Writhing Mass","floor":100,"turns":4},{"damage":59,"enemies":"Awakened One","floor":101,"turns":7}],"seed_played":"6347300472753946695","potions_obtained":[{"floor":8.0,"key":"LiquidMemories"},{"floor":12.0,"key":"Fire Potion"},{"floor":16.0,"key":"LifebloodPotion"}],"is_trial":false,"path_per_floor":["R","M","$","M","?","R","T","E","?","E","R","M","R","?","M","B",null,"R_BF","M","?","M","M","R","T","?","T","R","?","M","NM","M","M","B",null,"R","M","M","?","T","R","T","E","AVR","M","M","?","R","E","R","B",null,"R_BF","M","M","M","E","E","T","?","R","$","R","M","E","$","M","B",null,"R","M","M","?","E","?","NM","E","R","E","?","$","R","AVR","M","B",null,"R","M","?","E","M","R","E","M","?","M","M","M","$","E","M","B",null],"character_chosen":"GUARDIAN","items_purchased":["Guardian:Suspension+1","Girya","Guardian:Incinerate","Gambling Chip","Guardian:Clone+1","OrangePellets","Art of War","Guardian:Orbwalk","expansioncontent:QuickStudy"],"campfire_rested":11,"item_purchase_floors":[3,61,61,65,80,98,98,98,98],"current_hp_per_floor":[88,88,88,87,87,87,87,78,78,62,88,88,88,88,88,75,88,88,86,70,63,60,86,86,98,98,110,110,96,76,75,75,70,110,110,99,98,120,120,120,120,117,117,117,117,117,120,120,120,120,120,120,120,120,120,120,120,120,126,126,126,126,126,126,126,126,65,126,126,126,126,126,126,132,132,132,132,132,132,132,132,139,139,139,139,139,139,139,113,113,139,139,139,139,139,139,139,139,139,126,67,139,139,139],"gold":571,"neow_bonus":"TEN_PERCENT_HP_BONUS","is_daily":false,"chose_seed":false,"campfire_upgraded":2,"win_rate":0.0,"timestamp":1610478756,"path_taken":["R","M","$","M","?","R","T","E","?","E","R","M","R","?","M","BOSS","R_BF","M","?","M","M","R","T","?","?","R","?","M","NM","?","M","BOSS","R","M","M","?","?","R","T","E","AVR","?","M","?","R","E","R","BOSS","R_BF","M","M","?","?","E","T","?","R","$","R","M","E","$","M","BOSS","R","M","?","?","?","?","NM","E","R","E","?","$","R","AVR","M","BOSS","R","M","?","?","M","R","E","?","?","M","?","M","$","?","M","BOSS"],"items_purchased_type":["Card","Relic","Card","Relic","Card","Relic","Relic","Card","Card"],"build_version":"2020-12-22","purchased_purges":2,"victory":false,"max_hp_per_floor":[88,88,88,88,88,88,88,88,88,88,88,88,88,88,88,88,88,88,88,88,88,88,88,88,100,100,110,110,110,110,110,110,110,110,110,110,110,120,120,120,120,120,120,120,120,120,120,120,120,120,120,120,120,120,120,120,120,120,126,126,126,126,126,126,126,126,126,126,126,126,126,126,126,132,132,132,132,132,132,132,132,139,139,139,139,139,139,139,139,139,139,139,139,139,139,139,139,139,139,139,139,139,139,139],"card_choices":[{"not_picked":["Guardian:Gem_Fragmented","Guardian:RefractedBeam"],"picked":"Guardian:ChargeCore","floor":2.0},{"not_picked":["Guardian:SentryBeam","Guardian:Orbwalk"],"picked":"Guardian:Preprogram","floor":3.0},{"not_picked":["Guardian:Suspension","Guardian:PrismaticBarrier"],"picked":"Guardian:DecasProtection","floor":4.0},{"not_picked":["Guardian:BronzeArmor","Guardian:Gem_Green"],"picked":"Guardian:PiercingHide","floor":5.0},{"not_picked":["Guardian:SentryBeam","Guardian:Emergency"],"picked":"Guardian:Incinerate","floor":8.0},{"not_picked":["Guardian:Incinerate","Guardian:RollAttack"],"picked":"Guardian:StasisStrike","floor":10.0},{"not_picked":["Guardian:PrimingBeam","Guardian:Recover"],"picked":"Guardian:Planning","floor":12.0},{"not_picked":["Guardian:FierceBash","Guardian:PiercingHide"],"picked":"Guardian:Recover","floor":15.0},{"not_picked":["Guardian:FastForward","Guardian:Gem_Synthetic"],"picked":"Guardian:AncientConstruct","floor":16.0},{"not_picked":["Guardian:TemporalShield","Guardian:Gem_Lightblue"],"picked":"Guardian:Gem_White","floor":19.0},{"not_picked":["Guardian:Planning+1","Guardian:Gem_Green"],"picked":"Guardian:ChargeUp","floor":21.0},{"not_picked":["Guardian:TemporalStrike","Guardian:PrismaticBeam"],"picked":"Guardian:PiercingHide+1","floor":22.0},{"not_picked":["infinitespire:SevenWalls","infinitespire:FinalStrike"],"picked":"infinitespire:TheBestDefense","floor":25.0},{"not_picked":["Guardian:ChargeCore","Guardian:RollAttack+1"],"picked":"Guardian:FloatingOrbs+1","floor":29.0},{"not_picked":["Guardian:Gem_Purple","Guardian:Incinerate"],"picked":"Guardian:ChargeCore","floor":30.0},{"not_picked":["Guardian:Gem_Green","Guardian:Planning"],"picked":"Guardian:TemporalShield","floor":31.0},{"not_picked":["Guardian:ArmoredProtocol","Guardian:Gem_Cyan"],"picked":"Guardian:Repulse","floor":32.0},{"not_picked":["Guardian:SphericShield","Guardian:ExploitGems"],"picked":"Guardian:TimeSifter","floor":33.0},{"not_picked":["Guardian:Suspension+1","Guardian:TemporalStrike+1","Guardian:Gem_Cyan"],"picked":"Guardian:TemporalShield+1","floor":36.0},{"not_picked":["Guardian:VentSteam","Guardian:Gem_Cyan","Guardian:SentryBeam+1"],"picked":"Guardian:ChargeCore","floor":37.0},{"not_picked":["Guardian:ChargeUp","Guardian:TimeBomb","Guardian:PrimingBeam+1"],"picked":"Guardian:RollAttack+1","floor":42.0},{"not_picked":["Guardian:ShieldCharger","Guardian:TimeBomb+1","Guardian:Gem_Green"],"picked":"Guardian:BaubleBeam","floor":44.0},{"not_picked":["Guardian:TemporalStrike+1","Guardian:ChargeCore","Guardian:RollAttack+1"],"picked":"Guardian:Gem_Red","floor":45.0},{"not_picked":["Guardian:Harden","Guardian:MultiBeam","Guardian:Preprogram+1"],"picked":"Guardian:Orbwalk+1","floor":48.0},{"not_picked":["Guardian:AncientConstruct","Guardian:BaubleBeam","Guardian:RevengeProtocol"],"picked":"Guardian:HyperBeam_Guardian","floor":50.0},{"not_picked":["Guardian:Gem_Cyan","Guardian:TemporalStrike","Guardian:Repulse"],"picked":"Guardian:EvasiveProtocol","floor":53.0},{"not_picked":["Guardian:Planning","Guardian:Gem_Cyan","Guardian:CrystalBeam"],"picked":"Guardian:PrismaticBeam","floor":54.0},{"not_picked":["Guardian:VentSteam","Guardian:Preprogram","Guardian:Gem_White"],"picked":"Guardian:Incinerate","floor":55.0},{"not_picked":["Guardian:Suspension","Guardian:ChargeCore","Guardian:Repulse"],"picked":"Guardian:Gem_Synthetic","floor":56.0},{"not_picked":["Guardian:ChargeCore","Guardian:TemporalShield","Guardian:Gem_Cyan"],"picked":"Guardian:CrystalBeam","floor":57.0},{"not_picked":["Guardian:GatlingBeam","Guardian:Gem_Red","Guardian:RefractedBeam"],"picked":"Guardian:Gem_Orange","floor":61.0},{"not_picked":["Guardian:RollAttack","Guardian:Recover","Guardian:Gem_Cyan"],"picked":"Guardian:Gem_Crimson","floor":63.0},{"not_picked":["Guardian:WalkerClaw","Guardian:TemporalStrike","Guardian:HyperBeam_Guardian"],"picked":"Guardian:Orbwalk","floor":64.0},{"not_picked":["Guardian:Gem_Blue","Guardian:Gem_Red","Guardian:PiercingHide"],"picked":"Guardian:Gem_Lightblue","floor":65.0},{"not_picked":["Guardian:Planning","Guardian:RollAttack","Guardian:BronzeArmor"],"picked":"Guardian:Clone","floor":66.0},{"not_picked":["Guardian:HyperBeam_Guardian","Guardian:ExploitGems","Guardian:Gem_Synthetic"],"picked":"Guardian:TimeSifter","floor":67.0},{"not_picked":["Guardian:RefractedBeam"],"picked":"Guardian:Reroute","floor":70},{"not_picked":["Guardian:TemporalShield"],"picked":"Guardian:ArmoredProtocol","floor":71},{"not_picked":["Guardian:BronzeArmor"],"picked":"Guardian:RollAttack+1","floor":73},{"not_picked":["infinitespire:Starlight","infinitespire:Gouge"],"picked":"ReplayTheSpireMod:Chaos Vortex","floor":75},{"not_picked":["Guardian:ShieldSpikes"],"picked":"Guardian:Reroute","floor":75},{"not_picked":["Guardian:WalkerClaw"],"picked":"Guardian:SpikerProtocol+1","floor":76},{"not_picked":["Guardian:VentSteam"],"picked":"Guardian:Gem_Green","floor":78},{"not_picked":["Guardian:PrismaticBeam"],"picked":"Guardian:Suspension+1","floor":83},{"not_picked":["Guardian:AncientConstruct"],"picked":"Guardian:FierceBash","floor":84},{"not_picked":["Guardian:VentSteam"],"picked":"Guardian:Clone","floor":87},{"not_picked":["Guardian:PrismaticBeam+1"],"picked":"Guardian:PrimingBeam","floor":89},{"not_picked":["Guardian:Recover+1"],"picked":"Guardian:Emergency","floor":90},{"not_picked":["Guardian:DecasProtection+1"],"picked":"Guardian:TimeSifter","floor":92},{"not_picked":["Guardian:Incinerate"],"picked":"Guardian:Gem_Red","floor":93},{"not_picked":["Guardian:TemporalShield"],"picked":"Guardian:SentryBeam+1","floor":95},{"not_picked":["Guardian:BronzeArmor"],"picked":"Guardian:TimeBomb+1","floor":96},{"not_picked":["Guardian:Gem_White"],"picked":"Guardian:Reroute","floor":97},{"not_picked":["Guardian:Recover+1"],"picked":"Guardian:ChargeUp+1","floor":99},{"not_picked":["Guardian:BronzeArmor+1"],"picked":"Guardian:Gem_Red","floor":100},{"not_picked":["Guardian:Gem_Synthetic"],"picked":"Guardian:HyperBeam_Guardian","floor":101}],"player_experience":640312,"relics_obtained":[{"floor":7.0,"key":"ReplayFunnel"},{"floor":8.0,"key":"Shuriken"},{"floor":10.0,"key":"Tiny Chest"},{"floor":18.0,"key":"Garlic"},{"floor":20.0,"key":"Necronomicon"},{"floor":24.0,"key":"Darkstone Periapt"},{"floor":30.0,"key":"infinitespire:ShieldingShard"},{"floor":39.0,"key":"Replay:Accelerometer"},{"floor":41.0,"key":"infinitespire:EmpoweringShard"},{"floor":42.0,"key":"Bag of Preparation"},{"floor":48.0,"key":"Replay:Bottled Snecko"},{"floor":52.0,"key":"Replay:Bottled Steam"},{"floor":88,"key":"Torii"}],"event_choices":[{"cards_removed":["Guardian:StasisStrike"],"damage_healed":12.0,"max_hp_gain":10.0,"max_hp_loss":0.0,"gold_gain":0.0,"event_name":"Bonfire Elementals","player_choice":"Offered Rare","floor":38.0,"gold_loss":0.0,"damage_taken":0.0},{"cards_removed":["Writhe"],"damage_healed":0,"gold_gain":0,"player_choice":"Elegance","damage_taken":0,"max_hp_gain":0,"max_hp_loss":0,"event_name":"Back to Basics","floor":79,"gold_loss":0},{"damage_healed":0,"gold_gain":0,"player_choice":"Relic","damage_taken":0,"max_hp_gain":0,"max_hp_loss":0,"event_name":"Wheel of Change","floor":88,"gold_loss":0},{"damage_healed":0,"gold_gain":0,"player_choice":"Copied","damage_taken":0,"max_hp_gain":0,"max_hp_loss":0,"event_name":"Duplicator","floor":94,"gold_loss":0,"cards_obtained":["Guardian:HyperBeam_Guardian"]}],"is_beta":false,"boss_relics":[{"not_picked":["Replay:Drink Me","Abe\u0027s Treasure"],"picked":"Replay:Grab Bag"},{"not_picked":["Coffee Dripper","Painkiller Herb"],"picked":"Fusion Hammer"},{"not_picked":["Runic Dome","ReplayTheSpireMod:DimensionalGlitch"],"picked":"Sozu"},{"not_picked":["ReplayTheSpireMod:SealedPack","Astrolabe"],"picked":"Ring of Chaos"},{"not_picked":["Cursed Key","Empty Cage"],"picked":"Honey Jar"},{"not_picked":["Guardian:StasisSlotReductionRelic","Replay:Ancient Bell"],"picked":"Replay:Bronze Core"},{"not_picked":["Abe\u0027s Treasure","Pandora\u0027s Box"],"picked":"Busted Crown"},{"not_picked":["Kintsugi","Calling Bell"],"picked":"Cursed Key"},{"not_picked":["Replay:Ancient Bell","Replay:Drink Me"],"picked":"Replay:Wanted Poster"}],"items_purged_floors":[43,61],"is_endless":true,"potions_floor_spawned":[8,12,16,19,30,31,36,42,50,53,55,56,66,71,76,78,90,93,99,101],"ascension_level":1}}