{"host":"oeqgep2lwmjgysjb","time":1610456185,"event":{"mods":["AchievementEnabler","Aspiration","BaseMod","Colored Powertips","Custom Start","Hubris","Minty Spire (QoL Compilation)","Quick Restart","Replay The Spire","Shop Mod","StSLib"],"gold_per_floor":[113,288,288,305,305,340,340,375,401,401,419,443,457,472,472,595,658,671,671,439,463,484,517,517,517,517,517,548,583,583,32,32,155,155,174,6,65,153,216,216,250,250,250,294,360,373,412,425,425,425],"floor_reached":51,"playtime":5534,"items_purged":["FearNoEvil"],"score":941,"play_id":"c75bbfc6-7f5c-4354-b46e-5edec07cf1ec","local_time":"20210112235625","daily_mods":["Draft","DeadlyEvents","Elite Swarm"],"is_ascension_mode":false,"campfire_choices":[{"floor":7,"key":"REST"},{"floor":15,"key":"REST"},{"floor":24,"key":"REST"},{"floor":27,"key":"REST"},{"data":"Nirvana","floor":40,"key":"SMITH"},{"floor":42,"key":"REST"}],"circlet_count":0,"master_deck":["FlurryOfBlows+1","JustLucky","Replay:BluntJabs","Crescendo","JustLucky","EmptyBody","Collect","Tantrum","ClearTheMind+1","JustLucky","EmptyFist","FlurryOfBlows","Collect+1","EmptyFist","Nirvana+1","JustLucky","MasterReality","Replay:AllIn","Replay:Cycle","FollowUp","Replay:ManipulateFuture","CutThroughFate","Devotion+1","ForeignInfluence+1","Wireheading+1","MentalFortress","DeceiveReality","Replay:Cycle","TalkToTheHand+1","Vault","Swift Strike","LessonLearned","Ragnarok","Adaptation","Master of Strategy","Wish","CutThroughFate","Crow Ritual","FlurryOfBlows+1","Omniscience","FlurryOfBlows","ConjureBlade","ReplayTheSpireMod:Faulty Equipment","DevaForm+1","Devotion","CutThroughFate+1","Blasphemy"],"relics":["PureWater","hubris:ToyBattleship","Golden Idol","CloakClasp","Shuriken","Lantern","Tiny House","Snack Pack","aspiration:AnachronicSnailShell","aspiration:HatOfInfinitePower","hubris:SlimyHat","Kunai","Cursed Key","Peace Pipe","Garlic","Bronze Scales","hubris:TinFlute","aspiration:HiddenCompartment","Blood Vial"],"acts_visited":["Exordium","TheCity","TheBeyond"],"potions_floor_usage":[10,13,16,18,33,33,37,47,47,50],"damage_taken":[{"damage":0,"enemies":"Small Slimes","floor":1,"turns":1},{"damage":9,"enemies":"Jaw Worm","floor":4,"turns":2},{"damage":14,"enemies":"Gremlin Nob","floor":6,"turns":3},{"damage":11,"enemies":"Lagavulin","floor":8,"turns":5},{"damage":0,"enemies":"3 Sentries","floor":10,"turns":1},{"damage":4,"enemies":"2 Louse","floor":11,"turns":2},{"damage":0,"enemies":"2 Fungi Beasts","floor":12,"turns":2},{"damage":0,"enemies":"Looter","floor":13,"turns":1},{"damage":8,"enemies":"Gremlin Gang","floor":14,"turns":4},{"damage":2,"enemies":"Hexaghost","floor":16,"turns":3},{"damage":4,"enemies":"2 Thieves","floor":18,"turns":2},{"damage":0,"enemies":"Spheric Guardian","floor":21,"turns":2},{"damage":33,"enemies":"Snake Plant","floor":22,"turns":4},{"damage":26,"enemies":"Gremlin Leader","floor":23,"turns":3},{"damage":8,"enemies":"Slavers","floor":28,"turns":4},{"damage":11,"enemies":"Gremlin Leader","floor":29,"turns":4},{"damage":11,"enemies":"Automaton","floor":33,"turns":7},{"damage":0,"enemies":"Orb Walker","floor":35,"turns":3},{"damage":57,"enemies":"2 Orb Walkers","floor":37,"turns":5},{"damage":1,"enemies":"Mind Bloom Boss Battle","floor":38,"turns":6},{"damage":4,"enemies":"3 Darklings","floor":39,"turns":4},{"damage":21,"enemies":"Reptomancer","floor":41,"turns":3},{"damage":0,"enemies":"Nemesis","floor":44,"turns":6},{"damage":8,"enemies":"Giant Head","floor":45,"turns":5},{"damage":3,"enemies":"Sphere and 2 Shapes","floor":46,"turns":6},{"damage":28,"enemies":"Reptomancer","floor":47,"turns":4},{"damage":16,"enemies":"Jaw Worm Horde","floor":48,"turns":4},{"damage":32,"enemies":"Awakened One","floor":50,"turns":5}],"seed_played":"-1997701102491664322","potions_obtained":[{"floor":1,"key":"FearPotion"},{"floor":6,"key":"SmokeBomb"},{"floor":8,"key":"SpeedPotion"},{"floor":17,"key":"LifebloodPotion"},{"floor":22,"key":"Energy Potion"},{"floor":23,"key":"FairyPotion"},{"floor":33,"key":"SpeedPotion"},{"floor":35,"key":"Explosive Potion"},{"floor":44,"key":"GamblersBrew"},{"floor":46,"key":"AttackPotion"},{"floor":48,"key":"DistilledChaos"}],"is_trial":true,"path_per_floor":["M","?","?","M","?","E","R","E","T","E","M","M","M","M","R","B",null,"M","?","$","M","M","E","R","?","T","R","E","E","$","$","R","B",null,"M","$","?","?","M","R","E","R","T","E","E","M","E","M","R","B",null],"character_chosen":"WATCHER","items_purchased":["MentalFortress","DeceiveReality","Adaptation","Master of Strategy","Kunai","ColorlessPotion","Crow Ritual"],"campfire_rested":5,"item_purchase_floors":[20,20,31,31,31,31,36],"current_hp_per_floor":[72,72,65,56,38,24,45,34,34,34,30,30,30,22,43,41,77,73,73,73,73,40,14,37,37,37,60,62,57,57,57,57,62,77,77,77,22,29,33,33,22,45,45,59,63,64,44,34,57,45],"gold":425,"neow_bonus":"","is_daily":false,"chose_seed":false,"campfire_upgraded":1,"win_rate":0.0,"timestamp":1610456185,"path_taken":["M","?","?","M","?","E","R","E","T","E","M","M","M","M","R","BOSS","M","?","$","M","M","E","R","?","T","R","?","E","?","$","R","BOSS","M","$","?","?","?","R","E","R","T","E","?","M","?","M","R","BOSS"],"items_purchased_type":["Card","Card","Card","Card","Relic","Potion","Card"],"build_version":"2020-12-22","purchased_purges":1,"victory":true,"max_hp_per_floor":[72,72,72,72,72,72,72,72,72,72,72,72,72,72,72,72,77,77,77,77,77,77,77,77,77,77,77,77,77,77,77,77,77,77,77,77,77,77,77,77,77,77,77,77,77,77,77,77,77,77],"card_choices":[{"not_picked":["Adaptation","SignatureMove"],"picked":"FlurryOfBlows","floor":0},{"not_picked":["WheelKick","Conclude"],"picked":"FearNoEvil","floor":0},{"not_picked":["ThirdEye","SandsOfTime"],"picked":"JustLucky","floor":0},{"not_picked":["FlyingSleeves","CrushJoints"],"picked":"Replay:BluntJabs","floor":0},{"not_picked":["BowlingBash","Protect"],"picked":"Crescendo","floor":0},{"not_picked":["Prostrate","FollowUp"],"picked":"JustLucky","floor":0},{"not_picked":["BowlingBash","Evaluate"],"picked":"EmptyBody","floor":0},{"not_picked":["BowlingBash","EmptyBody"],"picked":"Collect","floor":0},{"not_picked":["ClearTheMind","ThirdEye"],"picked":"Tantrum","floor":0},{"not_picked":["EmptyFist","Replay:Anticipation"],"picked":"ClearTheMind","floor":0},{"not_picked":["Replay:DivineShield","Perseverance"],"picked":"JustLucky","floor":0},{"not_picked":["SashWhip","Crescendo"],"picked":"EmptyFist","floor":0},{"not_picked":["Consecrate","Evaluate"],"picked":"FlurryOfBlows","floor":0},{"not_picked":["BowlingBash","FlyingSleeves"],"picked":"Collect","floor":0},{"not_picked":["PathToVictory","BowlingBash"],"picked":"EmptyFist","floor":0},{"not_picked":["CrushJoints","Consecrate"],"picked":"Nirvana","floor":1},{"not_picked":["CrushJoints","Worship"],"picked":"JustLucky","floor":4},{"not_picked":["Scrawl","SpiritShield"],"picked":"MasterReality","floor":6},{"not_picked":["DeusExMachina","Brilliance"],"picked":"Replay:AllIn","floor":8},{"not_picked":["WheelKick","Fasting2"],"picked":"Replay:Cycle","floor":11},{"not_picked":["InnerPeace","Evaluate"],"picked":"FollowUp","floor":12},{"not_picked":["Indignation","Prostrate"],"picked":"Replay:ManipulateFuture","floor":13},{"not_picked":["PathToVictory","FlurryOfBlows"],"picked":"CutThroughFate","floor":14},{"not_picked":["Scrawl","Replay:LoomingThreat"],"picked":"Devotion","floor":16},{"not_picked":["PathToVictory","Halt"],"picked":"ForeignInfluence","floor":17},{"not_picked":["FlurryOfBlows","Protect+1"],"picked":"Wireheading+1","floor":18},{"not_picked":["SignatureMove","JustLucky"],"picked":"Replay:Cycle","floor":21},{"not_picked":["FollowUp+1","CrushJoints+1"],"picked":"TalkToTheHand+1","floor":22},{"not_picked":["Brilliance","DeusExMachina"],"picked":"Vault","floor":23},{"not_picked":["Ragnarok","Judgement"],"picked":"LessonLearned","floor":28},{"not_picked":["Replay:AllIn","Brilliance"],"picked":"Ragnarok","floor":29},{"not_picked":["Judgement","ConjureBlade"],"picked":"Wish","floor":33},{"not_picked":["DeceiveReality+1","Replay:AtTheReady+1"],"picked":"CutThroughFate","floor":35},{"not_picked":["SashWhip","Adaptation+1"],"picked":"FlurryOfBlows+1","floor":37},{"not_picked":["Crescendo","EmptyFist"],"picked":"Omniscience","floor":38},{"not_picked":["BowlingBash+1","SashWhip"],"picked":"FlurryOfBlows","floor":39},{"not_picked":["Wish","Brilliance"],"picked":"ConjureBlade","floor":41},{"not_picked":["Brilliance","Scrawl"],"picked":"DevaForm","floor":44},{"not_picked":["Blasphemy","Alpha"],"picked":"Devotion","floor":45},{"not_picked":["Conclude+1","SashWhip"],"picked":"CutThroughFate+1","floor":46},{"not_picked":["Brilliance","Establishment"],"picked":"Blasphemy","floor":47},{"not_picked":["Meditate+1","ClearTheMind+1","Swivel"],"picked":"SKIP","floor":48}],"player_experience":243311,"relics_obtained":[{"floor":6,"key":"CloakClasp"},{"floor":8,"key":"Shuriken"},{"floor":9,"key":"Lantern"},{"floor":23,"key":"Snack Pack"},{"floor":26,"key":"aspiration:AnachronicSnailShell"},{"floor":28,"key":"aspiration:HatOfInfinitePower"},{"floor":29,"key":"hubris:SlimyHat"},{"floor":38,"key":"Peace Pipe"},{"floor":41,"key":"Garlic"},{"floor":43,"key":"Bronze Scales"},{"floor":44,"key":"hubris:TinFlute"},{"floor":45,"key":"aspiration:HiddenCompartment"},{"floor":47,"key":"Blood Vial"}],"event_choices":[{"damage_healed":0,"gold_gain":175,"player_choice":"AGREE","damage_taken":0,"max_hp_gain":0,"max_hp_loss":0,"event_name":"Liars Game","floor":2,"gold_loss":0,"cards_obtained":["Doubt"]},{"damage_healed":0,"gold_gain":0,"player_choice":"Success","damage_taken":7,"relics_obtained":["hubris:ToyBattleship"],"max_hp_gain":0,"max_hp_loss":0,"event_name":"Scrap Ooze","floor":3,"gold_loss":0},{"damage_healed":0,"gold_gain":0,"player_choice":"Take Damage","damage_taken":18,"relics_obtained":["Golden Idol"],"max_hp_gain":0,"max_hp_loss":0,"event_name":"Golden Idol","floor":5,"gold_loss":0},{"cards_removed":["Doubt"],"damage_healed":0,"gold_gain":0,"player_choice":"Elegance","damage_taken":0,"max_hp_gain":0,"max_hp_loss":0,"event_name":"Back to Basics","floor":19,"gold_loss":0},{"damage_healed":0,"gold_gain":0,"player_choice":"1 cards matched","damage_taken":0,"max_hp_gain":0,"max_hp_loss":0,"event_name":"Match and Keep!","floor":25,"gold_loss":0,"cards_obtained":["Swift Strike"]},{"damage_healed":0,"gold_gain":0,"player_choice":"Fight","damage_taken":0,"max_hp_gain":0,"max_hp_loss":0,"event_name":"Mysterious Sphere","floor":37,"gold_loss":0},{"damage_healed":0,"gold_gain":0,"player_choice":"Fight","damage_taken":0,"max_hp_gain":0,"max_hp_loss":0,"event_name":"MindBloom","floor":38,"gold_loss":0}],"is_beta":false,"boss_relics":[{"not_picked":["hubris:TerracottaHorce","aspiration:PoetsPen_weak"],"picked":"Tiny House"},{"not_picked":["Calling Bell","hubris:Backtick"],"picked":"Cursed Key"}],"items_purged_floors":[20],"is_endless":false,"potions_floor_spawned":[1,6,8,22,23,33,35,44,46,48],"ascension_level":0}}