{"host":"d9m9v0h6vo0edadb","time":1610471018,"event":{"mods":["BaseMod","Hermit","Keyboard Shortcuts","Minty Spire (QoL Compilation)","StSLib","SuperFastMode","The Cursed"],"gold_per_floor":[115,215,64,87,115,157,184,196,233,260,272,309,321,348,360,449,461,493,485,514,326,343,343,377,394,394,394,413,433,451,467,467,544,544,561,571,591,616,634,663,663,992,992,992,766,766,766,782,812,812,812,812,812,812,81,114,114],"floor_reached":58,"playtime":1743,"items_purged":["Strike_G","Underhanded Strike","Glass Knife","Poisoned Stab"],"score":3062,"play_id":"5b3db49f-7d4a-4659-9ace-299098cdec4f","local_time":"20210113020338","is_ascension_mode":true,"campfire_choices":[{"data":"Eviscerate","floor":8.0,"key":"SMITH"},{"data":"PiercingWail","floor":11.0,"key":"SMITH"},{"data":"Infinite Blades","floor":13.0,"key":"SMITH"},{"data":"Neutralize","floor":15.0,"key":"SMITH"},{"data":"Venomology","floor":23.0,"key":"SMITH"},{"data":"After Image","floor":27.0,"key":"SMITH"},{"data":"Prepared","floor":32.0,"key":"SMITH"},{"floor":41.0,"key":"REST"},{"floor":44.0,"key":"REST"},{"data":"Doppelganger","floor":46.0,"key":"SMITH"},{"floor":50.0,"key":"RECALL"},{"data":"Adrenaline","floor":54.0,"key":"SMITH"}],"circlet_count":0,"master_deck":["AscendersBane","Survivor","Neutralize+1","PiercingWail+1","Escape Plan","Eviscerate+1","Catalyst","PiercingWail","Infinite Blades+1","PiercingWail","After Image+1","Backstab","All Out Attack","Storm of Steel","Venomology+1","Heel Hook","Sucker Punch","Cloak And Dagger","Terror+1","Flash of Steel","Doppelganger+1","Accuracy+1","Acrobatics","Blade Dance+1","Prepared+1","Burst","Infinite Blades+1","Accuracy","Concentrate+1","Blade Dance+1","Cloak And Dagger+1","Dark Shackles","Adrenaline+1","Footwork","Endless Agony+1"],"relics":["Ring of the Snake","NeowsBlessing","MawBank","Dead Branch","Anchor","Ancient Tea Set","Pandora\u0027s Box","Boot","Potion Belt","HoveringKite","Unceasing Top","Snake Skull","Old Coin","TungstenRod","Chemical X","Happy Flower","Bag of Preparation"],"acts_visited":["Exordium","TheCity","TheBeyond","TheEnding"],"potions_floor_usage":[57,57,57,57],"damage_taken":[{"damage":0.0,"enemies":"Small Slimes","floor":1.0,"turns":1.0},{"damage":0.0,"enemies":"Cultist","floor":5.0,"turns":1.0},{"damage":0.0,"enemies":"Gremlin Nob","floor":6.0,"turns":1.0},{"damage":0.0,"enemies":"Jaw Worm","floor":7.0,"turns":4.0},{"damage":0.0,"enemies":"2 Fungi Beasts","floor":10.0,"turns":3.0},{"damage":26.0,"enemies":"Lagavulin","floor":12.0,"turns":6.0},{"damage":1.0,"enemies":"Looter","floor":14.0,"turns":3.0},{"damage":26.0,"enemies":"Slime Boss","floor":16.0,"turns":7.0},{"damage":0.0,"enemies":"3 Byrds","floor":18.0,"turns":2.0},{"damage":4.0,"enemies":"Spheric Guardian","floor":20.0,"turns":5.0},{"damage":4.0,"enemies":"3 Cultists","floor":22.0,"turns":4.0},{"damage":0.0,"enemies":"Slavers","floor":24.0,"turns":3.0},{"damage":0.0,"enemies":"Snake Plant","floor":25.0,"turns":3.0},{"damage":7.0,"enemies":"Snecko","floor":28.0,"turns":3.0},{"damage":0.0,"enemies":"Chosen and Byrds","floor":29.0,"turns":5.0},{"damage":0.0,"enemies":"3 Cultists","floor":30.0,"turns":4.0},{"damage":0.0,"enemies":"Centurion and Healer","floor":31.0,"turns":5.0},{"damage":22.0,"enemies":"Champ","floor":33.0,"turns":10.0},{"damage":7.0,"enemies":"3 Shapes","floor":35.0,"turns":7.0},{"damage":0.0,"enemies":"Orb Walker","floor":36.0,"turns":3.0},{"damage":15.0,"enemies":"Transient","floor":37.0,"turns":6.0},{"damage":0.0,"enemies":"Mind Bloom Boss Battle","floor":38.0,"turns":3.0},{"damage":8.0,"enemies":"Jaw Worm Horde","floor":39.0,"turns":5.0},{"damage":0.0,"enemies":"Giant Head","floor":40.0,"turns":3.0},{"damage":0.0,"enemies":"Reptomancer","floor":42.0,"turns":3.0},{"damage":0.0,"enemies":"Maw","floor":48.0,"turns":3.0},{"damage":0.0,"enemies":"Giant Head","floor":49.0,"turns":5.0},{"damage":19.0,"enemies":"Time Eater","floor":51.0,"turns":6.0},{"damage":10.0,"enemies":"Awakened One","floor":52.0,"turns":6.0},{"damage":18.0,"enemies":"Shield and Spear","floor":56.0,"turns":4.0},{"damage":25,"enemies":"The Heart","floor":57,"turns":5}],"seed_played":"2611398159056786638","potions_obtained":[{"floor":7.0,"key":"LiquidBronze"},{"floor":14.0,"key":"Weak Potion"},{"floor":19.0,"key":"SpeedPotion"},{"floor":29.0,"key":"ColorlessPotion"},{"floor":35.0,"key":"FearPotion"},{"floor":42.0,"key":"Explosive Potion"},{"floor":49.0,"key":"Fruit Juice"}],"is_trial":false,"path_per_floor":["M","?","$","T","M","E","M","R","T","M","R","E","R","M","R","B",null,"M","?","M","$","M","R","E","M","T","R","M","M","M","M","R","B",null,"M","M","M","?","M","E","R","E","T","R","$","R","?","M","E","R","B","B",null,"R","$","E","B",null],"character_chosen":"THE_SILENT","items_purchased":["Escape Plan","Flash of Steel","Dark Shackles","DistilledChaos","Footwork","Chemical X","Happy Flower","CunningPotion"],"campfire_rested":2,"item_purchase_floors":[3,21,45,55,55,55,55,55],"current_hp_per_floor":[59,59,59,59,59,59,59,59,59,59,59,33,33,32,32,6,51,51,51,47,47,43,43,43,43,43,43,36,36,36,36,36,14,53,46,46,31,31,23,23,42,42,42,61,61,61,61,61,66,66,47,52,64,64,64,46,21],"gold":114,"neow_bonus":"THREE_ENEMY_KILL","is_daily":false,"chose_seed":false,"campfire_upgraded":9,"win_rate":0.0,"timestamp":1610471018,"path_taken":["M","?","$","?","M","E","M","R","T","M","R","E","R","M","R","BOSS","M","?","M","$","?","R","E","M","T","R","M","M","M","M","R","BOSS","M","M","M","?","M","E","R","E","T","R","$","R","?","M","E","R","BOSS","BOSS","R","$","E","BOSS"],"items_purchased_type":["Card","Card","Card","Potion","Card","Relic","Relic","Potion"],"build_version":"2020-12-22","purchased_purges":4,"victory":true,"max_hp_per_floor":[66,66,66,66,66,66,66,66,66,66,66,66,66,66,66,66,66,66,66,66,66,66,66,66,66,66,66,66,66,66,66,66,66,66,66,66,66,66,66,66,66,66,66,66,66,66,63,63,68,68,68,68,68,68,68,68,68],"card_choices":[{"not_picked":["Cloak And Dagger","Deadly Poison"],"picked":"PiercingWail","floor":1.0},{"not_picked":["Backflip","Deadly Poison"],"picked":"Eviscerate","floor":5.0},{"not_picked":["Backflip","Outmaneuver","Night Terror"],"picked":"SKIP","floor":6.0},{"not_picked":["Accuracy","Finisher"],"picked":"Catalyst","floor":7.0},{"not_picked":["Footwork","Dodge and Roll"],"picked":"PiercingWail","floor":10.0},{"not_picked":["Deadly Poison","Backflip"],"picked":"Infinite Blades","floor":12.0},{"not_picked":["Poisoned Stab","Slice"],"picked":"PiercingWail","floor":14.0},{"not_picked":["Envenom","Tools of the Trade"],"picked":"After Image","floor":16.0},{"not_picked":["Blur+1","Deflect"],"picked":"Cloak And Dagger","floor":18.0},{"not_picked":["Flying Knee","Underhanded Strike+1"],"picked":"Terror+1","floor":20.0},{"not_picked":["Slice","Flying Knee"],"picked":"Doppelganger","floor":22.0},{"not_picked":["Choke","Flechettes","Slice"],"picked":"SKIP","floor":24.0},{"not_picked":["Flechettes","PiercingWail"],"picked":"Accuracy+1","floor":25.0},{"not_picked":["Poisoned Stab","Slice"],"picked":"Acrobatics","floor":28.0},{"not_picked":["All Out Attack","Dagger Throw","Flying Knee"],"picked":"SKIP","floor":29.0},{"not_picked":["Slice","Poisoned Stab"],"picked":"Blade Dance+1","floor":30.0},{"not_picked":["Deflect","Underhanded Strike+1"],"picked":"Prepared","floor":31.0},{"not_picked":["Glass Knife","Venomology"],"picked":"Burst","floor":33.0},{"not_picked":["Poisoned Stab","Flying Knee"],"picked":"Infinite Blades+1","floor":35.0},{"not_picked":["Poisoned Stab","Choke"],"picked":"Accuracy","floor":36.0},{"not_picked":["Deadly Poison","Underhanded Strike"],"picked":"Concentrate+1","floor":37.0},{"not_picked":["Quick Slash","Crippling Poison"],"picked":"Blade Dance+1","floor":39.0},{"not_picked":["Backflip","Dash+1"],"picked":"Cloak And Dagger+1","floor":40.0},{"not_picked":["A Thousand Cuts","Catalyst","Flechettes+1"],"picked":"SKIP","floor":42.0},{"not_picked":["Catalyst","Prepared","Blur+1"],"picked":"SKIP","floor":48.0},{"not_picked":["Blade Dance","Finisher"],"picked":"Adrenaline","floor":49.0},{"not_picked":["Night Terror","Underhanded Strike","Endless Agony+1"],"picked":"SKIP","floor":56.0},{"not_picked":["Night Terror","Underhanded Strike"],"picked":"Endless Agony+1","floor":56.0}],"player_experience":965634,"relics_obtained":[{"floor":4.0,"key":"MawBank"},{"floor":6.0,"key":"Dead Branch"},{"floor":9.0,"key":"Anchor"},{"floor":12.0,"key":"Ancient Tea Set"},{"floor":24.0,"key":"Boot"},{"floor":26.0,"key":"Potion Belt"},{"floor":38.0,"key":"Unceasing Top"},{"floor":40.0,"key":"Snake Skull"},{"floor":42.0,"key":"Old Coin"},{"floor":49.0,"key":"TungstenRod"},{"floor":56.0,"key":"Bag of Preparation"}],"event_choices":[{"damage_healed":0.0,"max_hp_gain":0.0,"max_hp_loss":0.0,"gold_gain":100.0,"event_name":"Wheel of Change","player_choice":"Gold","floor":2.0,"gold_loss":0.0,"damage_taken":0.0},{"damage_healed":0.0,"max_hp_gain":0.0,"max_hp_loss":0.0,"gold_gain":0.0,"event_name":"The Woman in Blue","player_choice":"Bought 1 Potion","floor":19.0,"gold_loss":0.0,"damage_taken":0.0},{"damage_healed":0.0,"max_hp_gain":0.0,"max_hp_loss":0.0,"gold_gain":0.0,"event_name":"MindBloom","player_choice":"Fight","floor":38.0,"gold_loss":0.0,"damage_taken":0.0},{"damage_healed":0.0,"max_hp_gain":0.0,"max_hp_loss":3.0,"gold_gain":0.0,"event_name":"Winding Halls","player_choice":"Max HP","floor":47.0,"gold_loss":0.0,"damage_taken":0.0}],"is_beta":false,"boss_relics":[{"not_picked":["Empty Cage","Runic Dome"],"picked":"Pandora\u0027s Box"},{"not_picked":["Runic Pyramid","Busted Crown"],"picked":"HoveringKite"}],"items_purged_floors":[3,21,45,55],"is_endless":false,"potions_floor_spawned":[7,14,16,20,25,29,35,36,42,49,56],"ascension_level":20}}