{"host":"91ruqvp7hiryodqd","time":1610492910,"event":{"mods":["BaseMod","Colored Map","Colored Powertips","Filter the Spire","Minty Spire (QoL Compilation)","Relic Stats","StSLib"],"gold_per_floor":[113,113,124,137,155,190,190,220,295,295,314,314,314,166,166,264,264,276,176,176,8,28,28,60,78,78,78,112,112,142,162,162,260,260,279,279,290,343,357,391,422,434,499,561,593,605,617,655,667,679,679],"floor_reached":50,"language":"ENG","playtime":2748,"items_purged":["Strike_G","Strike_G"],"score":668,"play_id":"79f26548-4a58-44a0-b436-f3bbd84e951e","local_time":"20210113060830","is_ascension_mode":false,"campfire_choices":[{"data":"Poisoned Stab","floor":7,"key":"SMITH"},{"data":"Die Die Die","floor":10,"key":"SMITH"},{"floor":15,"key":"REST"},{"data":"Poisoned Stab","floor":23,"key":"SMITH"},{"data":"Burst","floor":27,"key":"SMITH"},{"data":"Adrenaline","floor":32,"key":"SMITH"},{"data":"Backflip","floor":42,"key":"SMITH"},{"data":"Sadistic Nature","floor":49,"key":"SMITH"}],"circlet_count":0,"master_deck":["Strike_G","Defend_G","Defend_G+1","Defend_G","Survivor","Neutralize","Deadly Poison","Dagger Throw+1","Wraith Form v2","Backstab","Slice","Slice+1","Poisoned Stab+1","Die Die Die+1","Crippling Poison+1","Deadly Poison","Noxious Fumes","Adrenaline+1","Terror+1","Poisoned Stab+1","Caltrops","Blur","Sadistic Nature+1","Prepared","Poisoned Stab","Deadly Poison","Burst+1","Backflip+1","Deflect+1","Flying Knee","Unload","Endless Agony","Underhanded Strike","Slice+1","Bouncing Flask+1","Endless Agony+1","Dramatic Entrance"],"relics":["Black Star","FossilizedHelix","Sundial","Boot","Prayer Wheel","Eternal Feather","The Specimen","Meat on the Bone","TungstenRod","Lantern","Whetstone","Lizard Tail","Nloth\u0027s Gift","Unceasing Top","MealTicket","Busted Crown","Gambling Chip","Strawberry","MawBank","Bag of Preparation","Girya","White Beast Statue","Toxic Egg 2","Toy Ornithopter"],"acts_visited":["Exordium","TheCity","TheBeyond"],"potions_floor_usage":[16,28,30,33,39,44,50,50,50],"damage_taken":[{"damage":6,"enemies":"Jaw Worm","floor":1,"turns":7},{"damage":1,"enemies":"Cultist","floor":3,"turns":5},{"damage":1,"enemies":"Small Slimes","floor":4,"turns":3},{"damage":1,"enemies":"Exordium Wildlife","floor":5,"turns":4},{"damage":13,"enemies":"Gremlin Nob","floor":6,"turns":5},{"damage":20,"enemies":"3 Sentries","floor":8,"turns":11},{"damage":1,"enemies":"Blue Slaver","floor":11,"turns":4},{"damage":0,"enemies":"Slime Boss","floor":16,"turns":6},{"damage":14,"enemies":"Shell Parasite","floor":18,"turns":5},{"damage":5,"enemies":"Chosen","floor":22,"turns":4},{"damage":24,"enemies":"Book of Stabbing","floor":24,"turns":4},{"damage":9,"enemies":"Shelled Parasite and Fungi","floor":25,"turns":5},{"damage":16,"enemies":"Gremlin Leader","floor":28,"turns":3},{"damage":0,"enemies":"Book of Stabbing","floor":30,"turns":5},{"damage":0,"enemies":"Cultist and Chosen","floor":31,"turns":6},{"damage":64,"enemies":"Champ","floor":33,"turns":9},{"damage":20,"enemies":"3 Shapes","floor":35,"turns":3},{"damage":0,"enemies":"3 Darklings","floor":37,"turns":3},{"damage":19,"enemies":"2 Orb Walkers","floor":38,"turns":5},{"damage":0,"enemies":"Maw","floor":39,"turns":4},{"damage":18,"enemies":"Nemesis","floor":40,"turns":5},{"damage":0,"enemies":"Sphere and 2 Shapes","floor":41,"turns":3},{"damage":2,"enemies":"Mind Bloom Boss Battle","floor":44,"turns":6},{"damage":2,"enemies":"Writhing Mass","floor":45,"turns":4},{"damage":7,"enemies":"Giant Head","floor":48,"turns":6},{"damage":96,"enemies":"Time Eater","floor":50,"turns":9}],"seed_played":"7552850458788090492","potions_obtained":[{"floor":3,"key":"Dexterity Potion"},{"floor":8,"key":"FairyPotion"},{"floor":11,"key":"SteroidPotion"},{"floor":16,"key":"SteroidPotion"},{"floor":22,"key":"BlessingOfTheForge"},{"floor":31,"key":"EssenceOfSteel"},{"floor":33,"key":"LiquidMemories"},{"floor":37,"key":"Ancient Potion"},{"floor":41,"key":"Block Potion"},{"floor":48,"key":"GhostInAJar"}],"is_trial":false,"path_per_floor":["M","?","M","M","M","E","R","E","T","R","M","?","T","$","R","B",null,"M","$","?","$","M","R","E","M","T","R","E","?","E","M","R","B",null,"M","?","M","?","M","E","M","R","T","?","M","?","T","E","R","B"],"character_chosen":"THE_SILENT","items_purchased":["Noxious Fumes","Sadistic Nature"],"campfire_rested":1,"item_purchase_floors":[14,21],"current_hp_per_floor":[64,64,63,62,61,48,48,28,28,40,39,25,25,25,58,58,70,56,56,56,56,51,63,39,42,42,57,41,41,41,41,59,47,70,50,50,50,43,43,44,44,65,65,63,61,61,61,54,75,0,0],"gold":679,"neow_bonus":"BOSS_RELIC","is_daily":false,"chose_seed":false,"campfire_upgraded":7,"win_rate":0.0,"timestamp":1610492910,"path_taken":["M","?","M","?","M","E","R","E","T","R","M","?","?","?","R","BOSS","M","$","?","$","M","R","E","M","T","R","E","?","E","?","R","BOSS","M","?","M","?","M","E","M","R","T","?","?","?","?","E","R","BOSS"],"items_purchased_type":["Card","Card"],"build_version":"2020-12-22","purchased_purges":2,"victory":false,"max_hp_per_floor":[70,70,70,70,70,70,70,70,70,70,70,70,70,70,70,70,70,70,70,70,70,70,70,70,70,70,70,70,70,70,70,70,70,70,70,70,70,70,70,77,77,77,77,77,77,77,77,77,77,77,77],"relic_stats":{"counters":[26,134],"Eternal Feather":111,"Bag of Preparation":[9],"Whetstone":["Slice","Dagger Throw"],"Boot":[77],"MawBank":120,"Lizard Tail":35,"Busted Crown":30,"Sundial":[8],"Gambling Chip":[10],"Prayer Wheel":10,"MealTicket":0,"Black Star":7,"Nloth\u0027s Gift":2,"obtain_stats":[{"Lantern":26,"Bag of Preparation":43,"Whetstone":28,"Boot":8,"Empty Cage":17,"Lizard Tail":28,"Sundial":6,"Gambling Chip":38,"Strawberry":40,"Prayer Wheel":8,"MealTicket":30,"Toxic Egg 2":48,"Ring of the Snake":0,"Girya":44,"The Specimen":13,"Eternal Feather":9,"MawBank":40,"White Beast Statue":47,"Busted Crown":34,"Black Star":0,"Nloth\u0027s Gift":29,"FossilizedHelix":6,"TungstenRod":24,"Unceasing Top":30,"Toy Ornithopter":48,"Meat on the Bone":24},{"Lantern":12,"Bag of Preparation":22,"Whetstone":13,"Boot":6,"Empty Cage":8,"Lizard Tail":13,"Sundial":5,"Gambling Chip":19,"Strawberry":21,"Prayer Wheel":6,"MealTicket":14,"Toxic Egg 2":25,"Ring of the Snake":0,"Girya":23,"The Specimen":7,"Eternal Feather":6,"MawBank":21,"White Beast Statue":24,"Busted Crown":16,"Black Star":0,"Nloth\u0027s Gift":13,"FossilizedHelix":5,"TungstenRod":11,"Unceasing Top":14,"Toy Ornithopter":25,"Meat on the Bone":11},{"Lantern":63,"Bag of Preparation":109,"Whetstone":66,"Boot":35,"Empty Cage":45,"Lizard Tail":66,"Sundial":24,"Gambling Chip":97,"Strawberry":106,"Prayer Wheel":35,"MealTicket":71,"Toxic Egg 2":125,"Ring of the Snake":0,"Girya":115,"The Specimen":39,"Eternal Feather":35,"MawBank":106,"White Beast Statue":119,"Busted Crown":86,"Black Star":0,"Nloth\u0027s Gift":66,"FossilizedHelix":24,"TungstenRod":58,"Unceasing Top":71,"Toy Ornithopter":125,"Meat on the Bone":58}],"TungstenRod":38,"Unceasing Top":[65],"Toy Ornithopter":15,"Meat on the Bone":48},"card_choices":[{"not_picked":["Underhanded Strike","Leg Sweep"],"picked":"Deadly Poison","floor":1},{"not_picked":["Slice","Flying Knee"],"picked":"Backstab","floor":3},{"not_picked":["Masterful Stab","Blade Dance"],"picked":"Slice","floor":4},{"not_picked":["Backstab","Dodge and Roll"],"picked":"Slice","floor":5},{"not_picked":["Calculated Gamble","Infinite Blades"],"picked":"Poisoned Stab","floor":6},{"not_picked":["Deadly Poison","Deflect"],"picked":"Die Die Die","floor":8},{"not_picked":["Dagger Spray","Underhanded Strike"],"picked":"Crippling Poison","floor":11},{"not_picked":["Dodge and Roll","Tactician"],"picked":"Deadly Poison","floor":11},{"not_picked":["Die Die Die","Night Terror"],"picked":"Adrenaline","floor":16},{"not_picked":["Finisher","Blade Dance"],"picked":"Terror+1","floor":18},{"not_picked":["Predator+1","Dagger Spray"],"picked":"Poisoned Stab","floor":18},{"not_picked":["Quick Slash","Finisher"],"picked":"Prepared","floor":22},{"not_picked":["Riddle With Holes","Expertise","Dagger Throw+1"],"picked":"SKIP","floor":22},{"not_picked":["Crippling Poison+1","Acrobatics"],"picked":"Poisoned Stab","floor":24},{"not_picked":["Heel Hook+1","Flechettes"],"picked":"Deadly Poison","floor":25},{"not_picked":["Caltrops","Acrobatics"],"picked":"Burst","floor":25},{"not_picked":["Quick Slash","Dash"],"picked":"Backflip","floor":28},{"not_picked":["Burst","Wraith Form v2"],"picked":"Deflect+1","floor":30},{"not_picked":["Blade Dance","Outmaneuver"],"picked":"Flying Knee","floor":31},{"not_picked":["Outmaneuver","Dash","Dodge and Roll"],"picked":"SKIP","floor":31},{"not_picked":["A Thousand Cuts","Burst"],"picked":"Unload","floor":33},{"not_picked":[],"picked":"Endless Agony","floor":35},{"not_picked":["PiercingWail"],"picked":"SKIP","floor":35},{"not_picked":[],"picked":"Underhanded Strike","floor":37},{"not_picked":["Caltrops+1"],"picked":"SKIP","floor":37},{"not_picked":[],"picked":"Slice+1","floor":38},{"not_picked":[],"picked":"Bouncing Flask+1","floor":39},{"not_picked":["Dodge and Roll+1"],"picked":"SKIP","floor":39},{"not_picked":["Dagger Spray+1"],"picked":"SKIP","floor":40},{"not_picked":[],"picked":"Endless Agony+1","floor":41},{"not_picked":["Acrobatics"],"picked":"SKIP","floor":41},{"not_picked":["Dodge and Roll+1"],"picked":"SKIP","floor":45},{"not_picked":["Prepared+1"],"picked":"SKIP","floor":45},{"not_picked":[],"picked":"Dramatic Entrance","floor":46},{"not_picked":["All Out Attack"],"picked":"SKIP","floor":48}],"player_experience":11331,"relics_obtained":[{"floor":6,"key":"FossilizedHelix"},{"floor":6,"key":"Sundial"},{"floor":8,"key":"Boot"},{"floor":8,"key":"Prayer Wheel"},{"floor":9,"key":"Eternal Feather"},{"floor":13,"key":"The Specimen"},{"floor":24,"key":"Meat on the Bone"},{"floor":24,"key":"TungstenRod"},{"floor":26,"key":"Lantern"},{"floor":28,"key":"Whetstone"},{"floor":28,"key":"Lizard Tail"},{"floor":30,"key":"Unceasing Top"},{"floor":30,"key":"MealTicket"},{"floor":38,"key":"Gambling Chip"},{"floor":40,"key":"Strawberry"},{"floor":40,"key":"MawBank"},{"floor":43,"key":"Bag of Preparation"},{"floor":44,"key":"Girya"},{"floor":47,"key":"White Beast Statue"},{"floor":48,"key":"Toxic Egg 2"},{"floor":48,"key":"Toy Ornithopter"}],"event_choices":[{"damage_healed":0,"gold_gain":0,"player_choice":"2 cards matched","damage_taken":0,"max_hp_gain":0,"max_hp_loss":0,"event_name":"Match and Keep!","floor":2,"gold_loss":0,"cards_obtained":["Dagger Throw","Wraith Form v2"]},{"damage_healed":0,"gold_gain":0,"player_choice":"Entered Light","damage_taken":14,"max_hp_gain":0,"max_hp_loss":0,"event_name":"Shining Light","floor":12,"gold_loss":0,"cards_upgraded":["Defend_G","Crippling Poison"]},{"damage_healed":0,"gold_gain":0,"cards_transformed":["Defend_G","Defend_G"],"player_choice":"Became Test Subject","damage_taken":0,"max_hp_gain":0,"max_hp_loss":0,"event_name":"Drug Dealer","floor":20,"gold_loss":0,"cards_obtained":["Caltrops","Blur"]},{"damage_healed":0,"gold_gain":0,"player_choice":"Traded Relic","damage_taken":0,"relics_obtained":["Nloth\u0027s Gift"],"max_hp_gain":0,"max_hp_loss":0,"event_name":"N\u0027loth","floor":29,"relics_lost":["Empty Cage"],"gold_loss":0},{"damage_healed":0,"gold_gain":0,"player_choice":"Ignored","damage_taken":0,"max_hp_gain":0,"max_hp_loss":0,"event_name":"Tomb of Lord Red Mask","floor":36,"gold_loss":0},{"damage_healed":0,"gold_gain":0,"player_choice":"Fight","damage_taken":0,"max_hp_gain":0,"max_hp_loss":0,"event_name":"Mysterious Sphere","floor":38,"gold_loss":0},{"damage_healed":0,"gold_gain":0,"player_choice":"Fight","damage_taken":0,"max_hp_gain":0,"max_hp_loss":0,"event_name":"MindBloom","floor":44,"gold_loss":0},{"damage_healed":0,"gold_gain":0,"player_choice":"Memory 1","damage_taken":0,"max_hp_gain":0,"max_hp_loss":0,"event_name":"SensoryStone","floor":46,"gold_loss":0}],"is_beta":false,"boss_relics":[{"not_picked":["Tiny House","WristBlade"],"picked":"Empty Cage"},{"not_picked":["SacredBark","Fusion Hammer"],"picked":"Busted Crown"}],"items_purged_floors":[14,19],"is_endless":false,"potions_floor_spawned":[3,8,11,16,22,24,25,31,33,37,41,48],"killed_by":"Time Eater","ascension_level":0}}