{"host":"ttzdpsscxkem3xrs","time":1610431250,"event":{"mods":["BaseMod","Colored Map","Downfall","Minty Spire (QoL Compilation)","Replay The Spire","StSLib","The Cursed","The Hierophant"],"gold_per_floor":[0,20,20,5,0,35,35,35,47,78,92,117,117,134,153,255,255,180,198,298,398,416,416,416,449,449,463,463,474,502,502,515,617,617,542,562,575,575,593,593,593,593],"floor_reached":40,"playtime":6972,"items_purged":[],"score":573,"play_id":"285481fe-e2ef-4586-80f4-b7d10056efb1","local_time":"20210111220050","is_ascension_mode":true,"campfire_choices":[{"data":"hexamod:Sear","floor":1,"key":"SMITH"},{"floor":8,"key":"REST"},{"floor":18,"key":"REST"},{"floor":26,"key":"REST"},{"floor":28,"key":"RECALL"},{"floor":35,"key":"REST"}],"circlet_count":0,"master_deck":["hexamod:Sear+1","hexamod:SpectersWail","hexamod:NightmareGuise","hexamod:RainOfEmbers","hexamod:FastForward","hexamod:StepThrough","hexamod:InspiringFlames","hexamod:EmpoweredFlame","hexamod:HeatCrush","hexamod:BurningTouch","hexamod:SearingWound","hexamod:TurnItUp","hexamod:FirstSeal","hexamod:RetreatToShadows","hexamod:VolcanoVisage","hexamod:DynamicBlow+1","hexamod:FastForward","hexamod:GhostOfSpirePresent","hexamod:GhostflameBarrier","hexamod:SoulSteal","J.A.X.","hexamod:StepThrough+1","hexamod:RadiantFlame+1","hexamod:RetreatToShadows","hexamod:GhostOfSpireFuture+1","hexamod:FastForward","hexamod:UnlimitedPower","hexamod:UnlimitedPower","hexamod:GhostflameBarrier","hexamod:NightmareGuise+1"],"relics":["hexamod:SpiritBrand","Dream Catcher","Mummified Hand","Replay:Baseball","Simple Rune","Fusion Hammer","downfall:HeartBlessingGreen","MutagenicStrength","Gremlin Horn","Blue Candle","Mirror","Empty Cage","downfall:HeartBlessingRed"],"acts_visited":["Exordium","TheCity","TheBeyond"],"potions_floor_usage":[5,14,16,16,20,27,30,33,37,39],"damage_taken":[{"damage":0,"enemies":"Small Slimes","floor":2,"turns":3},{"damage":0,"enemies":"downfall:FleeingMerchant","floor":4,"turns":4},{"damage":0,"enemies":"downfall:FleeingMerchant","floor":5,"turns":4},{"damage":21,"enemies":"Replay:BlueRogue","floor":6,"turns":4},{"damage":0,"enemies":"Cultist","floor":9,"turns":3},{"damage":9,"enemies":"Lagavulin","floor":10,"turns":7},{"damage":0,"enemies":"2 Louse","floor":11,"turns":3},{"damage":0,"enemies":"Replay:BlueRogue","floor":12,"turns":3},{"damage":2,"enemies":"Lots of Slimes","floor":14,"turns":3},{"damage":0,"enemies":"3 Louse","floor":15,"turns":4},{"damage":24,"enemies":"downfall:Defect","floor":16,"turns":5},{"damage":0,"enemies":"Spheric Guardian","floor":19,"turns":3},{"damage":15,"enemies":"downfall:Augmenter","floor":20,"turns":4},{"damage":8,"enemies":"Shell Parasite","floor":22,"turns":3},{"damage":2,"enemies":"Replay:Snechameleon","floor":25,"turns":4},{"damage":9,"enemies":"Shelled Parasite and Fungi","floor":27,"turns":4},{"damage":0,"enemies":"Centurion and Healer","floor":29,"turns":4},{"damage":17,"enemies":"Slavers","floor":30,"turns":3},{"damage":3,"enemies":"Cultist and Chosen","floor":32,"turns":4},{"damage":7,"enemies":"downfall:Watcher","floor":33,"turns":7},{"damage":9,"enemies":"Orb Walker","floor":36,"turns":2},{"damage":27,"enemies":"3 Darklings","floor":37,"turns":3},{"damage":23,"enemies":"Jaw Worm Horde","floor":39,"turns":4},{"damage":35,"enemies":"Transient","floor":40,"turns":5}],"seed_played":"7362388052981772585","potions_obtained":[{"floor":2,"key":"hexamod:InfernoChargePotion"},{"floor":3,"key":"SkillPotion"},{"floor":3,"key":"PowerPotion"},{"floor":10,"key":"SpeedPotion"},{"floor":11,"key":"Strength Potion"},{"floor":14,"key":"Adrenaline Potion"},{"floor":25,"key":"DistilledChaos"},{"floor":27,"key":"Strength Potion"},{"floor":29,"key":"Toxic Potion"},{"floor":30,"key":"PowerPotion"},{"floor":33,"key":"PowerPotion"},{"floor":36,"key":"Explosive Potion"},{"floor":39,"key":"sneckomod:MuddlingPotion"}],"is_trial":false,"path_per_floor":["R_BF","M","?","$","$","E","T","R","M","E","M","E","?","M","M","B",null,"R","M","?","?","M","?","T","E","R","M","R","M","E","?","M","B",null,"R_BF","M","M","?","M","M"],"character_chosen":"THE_SPIRIT","items_purchased":[],"campfire_rested":4,"item_purchase_floors":[],"current_hp_per_floor":[70,70,70,70,70,49,49,70,70,61,61,61,61,59,66,42,70,70,70,62,62,61,61,61,59,70,61,61,68,58,58,55,55,70,70,68,48,48,32,0,0,0],"gold":593,"neow_bonus":"TRANSFORM_TWO_CARDS","is_daily":false,"chose_seed":false,"campfire_upgraded":1,"win_rate":0.0,"timestamp":1610431250,"path_taken":["R_BF","M","?","?","$","E","T","R","M","E","M","E","?","M","M","BOSS","R","M","?","?","?","?","T","E","R","M","R","M","E","?","M","BOSS","R_BF","M","M","?","?","M"],"items_purchased_type":[],"build_version":"2020-12-22","purchased_purges":0,"victory":false,"max_hp_per_floor":[70,70,70,70,70,70,70,70,70,70,70,70,70,70,70,70,70,70,70,70,70,70,70,70,70,70,70,70,70,70,70,70,70,70,70,70,70,70,70,70,70,70],"card_choices":[{"not_picked":["hexamod:EmpoweredFlame","hexamod:Hexaguard"],"picked":"hexamod:RainOfEmbers","floor":2},{"not_picked":["hexamod:Hexaguard","hexamod:Incineration"],"picked":"hexamod:FastForward","floor":4},{"not_picked":["hexamod:NightmareStrike","hexamod:HauntingEcho"],"picked":"hexamod:StepThrough","floor":5},{"not_picked":["hexamod:Firestarter","hexamod:RadiantFlame"],"picked":"hexamod:InspiringFlames","floor":6},{"not_picked":["hexamod:BacktrackSmack","hexamod:GhostShield"],"picked":"hexamod:EmpoweredFlame","floor":8},{"not_picked":["hexamod:SpectersWail","hexamod:BacktrackSmack","hexamod:GhostLash"],"picked":"SKIP","floor":9},{"not_picked":["hexamod:NightmareGuise","hexamod:GiftsFromTheDead"],"picked":"hexamod:HeatCrush","floor":10},{"not_picked":["hexamod:Hexaguard","hexamod:NightmareStrike"],"picked":"hexamod:BurningTouch","floor":11},{"not_picked":["hexamod:HeatShield","hexamod:HeatCrush"],"picked":"hexamod:SearingWound","floor":12},{"not_picked":["hexamod:Hexaguard","hexamod:FlamesFromBeyond"],"picked":"hexamod:FirstSeal","floor":14},{"not_picked":["hexamod:ExtraCrispy","hexamod:FirstSeal"],"picked":"hexamod:RetreatToShadows","floor":15},{"not_picked":["hexamod:SixthSeal","hexamod:ApocalypseNow"],"picked":"hexamod:VolcanoVisage","floor":16},{"not_picked":["hexamod:Firestarter","hexamod:GhostShield"],"picked":"hexamod:DynamicBlow+1","floor":18},{"not_picked":["hexamod:GhostShield","hexamod:AdvancingGuard"],"picked":"hexamod:FastForward","floor":19},{"not_picked":["hexamod:SecondSeal","hexamod:EmpoweredFlame"],"picked":"hexamod:SoulSteal","floor":20},{"not_picked":[],"picked":"J.A.X.","floor":20},{"not_picked":["hexamod:SpectersWail","hexamod:HauntingEcho"],"picked":"hexamod:StepThrough+1","floor":22},{"not_picked":["hexamod:SuperheatedStrike+1","hexamod:BurningTouch+1"],"picked":"hexamod:RadiantFlame+1","floor":25},{"not_picked":["hexamod:HauntingEcho","hexamod:FifthSeal"],"picked":"hexamod:RetreatToShadows","floor":26},{"not_picked":["hexamod:AdvancingGuard","hexamod:HauntingEcho"],"picked":"hexamod:GhostOfSpireFuture+1","floor":27},{"not_picked":["hexamod:SpectersWail","hexamod:AdvancingGuard"],"picked":"hexamod:FastForward","floor":29},{"not_picked":["hexamod:EtherealExpedition","hexamod:NightmareGuise"],"picked":"hexamod:UnlimitedPower","floor":30},{"not_picked":["hexamod:InspiringFlames","hexamod:SpectralSpark","hexamod:RainOfEmbers"],"picked":"SKIP","floor":32},{"not_picked":["hexamod:Toasty","hexamod:VolcanoVisage"],"picked":"hexamod:UnlimitedPower","floor":33},{"not_picked":["hexamod:NightmareStrike","hexamod:Hexaguard"],"picked":"hexamod:GhostflameBarrier","floor":36},{"not_picked":["hexamod:SuperheatedStrike","hexamod:CatchUp","hexamod:InspiringFlames+1"],"picked":"SKIP","floor":37},{"not_picked":["hexamod:ThermalTransfer+1","hexamod:BurningTouch"],"picked":"hexamod:NightmareGuise+1","floor":39}],"player_experience":1338573,"relics_obtained":[{"floor":6,"key":"Dream Catcher"},{"floor":7,"key":"Mummified Hand"},{"floor":10,"key":"Replay:Baseball"},{"floor":12,"key":"Simple Rune"},{"floor":20,"key":"MutagenicStrength"},{"floor":24,"key":"Gremlin Horn"},{"floor":25,"key":"Blue Candle"},{"floor":30,"key":"Mirror"}],"event_choices":[{"damage_healed":0,"gold_gain":0,"player_choice":"Got Potions","damage_taken":0,"max_hp_gain":0,"max_hp_loss":0,"event_name":"Lab","floor":3,"gold_loss":0},{"damage_healed":0,"gold_gain":0,"cards_transformed":["hexamod:Defend"],"player_choice":"Transformed","damage_taken":0,"max_hp_gain":0,"max_hp_loss":0,"event_name":"Transmorgrifier","floor":13,"gold_loss":0,"cards_obtained":["hexamod:TurnItUp"]},{"damage_healed":0,"gold_gain":0,"player_choice":"Ignored","damage_taken":0,"max_hp_gain":0,"max_hp_loss":0,"event_name":"Vampires","floor":23,"gold_loss":0},{"cards_removed":["hexamod:Strike"],"damage_healed":0,"gold_gain":0,"player_choice":"Purged","damage_taken":0,"max_hp_gain":0,"max_hp_loss":0,"event_name":"Purifier","floor":38,"gold_loss":0}],"is_beta":false,"boss_relics":[{"not_picked":["Calling Bell","Replay:Wanted Poster"],"picked":"Fusion Hammer"},{"not_picked":["Snecko Eye","Honey Jar"],"picked":"Empty Cage"}],"items_purged_floors":[],"is_endless":false,"potions_floor_spawned":[2,10,11,12,14,15,25,27,29,30,33,36,39],"killed_by":"Transient","ascension_level":1}}