{"host":"8i4doyxqctgl5qb0","time":1610429034,"event":{"mods":["AchievementEnabler","BaseMod","Block Reminder","Colored Powertips","Downfall","Hermit","Minty Spire (QoL Compilation)","Permanent Neow","Potion Indicator Mod","Rare Cards Sparkle","StSLib","SuperFastMode","The Jungle"],"gold_per_floor":[116,42,56,56,56,56,68,68,68,93,93,109,109,144,144,272,272,297,224,224,30,30,56,56,66,66,66,66,66,83,3,3,98,98,114,43,62,62,62,62,62,62,86,86,86,104,120,120,120,120,120],"floor_reached":50,"playtime":1293,"items_purged":[],"score":683,"play_id":"49493c16-c780-46d5-806a-e41669e4d27e","local_time":"20210112132354","is_ascension_mode":true,"campfire_choices":[{"data":"Hello World","floor":6.0,"key":"SMITH"},{"data":"Zap","floor":13.0,"key":"SMITH"},{"floor":15.0,"key":"REST"},{"floor":24.0,"key":"REST"},{"floor":27.0,"key":"REST"},{"data":"Echo Form","floor":29.0,"key":"SMITH"},{"floor":32.0,"key":"REST"},{"floor":40.0,"key":"REST"},{"floor":42.0,"key":"REST"},{"data":"Buffer","floor":44.0,"key":"SMITH"},{"floor":49.0,"key":"REST"}],"circlet_count":0,"master_deck":["Zap+1","Dualcast","Defragment","Turbo","Hello World+1","Hologram","Conserve Battery","Buffer+1","Echo Form+1","Creative AI+1","Defragment+1","Seek+1","Ball Lightning","Storm","Hello World","Conserve Battery","Loop+1","Conserve Battery","Hologram+1","Loop","Echo Form","Chill","Sunder","Hello World","Conserve Battery","Madness","Madness","Chaos+1","Leap+1"],"relics":["Cracked Core","NeowsBlessing","Bloody Idol","Oddly Smooth Stone","Singing Bowl","Bottled Lightning","Astrolabe","Happy Flower","Smiling Mask","Pandora\u0027s Box","DataDisk","Eternal Feather"],"acts_visited":["Exordium","TheCity","TheBeyond"],"potions_floor_usage":[50,50,50,50,50],"damage_taken":[{"damage":0.0,"enemies":"Small Slimes","floor":1.0,"turns":1.0},{"damage":0.0,"enemies":"Jaw Worm","floor":3.0,"turns":1.0},{"damage":0.0,"enemies":"2 Louse","floor":7.0,"turns":1.0},{"damage":7.0,"enemies":"Blue Slaver","floor":10.0,"turns":4.0},{"damage":3.0,"enemies":"Looter","floor":12.0,"turns":4.0},{"damage":9.0,"enemies":"Lagavulin","floor":14.0,"turns":6.0},{"damage":27.0,"enemies":"Slime Boss","floor":16.0,"turns":14.0},{"damage":16.0,"enemies":"Spheric Guardian","floor":18.0,"turns":5.0},{"damage":42.0,"enemies":"Book of Stabbing","floor":23.0,"turns":6.0},{"damage":4.0,"enemies":"Chosen","floor":25.0,"turns":4.0},{"damage":19.0,"enemies":"3 Cultists","floor":30.0,"turns":5.0},{"damage":25.0,"enemies":"Automaton","floor":33.0,"turns":7.0},{"damage":14.0,"enemies":"Orb Walker","floor":35.0,"turns":5.0},{"damage":35.0,"enemies":"3 Shapes","floor":37.0,"turns":5.0},{"damage":38.0,"enemies":"Spire Growth","floor":46.0,"turns":6.0},{"damage":39.0,"enemies":"Jaw Worm Horde","floor":47.0,"turns":6.0},{"damage":63,"enemies":"Awakened One","floor":50,"turns":4}],"seed_played":"7842201876231080647","potions_obtained":[{"floor":1.0,"key":"Ancient Potion"},{"floor":12.0,"key":"Fire Potion"},{"floor":16.0,"key":"Ancient Potion"},{"floor":23.0,"key":"LiquidMemories"},{"floor":25.0,"key":"DistilledChaos"},{"floor":33.0,"key":"BlessingOfTheForge"},{"floor":35.0,"key":"EssenceOfSteel"}],"is_trial":false,"path_per_floor":["M","$","M","?","?","R","M","?","T","M","?","M","R","E","R","B",null,"M","$","?","$","?","E","R","M","T","R","?","R","M","$","R","B",null,"M","$","M","?","?","R","?","R","T","R","?","M","M","T","R","B"],"character_chosen":"DEFECT","items_purchased":["Defragment","Storm","Hello World","Conserve Battery","EntropicBrew","Loop","Hello World"],"campfire_rested":7,"item_purchase_floors":[2,19,21,21,21,31,36],"current_hp_per_floor":[68,68,68,61,61,61,61,61,61,54,42,41,41,32,55,28,65,49,49,49,49,49,12,35,36,36,59,59,59,45,45,68,48,70,63,63,33,33,33,56,46,69,74,74,89,56,22,22,63,0,0],"gold":120,"neow_bonus":"THREE_ENEMY_KILL","is_daily":false,"chose_seed":false,"campfire_upgraded":4,"win_rate":0.0,"timestamp":1610429034,"path_taken":["M","$","M","?","?","R","M","?","T","M","?","M","R","E","R","BOSS","M","$","?","$","?","E","R","M","T","R","?","R","M","?","R","BOSS","M","$","M","?","?","R","?","R","T","R","?","?","M","?","R","BOSS"],"items_purchased_type":["Card","Card","Card","Card","Potion","Card","Card"],"build_version":"2020-12-22","purchased_purges":0,"victory":false,"max_hp_per_floor":[75,75,75,75,75,75,75,75,75,75,75,77,77,77,77,77,77,77,77,77,77,77,77,77,77,77,77,77,77,77,77,77,77,77,79,79,79,79,79,79,79,79,79,79,89,89,89,89,89,89,89],"card_choices":[{"not_picked":["Melter","Genetic Algorithm","Beam Cell"],"picked":"SKIP","floor":1.0},{"not_picked":["Barrage","Streamline"],"picked":"Turbo","floor":3.0},{"not_picked":["Redo","Recycle"],"picked":"Hologram","floor":7.0},{"not_picked":["Steam","Double Energy"],"picked":"Conserve Battery","floor":10.0},{"not_picked":["Turbo","Leap","Hologram"],"picked":"Singing Bowl","floor":12.0},{"not_picked":["Recycle","Buffer","Glacier"],"picked":"SKIP","floor":14.0},{"not_picked":["Recycle","Glacier"],"picked":"Buffer","floor":14.0},{"not_picked":["Electrodynamics","Rainbow"],"picked":"Echo Form","floor":16.0},{"not_picked":["Beam Cell","Gash"],"picked":"Ball Lightning","floor":18.0},{"not_picked":["Darkness","Beam Cell"],"picked":"Loop+1","floor":23.0},{"not_picked":["Redo+1","Thunder Strike"],"picked":"Conserve Battery","floor":25.0},{"not_picked":["Steam","Streamline"],"picked":"Hologram+1","floor":30.0},{"not_picked":["Meteor Strike","Seek"],"picked":"Echo Form","floor":33.0},{"not_picked":["Leap+1","Steam","Sweeping Beam+1"],"picked":"Singing Bowl","floor":35.0},{"not_picked":["Auto Shields","Scrape"],"picked":"Conserve Battery","floor":37.0},{"not_picked":["Steam+1","Go for the Eyes"],"picked":"Chaos+1","floor":46.0},{"not_picked":["Hologram","Blizzard"],"picked":"Leap+1","floor":47.0}],"player_experience":160971,"relics_obtained":[{"floor":9.0,"key":"Oddly Smooth Stone"},{"floor":14.0,"key":"Bottled Lightning"},{"floor":23.0,"key":"Happy Flower"},{"floor":26.0,"key":"Smiling Mask"},{"floor":43.0,"key":"DataDisk"},{"floor":48.0,"key":"Eternal Feather"}],"event_choices":[{"cards_removed":["Strike_B"],"damage_healed":0.0,"max_hp_gain":0.0,"max_hp_loss":0.0,"gold_gain":0.0,"event_name":"Golden Wing","player_choice":"Card Removal","floor":4.0,"gold_loss":0.0,"damage_taken":7.0},{"damage_healed":0.0,"max_hp_gain":0.0,"max_hp_loss":0.0,"gold_gain":0.0,"cards_transformed":["Strike_B"],"event_name":"Living Wall","player_choice":"Change","floor":5.0,"gold_loss":0.0,"damage_taken":0.0,"cards_obtained":["Hello World"]},{"damage_healed":0.0,"max_hp_gain":0.0,"max_hp_loss":0.0,"gold_gain":0.0,"event_name":"Golden Idol","player_choice":"Take Wound","floor":8.0,"gold_loss":0.0,"damage_taken":0.0,"relics_obtained":["Golden Idol"],"cards_obtained":["Injury"]},{"damage_healed":0.0,"max_hp_gain":0.0,"max_hp_loss":0.0,"gold_gain":0.0,"event_name":"Scrap Ooze","player_choice":"Success","floor":11.0,"gold_loss":0.0,"damage_taken":12.0,"relics_obtained":["Singing Bowl"]},{"cards_removed":["Injury"],"damage_healed":0.0,"max_hp_gain":0.0,"max_hp_loss":0.0,"gold_gain":0.0,"event_name":"Back to Basics","player_choice":"Elegance","floor":20.0,"gold_loss":0.0,"damage_taken":0.0},{"damage_healed":0.0,"max_hp_gain":0.0,"max_hp_loss":0.0,"gold_gain":0.0,"event_name":"Forgotten Altar","player_choice":"Gave Idol","floor":22.0,"relics_lost":["Golden Idol"],"gold_loss":0.0,"damage_taken":0.0,"relics_obtained":["Bloody Idol"]},{"damage_healed":0.0,"max_hp_gain":0.0,"max_hp_loss":0.0,"gold_gain":0.0,"event_name":"The Moai Head","player_choice":"Ignored","floor":38.0,"gold_loss":0.0,"damage_taken":0.0},{"damage_healed":0.0,"max_hp_gain":0.0,"max_hp_loss":0.0,"gold_gain":0.0,"event_name":"Mysterious Sphere","player_choice":"Ignored","floor":39.0,"gold_loss":0.0,"damage_taken":0.0},{"damage_healed":0.0,"max_hp_gain":0.0,"max_hp_loss":0.0,"gold_gain":0.0,"event_name":"Winding Halls","player_choice":"Embrace Madness","floor":41.0,"gold_loss":0.0,"damage_taken":10.0,"cards_obtained":["Madness","Madness"]},{"cards_removed":["Thunder Strike"],"damage_healed":5.0,"max_hp_gain":10.0,"max_hp_loss":0.0,"gold_gain":0.0,"event_name":"Bonfire Elementals","player_choice":"Offered Rare","floor":45.0,"gold_loss":0.0,"damage_taken":0.0}],"is_beta":false,"boss_relics":[{"not_picked":["SlaversCollar","Runic Pyramid"],"picked":"Astrolabe"},{"not_picked":["Coffee Dripper","Snecko Eye"],"picked":"Pandora\u0027s Box"}],"items_purged_floors":[],"is_endless":false,"potions_floor_spawned":[1,12,16,23,25,33,35],"killed_by":"Awakened One","ascension_level":9}}