{"host":"upk85iu3rnh2l1yz","time":1610430450,"event":{"mods":["BaseMod","Downfall","Hermit","Minty Spire (QoL Compilation)","Replay The Spire","StSLib","The Cursed","The Servant 0.9.4"],"gold_per_floor":[111,111,111,124,48,48,48,75,75,75,75,1,1,1,1,1,1,131,131,144,159,159,159],"floor_reached":22,"playtime":1017,"items_purged":["Injury"],"score":178,"play_id":"ae514ec8-f21b-462c-a335-4778c1094796","local_time":"20210112134730","is_ascension_mode":false,"campfire_choices":[{"data":"Inflame","floor":6,"key":"SMITH"},{"floor":10,"key":"REST"},{"data":"KidneyShot","floor":17,"key":"SMITH"}],"circlet_count":0,"master_deck":["Strike_S","Strike_S","Strike_S","Strike_S","Defend_S","Defend_S","Defend_S","Defend_S","KidneyShot+1","Exchange","Potential","Inflame+1","Flex","Inflame+1","Misdirection","Starlight+1","Demon Form","Misdirection","Revamp+1"],"relics":["m_ScarletBlood","Replay:Wax Seal","Smiling Mask","Golden Idol","MysterySword"],"acts_visited":["Exordium","TheCity"],"potions_floor_usage":[21,21],"damage_taken":[{"damage":2,"enemies":"Small Slimes","floor":1,"turns":5},{"damage":6,"enemies":"Jaw Worm","floor":4,"turns":5},{"damage":41,"enemies":"Gremlin Nob","floor":8,"turns":5},{"damage":18,"enemies":"The Guardian","floor":18,"turns":9},{"damage":46,"enemies":"Spheric Guardian","floor":20,"turns":6},{"damage":17,"enemies":"2 Thieves","floor":21,"turns":3},{"damage":19,"enemies":"Centurion and Healer","floor":22,"turns":1}],"seed_played":"6354076348530962624","potions_obtained":[{"floor":18,"key":"DuplicationPotion"},{"floor":20,"key":"Toxic Potion"}],"is_trial":false,"path_per_floor":["M","?","?","M","$","R","T","E","T","R","?","$","?","PTL","PTL","?","R","B",null,"M","M","M"],"character_chosen":"THE_SERVANT","items_purchased":["Inflame","Starlight"],"campfire_rested":1,"item_purchase_floors":[5,12],"current_hp_per_floor":[69,69,69,63,63,63,63,22,22,43,43,43,48,48,48,48,48,30,76,30,13,0,0],"gold":159,"neow_bonus":"TEN_PERCENT_HP_BONUS","is_daily":false,"chose_seed":false,"campfire_upgraded":2,"win_rate":0.0,"timestamp":1610430450,"path_taken":["M","?","?","M","$","R","?","E","T","R","?","?","?","PTL","PTL","?","R","BOSS","M","M","?"],"items_purchased_type":["Card","Card"],"build_version":"2020-12-22","purchased_purges":1,"victory":false,"max_hp_per_floor":[71,71,71,71,71,71,71,71,71,71,71,71,76,76,76,76,76,76,76,76,76,76,76],"card_choices":[{"not_picked":["ShatteredReality","FastForward"],"picked":"Potential","floor":1},{"not_picked":["TimeWarp","Rewind"],"picked":"Flex","floor":4},{"not_picked":["Rewind","BottledTime"],"picked":"Misdirection","floor":8},{"not_picked":["FloweringNight","Solidify"],"picked":"Demon Form","floor":18},{"not_picked":["FastForward","Potential"],"picked":"Misdirection","floor":20},{"not_picked":["Replace","BottledTime"],"picked":"Revamp+1","floor":21}],"player_experience":141915,"relics_obtained":[{"floor":8,"key":"Replay:Wax Seal"},{"floor":9,"key":"Smiling Mask"}],"event_choices":[{"damage_healed":0,"gold_gain":0,"player_choice":"Grow","damage_taken":0,"max_hp_gain":0,"max_hp_loss":0,"event_name":"Living Wall","floor":3,"gold_loss":0,"cards_upgraded":["Inflame"]},{"damage_healed":0,"gold_gain":0,"player_choice":"Take Wound","damage_taken":0,"relics_obtained":["Golden Idol"],"max_hp_gain":0,"max_hp_loss":0,"event_name":"Golden Idol","floor":11,"gold_loss":0,"cards_obtained":["Injury"]},{"damage_healed":0,"gold_gain":0,"player_choice":"Donut","damage_taken":0,"max_hp_gain":5,"max_hp_loss":0,"event_name":"Big Fish","floor":13,"gold_loss":0},{"damage_healed":0,"gold_gain":0,"player_choice":"Upgraded","damage_taken":0,"max_hp_gain":0,"max_hp_loss":0,"event_name":"Upgrade Shrine","floor":16,"gold_loss":0,"cards_upgraded":["Starlight"]}],"is_beta":false,"boss_relics":[{"not_picked":["Philosopher\u0027s Stone","Astrolabe"],"picked":"MysterySword"}],"items_purged_floors":[12],"is_endless":false,"potions_floor_spawned":[18,20],"killed_by":"Centurion and Healer","ascension_level":0}}