{"host":"nuu0xlk1bpqu5s2n","time":1610428212,"event":{"mods":["AchievementEnabler","BaseMod","Minty Spire (QoL Compilation)","StSLib"],"gold_per_floor":[112,130,140,140,155,155,155,186,255,255,288,312,353,379,391,482,494,480,512,524,536,536],"floor_reached":21,"playtime":1335,"items_purged":[],"score":392,"play_id":"4ebe4187-7e3a-4f57-ab96-17e5b7e22530","local_time":"20210112071012","is_ascension_mode":true,"campfire_choices":[{"data":"Neutralize","floor":7.0,"key":"SMITH"},{"floor":10.0,"key":"REST"},{"data":"All Out Attack","floor":15.0,"key":"SMITH"}],"circlet_count":0,"master_deck":["AscendersBane","Strike_G","Strike_G","Strike_G","Defend_G","Defend_G","Defend_G","Defend_G","Survivor","Neutralize+1","Dodge and Roll+1","Prepared+1","Sucker Punch+1","Terror","Dagger Throw","Slice","Poisoned Stab","All Out Attack+1","PiercingWail","Tools of the Trade","Escape Plan","Pain"],"relics":["Astrolabe","CultistMask","Ginger","White Beast Statue","MawBank","Tiny Chest","Philosopher\u0027s Stone","WarpedTongs"],"acts_visited":["Exordium","TheCity"],"potions_floor_usage":[19],"damage_taken":[{"damage":1.0,"enemies":"Cultist","floor":1.0,"turns":5.0},{"damage":1.0,"enemies":"Small Slimes","floor":2.0,"turns":4.0},{"damage":1.0,"enemies":"Jaw Worm","floor":3.0,"turns":2.0},{"damage":0.0,"enemies":"Red Slaver","floor":5.0,"turns":3.0},{"damage":20.0,"enemies":"Gremlin Nob","floor":8.0,"turns":4.0},{"damage":14.0,"enemies":"3 Sentries","floor":11.0,"turns":12.0},{"damage":1.0,"enemies":"Lots of Slimes","floor":12.0,"turns":3.0},{"damage":6.0,"enemies":"Gremlin Nob","floor":13.0,"turns":3.0},{"damage":5.0,"enemies":"2 Fungi Beasts","floor":14.0,"turns":3.0},{"damage":9.0,"enemies":"The Guardian","floor":16.0,"turns":14.0},{"damage":24,"enemies":"2 Thieves","floor":18,"turns":4},{"damage":21,"enemies":"Spheric Guardian","floor":19,"turns":5},{"damage":13,"enemies":"Snecko","floor":21,"turns":4}],"seed_played":"-4130466353835343313","potions_obtained":[{"floor":1.0,"key":"SteroidPotion"},{"floor":8.0,"key":"Swift Potion"},{"floor":11.0,"key":"CunningPotion"},{"floor":12.0,"key":"Regen Potion"},{"floor":13.0,"key":"SneckoOil"},{"floor":14.0,"key":"Explosive Potion"},{"floor":16.0,"key":"Strength Potion"},{"floor":19,"key":"BlessingOfTheForge"}],"is_trial":false,"path_per_floor":["M","M","M","$","M","?","R","E","T","R","E","M","E","M","R","B",null,"M","M","?","M"],"character_chosen":"THE_SILENT","items_purchased":[],"campfire_rested":1,"item_purchase_floors":[],"current_hp_per_floor":[58,57,56,56,56,56,56,36,36,55,41,40,34,29,29,35,58,34,13,13,0,0],"gold":536,"neow_bonus":"BOSS_RELIC","is_daily":false,"chose_seed":false,"campfire_upgraded":2,"win_rate":0.0,"timestamp":1610428212,"path_taken":["M","?","?","?","M","?","R","E","T","R","E","M","E","M","R","BOSS","M","?","?","?"],"items_purchased_type":[],"build_version":"2020-12-22","purchased_purges":0,"victory":false,"max_hp_per_floor":[66,66,66,66,66,66,66,66,66,66,66,66,66,66,66,66,66,66,66,66,66,66],"card_choices":[{"not_picked":["Setup","PiercingWail"],"picked":"Terror","floor":1.0},{"not_picked":["Outmaneuver","Deflect"],"picked":"Dagger Throw","floor":2.0},{"not_picked":["Deadly Poison","Prepared"],"picked":"Slice","floor":3.0},{"not_picked":["PiercingWail","Deadly Poison"],"picked":"Poisoned Stab","floor":5.0},{"not_picked":["Catalyst","Flechettes","Dagger Throw"],"picked":"SKIP","floor":8.0},{"not_picked":["Leg Sweep","Bullet Time"],"picked":"All Out Attack","floor":11.0},{"not_picked":["Dagger Spray","Bane","Skewer"],"picked":"SKIP","floor":12.0},{"not_picked":["Accuracy","Dagger Spray","Dagger Throw"],"picked":"SKIP","floor":13.0},{"not_picked":["Cloak And Dagger","Accuracy"],"picked":"PiercingWail","floor":14.0},{"not_picked":["Bullet Time","Burst"],"picked":"Tools of the Trade","floor":16.0},{"not_picked":["Sucker Punch","Flechettes"],"picked":"Escape Plan","floor":18},{"not_picked":["Dagger Throw","Prepared","Dodge and Roll"],"picked":"SKIP","floor":19}],"player_experience":537989,"relics_obtained":[{"floor":8.0,"key":"Ginger"},{"floor":9.0,"key":"White Beast Statue"},{"floor":11.0,"key":"MawBank"},{"floor":13.0,"key":"Tiny Chest"}],"event_choices":[{"damage_healed":0.0,"max_hp_gain":0.0,"max_hp_loss":0.0,"gold_gain":0.0,"event_name":"FaceTrader","player_choice":"Trade","floor":6.0,"gold_loss":0.0,"damage_taken":0.0,"relics_obtained":["CultistMask"]},{"damage_healed":0,"gold_gain":0,"player_choice":"Rummage","damage_taken":0,"relics_obtained":["WarpedTongs"],"max_hp_gain":0,"max_hp_loss":0,"event_name":"Accursed Blacksmith","floor":20,"gold_loss":0,"cards_obtained":["Pain"]}],"is_beta":false,"boss_relics":[{"not_picked":["Coffee Dripper","Empty Cage"],"picked":"Philosopher\u0027s Stone"}],"items_purged_floors":[],"is_endless":false,"potions_floor_spawned":[1,8,11,12,13,14,16,18,19],"killed_by":"Snecko","ascension_level":19}}