{"host":"newqdrzxfhh2im9e","time":1610444798,"event":{"mods":["AchievementEnabler","BaseMod","BetterRewards","Block Reminder","Colored Map","Jorbs\u0027s Wanderer Trilogy","Minty Spire (QoL Compilation)","Rare Cards Sparkle","Shop Mod","StSLib"],"gold_per_floor":[109,109,109,128,128,128,141,316,316,316,2,45,73,50,62,74,74],"floor_reached":16,"playtime":514,"items_purged":["Doubt"],"score":98,"play_id":"4fb8c724-6d92-4dfa-b302-53815086c0eb","local_time":"20210112014638","is_ascension_mode":false,"campfire_choices":[{"floor":6,"key":"REST"},{"data":"Pray","floor":10,"key":"SMITH"},{"floor":15,"key":"REST"}],"circlet_count":0,"master_deck":["Strike_P","Strike_P","Strike_P","Defend_P","Defend_P","Defend_P","Eruption","Vigilance","Perseverance","Adaptation","EmptyMind","Pray+1","Consecrate","Bandage Up","MentalFortress","Conclude","Indignation","SandsOfTime"],"relics":["PureWater","Toy Ornithopter","Golden Idol","Nunchaku","MawBank"],"acts_visited":["Exordium"],"potions_floor_usage":[7,16],"damage_taken":[{"damage":11,"enemies":"Jaw Worm","floor":1,"turns":4},{"damage":0,"enemies":"Small Slimes","floor":4,"turns":5},{"damage":7,"enemies":"2 Louse","floor":7,"turns":4},{"damage":36,"enemies":"Lagavulin","floor":12,"turns":6},{"damage":16,"enemies":"Blue Slaver","floor":13,"turns":3},{"damage":63,"enemies":"Hexaghost","floor":16,"turns":9}],"seed_played":"2737855646172838186","potions_obtained":[{"floor":1,"key":"Swift Potion"},{"floor":13,"key":"Weak Potion"}],"is_trial":false,"path_per_floor":["M","?","T","M","?","R","M","?","T","R","$","E","M","?","R","B"],"character_chosen":"WATCHER","items_purchased":["Bandage Up","MentalFortress","Conclude"],"campfire_rested":2,"item_purchase_floors":[11,11,11],"current_hp_per_floor":[61,54,54,54,36,57,55,55,55,55,55,23,11,29,50,0,0],"gold":74,"neow_bonus":"TRANSFORM_TWO_CARDS","is_daily":false,"chose_seed":false,"campfire_upgraded":1,"win_rate":0.0,"timestamp":1610444798,"path_taken":["M","?","?","M","?","R","M","?","T","R","$","E","?","?","R","BOSS"],"items_purchased_type":["Card","Card","Card"],"build_version":"2020-12-22","purchased_purges":1,"victory":false,"max_hp_per_floor":[72,72,72,72,72,72,72,72,72,72,72,72,72,72,72,72,72],"card_choices":[{"not_picked":["Consecrate","FlurryOfBlows"],"picked":"EmptyMind","floor":1},{"not_picked":["CrushJoints","ThirdEye"],"picked":"Pray","floor":4},{"not_picked":["Meditate","Perseverance"],"picked":"Consecrate","floor":7},{"not_picked":["FollowUp","Vengeance"],"picked":"Indignation","floor":12},{"not_picked":["FlyingSleeves","Study"],"picked":"SandsOfTime","floor":13}],"player_experience":725555,"relics_obtained":[{"floor":3,"key":"Toy Ornithopter"},{"floor":9,"key":"Nunchaku"},{"floor":12,"key":"MawBank"}],"event_choices":[{"cards_removed":["Regret"],"damage_healed":0,"gold_gain":0,"player_choice":"Card Removal","damage_taken":7,"max_hp_gain":0,"max_hp_loss":0,"event_name":"Golden Wing","floor":2,"gold_loss":0},{"damage_healed":0,"gold_gain":0,"player_choice":"Take Damage","damage_taken":18,"relics_obtained":["Golden Idol"],"max_hp_gain":0,"max_hp_loss":0,"event_name":"Golden Idol","floor":5,"gold_loss":0},{"damage_healed":0,"gold_gain":175,"player_choice":"AGREE","damage_taken":0,"max_hp_gain":0,"max_hp_loss":0,"event_name":"Liars Game","floor":8,"gold_loss":0,"cards_obtained":["Doubt"]},{"damage_healed":18,"gold_gain":0,"player_choice":"Healed","damage_taken":0,"max_hp_gain":0,"max_hp_loss":0,"event_name":"The Cleric","floor":14,"gold_loss":35}],"is_beta":false,"boss_relics":[],"items_purged_floors":[11],"is_endless":false,"potions_floor_spawned":[1,13],"killed_by":"Hexaghost","ascension_level":0}}