{"host":"m05ccpxu5tzpdfht","time":1610414133,"event":{"mods":["BaseMod","Marisa????????","Minty Spire (QoL Compilation)","Replay The Spire","Shop Mod","StSLib"],"gold_per_floor":[118,118,118,194,204,204,231,246,270,270,270,1,1,15,15,110,110,128,128,140,156,156,185,185,185,185],"floor_reached":25,"playtime":739,"items_purged":["Pain"],"score":354,"play_id":"b04a784f-c735-4696-8a64-8ce900bcd6d3","local_time":"20210111201533","is_ascension_mode":true,"campfire_choices":[{"data":"Redo","floor":6,"key":"SMITH"},{"data":"Beam Cell","floor":10,"key":"SMITH"},{"data":"BasicCrystalCard","floor":15,"key":"SMITH"},{"floor":24,"key":"REST"}],"circlet_count":0,"master_deck":["AscendersBane","Strike_B","Strike_B","Strike_B","Strike_B","Defend_B","Defend_B","Defend_B","Defend_B","Zap+1","Dualcast","Rip and Tear+1","BasicCrystalCard+1","Leap","Redo+1","Doom and Gloom","Beam Cell+1","Rip and Tear","Gash","ReplayTheSpireMod:Omega Cannon","Ball Lightning","FIFO Queue+1","Leap","Gash"],"relics":["Cracked Core","Bag of Marbles","Bronze Scales","WarpedTongs","Sling","Black Star","Gremlin Food","Garlic","Kunai"],"acts_visited":["Exordium","TheCity"],"potions_floor_usage":[16,23,23,23],"damage_taken":[{"damage":4,"enemies":"Jaw Worm","floor":1,"turns":4},{"damage":0,"enemies":"Small Slimes","floor":5,"turns":2},{"damage":33,"enemies":"Replay:BlueRogue","floor":7,"turns":6},{"damage":0,"enemies":"Cultist","floor":8,"turns":2},{"damage":3,"enemies":"Blue Slaver","floor":14,"turns":3},{"damage":43,"enemies":"Hexaghost","floor":16,"turns":8},{"damage":18,"enemies":"2 Thieves","floor":18,"turns":3},{"damage":7,"enemies":"3 Byrds","floor":20,"turns":2},{"damage":42,"enemies":"Centurion and Healer","floor":21,"turns":8},{"damage":10,"enemies":"Gremlin Leader","floor":23,"turns":5},{"damage":31,"enemies":"Slavers","floor":25,"turns":2}],"seed_played":"-8259755132733733830","potions_obtained":[{"floor":5,"key":"DuplicationPotion"},{"floor":7,"key":"Weak Potion"},{"floor":14,"key":"SpeedPotion"},{"floor":21,"key":"ColorlessPotion"},{"floor":23,"key":"BlessingOfTheForge"}],"is_trial":false,"path_per_floor":["M","?","?","?","M","R","E","M","T","R","?","$","?","M","R","B",null,"M","T","M","M","?","E","R","E"],"character_chosen":"DEFECT","items_purchased":["Sling","Rip and Tear"],"campfire_rested":1,"item_purchase_floors":[12,12],"current_hp_per_floor":[71,71,71,71,71,71,38,38,38,38,38,38,92,89,89,46,81,63,63,56,14,14,4,31,0,0],"gold":185,"neow_bonus":"TEN_PERCENT_HP_BONUS","is_daily":false,"chose_seed":false,"campfire_upgraded":3,"win_rate":0.0,"timestamp":1610414133,"path_taken":["M","?","?","?","?","R","E","M","T","R","?","?","?","M","R","BOSS","M","?","?","M","?","E","R","E"],"items_purchased_type":["Relic","Card"],"build_version":"2020-12-22","purchased_purges":1,"victory":false,"max_hp_per_floor":[82,82,82,82,82,82,82,82,82,82,82,82,92,92,92,92,92,92,92,92,92,92,92,92,92,92],"card_choices":[{"not_picked":["Coolheaded","Steam"],"picked":"Rip and Tear","floor":1},{"not_picked":["Recycle","Go for the Eyes"],"picked":"BasicCrystalCard","floor":4},{"not_picked":["Stack","Scrape"],"picked":"Leap","floor":4},{"not_picked":["Rebound","Barrage"],"picked":"Redo","floor":4},{"not_picked":["Hologram","FTL"],"picked":"Doom and Gloom","floor":5},{"not_picked":["Lockon","Redo"],"picked":"Beam Cell","floor":7},{"not_picked":["Turbo","Hologram"],"picked":"ReplayRNGCard","floor":8},{"not_picked":["Steam","Barrage"],"picked":"Gash","floor":14},{"not_picked":["Mirror Shield","Biased Cognition"],"picked":"ReplayTheSpireMod:Omega Cannon","floor":16},{"not_picked":["Steam","Rebound"],"picked":"Ball Lightning","floor":18},{"not_picked":["Compile Driver","Hologram+1"],"picked":"FIFO Queue+1","floor":20},{"not_picked":["Sweeping Beam","Coolheaded"],"picked":"Leap","floor":21},{"not_picked":["Aggregate+1","Turbo"],"picked":"Gash","floor":23}],"player_experience":657897,"relics_obtained":[{"floor":7,"key":"Bag of Marbles"},{"floor":9,"key":"Bronze Scales"},{"floor":19,"key":"Gremlin Food"},{"floor":23,"key":"Garlic"},{"floor":23,"key":"Kunai"}],"event_choices":[{"damage_healed":0,"gold_gain":0,"player_choice":"Ignored","damage_taken":0,"max_hp_gain":0,"max_hp_loss":0,"event_name":"Liars Game","floor":2,"gold_loss":0},{"damage_healed":0,"gold_gain":0,"player_choice":"Rummage","damage_taken":0,"relics_obtained":["WarpedTongs"],"max_hp_gain":0,"max_hp_loss":0,"event_name":"Accursed Blacksmith","floor":11,"gold_loss":0,"cards_obtained":["Pain"]},{"cards_removed":["ReplayRNGCard"],"damage_healed":44,"gold_gain":0,"player_choice":"Offered Rare","damage_taken":0,"max_hp_gain":10,"max_hp_loss":0,"event_name":"Bonfire Elementals","floor":13,"gold_loss":0}],"is_beta":false,"boss_relics":[{"not_picked":["Ectoplasm","Replay:Ancient Bell"],"picked":"Black Star"}],"items_purged_floors":[12],"is_endless":false,"potions_floor_spawned":[5,7,14,21,23],"killed_by":"Slavers","ascension_level":10}}