{"host":"9n6i2vl93jt4o42q","time":1610464519,"event":{"mods":["BaseMod","Minty Spire (QoL Compilation)","Relic Stats"],"gold_per_floor":[114,114,124,142,161,161,494,494,494,494,494],"floor_reached":10,"playtime":481,"items_purged":[],"score":136,"play_id":"e762b215-ed92-428e-b696-2155771b6cc8","local_time":"20210112161519","is_ascension_mode":true,"campfire_choices":[{"data":"Masterful Stab","floor":6.0,"key":"SMITH"},{"floor":8,"key":"REST"}],"circlet_count":0,"master_deck":["AscendersBane","Strike_G","Strike_G","Strike_G","Strike_G","Defend_G","Defend_G","Defend_G","Defend_G","Defend_G","Survivor","Neutralize","Deadly Poison","Slice","Masterful Stab+1","Wraith Form v2","Flying Knee"],"relics":["Ring of the Snake","Old Coin","StoneCalendar"],"acts_visited":["Exordium"],"potions_floor_usage":[7],"damage_taken":[{"damage":1.0,"enemies":"2 Louse","floor":1.0,"turns":4.0},{"damage":3.0,"enemies":"Cultist","floor":3.0,"turns":4.0},{"damage":0.0,"enemies":"Small Slimes","floor":4.0,"turns":3.0},{"damage":27.0,"enemies":"Exordium Thugs","floor":5.0,"turns":6.0},{"damage":33,"enemies":"Gremlin Nob","floor":7,"turns":4},{"damage":30,"enemies":"3 Sentries","floor":10,"turns":4}],"seed_played":"-3691064105803102121","potions_obtained":[{"floor":4.0,"key":"Strength Potion"}],"is_trial":false,"path_per_floor":["M","?","M","M","M","R","E","R","T","E"],"character_chosen":"THE_SILENT","items_purchased":[],"campfire_rested":1,"item_purchase_floors":[],"current_hp_per_floor":[64,64,61,61,34,34,1,22,22,0,0],"gold":494,"neow_bonus":"TEN_PERCENT_HP_BONUS","is_daily":false,"chose_seed":false,"campfire_upgraded":1,"win_rate":0.0,"timestamp":1610464519,"path_taken":["M","?","?","M","M","R","E","R","T","E"],"items_purchased_type":[],"build_version":"2020-12-22","purchased_purges":0,"victory":false,"max_hp_per_floor":[72,72,72,72,72,72,72,72,72,72,72],"relic_stats":{"counters":[6,25],"StoneCalendar":[0],"obtain_stats":[{"StoneCalendar":9,"Ring of the Snake":0,"Old Coin":7},{"StoneCalendar":5,"Ring of the Snake":0,"Old Coin":5},{"StoneCalendar":21,"Ring of the Snake":0,"Old Coin":21}],"Ring of the Snake":[12]},"card_choices":[{"not_picked":["Quick Slash","Underhanded Strike"],"picked":"Deadly Poison","floor":1.0},{"not_picked":["Infinite Blades","Prepared"],"picked":"Slice","floor":3.0},{"not_picked":["Skewer","Deflect"],"picked":"Masterful Stab","floor":4.0},{"not_picked":["Cloak And Dagger","PiercingWail"],"picked":"Wraith Form v2","floor":5.0},{"not_picked":["Bullet Time","Quick Slash"],"picked":"Flying Knee","floor":7}],"player_experience":2053413,"relics_obtained":[{"floor":7,"key":"Old Coin"},{"floor":9,"key":"StoneCalendar"}],"event_choices":[{"cards_removed":["Strike_G"],"damage_healed":0.0,"max_hp_gain":0.0,"max_hp_loss":0.0,"gold_gain":0.0,"event_name":"Bonfire Elementals","player_choice":"Offered Basic","floor":2.0,"gold_loss":0.0,"damage_taken":0.0}],"is_beta":false,"boss_relics":[],"items_purged_floors":[],"is_endless":false,"potions_floor_spawned":[4],"killed_by":"3 Sentries","ascension_level":20}}