{"host":"rt13i2rgikg7vymh","time":1610485766,"event":{"mods":["Act Like it!","Alarm Clock","Aspiration","BaseMod","Better Altar","Better Match","Better Sensory Stone","Better Skull","Better Third Choice","BetterRewards","Colored Powertips","Conjunction","Conspire","Displayed Cursed Tome","Dota2Spire","FruityMod","GifTheSpireLib","Halation","Infinite Spire","Mimic Mod","Minty Spire (QoL Compilation)","Pale of the Ancients","Permanent Neow","Quick Restart","Replay The Spire","Reworked Bosses","Spicy Shops","StSLib","Stuff the Spire","The Animator","Wandering Minibosses"],"gold_per_floor":[114,38,52,52,74,74,85,85,109,109,133,133,58,58,58],"floor_reached":14,"language":"ENG","playtime":1033,"items_purged":["animator:Strike"],"score":80,"play_id":"751f3cef-d827-409d-bf0b-e7041ec05f8f","local_time":"20210112160926","is_ascension_mode":false,"campfire_choices":[{"data":"animator:Entoma+1","floor":6,"key":"SMITH"},{"data":"animator:Entoma+3","floor":8,"key":"SMITH"}],"circlet_count":0,"master_deck":["animator:Strike_Konosuba","animator:Defend_Konosuba","animator:Strike","animator:Strike","animator:Defend","animator:Defend","animator:Defend","animator:Kazuma","animator:Aqua","animator:RoryMercury","animator:Entoma+5","animator:Priestess","animator:PandorasActor","animator:Sebas+1"],"relics":["animator:LivingPicture","StuffTheSpire:OccultApparatus","Dota2Spire:PhaseBoots","Golden Idol"],"acts_visited":["Exordium"],"potions_floor_usage":[14],"damage_taken":[{"damage":7,"enemies":"Jaw Worm","floor":1,"turns":8},{"damage":0,"enemies":"Small Slimes","floor":3,"turns":6},{"damage":9,"enemies":"Cultist","floor":5,"turns":5},{"damage":7,"enemies":"3 Louse","floor":7,"turns":6},{"damage":18,"enemies":"Exordium Thugs","floor":11,"turns":8},{"damage":49,"enemies":"Gremlin Nob","floor":14,"turns":5}],"seed_played":"-789322766620511669","potions_obtained":[{"floor":1,"key":"Reflective Coating"},{"floor":3,"key":"Dota2Spire:Clarity"},{"floor":11,"key":"conspire:TimeTravelPotion"}],"is_trial":false,"path_per_floor":["M","$","M","?","M","R","M","R","T","?","M","?","$","E"],"character_chosen":"THE_ANIMATOR","items_purchased":["animator:RoryMercury"],"campfire_rested":0,"item_purchase_floors":[2],"current_hp_per_floor":[64,64,66,66,59,59,54,54,54,36,22,22,22,0,0],"gold":58,"neow_bonus":"RANDOM_EVENT","is_daily":false,"chose_seed":false,"campfire_upgraded":2,"win_rate":0.0,"timestamp":1610485766,"path_taken":["M","$","M","?","M","R","M","R","T","?","M","?","$","E"],"items_purchased_type":["Card"],"build_version":"2020-12-22","purchased_purges":1,"victory":false,"max_hp_per_floor":[71,71,71,71,73,73,75,75,75,75,77,77,77,77,77],"card_choices":[{"not_picked":["animator:Tet","animator:Kaijin"],"picked":"animator:DolaCouronne","floor":1},{"not_picked":["animator:Sloth","animator:WinryRockbell"],"picked":"animator:Entoma","floor":3},{"not_picked":["animator:Millim","animator:Verdia"],"picked":"animator:Priestess","floor":5},{"not_picked":["animator:Bozes","animator:ElricEdward","animator:WinryRockbell"],"picked":"SKIP","floor":7},{"not_picked":["animator:Jibril","animator:Tet"],"picked":"animator:PandorasActor","floor":11}],"player_experience":196298,"relics_obtained":[{"floor":9,"key":"Dota2Spire:PhaseBoots"}],"event_choices":[{"damage_healed":0,"gold_gain":0,"player_choice":"Donut","damage_taken":0,"max_hp_gain":5,"max_hp_loss":0,"event_name":"Big Fish","floor":0,"gold_loss":0},{"damage_healed":0,"gold_gain":0,"player_choice":"Take Damage","damage_taken":18,"relics_obtained":["Golden Idol"],"max_hp_gain":0,"max_hp_loss":0,"event_name":"Golden Idol","floor":10,"gold_loss":0}],"is_beta":false,"boss_relics":[],"items_purged_floors":[13],"is_endless":false,"potions_floor_spawned":[1,3,11],"killed_by":"Gremlin Nob","ascension_level":0}}