{"host":"1ql62c9o0mvto073","time":1610431654,"event":{"mods":["BaseMod","Minty Spire (QoL Compilation)","Replay The Spire","StSLib"],"gold_per_floor":[109,7,7,7,23,56,56,87,87,114,129,129,199,227,227,322,322,336,348,348,73,73,101,101,121,147,167,20,34,34,63,63,160,160,175,191,48,65,75,110,110,140,140,169,169,169,194,213,213,213,213,213,18,49,49,49],"floor_reached":55,"playtime":3389,"items_purged":["Clumsy","Bash"],"score":937,"play_id":"fd52a357-a9a8-40fb-b69c-4198693c2c2c","local_time":"20210112010734","is_ascension_mode":true,"campfire_choices":[{"floor":7,"key":"REST"},{"data":"Seeing Red","floor":12,"key":"SMITH"},{"data":"Feed","floor":15,"key":"SMITH"},{"floor":24,"key":"REST"},{"floor":32,"key":"RECALL"},{"floor":46,"key":"REST"},{"data":"Armaments","floor":49,"key":"SMITH"}],"circlet_count":0,"master_deck":["Strike_R","Strike_R","Strike_R","Strike_R","Strike_R","Defend_R","Defend_R","Defend_R","Defend_R","Feed+1","Iron Wave","Dark Shackles","Carnage","Pommel Strike","Inflame","Sword Boomerang","Seeing Red+1","Immolate+1","Heavy Blade","Flex","Panache","Trip","Replay:Sssssssssshield","Whirlwind","Whirlwind","Perfected Strike+1","Armaments+1","Headbutt","Double Tap+1","Twin Strike+1","Armaments+1","Parasite","Perfected Strike+1"],"relics":["Burning Blood","ReplayTheSpireMod:CursedCoin","BranchBurnRelic","Replay:Wax Seal","Bronze Scales","Eternal Feather","Gambling Chip","Runic Pyramid","ReplayTheSpireMod:ShopPack","Pen Nib","Oddly Smooth Stone","MealTicket","Replay:Ringing Soul","Busted Crown","Guide Book","Toxic Egg 2","Regal Pillow","Chameleon Ring","Blue Candle","Ring of Fury","Pet Ghost","King of Hearts","Bottled Tornado"],"acts_visited":["Exordium","TheCity","TheBeyond","TheEnding"],"potions_floor_usage":[8,14,16,23,33,33,44,50,50,54,55,55,55],"damage_taken":[{"damage":5,"enemies":"Cultist","floor":1,"turns":4},{"damage":5,"enemies":"Small Slimes","floor":5,"turns":3},{"damage":45,"enemies":"Lagavulin","floor":6,"turns":7},{"damage":26,"enemies":"3 Sentries","floor":8,"turns":8},{"damage":15,"enemies":"Gremlin Nob","floor":10,"turns":4},{"damage":6,"enemies":"Jaw Worm","floor":11,"turns":3},{"damage":20,"enemies":"3 Sentries","floor":14,"turns":7},{"damage":67,"enemies":"The Guardian","floor":16,"turns":10},{"damage":17,"enemies":"Spheric Guardian","floor":18,"turns":4},{"damage":15,"enemies":"2 Thieves","floor":19,"turns":3},{"damage":28,"enemies":"Slavers","floor":23,"turns":7},{"damage":15,"enemies":"Snecko","floor":25,"turns":3},{"damage":20,"enemies":"Centurion and Healer","floor":27,"turns":5},{"damage":9,"enemies":"Snake Plant","floor":29,"turns":3},{"damage":0,"enemies":"Gremlin Leader","floor":31,"turns":5},{"damage":123,"enemies":"Champ","floor":33,"turns":11},{"damage":44,"enemies":"3 Shapes","floor":35,"turns":2},{"damage":10,"enemies":"Orb Walker","floor":36,"turns":2},{"damage":6,"enemies":"Transient","floor":38,"turns":5},{"damage":27,"enemies":"Writhing Mass","floor":39,"turns":5},{"damage":0,"enemies":"R_Hoarder","floor":40,"turns":5},{"damage":24,"enemies":"Nemesis","floor":42,"turns":5},{"damage":41,"enemies":"Reptomancer","floor":44,"turns":5},{"damage":5,"enemies":"Spire Growth","floor":48,"turns":3},{"damage":81,"enemies":"Donu and Deca","floor":50,"turns":7},{"damage":60,"enemies":"Shield and Spear","floor":54,"turns":6},{"damage":125,"enemies":"The Heart","floor":55,"turns":5}],"seed_played":"20198943950109448","potions_obtained":[{"floor":6,"key":"Strength Potion"},{"floor":8,"key":"Strength Potion"},{"floor":10,"key":"SpeedPotion"},{"floor":14,"key":"SkillPotion"},{"floor":18,"key":"Elixir"},{"floor":23,"key":"EssenceOfSteel"},{"floor":25,"key":"BlessingOfTheForge"},{"floor":33,"key":"FearPotion"},{"floor":40,"key":"Energy Potion"},{"floor":42,"key":"DuplicationPotion"},{"floor":48,"key":"LiquidBronze"},{"floor":52,"key":"AttackPotion"},{"floor":52,"key":"Milkshake"},{"floor":54,"key":"AttackPotion"}],"is_trial":false,"path_per_floor":["M","$","?","$","M","E","R","E","T","E","M","R","T","E","R","B",null,"M","M","?","$","?","E","R","M","T","M","$","M","$","E","R","B",null,"M","M","$","M","M","E","?","E","T","E","?","R","T","M","R","B",null,"R","$","E","B"],"character_chosen":"IRONCLAD","items_purchased":["ReplayTheSpireMod:CursedCoin","Dark Shackles","Carnage","ReplayTheSpireMod:ShopPack","Flex","MealTicket","Guide Book","King of Hearts","SteroidPotion"],"campfire_rested":3,"item_purchase_floors":[2,2,2,21,21,28,37,53,53],"current_hp_per_floor":[83,83,76,76,80,44,70,65,65,56,56,56,56,60,69,23,92,85,80,80,80,60,42,86,90,90,80,80,77,92,105,120,20,131,97,100,115,118,100,110,110,92,92,61,61,140,140,153,159,98,163,163,163,123,0,0],"gold":49,"neow_bonus":"THREE_RARE_CARDS","is_daily":false,"chose_seed":false,"campfire_upgraded":3,"win_rate":0.0,"timestamp":1610431654,"path_taken":["M","?","?","?","M","E","R","E","T","E","M","R","?","E","R","BOSS","M","M","?","$","?","E","R","M","T","M","$","M","?","E","R","BOSS","M","M","$","M","M","E","?","E","T","E","?","R","?","M","R","BOSS","R","$","E","BOSS"],"items_purchased_type":["Relic","Card","Card","Relic","Card","Relic","Relic","Relic","Potion"],"build_version":"2020-12-22","purchased_purges":2,"victory":false,"max_hp_per_floor":[83,83,83,83,86,89,89,89,89,89,89,89,89,92,92,92,92,96,100,100,100,105,109,109,113,113,117,117,117,117,124,124,131,131,135,142,142,145,148,152,152,152,152,156,156,156,156,159,159,163,163,163,163,167,167,167],"card_choices":[{"not_picked":["Reaper","Double Tap"],"picked":"Feed","floor":0},{"not_picked":["Spot Weakness","Body Slam"],"picked":"Iron Wave","floor":1},{"not_picked":["Havoc","True Grit"],"picked":"Pommel Strike","floor":5},{"not_picked":["Flex","Battle Trance"],"picked":"Inflame","floor":6},{"not_picked":["Run Through","Juggernaut","ReplayTheSpireMod:LeadingStrike"],"picked":"SKIP","floor":8},{"not_picked":["Second Wind","Evolve"],"picked":"Sword Boomerang","floor":10},{"not_picked":["Pommel Strike","Warcry"],"picked":"Seeing Red","floor":11},{"not_picked":["Run Through","Eclipse","Havoc"],"picked":"SKIP","floor":14},{"not_picked":["Bludgeon","Impervious"],"picked":"Immolate","floor":16},{"not_picked":["Clothesline","Pommel Strike","Sentinel"],"picked":"SKIP","floor":18},{"not_picked":["Abandon","ReplayTheSpireMod:Strike From Hell"],"picked":"Heavy Blade","floor":19},{"not_picked":["Poisoned Strike","Chrysalis"],"picked":"Panache","floor":21},{"not_picked":["Jack Of All Trades","Survey Options"],"picked":"Trip","floor":21},{"not_picked":["Replay:Bootleg Shield Generator","Impatience"],"picked":"Replay:Sssssssssshield","floor":21},{"not_picked":["ReplayTheSpireMod:Corrosion Curse","Juggernaut"],"picked":"Whirlwind","floor":23},{"not_picked":["Body Slam","Sword Boomerang"],"picked":"Whirlwind","floor":25},{"not_picked":["Clash+1","True Grit"],"picked":"Perfected Strike+1","floor":27},{"not_picked":["Infernal Blade+1","Sword Boomerang"],"picked":"Armaments","floor":29},{"not_picked":["Shrug It Off","Entrench"],"picked":"Headbutt","floor":31},{"not_picked":["Feed","Reaper"],"picked":"Double Tap","floor":33},{"not_picked":["Havoc"],"picked":"SKIP","floor":35},{"not_picked":[],"picked":"Twin Strike+1","floor":36},{"not_picked":[],"picked":"Armaments+1","floor":38},{"not_picked":["Hemokinesis"],"picked":"SKIP","floor":39},{"not_picked":["Havoc+1"],"picked":"SKIP","floor":40},{"not_picked":["Headbutt+1"],"picked":"SKIP","floor":42},{"not_picked":["Hemokinesis"],"picked":"SKIP","floor":44},{"not_picked":[],"picked":"Perfected Strike+1","floor":48},{"not_picked":["Heavy Blade+1"],"picked":"SKIP","floor":54}],"player_experience":418943,"relics_obtained":[{"floor":6,"key":"Dead Branch"},{"floor":8,"key":"Replay:Wax Seal"},{"floor":10,"key":"Bronze Scales"},{"floor":13,"key":"Eternal Feather"},{"floor":14,"key":"Gambling Chip"},{"floor":23,"key":"Pen Nib"},{"floor":26,"key":"Oddly Smooth Stone"},{"floor":31,"key":"Replay:Ringing Soul"},{"floor":40,"key":"Toxic Egg 2"},{"floor":42,"key":"Regal Pillow"},{"floor":43,"key":"Chameleon Ring"},{"floor":44,"key":"Blue Candle"},{"floor":45,"key":"Ring of Fury"},{"floor":47,"key":"Pet Ghost"},{"floor":54,"key":"Bottled Tornado"}],"event_choices":[{"cards_removed":["CommonCold"],"damage_healed":0,"gold_gain":0,"player_choice":"Card Removal","damage_taken":7,"max_hp_gain":0,"max_hp_loss":0,"event_name":"Golden Wing","floor":3,"gold_loss":0},{"damage_healed":0,"gold_gain":0,"player_choice":"Ignored","damage_taken":0,"max_hp_gain":0,"max_hp_loss":0,"event_name":"Vampires","floor":20,"gold_loss":0},{"damage_healed":0,"gold_gain":0,"player_choice":"Shed Blood","damage_taken":25,"max_hp_gain":5,"max_hp_loss":0,"event_name":"Forgotten Altar","floor":22,"gold_loss":0},{"damage_healed":0,"gold_gain":0,"player_choice":"Memory 1","damage_taken":0,"max_hp_gain":0,"max_hp_loss":0,"event_name":"SensoryStone","floor":41,"gold_loss":0}],"is_beta":false,"boss_relics":[{"not_picked":["Mark of Pain","Sozu"],"picked":"Runic Pyramid"},{"not_picked":["Ooze Armor","Calling Bell"],"picked":"Busted Crown"}],"items_purged_floors":[2,21],"is_endless":false,"potions_floor_spawned":[6,8,10,14,18,23,25,33,40,42,48,54],"killed_by":"The Heart","ascension_level":1}}