{"host":"jggt5i9rbuoqvque","time":1610454293,"event":{"mods":["BaseMod","Colored Map","Minty Spire (QoL Compilation)","StSLib"],"gold_per_floor":[118,133,153,103,114,143,143,160,160,115,115,115],"floor_reached":11,"playtime":249,"items_purged":[],"score":101,"play_id":"ff9ec199-36d3-4d52-839f-b9ab5b8ded73","local_time":"20210112212453","is_ascension_mode":true,"campfire_choices":[{"data":"Heavy Blade","floor":7,"key":"SMITH"}],"circlet_count":0,"master_deck":["Strike_R","Strike_R","Strike_R","Strike_R","Strike_R","Defend_R","Defend_R","Defend_R","Defend_R","Bash","Master of Strategy","Heavy Blade+1","Flame Barrier","Inflame"],"relics":["Burning Blood","Toxic Egg 2","Sundial"],"acts_visited":["Exordium"],"potions_floor_usage":[5,6,8],"damage_taken":[{"damage":19,"enemies":"Small Slimes","floor":1,"turns":4},{"damage":9,"enemies":"2 Louse","floor":2,"turns":4},{"damage":9,"enemies":"Jaw Worm","floor":3,"turns":4},{"damage":8,"enemies":"2 Fungi Beasts","floor":5,"turns":6},{"damage":30,"enemies":"Lagavulin","floor":6,"turns":7},{"damage":11,"enemies":"Blue Slaver","floor":8,"turns":3},{"damage":8,"enemies":"Gremlin Nob","floor":11,"turns":3}],"seed_played":"6204229717148711668","potions_obtained":[{"floor":1,"key":"Weak Potion"},{"floor":2,"key":"SkillPotion"},{"floor":3,"key":"Dexterity Potion"},{"floor":8,"key":"Dexterity Potion"}],"is_trial":false,"path_per_floor":["M","M","M","?","M","E","R","M","T","?","E"],"character_chosen":"IRONCLAD","items_purchased":[],"campfire_rested":0,"item_purchase_floors":[],"current_hp_per_floor":[59,56,53,53,51,27,27,22,22,22,14,14],"gold":115,"neow_bonus":"RANDOM_COLORLESS_2","is_daily":false,"chose_seed":false,"campfire_upgraded":1,"win_rate":0.0,"timestamp":1610454293,"path_taken":["M","M","M","?","M","E","R","M","T","?","E"],"items_purchased_type":[],"build_version":"2020-12-22","purchased_purges":0,"victory":false,"max_hp_per_floor":[80,80,80,80,80,80,80,80,80,80,80,80],"card_choices":[{"not_picked":["Magnetism","Transmutation"],"picked":"Master of Strategy","floor":0.0},{"not_picked":["Searing Blow","Flex"],"picked":"Heavy Blade","floor":1},{"not_picked":["Blood for Blood","Entrench","Hemokinesis"],"picked":"SKIP","floor":2},{"not_picked":["Intimidate","Heavy Blade"],"picked":"Flame Barrier","floor":3},{"not_picked":["Twin Strike","True Grit"],"picked":"Inflame","floor":5},{"not_picked":["Warcry+1","Headbutt","Infernal Blade+1"],"picked":"SKIP","floor":6},{"not_picked":["Headbutt","Clash","Searing Blow"],"picked":"SKIP","floor":8}],"player_experience":324717,"relics_obtained":[{"floor":6,"key":"Toxic Egg 2"},{"floor":9,"key":"Sundial"}],"event_choices":[{"cards_removed":["Normality"],"damage_healed":0,"gold_gain":0,"player_choice":"Card Removal","damage_taken":0,"max_hp_gain":0,"max_hp_loss":0,"event_name":"The Cleric","floor":4,"gold_loss":50},{"damage_healed":0,"gold_gain":0,"player_choice":"Left Gold","damage_taken":0,"max_hp_gain":0,"max_hp_loss":0,"event_name":"World of Goop","floor":10,"gold_loss":45}],"is_beta":false,"boss_relics":[],"items_purged_floors":[],"is_endless":false,"potions_floor_spawned":[1,2,3,8],"killed_by":"Gremlin Nob","ascension_level":7}}