{"host":"7r6bd5ce6zscnmwq","time":1610425473,"event":{"mods":["BaseMod","Better Altar","Better Match","Better Note","Better Sensory Stone","Better Skull","Better Third Choice","Better Vampires","Block Reminder","Colored Powertips","Displayed Cursed Tome","Minty Spire (QoL Compilation)","Permanent Neow","Quick Restart","Robot Space Explorer","Shop Mod","Spicy Shops","StSLib","The Disciple","The Hayseed"],"gold_per_floor":[18,34,34,46,61,79,79,91,91,91,119,119,48,48,48,148,148,164,164,164,41,41,41],"floor_reached":22,"playtime":1609,"items_purged":[],"score":193,"play_id":"73fda44a-cd29-4ba4-b2c9-572531225806","local_time":"20210112132433","is_ascension_mode":true,"campfire_choices":[{"data":"TheSimpletonMod:Ferment","floor":10,"key":"SMITH"},{"floor":12,"key":"REST"},{"data":"TheSimpletonMod:SoilSample","floor":15,"key":"SMITH"}],"circlet_count":0,"master_deck":["TheSimpletonMod:Strike_TheSimpleton","TheSimpletonMod:Defend_TheSimpleton","TheSimpletonMod:Haymaker","TheSimpletonMod:ReapAndSow","TheSimpletonMod:Ferment+1","TheSimpletonMod:StockTheCellar","TheSimpletonMod:CullingStrike","TheSimpletonMod:OnionBloom","TheSimpletonMod:Squash","TheSimpletonMod:ToughenUp","TheSimpletonMod:SoilSample+1","TheSimpletonMod:Surplus","TheSimpletonMod:VineRipen","TheSimpletonMod:GoToMarket"],"relics":["TheSimpletonMod:SpudOfTheInnocent","TheSimpletonMod:NightSoil","TheSimpletonMod:TheHarvester","Ornamental Fan","Potion Belt","Empty Cage","Bloody Idol"],"acts_visited":["Exordium","TheCity"],"potions_floor_usage":[11],"damage_taken":[{"damage":1.0,"enemies":"2 Louse","floor":1.0,"turns":3.0},{"damage":6,"enemies":"Jaw Worm","floor":2,"turns":4},{"damage":0,"enemies":"Cultist","floor":4,"turns":4},{"damage":16,"enemies":"Exordium Wildlife","floor":5,"turns":5},{"damage":17,"enemies":"Large Slime","floor":6,"turns":6},{"damage":7,"enemies":"2 Fungi Beasts","floor":8,"turns":3},{"damage":18,"enemies":"Gremlin Nob","floor":11,"turns":4},{"damage":49,"enemies":"Slime Boss","floor":16,"turns":21},{"damage":13,"enemies":"3 Byrds","floor":18,"turns":5},{"damage":32,"enemies":"Chosen","floor":22,"turns":9}],"seed_played":"-6283514357906496389","potions_obtained":[{"floor":4,"key":"TheSimpletonMod:AbundancePotion"},{"floor":8,"key":"Explosive Potion"}],"is_trial":false,"path_per_floor":["M","M","?","M","M","M","?","M","T","R","E","R","$","?","R","B",null,"M","?","?","$","M"],"character_chosen":"THE_SIMPLETON","items_purchased":["TheSimpletonMod:SoilSample","TheSimpletonMod:VineRipen","TheSimpletonMod:GoToMarket"],"campfire_rested":1,"item_purchase_floors":[13,21,21],"current_hp_per_floor":[74,69,62,66,54,41,66,63,63,63,49,71,71,71,71,26,75,62,62,24,24,0,0],"gold":41,"neow_bonus":"REMOVE_TWO","is_daily":false,"chose_seed":false,"campfire_upgraded":2,"win_rate":0.0,"timestamp":1610425473,"path_taken":["M","M","?","M","M","M","?","?","T","R","E","R","?","?","R","BOSS","M","?","?","$","M"],"items_purchased_type":["Card","Card","Card"],"build_version":"2020-12-22","purchased_purges":0,"victory":false,"max_hp_per_floor":[75,75,75,75,75,75,75,75,75,75,75,75,75,75,75,75,75,75,75,75,75,75,75],"card_choices":[{"not_picked":["TheSimpletonMod:Aerate","TheSimpletonMod:SlashAndBurn"],"picked":"TheSimpletonMod:Ferment","floor":1.0},{"not_picked":["TheSimpletonMod:SeedCoat","TheSimpletonMod:Squash"],"picked":"TheSimpletonMod:StockTheCellar","floor":2},{"not_picked":["TheSimpletonMod:SpiceUp","TheSimpletonMod:Squash"],"picked":"TheSimpletonMod:CullingStrike","floor":4},{"not_picked":["TheSimpletonMod:CullingStrike","TheSimpletonMod:Corn","TheSimpletonMod:PestManagement"],"picked":"SKIP","floor":5},{"not_picked":["TheSimpletonMod:SlashAndBurn","TheSimpletonMod:Swelter"],"picked":"TheSimpletonMod:OnionBloom","floor":6},{"not_picked":["TheSimpletonMod:PestManagement","TheSimpletonMod:OnionBloom"],"picked":"TheSimpletonMod:Squash","floor":8},{"not_picked":["TheSimpletonMod:Spinach","TheSimpletonMod:Innovate"],"picked":"TheSimpletonMod:ToughenUp","floor":11},{"not_picked":["TheSimpletonMod:DesperatePlunge","TheSimpletonMod:ErosionControl"],"picked":"TheSimpletonMod:Surplus","floor":16},{"not_picked":["TheSimpletonMod:CloseScrape","TheSimpletonMod:Rototilling+1","TheSimpletonMod:Mulch"],"picked":"SKIP","floor":18}],"player_experience":616828,"relics_obtained":[{"floor":9,"key":"Ornamental Fan"},{"floor":11,"key":"Potion Belt"}],"event_choices":[{"cards_removed":["TheSimpletonMod:Defend_TheSimpleton"],"damage_healed":0,"gold_gain":0,"player_choice":"Card Removal","damage_taken":7,"max_hp_gain":0,"max_hp_loss":0,"event_name":"Golden Wing","floor":3,"gold_loss":0},{"damage_healed":25,"gold_gain":0,"player_choice":"Banana","damage_taken":0,"max_hp_gain":0,"max_hp_loss":0,"event_name":"Big Fish","floor":7,"gold_loss":0},{"damage_healed":0,"gold_gain":0,"player_choice":"Leave","damage_taken":0,"max_hp_gain":0,"max_hp_loss":0,"event_name":"The Cleric","floor":14,"gold_loss":0},{"cards_removed":["TheSimpletonMod:Strike_TheSimpleton"],"damage_healed":0,"gold_gain":0,"player_choice":"Elegance","damage_taken":0,"max_hp_gain":0,"max_hp_loss":0,"event_name":"betterThird:BetterWriting","floor":19,"gold_loss":0},{"damage_healed":0,"gold_gain":0,"player_choice":" Idol ","damage_taken":38,"relics_obtained":["Bloody Idol"],"max_hp_gain":62,"max_hp_loss":24,"event_name":"betterAltar:BetterAltar","floor":20,"potions_obtained":[],"relics_lost":[],"gold_loss":0}],"is_beta":false,"boss_relics":[{"not_picked":["Coffee Dripper","Velvet Choker"],"picked":"Empty Cage"}],"items_purged_floors":[],"is_endless":false,"potions_floor_spawned":[4,8],"killed_by":"Chosen","ascension_level":1}}