{"host":"7qf1todfnxspvw7w","time":1610411922,"event":{"mods":["AchievementEnabler","BaseMod","Block Reminder","Colored Powertips","Disable Question Mark Monsters","Displayed Cursed Tome","Googly Eyes","Minty Spire (QoL Compilation)","Poor People Problems","Rare Cards Sparkle","Relic Stats","Reorder Act Four","SacredBarkPlus","Shop Mod","StSLib","Uncapped"],"gold_per_floor":[118,45,19,19,29,29,56,56,111,139,139,159,189,114,114,219,219,231,244,274,324,324,324,19,19,66,66,66,75,102,58,58,58,58],"floor_reached":33,"playtime":1193,"items_purged":["Strike_P"],"score":292,"play_id":"421b1980-e274-4cb9-a2ac-8e6e03f5aa32","local_time":"20210112033842","is_ascension_mode":true,"campfire_choices":[{"data":"WindmillStrike","floor":6,"key":"SMITH"},{"data":"PathToVictory","floor":8,"key":"SMITH"},{"floor":15,"key":"REST"},{"floor":23,"key":"REST"},{"floor":25,"key":"REST"},{"floor":28,"key":"REST"},{"floor":32,"key":"REST"}],"circlet_count":0,"master_deck":["Strike_P","Strike_P","Defend_P","Defend_P","Defend_P","Eruption","Vigilance","PathToVictory+1","WindmillStrike+1","Protect","EmptyFist","ThirdEye","DevaForm","PathToVictory","Evaluate+1","WreathOfFlame+1","PathToVictory+1"],"relics":["PureWater","Juzu Bracelet","Lantern","Ice Cream","Empty Cage","Red Mask","Enchiridion","Toxic Egg 2","CeramicFish","Toy Ornithopter"],"acts_visited":["Exordium","TheCity"],"potions_floor_usage":[20,30,30,33],"damage_taken":[{"damage":0,"enemies":"Cultist","floor":1,"turns":2},{"damage":1,"enemies":"Jaw Worm","floor":5,"turns":4},{"damage":34,"enemies":"Gremlin Nob","floor":7,"turns":5},{"damage":30,"enemies":"3 Sentries","floor":10,"turns":7},{"damage":1,"enemies":"Small Slimes","floor":12,"turns":3},{"damage":23,"enemies":"Hexaghost","floor":16,"turns":12},{"damage":11,"enemies":"Chosen","floor":18,"turns":5},{"damage":14,"enemies":"Shell Parasite","floor":19,"turns":5},{"damage":120,"enemies":"Masked Bandits","floor":20,"turns":8},{"damage":68,"enemies":"Slavers","floor":30,"turns":11},{"damage":68,"enemies":"Automaton","floor":33,"turns":6}],"seed_played":"-8452032490949698130","potions_obtained":[{"floor":7,"key":"Swift Potion"},{"floor":12,"key":"LiquidMemories"},{"floor":19,"key":"LiquidMemories"},{"floor":30,"key":"Energy Potion"}],"is_trial":false,"path_per_floor":["M","$","$","?","M","R","E","R","T","E","?","M","?","$","R","B",null,"M","M","?","?","?","R","$","R","T","?","R","?","E","$","R","B"],"character_chosen":"WATCHER","items_purchased":["WindmillStrike","Protect","Toxic Egg 2","Evaluate+1","PathToVictory+1"],"campfire_rested":5,"item_purchase_floors":[2,3,24,24,31],"current_hp_per_floor":[79,79,79,84,83,83,49,49,49,19,19,18,18,18,43,20,84,73,59,17,17,1,26,26,51,51,51,76,76,8,8,33,0,0],"gold":58,"neow_bonus":"TEN_PERCENT_HP_BONUS","is_daily":false,"chose_seed":false,"campfire_upgraded":2,"win_rate":0.0,"timestamp":1610411922,"path_taken":["M","?","$","?","M","R","E","R","T","E","?","M","?","?","R","BOSS","M","M","?","?","?","R","$","R","T","?","R","?","E","$","R","BOSS"],"items_purchased_type":["Card","Card","Relic","Card","Card"],"build_version":"2020-12-22","purchased_purges":1,"victory":false,"max_hp_per_floor":[79,79,79,84,84,84,84,84,84,84,84,84,84,84,84,84,84,84,84,84,84,84,84,84,84,84,84,84,84,84,84,84,84,84],"relic_stats":{"counters":[11,68],"CeramicFish":18,"Juzu Bracelet":1,"obtain_stats":[{"Ice Cream":10,"Lantern":9,"CeramicFish":26,"Enchiridion":22,"Juzu Bracelet":7,"Red Mask":20,"PureWater":0,"Toxic Egg 2":24,"Empty Cage":17,"Toy Ornithopter":30},{"Ice Cream":4,"Lantern":3,"CeramicFish":9,"Enchiridion":9,"Juzu Bracelet":3,"Red Mask":9,"PureWater":0,"Toxic Egg 2":9,"Empty Cage":6,"Toy Ornithopter":10},{"Ice Cream":18,"Lantern":11,"CeramicFish":51,"Enchiridion":51,"Juzu Bracelet":11,"Red Mask":51,"PureWater":0,"Toxic Egg 2":51,"Empty Cage":33,"Toy Ornithopter":62}],"Toy Ornithopter":5},"card_choices":[{"not_picked":["Halt","Pray"],"picked":"PathToVictory","floor":1},{"not_picked":["FlurryOfBlows","SashWhip"],"picked":"EmptyFist","floor":5},{"not_picked":["Halt","Study","SashWhip"],"picked":"SKIP","floor":7},{"not_picked":["Pray","Consecrate","Collect"],"picked":"SKIP","floor":10},{"not_picked":["CarveReality","FlyingSleeves"],"picked":"ThirdEye","floor":12},{"not_picked":["Scrawl","ConjureBlade"],"picked":"DevaForm","floor":16},{"not_picked":["EmptyFist","ThirdEye"],"picked":"PathToVictory","floor":18},{"not_picked":["Collect","Meditate","FlurryOfBlows"],"picked":"SKIP","floor":19},{"not_picked":["FearNoEvil","Pray+1","WreathOfFlame+1"],"picked":"SKIP","floor":30}],"player_experience":507196,"relics_obtained":[{"floor":7,"key":"Juzu Bracelet"},{"floor":9,"key":"Lantern"},{"floor":10,"key":"Ice Cream"},{"floor":20,"key":"Red Mask"},{"floor":26,"key":"CeramicFish"},{"floor":30,"key":"Toy Ornithopter"}],"event_choices":[{"damage_healed":0,"gold_gain":0,"player_choice":"Donut","damage_taken":0,"max_hp_gain":5,"max_hp_loss":0,"event_name":"Big Fish","floor":4,"gold_loss":0},{"damage_healed":0,"gold_gain":0,"player_choice":"Ignored","damage_taken":0,"max_hp_gain":0,"max_hp_loss":0,"event_name":"Shining Light","floor":11,"gold_loss":0},{"damage_healed":0,"gold_gain":30,"player_choice":"Searched \u00271\u0027 times","damage_taken":0,"max_hp_gain":0,"max_hp_loss":0,"event_name":"Dead Adventurer","floor":13,"gold_loss":0},{"damage_healed":0,"gold_gain":0,"player_choice":"Fought Bandits","damage_taken":0,"max_hp_gain":0,"max_hp_loss":0,"event_name":"Masked Bandits","floor":20,"gold_loss":0},{"damage_healed":0,"gold_gain":100,"player_choice":"Bet on Murderer","damage_taken":0,"max_hp_gain":0,"max_hp_loss":0,"event_name":"The Joust","floor":21,"gold_loss":50},{"damage_healed":0,"gold_gain":0,"player_choice":"Obtained Book","damage_taken":16,"max_hp_gain":0,"max_hp_loss":0,"event_name":"Cursed Tome","floor":22,"gold_loss":0},{"damage_healed":0,"gold_gain":0,"player_choice":"Ignored","damage_taken":0,"max_hp_gain":0,"max_hp_loss":0,"event_name":"Ghosts","floor":27,"gold_loss":0},{"damage_healed":0,"gold_gain":0,"player_choice":"Read","damage_taken":0,"max_hp_gain":0,"max_hp_loss":0,"event_name":"The Library","floor":29,"gold_loss":0,"cards_obtained":["WreathOfFlame"]}],"is_beta":false,"boss_relics":[{"not_picked":["VioletLotus","Runic Pyramid"],"picked":"Empty Cage"}],"items_purged_floors":[14],"is_endless":false,"potions_floor_spawned":[7,12,19,30],"killed_by":"Automaton","ascension_level":2}}