{"host":"tvwbxqry54t86y0v","time":1610434864,"event":{"mods":["2.2 Compatiblity","A Magickal Journey","Arknights The Spire","Astrologer","BaseMod","Beaked The Cultist","BetterRewards","Block Reminder","Clockwork Mod","Colored Powertips","DeckTracker","Downfall","Fiend Mod","GungeonMod","Hermit","Hubris","Infinite Spire","Ironclad Rager","Marked Mod","Mimic Mod","Minty Spire (QoL Compilation)","Potionbrewer","Replay The Spire","Shade Mod","Somnambulant","StSLib","The Bug Knight","The Cursed","The Druid","The Elementalist","The Exalted","The Forsaken","The Hierophant","The Jungle","The Marked","The Mystic","The Problem Sleuth","The Runesmith","The Senshi","The Spell Scribe","The Valiant","The Wild Card","TheFirefly","TheHeartMod","Unceasing Turn Reminder","thorton"],"gold_per_floor":[118,118,118,168,178,212,212,212,249,249,261,261,286,306,306,401,401,326,69,69,69,69,69,101,120,143,143,143],"floor_reached":27,"playtime":1920,"items_purged":[],"score":260,"play_id":"cb157d19-f65f-4803-9579-e6a84ab59590","local_time":"20210112180104","is_ascension_mode":false,"campfire_choices":[{"data":"ats:Rapid Magazine","floor":7,"key":"SMITH"},{"data":"ats:Encircling Forest","floor":10,"key":"SMITH"},{"data":"ats:Sword Rain","floor":12,"key":"SMITH"},{"floor":15,"key":"REST"},{"data":"ats:Shell Defense","floor":23,"key":"SMITH"}],"circlet_count":0,"master_deck":["ats:Strike C","ats:Strike G","ats:Strike S","ats:Strike V","ats:Armor Crushing Shot","ats:Defend","ats:Defend","ats:Defend","ats:Defend","ats:Emotion Absorption","ats:Rapid Magazine+1","Slimebound:Icky","ats:Assault Order","ats:Consecutive Shot Auto","ats:Encircling Forest+1","ats:Sword Rain+1","ats:Overload","ats:Shell Defense","ats:Calcification","ats:Shell Defense+1","ats:Explosion Area Strengthen","RitualDagger","theForsaken:PlagueCurse"],"relics":["ats:Sanity","NeowsBlessing","hubris:Towel","ats:Originium","Art of War","Prayer Beads","hubris:OldNail","Bromod:ArcaneConsequence","Dead Branch","Ring of Chaos","InkBottle","theForsaken:PlagueMask","Peace Pipe","Tiny Chest"],"acts_visited":["Exordium","TheCity"],"potions_floor_usage":[14,16,24,27],"damage_taken":[{"damage":0,"enemies":"Small Slimes","floor":1,"turns":1},{"damage":1,"enemies":"Jaw Worm","floor":5,"turns":2},{"damage":0,"enemies":"HollowMod:MossKnight","floor":6,"turns":1},{"damage":6,"enemies":"2 Louse","floor":9,"turns":11},{"damage":0,"enemies":"2 Louse","floor":11,"turns":4},{"damage":55,"enemies":"Gremlin Nob","floor":13,"turns":6},{"damage":6,"enemies":"Exordium Thugs","floor":14,"turns":5},{"damage":43,"enemies":"Hexaghost","floor":16,"turns":18},{"damage":27,"enemies":"2 Thieves","floor":18,"turns":5},{"damage":42,"enemies":"Slavers","floor":24,"turns":12},{"damage":18,"enemies":"Shell Parasite","floor":25,"turns":6},{"damage":29,"enemies":"Gremlin Leader","floor":27,"turns":8}],"seed_played":"4904825214907856767","potions_obtained":[{"floor":6,"key":"potionbrewer:DiscountPotion"},{"floor":11,"key":"Elixir"},{"floor":13,"key":"Flashbang"},{"floor":16,"key":"Dexterity Potion"},{"floor":24,"key":"BlessingOfTheForge"}],"is_trial":false,"path_per_floor":["M","?","?","?","M","E","R","?","MIM","R","M","R","E","M","R","B",null,"M","$","?","?","?","R","E","M","T","E"],"character_chosen":"DOCTOR_CLASS","items_purchased":["InkBottle"],"campfire_rested":1,"item_purchase_floors":[19],"current_hp_per_floor":[72,72,72,72,71,71,71,71,65,65,65,65,10,4,25,1,72,48,48,48,42,42,42,23,10,10,0,0],"gold":143,"neow_bonus":"THREE_ENEMY_KILL","is_daily":false,"chose_seed":false,"campfire_upgraded":4,"win_rate":0.0,"timestamp":1610434864,"path_taken":["M","?","?","?","M","E","R","?","MIM","R","M","R","E","?","R","BOSS","M","$","?","?","?","R","E","?","T","E"],"items_purchased_type":["Relic"],"build_version":"2020-12-22","purchased_purges":0,"victory":false,"max_hp_per_floor":[72,72,72,72,72,72,72,72,72,72,72,72,72,72,72,72,72,72,72,72,72,72,72,72,72,72,72,72],"card_choices":[{"not_picked":["ats:Revitalization","ats:Powerful Strike"],"picked":"ats:Rapid Magazine","floor":1},{"not_picked":["ats:Explosion Area Strengthen","ats:Dogmatic Field"],"picked":"ats:Assault Order","floor":5},{"not_picked":["ats:Soul Absorption","ats:Ignite"],"picked":"ats:Consecutive Shot Auto","floor":6},{"not_picked":["ats:Apocalypse","ats:Nebulous Foxfire"],"picked":"ats:Encircling Forest","floor":9},{"not_picked":["ats:LN2 Cannon","ats:Consecutive Shot Auto"],"picked":"ats:Sword Rain","floor":11},{"not_picked":["ats:Explosion Area Strengthen","ats:Closed Bolt Burst Fire"],"picked":"ats:Overload","floor":13},{"not_picked":["ats:Poison Spread","ats:Rapid Magazine"],"picked":"ats:Shell Defense","floor":14},{"not_picked":["ats:Durian","ats:Nebulous Foxfire"],"picked":"ats:Calcification","floor":16},{"not_picked":["ats:Poison Spread","ats:Revitalization"],"picked":"ats:Shell Defense","floor":18},{"not_picked":["ats:Composite Medical Shells","ats:Durian","ats:Assault Order"],"picked":"SKIP","floor":24},{"not_picked":["ats:Childhood Dance","ats:Hook Shot","ats:Leaping Hammer"],"picked":"SKIP","floor":25}],"player_experience":1095603,"relics_obtained":[{"floor":6,"key":"ats:Originium"},{"floor":6,"key":"DemoMod:WeirdEgg"},{"floor":9,"key":"hubris:OldNail"},{"floor":9,"key":"Bromod:ArcaneConsequence"},{"floor":13,"key":"ats:Originium"},{"floor":13,"key":"Dead Branch"},{"floor":24,"key":"ats:Originium"},{"floor":24,"key":"Peace Pipe"},{"floor":26,"key":"Tiny Chest"}],"event_choices":[{"damage_healed":0,"gold_gain":0,"player_choice":"Gave Potion","damage_taken":0,"relics_obtained":["Prayer Beads"],"max_hp_gain":0,"max_hp_loss":0,"event_name":"WeMeetAgain","floor":8,"gold_loss":0},{"damage_healed":0,"gold_gain":0,"player_choice":"Joined the Cult","damage_taken":6,"max_hp_gain":0,"max_hp_loss":0,"event_name":"Nest","floor":21,"gold_loss":0,"cards_obtained":["RitualDagger"]},{"damage_healed":0,"gold_gain":0,"player_choice":"Obtain Plague Curse","damage_taken":0,"max_hp_gain":0,"max_hp_loss":0,"event_name":"Plague Doctor","floor":22,"gold_loss":0,"cards_obtained":["theForsaken:PlagueCurse"]}],"is_beta":false,"boss_relics":[{"not_picked":["hubris:VirtuousBlindfold","Replay:Wanted Poster"],"picked":"Ring of Chaos"}],"items_purged_floors":[],"is_endless":false,"potions_floor_spawned":[6,11,13,16,24],"killed_by":"Gremlin Leader","ascension_level":0}}