{"host":"3j2m8n0ywf988fwb","time":1610446688,"event":{"mods":["2.2 Compatiblity","Aspiration","BaseMod","Bestiary","Better Altar","Better Match","Better Note","Better Sensory Stone","Better Skull","Better Third Choice","CCEM","Colored Map","Colored Powertips","Dark Map","Googly Eyes","Halation","HexUI Lib","Highlight Path","Hubris","Infinite Spire","Jedi Mod","Marked Mod","Mimic Mod","Minty Spire (QoL Compilation)","Random Character Button","Relic Stats","Replay The Spire","Shop Mod","StSLib","Unceasing Turn Reminder","everything is the same but u backflip on backflip"],"gold_per_floor":[113,113,113,132,145,145,145,145,172,172,205,224,237,237,237,271,271,369,369,383,430,49,67,67,67,67],"floor_reached":25,"playtime":1218,"items_purged":["ReplayTheSpireMod:Splinters"],"score":299,"play_id":"77232554-5150-4919-a0bd-0570edc5d09f","local_time":"20210112041808","is_ascension_mode":true,"campfire_choices":[{"data":"jedi:fear","floor":8,"key":"SMITH"},{"data":"jedi:MakeshiftSword","floor":10,"key":"SMITH"},{"floor":17,"key":"REST"}],"circlet_count":0,"master_deck":["Strike_R","Strike_R","Strike_R","Strike_R","Strike_R+1","Defend_R","Defend_R","Defend_R","Defend_R+1","Bash","Evolve","Thunderclap","Rampage","True Grit","True Grit","Double Tap","Wild Strike"],"relics":["halation:SimulatedSpire","infinitespire:Beetle Shell","CCEMRelics:GrindingGear","Toy Ornithopter","Runic Cube","Gremlin Food","OrangePellets"],"acts_visited":["Exordium","TheCity"],"potions_floor_usage":[18,18,18,20,25,25,25],"damage_taken":[{"damage":5.0,"enemies":"Small Slimes","floor":1.0,"turns":3.0},{"damage":8,"enemies":"2 Louse","floor":4,"turns":3},{"damage":1,"enemies":"Cultist","floor":5,"turns":4},{"damage":46,"enemies":"Lagavulin","floor":9,"turns":8},{"damage":1,"enemies":"Exordium Wildlife","floor":11,"turns":6},{"damage":0,"enemies":"Exordium Wildlife","floor":12,"turns":1},{"damage":0,"enemies":"2 Fungi Beasts","floor":13,"turns":1},{"damage":0,"enemies":"Fading Forest","floor":18,"turns":11},{"damage":20,"enemies":"Spheric Guardian","floor":20,"turns":5},{"damage":49,"enemies":"3 Byrds","floor":23,"turns":9},{"damage":59,"enemies":"Gremlin Leader","floor":25,"turns":6}],"seed_played":"-361884716470232651","potions_obtained":[{"floor":1.0,"key":"Ancient Potion"},{"floor":9,"key":"Fire Potion"},{"floor":12,"key":"SteroidPotion"},{"floor":13,"key":"Toxic Potion"},{"floor":16,"key":"EntropicBrew"},{"floor":16,"key":"jedi:StrikingPotion"},{"floor":23,"key":"BloodPotion"}],"is_trial":false,"path_per_floor":["M","?","?","M","M","PTL","PTL","R","E","R","MIM","M","M","?","?","?","R","B",null,"M","T","$","M","?","E"],"character_chosen":"IRONCLAD","items_purchased":["Gremlin Food","OrangePellets"],"campfire_rested":1,"item_purchase_floors":[22,22],"current_hp_per_floor":[75,78,78,70,69,69,69,69,23,23,22,22,22,5,5,5,29,66,83,68,68,68,19,19,0,0],"gold":67,"neow_bonus":"SIMULATED_SPIRE","is_daily":false,"chose_seed":false,"campfire_upgraded":2,"win_rate":0.0,"timestamp":1610446688,"path_taken":["M","?","?","M","M","PTL","PTL","R","E","R","MIM","M","?","?","?","?","R","BOSS","M","?","$","?","?","E"],"items_purchased_type":["Relic","Relic"],"build_version":"2020-12-22","purchased_purges":1,"victory":false,"max_hp_per_floor":[80,83,83,83,83,83,83,83,83,83,83,83,83,83,83,83,83,83,83,83,83,83,83,83,83,83],"relic_stats":{"OrangePellets":[0],"counters":[11,57],"obtain_stats":[{"Gremlin Food":22,"OrangePellets":22,"halation:SimulatedSpire":0,"infinitespire:Beetle Shell":3,"CCEMRelics:GrindingGear":9,"Burning Blood":0,"Toy Ornithopter":11,"Runic Cube":19},{"Gremlin Food":9,"OrangePellets":9,"halation:SimulatedSpire":0,"infinitespire:Beetle Shell":1,"CCEMRelics:GrindingGear":4,"Burning Blood":0,"Toy Ornithopter":5,"Runic Cube":8},{"Gremlin Food":42,"OrangePellets":42,"halation:SimulatedSpire":0,"infinitespire:Beetle Shell":3,"CCEMRelics:GrindingGear":18,"Burning Blood":0,"Toy Ornithopter":24,"Runic Cube":37}],"Toy Ornithopter":35,"Runic Cube":[34]},"card_choices":[{"not_picked":["Twin Strike","Armaments"],"picked":"Evolve","floor":1.0},{"not_picked":["Warcry","Heavy Blade","Perfected Strike"],"picked":"SKIP","floor":4},{"not_picked":["Whirlwind","hubris:ReadiedAction","Sword Boomerang"],"picked":"SKIP","floor":4},{"not_picked":["jedi:suffering","Blood for Blood"],"picked":"Thunderclap","floor":5},{"not_picked":["Heavy Blade","jedi:harder","Sword Boomerang"],"picked":"SKIP","floor":5},{"not_picked":["Heavy Blade","Eclipse"],"picked":"Rampage","floor":9},{"not_picked":["Armaments","Twin Strike"],"picked":"True Grit","floor":12},{"not_picked":["jedi:controlledanger","Twin Strike","Warcry"],"picked":"SKIP","floor":12},{"not_picked":["Sword Boomerang","Body Slam","Warcry"],"picked":"SKIP","floor":13},{"not_picked":["Intimidate","Flex"],"picked":"True Grit","floor":16},{"not_picked":["Hemogenesis","Eclipse"],"picked":"Double Tap","floor":18},{"not_picked":["ReplayTheSpireMod:Stacked","hubris:ReadiedAction"],"picked":"Wild Strike","floor":20},{"not_picked":["Infernal Blade","hubris:ReadiedAction","Dropkick+1"],"picked":"SKIP","floor":20},{"not_picked":["Clothesline","Cleave+1","Clash"],"picked":"SKIP","floor":23},{"not_picked":["True Grit","Twin Strike+1","Warcry"],"picked":"SKIP","floor":23}],"player_experience":749691,"relics_obtained":[{"floor":9,"key":"CCEMRelics:GrindingGear"},{"floor":11,"key":"Toy Ornithopter"}],"event_choices":[{"damage_healed":0,"gold_gain":0,"player_choice":"Gave Potion","damage_taken":0,"relics_obtained":["infinitespire:Beetle Shell"],"max_hp_gain":0,"max_hp_loss":0,"event_name":"WeMeetAgain","floor":3,"gold_loss":0},{"damage_healed":22,"gold_gain":0,"player_choice":"Upgrade","damage_taken":17,"max_hp_gain":0,"max_hp_loss":83,"event_name":"betterThird:BetterShining","floor":14,"gold_loss":0,"cards_upgraded":["Defend_R","Strike_R"]}],"is_beta":false,"boss_relics":[{"not_picked":["Replay:Drink Me","Snecko Eye"],"picked":"Runic Cube"}],"items_purged_floors":[22],"is_endless":false,"potions_floor_spawned":[1,9,12,13,23],"killed_by":"Gremlin Leader","ascension_level":4}}