{"host":"5ty8fyb0ngp9gspj","time":1610422780,"event":{"mods":["2.2 Compatiblity","AchievementEnabler","Act Like it!","BaseMod","Colored Map","Downfall","Minty Spire (QoL Compilation)","Rare Cards Sparkle","StSLib"],"gold_per_floor":[99,99,99,99,99,131,131,142,167,184,109,120,155,155,173,274,274,274,285,285,385,167,150,174,186,196,44,60,79,4,30,46,147,147,72,85,103,103,116,142,142,16,16,49,49,49,82,94,114,114,114,144,16,16,16],"floor_reached":56,"playtime":3313,"items_purged":["Injury"],"score":1586,"play_id":"cba63002-c17b-4f41-a44a-257fad5dfdbe","local_time":"20210112143940","is_ascension_mode":true,"campfire_choices":[{"data":"champ:Taunt","floor":1,"key":"SMITH"},{"data":"champ:DancingMaster","floor":11,"key":"SMITH"},{"data":"champ:StrikeOfGenius","floor":18,"key":"SMITH"},{"floor":30,"key":"RECALL"},{"data":"champ:FanOfKnives","floor":35,"key":"SMITH"},{"data":"champ:SteelEdge","floor":46,"key":"SMITH"},{"data":"champ:ArenaPreparation","floor":54,"key":"SMITH"}],"circlet_count":0,"master_deck":["champ:Strike","champ:Strike","champ:Defend","champ:Defend","champ:Defend","champ:Execute","champ:Taunt+1","champ:RageSigil","champ:AdrenalArmor","champ:GladiatorsShout","champ:Control","champ:RisingSlash","champ:DancingMaster+1","champ:ShieldSigil","champ:BerserkerStyle","champ:ArenaPreparation+1","champ:StrikeOfGenius+1","champ:Duel+1","champ:HeartStrike","champ:Backstep","champ:FanOfKnives+1","champ:DefensiveStyle+1","champ:DefensiveShout+1","champ:GladiatorStyle+1","champ:BladeFlurry","Metamorphosis","champ:FlashCut+1","champ:RapidStrikes+1","champ:Haymaker","champ:PerfectedStrike+1","champ:RageSigil+1","champ:MurderStrike","champ:BringItOn","champ:FaceSlap","champ:ShieldWall+1","champ:LastStand","champ:StanceDance","champ:SteelEdge+1","champ:BringItOn+1","champ:GutPunch","champ:ShieldSigil+1","champ:RapidStrikes+1"],"relics":["champ:ChampionCrownUpgraded","downfall:HeartsMalice","Bag of Preparation","Mercury Hourglass","Lantern","downfall:HeartBlessingGreen","Girya","champ:BlackKnightHelmet","Pantograph","Orrery","Potion Belt","Lee\u0027s Waffle","downfall:HeartBlessingBlue","White Beast Statue","Cursed Key","downfall:HeartBlessingRed","Bottled Lightning","Kunai","Art of War","MealTicket","Shuriken"],"acts_visited":["Exordium","TheCity","TheBeyond","TheEnding"],"potions_floor_usage":[9,25,31,33,40,43,47,48,50,50,55,55,55,55,55],"damage_taken":[{"damage":0,"enemies":"2 Louse","floor":2,"turns":1},{"damage":0,"enemies":"Small Slimes","floor":3,"turns":1},{"damage":0,"enemies":"3 Sentries","floor":6,"turns":1},{"damage":13,"enemies":"Cultist","floor":8,"turns":3},{"damage":5,"enemies":"Gremlin Nob","floor":9,"turns":2},{"damage":11,"enemies":"Large Slime","floor":10,"turns":3},{"damage":15,"enemies":"Exordium Wildlife","floor":12,"turns":3},{"damage":42,"enemies":"Lagavulin","floor":13,"turns":6},{"damage":15,"enemies":"Exordium Thugs","floor":15,"turns":4},{"damage":67,"enemies":"downfall:Watcher","floor":16,"turns":6},{"damage":61,"enemies":"Shell Parasite","floor":19,"turns":2},{"damage":68,"enemies":"Shell Parasite","floor":21,"turns":6},{"damage":43,"enemies":"downfall:FleeingMerchant","floor":22,"turns":4},{"damage":27,"enemies":"downfall:FleeingMerchant","floor":23,"turns":3},{"damage":37,"enemies":"Centurion and Healer","floor":25,"turns":3},{"damage":30,"enemies":"Snake Plant","floor":26,"turns":3},{"damage":35,"enemies":"Sentry and Sphere","floor":28,"turns":2},{"damage":47,"enemies":"Cultist and Chosen","floor":29,"turns":3},{"damage":52,"enemies":"Slavers","floor":31,"turns":2},{"damage":28,"enemies":"Snecko","floor":32,"turns":2},{"damage":55,"enemies":"downfall:Silent","floor":33,"turns":6},{"damage":20,"enemies":"3 Shapes","floor":36,"turns":3},{"damage":29,"enemies":"Orb Walker","floor":37,"turns":1},{"damage":51,"enemies":"Sphere and 2 Shapes","floor":39,"turns":4},{"damage":44,"enemies":"Reptomancer","floor":40,"turns":5},{"damage":0,"enemies":"Spire Growth","floor":43,"turns":1},{"damage":56,"enemies":"Giant Head","floor":44,"turns":5},{"damage":32,"enemies":"Reptomancer","floor":47,"turns":2},{"damage":45,"enemies":"Maw","floor":48,"turns":4},{"damage":52,"enemies":"Transient","floor":49,"turns":5},{"damage":67,"enemies":"downfall:Defect","floor":50,"turns":4},{"damage":69,"enemies":"downfall:CharBossMerchant","floor":52,"turns":4},{"damage":105,"enemies":"downfall:NeowBoss","floor":55,"turns":17}],"seed_played":"-2306672876326574731","potions_obtained":[{"floor":6,"key":"champ:OpenerPotion"},{"floor":8,"key":"LiquidBronze"},{"floor":10,"key":"GamblersBrew"},{"floor":12,"key":"LiquidBronze"},{"floor":25,"key":"AttackPotion"},{"floor":26,"key":"Strength Potion"},{"floor":28,"key":"FearPotion"},{"floor":31,"key":"Fire Potion"},{"floor":32,"key":"Explosive Potion"},{"floor":33,"key":"Swift Potion"},{"floor":36,"key":"SmokeBomb"},{"floor":39,"key":"Energy Potion"},{"floor":40,"key":"Ancient Potion"},{"floor":44,"key":"DistilledChaos"},{"floor":47,"key":"GamblersBrew"},{"floor":48,"key":"DistilledChaos"},{"floor":52,"key":"SkillPotion"}],"is_trial":false,"path_per_floor":["R","M","M","?","?","E","T","M","E","M","R","M","E","?","M","B",null,"R","M","?","?","$","$","T","M","M","$","M","M","R","E","M","B",null,"R","M","M","?","M","E","T","$","M","E","$","R","E","M","M","B",null,"E","$","R","B",null],"character_chosen":"THE_CHAMP","items_purchased":["champ:Backstep","Orrery","Potion Belt","Metamorphosis","Lee\u0027s Waffle","champ:StanceDance","Energy Potion","DistilledChaos"],"campfire_rested":0,"item_purchase_floors":[22,22,23,23,27,42,53,53],"current_hp_per_floor":[90,90,90,90,90,90,90,89,89,88,88,87,68,68,67,58,90,90,72,72,61,61,61,61,51,30,97,97,87,97,97,97,92,107,107,104,104,104,102,102,102,102,102,102,102,102,102,102,102,112,112,112,112,112,107],"gold":16,"neow_bonus":"THREE_ENEMY_KILL","is_daily":false,"chose_seed":false,"campfire_upgraded":6,"win_rate":0.0,"timestamp":1610422780,"path_taken":["R","M","M","?","?","E","T","M","E","M","R","M","E","?","M","BOSS","R","M","?","?","?","$","T","M","M","$","M","M","R","E","M","BOSS","R","M","M","?","M","E","T","?","?","E","$","R","E","M","M","BOSS","E","$","R","BOSS"],"items_purchased_type":["Card","Relic","Relic","Card","Relic","Card","Potion","Potion"],"build_version":"2020-12-22","purchased_purges":1,"victory":true,"max_hp_per_floor":[90,90,90,90,90,90,90,90,90,90,90,90,90,90,90,90,90,90,90,90,90,90,90,90,90,90,97,97,97,107,107,107,107,107,107,107,107,107,112,112,112,112,112,112,112,112,112,112,112,112,112,112,112,112,112],"card_choices":[{"not_picked":["champ:StanceDance","champ:Circumvent"],"picked":"champ:RageSigil","floor":2},{"not_picked":["champ:Haymaker","champ:RageSigil"],"picked":"champ:AdrenalArmor","floor":3},{"not_picked":["champ:IronFortress","champ:BladeFlurry"],"picked":"champ:GladiatorsShout","floor":6},{"not_picked":["champ:RageSigil","champ:GladiatorsShout"],"picked":"champ:Control","floor":8},{"not_picked":["champ:GladiatorsShout","champ:PerfectedStrike"],"picked":"champ:RisingSlash","floor":9},{"not_picked":["champ:FlashCut","champ:EnragedBash"],"picked":"champ:DancingMaster","floor":10},{"not_picked":["champ:PerfectedStrike","champ:BerserkerStyle"],"picked":"champ:ShieldSigil","floor":12},{"not_picked":["champ:ShieldSigil","champ:ShieldWall"],"picked":"champ:BerserkerStyle","floor":13},{"not_picked":["champ:FlashCut","champ:FaceSlap"],"picked":"champ:ArenaPreparation","floor":15},{"not_picked":["champ:IgnorePain","champ:VampiricStrike"],"picked":"champ:StrikeOfGenius","floor":16},{"not_picked":["champ:BringItOn","champ:ArenaPreparation"],"picked":"champ:Duel+1","floor":19},{"not_picked":["champ:ArenaPreparation+1","champ:ViciousMockery"],"picked":"champ:HeartStrike","floor":21},{"not_picked":["champ:Balance","champ:Control"],"picked":"champ:FightOn","floor":22},{"not_picked":["champ:PerfectedStrike","champ:BerserkerStyle+1"],"picked":"champ:FanOfKnives","floor":22},{"not_picked":["champ:RisingSlash","champ:SkillfulDodge"],"picked":"champ:DefensiveStyle+1","floor":22},{"not_picked":["champ:Duel","champ:PerfectedStrike"],"picked":"champ:DefensiveShout+1","floor":22},{"not_picked":["champ:RapidStrikes","champ:Backstep"],"picked":"champ:GladiatorStyle+1","floor":22},{"not_picked":["champ:Backstep","champ:AdrenalArmor"],"picked":"champ:BladeFlurry","floor":23},{"not_picked":["champ:RecklessLeap","champ:EnGarde"],"picked":"champ:FlashCut+1","floor":25},{"not_picked":["champ:DefensiveShout","champ:TornadoPunch","champ:BerserkerStyle"],"picked":"SKIP","floor":26},{"not_picked":["champ:DefensiveShout","champ:Aggression+1"],"picked":"champ:RapidStrikes+1","floor":28},{"not_picked":["champ:RapidStrikes","champ:RecklessLeap"],"picked":"champ:Haymaker","floor":29},{"not_picked":["champ:FaceSlap","champ:BladeFlurry"],"picked":"champ:PerfectedStrike+1","floor":31},{"not_picked":["champ:HeartStrike","champ:EnGarde"],"picked":"champ:RageSigil+1","floor":32},{"not_picked":["champ:IgnorePain","champ:ShieldThrow"],"picked":"champ:MurderStrike","floor":33},{"not_picked":["champ:FocusedDefense+1","champ:Shatter+1"],"picked":"champ:BringItOn","floor":36},{"not_picked":["champ:BringItOn","champ:GladiatorsShout+1"],"picked":"champ:FaceSlap","floor":37},{"not_picked":["champ:Duel+1","champ:BerserkersShout"],"picked":"champ:ShieldWall+1","floor":39},{"not_picked":["champ:BladeFlurry+1","champ:GladiatorsShout"],"picked":"champ:LastStand","floor":40},{"not_picked":["champ:CrookedStrike","champ:FocusedBerserking+1"],"picked":"champ:SteelEdge","floor":44},{"not_picked":["champ:TornadoPunch","champ:PerfectedStrike+1"],"picked":"champ:BringItOn+1","floor":47},{"not_picked":["champ:Haymaker+1","champ:ViciousMockery"],"picked":"champ:GutPunch","floor":48},{"not_picked":["champ:Riposte","champ:PerfectedStrike"],"picked":"champ:ShieldSigil+1","floor":49},{"not_picked":["champ:DefensiveShout+1","champ:RageSigil+1"],"picked":"champ:RapidStrikes+1","floor":52}],"player_experience":354088,"relics_obtained":[{"floor":6,"key":"Bag of Preparation"},{"floor":7,"key":"Mercury Hourglass"},{"floor":9,"key":"Lantern"},{"floor":13,"key":"Girya"},{"floor":21,"key":"champ:BlackKnightHelmet"},{"floor":21,"key":"Pantograph"},{"floor":31,"key":"White Beast Statue"},{"floor":40,"key":"Bottled Lightning"},{"floor":41,"key":"Kunai"},{"floor":44,"key":"Art of War"},{"floor":47,"key":"MealTicket"},{"floor":52,"key":"Shuriken"}],"event_choices":[{"cards_removed":["champ:Defend"],"damage_healed":0,"gold_gain":0,"player_choice":"Card Removal","damage_taken":0,"max_hp_gain":0,"max_hp_loss":0,"event_name":"The Cleric","floor":5,"gold_loss":0},{"cards_removed":["champ:Strike"],"damage_healed":0,"gold_gain":0,"player_choice":"Card Removal","damage_taken":0,"max_hp_gain":0,"max_hp_loss":0,"event_name":"Wheel of Change","floor":14,"gold_loss":0}],"is_beta":false,"boss_relics":[{"not_picked":["Runic Pyramid","Philosopher\u0027s Stone"],"picked":"champ:ChampionCrownUpgraded"},{"not_picked":["sneckomod:SneckoTalon","expansioncontent:StudyCardRelic"],"picked":"Cursed Key"}],"items_purged_floors":[42],"is_endless":false,"potions_floor_spawned":[6,8,10,12,25,26,28,31,32,33,36,37,39,40,43,44,47,48,49,52],"ascension_level":1}}