{"host":"grklf728wqifs9z9","time":1610456465,"event":{"mods":["BaseMod","Downfall","MarisaÅiñ∂âJÅ@ñÇóùçπÅj","Minty Spire (QoL Compilation)","Replay The Spire","Shop Mod","StSLib","The Animator","The Bug Knight","The Cursed","The Disciple","The Necromancer","The Servant 0.9.4"],"gold_per_floor":[123,135,161,172,172,172,190,210,286,286,303,303,316,316,316,429,429,429,429],"floor_reached":18,"playtime":1433,"items_purged":[],"score":158,"play_id":"54327ede-87ef-495c-a8cc-649117d68617","local_time":"20210112220105","is_ascension_mode":false,"campfire_choices":[{"floor":6.0,"key":"RECALL"},{"data":"animator:Saitama","floor":10.0,"key":"SMITH"},{"data":"animator:Sebas","floor":12.0,"key":"SMITH"},{"floor":15.0,"key":"REST"}],"circlet_count":0,"master_deck":["animator:Strike_TenSura","animator:Defend_TenSura","animator:Strike","animator:Strike","animator:Strike","animator:Defend","animator:Defend","animator:Defend","animator:Benimaru","animator:Shuna","animator:Sebas+1","animator:MetalKnight","animator:Rimuru","animator:Souei","animator:Saitama+1","animator:Togame","animator:NarberalGamma","animator:SeriousSaitama","Delirium","animator:Envy","CurseOfTheBell"],"relics":["animator:LivingPicture","animator:TheMissingPiece","animator:PurgingStone","animator:Hoodie","animator:CursedGlyph","Ring of Fangs","Ring of Fury","Calling Bell","Potion Belt","Molten Egg 2","Lizard Tail"],"acts_visited":["Exordium","TheCity"],"potions_floor_usage":[],"damage_taken":[{"damage":0.0,"enemies":"2 Louse","floor":1.0,"turns":3.0},{"damage":0.0,"enemies":"Cultist","floor":2.0,"turns":4.0},{"damage":6.0,"enemies":"Jaw Worm","floor":3.0,"turns":3.0},{"damage":11.0,"enemies":"Blue Slaver","floor":4.0,"turns":3.0},{"damage":12.0,"enemies":"Red Slaver","floor":7.0,"turns":4.0},{"damage":3.0,"enemies":"Exordium Thugs","floor":8.0,"turns":4.0},{"damage":0.0,"enemies":"Looter","floor":11.0,"turns":4.0},{"damage":0.0,"enemies":"Exordium Wildlife","floor":13.0,"turns":6.0},{"damage":3.0,"enemies":"Fading Forest","floor":16.0,"turns":11.0},{"damage":17.0,"enemies":"Spheric Guardian","floor":18.0,"turns":6.0}],"seed_played":"-9047337216243481249","potions_obtained":[{"floor":8.0,"key":"SneckoOil"},{"floor":11.0,"key":"LifebloodPotion"},{"floor":16.0,"key":"PowerPotion"}],"is_trial":false,"path_per_floor":["M","M","M","M","?","R","M","M","T","R","M","R","M","?","R","B",null,"M"],"character_chosen":"THE_ANIMATOR","items_purchased":[],"campfire_rested":1,"item_purchase_floors":[],"current_hp_per_floor":[66,66,60,50,67,67,55,52,52,52,56,56,59,59,70,67,70,53,53],"gold":429,"neow_bonus":"THREE_CARDS","is_daily":false,"chose_seed":false,"campfire_upgraded":2,"win_rate":0.0,"timestamp":1610456465,"path_taken":["M","M","M","M","?","R","?","M","T","R","M","R","M","?","R","BOSS","M"],"items_purchased_type":[],"build_version":"2020-12-22","purchased_purges":0,"victory":false,"max_hp_per_floor":[66,66,66,67,67,67,67,67,67,67,71,71,70,70,70,70,70,70,70],"card_choices":[{"not_picked":["animator:Mitsuba","animator:Ain"],"picked":"animator:HiiragiShinya","floor":0.0},{"not_picked":["animator:Ara","animator:Sloth"],"picked":"animator:Sebas","floor":1.0},{"not_picked":["animator:ElricEdward","animator:Raven"],"picked":"animator:MetalKnight","floor":2.0},{"not_picked":["animator:Konayuki","animator:Hitei"],"picked":"animator:Rimuru","floor":3.0},{"not_picked":["animator:Vesta","animator:Shion"],"picked":"animator:Souei","floor":4.0},{"not_picked":["animator:Pride","animator:Viivi"],"picked":"animator:Saitama","floor":7.0},{"not_picked":["animator:Raven","animator:Alexander"],"picked":"animator:Togame","floor":8.0},{"not_picked":["animator:ElricAlphonse","animator:Konayuki"],"picked":"animator:NarberalGamma","floor":11.0},{"not_picked":["animator:MumenRider","animator:MetalKnight"],"picked":"animator:SeriousSaitama","floor":13.0},{"not_picked":["animator:Saitama","animator:Biyorigo"],"picked":"animator:Envy","floor":16.0}],"player_experience":126554,"relics_obtained":[{"floor":9.0,"key":"animator:Hoodie"},{"floor":13.0,"key":"animator:CursedGlyph"},{"floor":14.0,"key":"Ring of Fangs"},{"floor":14.0,"key":"Ring of Fury"},{"floor":17.0,"key":"Potion Belt"},{"floor":17.0,"key":"Molten Egg 2"},{"floor":17.0,"key":"Lizard Tail"}],"event_choices":[{"cards_removed":["animator:HiiragiShinya"],"damage_healed":17.0,"max_hp_gain":0.0,"max_hp_loss":0.0,"gold_gain":0.0,"event_name":"Bonfire Elementals","player_choice":"Offered Uncommon","floor":5.0,"gold_loss":0.0,"damage_taken":0.0}],"is_beta":false,"boss_relics":[{"not_picked":["Velvet Choker","animator:CursedBlade"],"picked":"Calling Bell"}],"items_purged_floors":[],"is_endless":false,"potions_floor_spawned":[8,11,16],"killed_by":"Spheric Guardian","ascension_level":0}}