{"host":"Ian","time":1610487860,"event":{"mods":["BaseMod","Bestiary","Block Reminder","Colored Map","Highlight Path","Key Reminder","Minty Spire (QoL Compilation)","Relic Stats"],"gold_per_floor":[12,27,45,57,70,70,98,98,123,137,21,38,64,83,83,157,157,77,77,77,77,77,77,77,77,77,77,77,77,77,77,77,77,77,77,77,0,0,0,0,0,0,0,0,0],"floor_reached":44,"language":"ENG","playtime":2125,"items_purged":["Strike_R"],"score":973,"play_id":"24be3791-b4ff-4e3f-998a-4dfde31e1988","local_time":"20210112214420","is_ascension_mode":true,"campfire_choices":[{"data":"Combust","floor":6,"key":"SMITH"},{"floor":8,"key":"REST"},{"floor":15,"key":"REST"},{"floor":23,"key":"REST"},{"data":"Rupture","floor":25,"key":"SMITH"},{"floor":29,"key":"REST"},{"data":"Clothesline","floor":32,"key":"SMITH"},{"floor":40,"key":"REST"}],"circlet_count":0,"master_deck":["AscendersBane","Defend_R","Defend_R","Defend_R","Defend_R","Bash","Clothesline+1","Twin Strike","True Grit","Blood for Blood","Combust+1","Pommel Strike","Rupture+1","Blood for Blood","True Grit","Demon Form","Shrug It Off+1","Battle Trance","Bite","Bite","Bite","Bite","Pummel","Reaper","Feel No Pain+1","Second Wind","Offering","Power Through+1","Apotheosis","Dark Shackles"],"relics":["Burning Blood","Regal Pillow","keyreminder:keyreminder","Potion Belt","Ectoplasm","Frozen Egg 2","Blood Vial","SacredBark","Red Mask","Centennial Puzzle"],"acts_visited":["Exordium","TheCity","TheBeyond"],"potions_floor_usage":[4,18,28,28,28,41,41,44,44,44],"damage_taken":[{"damage":1,"enemies":"Cultist","floor":1,"turns":3},{"damage":10,"enemies":"Jaw Worm","floor":2,"turns":5},{"damage":1,"enemies":"2 Louse","floor":3,"turns":3},{"damage":19,"enemies":"Gremlin Gang","floor":4,"turns":7},{"damage":25,"enemies":"Blue Slaver","floor":5,"turns":5},{"damage":39,"enemies":"3 Sentries","floor":7,"turns":6},{"damage":18,"enemies":"Exordium Thugs","floor":10,"turns":4},{"damage":7,"enemies":"Looter","floor":12,"turns":4},{"damage":27,"enemies":"Lagavulin","floor":13,"turns":6},{"damage":14,"enemies":"Blue Slaver","floor":14,"turns":4},{"damage":47,"enemies":"Hexaghost","floor":16,"turns":8},{"damage":22,"enemies":"2 Thieves","floor":18,"turns":4},{"damage":25,"enemies":"3 Byrds","floor":19,"turns":4},{"damage":25,"enemies":"Cultist and Chosen","floor":22,"turns":7},{"damage":32,"enemies":"Snake Plant","floor":24,"turns":5},{"damage":35,"enemies":"Book of Stabbing","floor":28,"turns":6},{"damage":10,"enemies":"Snecko","floor":30,"turns":5},{"damage":38,"enemies":"Centurion and Healer","floor":31,"turns":8},{"damage":57,"enemies":"Champ","floor":33,"turns":10},{"damage":17,"enemies":"Orb Walker","floor":35,"turns":3},{"damage":44,"enemies":"3 Darklings","floor":38,"turns":10},{"damage":59,"enemies":"Giant Head","floor":41,"turns":7},{"damage":38,"enemies":"Writhing Mass","floor":42,"turns":7},{"damage":29,"enemies":"Reptomancer","floor":44,"turns":2}],"seed_played":"-8856433781690552473","potions_obtained":[{"floor":2,"key":"Block Potion"},{"floor":4,"key":"Swift Potion"},{"floor":7,"key":"Ancient Potion"},{"floor":14,"key":"Fire Potion"},{"floor":16,"key":"Dexterity Potion"},{"floor":22,"key":"SpeedPotion"},{"floor":28,"key":"SmokeBomb"},{"floor":30,"key":"Fire Potion"},{"floor":31,"key":"Weak Potion"},{"floor":42,"key":"Weak Potion"}],"is_trial":false,"path_per_floor":["M","M","M","M","M","R","E","R","T","M","$","M","E","M","R","B",null,"M","M","?","?","M","R","M","R","T","?","E","R","M","M","R","B",null,"M","?","?","M","?","R","E","M","T","E"],"character_chosen":"IRONCLAD","items_purchased":["Rupture"],"campfire_rested":5,"item_purchase_floors":[11],"current_hp_per_floor":[87,83,88,75,56,56,23,64,64,52,52,51,30,22,63,22,72,56,37,37,37,26,59,41,41,41,41,22,55,59,52,52,30,54,51,41,41,43,43,59,26,12,12,0,0],"gold":0,"neow_bonus":"TWENTY_PERCENT_HP_BONUS","is_daily":false,"chose_seed":false,"campfire_upgraded":3,"win_rate":0.0,"timestamp":1610487860,"path_taken":["M","M","M","M","M","R","E","R","T","M","$","M","E","M","R","BOSS","M","?","?","?","M","R","?","R","T","?","E","R","M","?","R","BOSS","M","?","?","M","?","R","E","M","T","E"],"items_purchased_type":["Card"],"build_version":"2020-12-18","purchased_purges":1,"victory":false,"max_hp_per_floor":[89,89,89,89,89,89,89,89,89,89,89,89,89,89,89,89,89,89,89,62,62,62,62,62,62,62,62,62,62,62,62,62,62,62,62,62,62,62,59,59,59,59,59,59,59],"relic_stats":{"Blood Vial":14,"Regal Pillow":60,"Centennial Puzzle":[3],"counters":[24,133],"Ectoplasm":307,"obtain_stats":[{"keyreminder:keyreminder":9,"Potion Belt":13,"Blood Vial":28,"Regal Pillow":7,"Centennial Puzzle":43,"SacredBark":34,"Ectoplasm":17,"Red Mask":37,"Frozen Egg 2":26,"Burning Blood":0},{"keyreminder:keyreminder":6,"Potion Belt":9,"Blood Vial":16,"Regal Pillow":6,"Centennial Puzzle":23,"SacredBark":19,"Ectoplasm":11,"Red Mask":20,"Frozen Egg 2":15,"Burning Blood":0},{"keyreminder:keyreminder":29,"Potion Belt":43,"Blood Vial":81,"Regal Pillow":29,"Centennial Puzzle":131,"SacredBark":104,"Ectoplasm":55,"Red Mask":107,"Frozen Egg 2":75,"Burning Blood":0}],"Burning Blood":138},"card_choices":[{"not_picked":["Entrench","Warcry"],"picked":"Clothesline","floor":1},{"not_picked":["Perfected Strike","Sword Boomerang"],"picked":"Twin Strike","floor":2},{"not_picked":["Clothesline","Havoc"],"picked":"True Grit","floor":3},{"not_picked":["Sword Boomerang","True Grit"],"picked":"Blood for Blood","floor":4},{"not_picked":["Twin Strike","Inflame"],"picked":"Combust","floor":5},{"not_picked":["Wild Strike","Entrench"],"picked":"Pommel Strike","floor":7},{"not_picked":["Barricade","Intimidate","Dropkick"],"picked":"SKIP","floor":10},{"not_picked":["Shockwave","Havoc","Pommel Strike"],"picked":"SKIP","floor":12},{"not_picked":["Armaments","Sword Boomerang"],"picked":"Blood for Blood","floor":13},{"not_picked":["Iron Wave","Body Slam"],"picked":"True Grit","floor":14},{"not_picked":["Barricade","Exhume"],"picked":"Demon Form","floor":16},{"not_picked":["Inflame","Blood for Blood"],"picked":"Shrug It Off+1","floor":18},{"not_picked":["Twin Strike+1","True Grit+1"],"picked":"Battle Trance","floor":19},{"not_picked":["Seeing Red","Havoc","True Grit"],"picked":"SKIP","floor":22},{"not_picked":["Cleave","Dropkick"],"picked":"Pummel","floor":24},{"not_picked":["Power Through","Anger+1"],"picked":"Reaper","floor":28},{"not_picked":["Whirlwind","Spot Weakness"],"picked":"Feel No Pain+1","floor":30},{"not_picked":["Headbutt","Fire Breathing+1"],"picked":"Second Wind","floor":31},{"not_picked":["Berserk+1","Demon Form+1"],"picked":"Offering","floor":33},{"not_picked":["Cleave","Flex"],"picked":"Power Through+1","floor":35},{"not_picked":["Dark Shackles","Sadistic Nature+1"],"picked":"Apotheosis","floor":36},{"not_picked":["Madness","Discovery"],"picked":"Dark Shackles","floor":36},{"not_picked":["Shrug It Off","Twin Strike+1","Dropkick"],"picked":"SKIP","floor":38},{"not_picked":["Clothesline+1","Wild Strike","Headbutt"],"picked":"SKIP","floor":42}],"player_experience":2674686,"relics_obtained":[{"floor":7,"key":"Regal Pillow"},{"floor":13,"key":"Potion Belt"},{"floor":26,"key":"Frozen Egg 2"},{"floor":28,"key":"Blood Vial"},{"floor":43,"key":"Centennial Puzzle"}],"event_choices":[{"damage_healed":0,"gold_gain":0,"player_choice":"Became a vampire","damage_taken":0,"max_hp_gain":0,"max_hp_loss":27,"event_name":"Vampires","floor":20,"gold_loss":0,"cards_obtained":["Bite","Bite","Bite","Bite","Bite"]},{"cards_removed":["Bite"],"damage_healed":0,"gold_gain":0,"player_choice":"Card Removal","damage_taken":0,"max_hp_gain":0,"max_hp_loss":0,"event_name":"Wheel of Change","floor":21,"gold_loss":0},{"damage_healed":0,"gold_gain":0,"player_choice":"0 cards matched","damage_taken":0,"max_hp_gain":0,"max_hp_loss":0,"event_name":"Match and Keep!","floor":27,"gold_loss":0,"cards_obtained":[]},{"damage_healed":0,"gold_gain":0,"player_choice":"Memory 3","damage_taken":10,"max_hp_gain":0,"max_hp_loss":0,"event_name":"SensoryStone","floor":36,"gold_loss":0},{"damage_healed":0,"gold_gain":0,"player_choice":"Paid","damage_taken":0,"relics_obtained":["Red Mask"],"max_hp_gain":0,"max_hp_loss":0,"event_name":"Tomb of Lord Red Mask","floor":37,"gold_loss":77},{"damage_healed":0,"gold_gain":0,"player_choice":"Max HP","damage_taken":0,"max_hp_gain":0,"max_hp_loss":3,"event_name":"Winding Halls","floor":39,"gold_loss":0}],"is_beta":true,"boss_relics":[{"not_picked":["Sozu","SlaversCollar"],"picked":"Ectoplasm"},{"not_picked":["Busted Crown","Pandora\u0027s Box"],"picked":"SacredBark"}],"items_purged_floors":[11],"is_endless":false,"potions_floor_spawned":[2,4,7,12,14,16,22,28,30,31,33,42],"killed_by":"Reptomancer","ascension_level":20}}