{"host":"45gjn1i9lq2ky2i9","time":1610443957,"event":{"mods":["2.2 Compatiblity","Act Like it!","Aspiration","Bard","BaseMod","Beaked The Cultist","Better Altar","Better Match","Better Note","Better Sensory Stone","Better Skull","Better Third Choice","Better Vampires","Conspire","Downfall","Halation","Hubris","Infinite Spire","Jedi Mod","Lobotomy","LobotomyExtend","Minty Spire (QoL Compilation)","Pale of the Ancients","Permanent Neow","Replay The Spire","Shop Mod","Spikes Relics","StSLib","The Mystic","The Runesmith","The Wild Card"],"gold_per_floor":[110,120,136,136,136,136,148,158,158,158,158,158,171,185,185,185,185],"floor_reached":16,"playtime":450,"items_purged":[],"score":163,"play_id":"99aeece4-3a30-4236-ab72-b809fefa0b10","local_time":"20210112173237","is_ascension_mode":true,"campfire_choices":[{"data":"Conserve Battery","floor":6,"key":"SMITH"},{"floor":12,"key":"REST"},{"floor":15,"key":"REST"}],"circlet_count":0,"master_deck":["AscendersBane","Strike_B","Strike_B","Strike_B","Strike_B","Defend_B","Defend_B","Defend_B","Defend_B","Zap+1","Dualcast","Cold Snap","Conserve Battery+1","Coolheaded","Conserve Battery","Chill","Self Repair"],"relics":["Cracked Core","Toxic Egg 2"],"acts_visited":["Exordium"],"potions_floor_usage":[10],"damage_taken":[{"damage":0,"enemies":"2 Louse","floor":1,"turns":1},{"damage":0,"enemies":"Small Slimes","floor":2,"turns":3},{"damage":5,"enemies":"Jaw Worm","floor":3,"turns":3},{"damage":23,"enemies":"Lots of Slimes","floor":7,"turns":5},{"damage":16,"enemies":"Large Slime","floor":8,"turns":6},{"damage":0,"enemies":"Gremlin Gang","floor":10,"turns":1},{"damage":2,"enemies":"Blue Slaver","floor":13,"turns":4},{"damage":1,"enemies":"Looter","floor":14,"turns":4},{"damage":28,"enemies":"Slime Boss","floor":16,"turns":9}],"seed_played":"7378378173266473491","potions_obtained":[{"floor":1,"key":"jedi:hoardpotion"},{"floor":3,"key":"SmokeBomb"},{"floor":13,"key":"jedi:coolantleak"}],"is_trial":false,"path_per_floor":["M","M","M","?","?","R","M","M","T","M","$","R","M","M","R","B"],"character_chosen":"DEFECT","items_purchased":[],"campfire_rested":2,"item_purchase_floors":[],"current_hp_per_floor":[64,64,59,59,59,59,36,20,20,20,20,41,39,45,66,38,38],"gold":185,"neow_bonus":"THREE_CARDS","is_daily":false,"chose_seed":false,"campfire_upgraded":1,"win_rate":0.0,"timestamp":1610443957,"path_taken":["M","M","M","?","?","R","M","M","T","M","$","R","?","?","R","BOSS"],"items_purchased_type":[],"build_version":"2020-12-22","purchased_purges":0,"victory":false,"max_hp_per_floor":[71,71,71,71,71,71,71,71,71,71,71,71,71,71,71,71,71],"card_choices":[{"not_picked":["jedi:blockon","ReplayTheSpireMod:Reroute Power"],"picked":"Cold Snap","floor":0},{"not_picked":["Sunder","Turbo"],"picked":"Conserve Battery","floor":1},{"not_picked":["jedi:BurstLightning","Lockon"],"picked":"Coolheaded","floor":2},{"not_picked":["aspiration:Polymerization","jedi:overflow","Scrape"],"picked":"SKIP","floor":3},{"not_picked":["Darkness","jedi:BurstLightning"],"picked":"Conserve Battery","floor":7},{"not_picked":["Scrape","Hologram"],"picked":"Chill","floor":8},{"not_picked":["jedi:bruteforce+1","Sweeping Beam"],"picked":"Self Repair","floor":13},{"not_picked":["Compile Driver","DiskWipe","Rebound"],"picked":"SKIP","floor":14}],"player_experience":534608,"relics_obtained":[{"floor":9,"key":"Toxic Egg 2"}],"event_choices":[{"damage_healed":0,"gold_gain":0,"player_choice":"Grow","damage_taken":0,"max_hp_gain":0,"max_hp_loss":0,"event_name":"Living Wall","floor":5,"gold_loss":0,"cards_upgraded":["Zap"]}],"is_beta":false,"boss_relics":[],"items_purged_floors":[],"is_endless":false,"potions_floor_spawned":[1,3,10,13],"killed_by":"Slime Boss","ascension_level":14}}