{"host":"sc0o2qwpf9j16a4i","time":1610460558,"event":{"mods":["AchievementEnabler","BaseMod","BetterRewards","Block Reminder","Colored Map","Colored Powertips","Custom Start","Highlight Path","Minty Spire (QoL Compilation)","Relic Stats"],"gold_per_floor":[118,132,182,194,194,227,243,243,243,255,269,293,328,328,328,403,403,417,417,437,457,457,457,468,497,497,497,508,508,508],"floor_reached":29,"playtime":595,"items_purged":[],"score":514,"play_id":"2015df08-b376-4bea-86bd-b0420676925c","local_time":"20210112160918","is_ascension_mode":true,"campfire_choices":[{"data":"Uppercut","floor":8.0,"key":"SMITH"},{"floor":15.0,"key":"REST"},{"floor":23.0,"key":"REST"},{"floor":27.0,"key":"REST"}],"circlet_count":0,"master_deck":["AscendersBane","Strike_R","Strike_R","Strike_R","Strike_R","Defend_R","Defend_R","Defend_R","Defend_R","Bash","Heavy Blade","Uppercut+1","Metallicize","Clothesline","Combust","Inflame","Immolate","Burning Pact","True Grit","Impervious","Disarm","Evolve","Disarm"],"relics":["Snecko Eye","Dream Catcher","The Courier","Boot","Ornamental Fan","Philosopher\u0027s Stone","FaceOfCleric","Tiny Chest","Bottled Lightning"],"acts_visited":["Exordium","TheCity"],"potions_floor_usage":[29],"damage_taken":[{"damage":1.0,"enemies":"Cultist","floor":1.0,"turns":3.0},{"damage":0.0,"enemies":"Small Slimes","floor":2.0,"turns":3.0},{"damage":2.0,"enemies":"Jaw Worm","floor":4.0,"turns":2.0},{"damage":3.0,"enemies":"Gremlin Nob","floor":6.0,"turns":3.0},{"damage":1.0,"enemies":"2 Fungi Beasts","floor":7.0,"turns":3.0},{"damage":0.0,"enemies":"Red Slaver","floor":10.0,"turns":2.0},{"damage":15.0,"enemies":"3 Louse","floor":11.0,"turns":2.0},{"damage":11.0,"enemies":"Lagavulin","floor":13.0,"turns":5.0},{"damage":29.0,"enemies":"Slime Boss","floor":16.0,"turns":8.0},{"damage":0.0,"enemies":"Chosen","floor":18.0,"turns":2.0},{"damage":32.0,"enemies":"Shell Parasite","floor":20.0,"turns":4.0},{"damage":0.0,"enemies":"Sentry and Sphere","floor":21.0,"turns":2.0},{"damage":12.0,"enemies":"Snake Plant","floor":24.0,"turns":3.0},{"damage":27.0,"enemies":"Book of Stabbing","floor":25.0,"turns":5.0},{"damage":20.0,"enemies":"Centurion and Healer","floor":28.0,"turns":4.0},{"damage":42,"enemies":"Slavers","floor":29,"turns":4}],"seed_played":"5695571772212521939","potions_obtained":[{"floor":1.0,"key":"DuplicationPotion"},{"floor":4.0,"key":"Dexterity Potion"},{"floor":25.0,"key":"BloodPotion"},{"floor":28.0,"key":"GamblersBrew"}],"is_trial":false,"path_per_floor":["M","M","?","M","?","E","M","R","T","M","M","T","E","?","R","B",null,"M","?","M","M","?","R","M","E","T","R","M","E"],"character_chosen":"IRONCLAD","items_purchased":[],"campfire_rested":3,"item_purchase_floors":[],"current_hp_per_floor":[67,67,67,65,65,62,61,61,61,61,46,46,35,35,57,28,63,63,63,32,33,33,56,45,19,19,42,38,0,0],"gold":508,"neow_bonus":"BOSS_RELIC","is_daily":false,"chose_seed":false,"campfire_upgraded":1,"win_rate":0.0,"timestamp":1610460558,"path_taken":["M","M","?","?","?","E","M","R","T","M","?","?","E","?","R","BOSS","M","?","?","M","?","R","M","E","T","R","M","E"],"items_purchased_type":[],"build_version":"2020-12-22","purchased_purges":0,"victory":false,"max_hp_per_floor":[75,75,75,75,75,75,75,75,75,75,75,75,75,75,75,75,75,75,75,76,77,77,77,78,79,79,79,80,80,80],"relic_stats":{"Dream Catcher":3,"FaceOfCleric":5,"counters":[16,55],"Ornamental Fan":[32],"Snecko Eye":[98,94,104,80],"Tiny Chest":0,"Boot":[9],"obtain_stats":[{"Dream Catcher":6,"FaceOfCleric":19,"Ornamental Fan":13,"Snecko Eye":0,"Philosopher\u0027s Stone":17,"Tiny Chest":25,"The Courier":9,"Bottled Lightning":26,"Boot":12,"Burning Blood":0},{"Dream Catcher":4,"FaceOfCleric":10,"Ornamental Fan":8,"Snecko Eye":0,"Philosopher\u0027s Stone":9,"Tiny Chest":14,"The Courier":5,"Bottled Lightning":14,"Boot":7,"Burning Blood":0},{"Dream Catcher":11,"FaceOfCleric":33,"Ornamental Fan":23,"Snecko Eye":0,"Philosopher\u0027s Stone":31,"Tiny Chest":47,"The Courier":14,"Bottled Lightning":47,"Boot":18,"Burning Blood":0}]},"card_choices":[{"not_picked":["Rage","Clash"],"picked":"Heavy Blade","floor":1.0},{"not_picked":["Anger","Heavy Blade"],"picked":"Uppercut","floor":2.0},{"not_picked":["Thunderclap","Iron Wave"],"picked":"Metallicize","floor":4.0},{"not_picked":["Dark Embrace","Dual Wield","Reckless Charge"],"picked":"SKIP","floor":6.0},{"not_picked":["Pommel Strike","Warcry"],"picked":"Clothesline","floor":7.0},{"not_picked":["Wild Strike","Brutality"],"picked":"Combust","floor":10.0},{"not_picked":["Disarm","Pommel Strike"],"picked":"Inflame","floor":11.0},{"not_picked":["Armaments","Clash","Headbutt"],"picked":"SKIP","floor":13.0},{"not_picked":["Exhume","Berserk"],"picked":"Immolate","floor":16.0},{"not_picked":["Body Slam","Clash","Iron Wave"],"picked":"SKIP","floor":18.0},{"not_picked":["Headbutt","Havoc"],"picked":"Burning Pact","floor":20.0},{"not_picked":["Flex","Dropkick"],"picked":"True Grit","floor":21.0},{"not_picked":["Evolve+1","Cleave"],"picked":"Impervious","floor":23.0},{"not_picked":["Ghostly Armor","Rupture"],"picked":"Disarm","floor":24.0},{"not_picked":["Cleave","True Grit"],"picked":"Evolve","floor":25.0},{"not_picked":["Thunderclap+1","Ghostly Armor"],"picked":"Disarm","floor":27.0},{"not_picked":["Wild Strike","Combust","Cleave"],"picked":"SKIP","floor":28.0}],"player_experience":599236,"relics_obtained":[{"floor":6.0,"key":"Dream Catcher"},{"floor":9.0,"key":"The Courier"},{"floor":12.0,"key":"Boot"},{"floor":13.0,"key":"Ornamental Fan"},{"floor":25.0,"key":"Tiny Chest"},{"floor":26.0,"key":"Bottled Lightning"}],"event_choices":[{"damage_healed":0.0,"max_hp_gain":0.0,"max_hp_loss":0.0,"gold_gain":50.0,"event_name":"Golden Shrine","player_choice":"Pray","floor":3.0,"gold_loss":0.0,"damage_taken":0.0},{"cards_removed":["Strike_R"],"damage_healed":0.0,"max_hp_gain":0.0,"max_hp_loss":0.0,"gold_gain":0.0,"event_name":"Bonfire Elementals","player_choice":"Offered Basic","floor":5.0,"gold_loss":0.0,"damage_taken":0.0},{"damage_healed":0.0,"max_hp_gain":0.0,"max_hp_loss":0.0,"gold_gain":0.0,"event_name":"Dead Adventurer","player_choice":"Searched \u00270\u0027 times","floor":14.0,"gold_loss":0.0,"damage_taken":0.0},{"damage_healed":0.0,"max_hp_gain":0.0,"max_hp_loss":0.0,"gold_gain":0.0,"event_name":"FaceTrader","player_choice":"Trade","floor":19.0,"gold_loss":0.0,"damage_taken":0.0,"relics_obtained":["FaceOfCleric"]},{"damage_healed":0.0,"max_hp_gain":0.0,"max_hp_loss":0.0,"gold_gain":0.0,"event_name":"The Mausoleum","player_choice":"Ignored","floor":22.0,"gold_loss":0.0,"damage_taken":0.0}],"is_beta":false,"boss_relics":[{"not_picked":["Astrolabe","Runic Cube"],"picked":"Philosopher\u0027s Stone"}],"items_purged_floors":[],"is_endless":false,"potions_floor_spawned":[1,4,10,11,16,20,25,28],"killed_by":"Slavers","ascension_level":20}}