{"host":"b7j598ve05halrwk","time":1610472748,"event":{"mods":["2.2 Compatiblity","BaseMod","Block Reminder","DeckTracker","Minty Spire (QoL Compilation)","Relic Stats","Slay the Relics Exporter","StSLib","ojb\u0027s Better Paths Mod","ojb\u0027s Info Mod"],"gold_per_floor":[116,134,145,145,87,120,120,136,160,177,205,205,216,243,243,317,317,334,344,344,344,18,18,53,53,53,66,96,109,120,135,135,213,213,223,248,258,41,41,41,76,76,122,136,149,175,175,125,125,125,125,125,125,40,67,67,67],"floor_reached":56,"playtime":4148,"items_purged":["Zap+1","Dualcast"],"score":2059,"play_id":"622f6b0d-48c3-455b-80c2-8c6a1dc74671","local_time":"20210112123228","is_ascension_mode":true,"campfire_choices":[{"floor":7.0,"key":"REST"},{"data":"Sweeping Beam","floor":12.0,"key":"SMITH"},{"data":"Zap","floor":15.0,"key":"SMITH"},{"data":"Reprogram","floor":23.0,"key":"SMITH"},{"data":"Hologram","floor":32,"key":"SMITH"},{"data":"Hologram","floor":40,"key":"SMITH"},{"data":"Hologram","floor":47,"key":"SMITH"},{"floor":49,"key":"RECALL"},{"data":"Hologram","floor":53,"key":"SMITH"}],"circlet_count":0,"master_deck":["AscendersBane","Defend_B","Defend_B","Defend_B","Defend_B","Rip and Tear+1","Auto Shields","Hologram+1","BootSequence","Compile Driver","Sweeping Beam+1","Conserve Battery","All For One","Cold Snap+1","Bite","Bite","Bite","Bite","Bite","All For One","All For One","Reprogram+1","Reprogram+1","Core Surge","Streamline+1","Hologram+1","Genetic Algorithm","Hyperbeam","Skim","Doom and Gloom","Hologram+1","Hologram+1","Fusion","Scrape","Rebound+1"],"relics":["Cracked Core","Anchor","Regal Pillow","Boot","Bronze Scales","Torii","Smiling Mask","Snecko Eye","DollysMirror","Bag of Marbles","Incense Burner","Question Card","Nuclear Battery","Du-Vu Doll","Lee\u0027s Waffle","Oddly Smooth Stone","Centennial Puzzle","Symbiotic Virus"],"acts_visited":["Exordium","TheCity","TheBeyond","TheEnding"],"potions_floor_usage":[33,33,56,56],"damage_taken":[{"damage":0.0,"enemies":"2 Louse","floor":1.0,"turns":2.0},{"damage":2.0,"enemies":"Small Slimes","floor":2.0,"turns":3.0},{"damage":1.0,"enemies":"Cultist","floor":3.0,"turns":3.0},{"damage":60.0,"enemies":"3 Sentries","floor":6.0,"turns":13.0},{"damage":0.0,"enemies":"Blue Slaver","floor":8.0,"turns":3.0},{"damage":10.0,"enemies":"3 Louse","floor":10.0,"turns":3.0},{"damage":32.0,"enemies":"Gremlin Nob","floor":11.0,"turns":4.0},{"damage":0.0,"enemies":"Exordium Wildlife","floor":13.0,"turns":3.0},{"damage":9.0,"enemies":"Lagavulin","floor":14.0,"turns":7.0},{"damage":26.0,"enemies":"Slime Boss","floor":16.0,"turns":8.0},{"damage":9.0,"enemies":"Shell Parasite","floor":18.0,"turns":4.0},{"damage":0.0,"enemies":"3 Byrds","floor":19.0,"turns":3.0},{"damage":8.0,"enemies":"Book of Stabbing","floor":24.0,"turns":3.0},{"damage":13.0,"enemies":"Sentry and Sphere","floor":27.0,"turns":5.0},{"damage":29,"enemies":"Slavers","floor":28,"turns":5},{"damage":8,"enemies":"Shelled Parasite and Fungi","floor":29,"turns":4},{"damage":0,"enemies":"Centurion and Healer","floor":30,"turns":3},{"damage":0,"enemies":"3 Cultists","floor":31,"turns":4},{"damage":47,"enemies":"Automaton","floor":33,"turns":10},{"damage":1,"enemies":"3 Shapes","floor":35,"turns":3},{"damage":0,"enemies":"Mind Bloom Boss Battle","floor":36,"turns":3},{"damage":27,"enemies":"3 Darklings","floor":37,"turns":6},{"damage":1,"enemies":"Giant Head","floor":41,"turns":2},{"damage":38,"enemies":"Maw","floor":44,"turns":7},{"damage":0,"enemies":"Spire Growth","floor":45,"turns":2},{"damage":0,"enemies":"Reptomancer","floor":46,"turns":5},{"damage":38,"enemies":"Time Eater","floor":50,"turns":5},{"damage":22,"enemies":"Donu and Deca","floor":51,"turns":10},{"damage":12,"enemies":"Shield and Spear","floor":55,"turns":3},{"damage":59,"enemies":"The Heart","floor":56,"turns":3}],"seed_played":"725003152859636931","potions_obtained":[{"floor":3.0,"key":"GamblersBrew"},{"floor":6.0,"key":"DuplicationPotion"},{"floor":10.0,"key":"PotionOfCapacity"},{"floor":14.0,"key":"SneckoOil"},{"floor":16.0,"key":"EssenceOfDarkness"},{"floor":28,"key":"Swift Potion"},{"floor":30,"key":"PotionOfCapacity"},{"floor":31,"key":"AttackPotion"},{"floor":41,"key":"Ancient Potion"},{"floor":44,"key":"LiquidBronze"}],"is_trial":false,"path_per_floor":["M","M","M","?","?","E","R","M","T","M","E","R","M","E","R","B",null,"M","M","?","?","$","R","E","?","T","M","E","M","M","M","R","B",null,"M","?","M","$","?","R","E","?","T","M","M","E","R","$","R","B","B",null,"R","$","E","B"],"character_chosen":"DEFECT","items_purchased":["All For One","DollysMirror","Reprogram","Lee\u0027s Waffle","Scrape"],"campfire_rested":1,"item_purchase_floors":[22,22,22,38,54],"current_hp_per_floor":[64,62,68,68,68,15,51,58,58,55,30,30,30,28,28,9,56,54,61,49,49,49,49,49,37,37,30,14,16,33,44,44,7,42,50,54,41,61,58,58,57,57,57,34,54,56,56,56,56,26,16,48,48,48,38,0,0],"gold":67,"neow_bonus":"RANDOM_COMMON_RELIC","is_daily":false,"chose_seed":false,"campfire_upgraded":7,"win_rate":0.0,"timestamp":1610472748,"path_taken":["M","M","M","?","?","E","R","M","T","M","E","R","?","E","R","BOSS","M","M","?","?","$","R","E","?","T","M","E","M","M","M","R","BOSS","M","?","M","$","?","R","E","?","T","M","M","E","R","?","R","BOSS","BOSS","R","$","E","BOSS"],"items_purchased_type":["Card","Relic","Card","Relic","Card"],"build_version":"2020-12-22","purchased_purges":2,"victory":false,"max_hp_per_floor":[71,71,71,71,71,71,71,71,71,71,71,71,71,71,71,71,71,71,71,49,49,49,49,49,54,54,54,54,54,54,54,54,54,54,54,54,54,61,58,58,58,58,58,58,58,58,58,58,58,58,58,58,58,58,58,58,58],"relic_stats":{"Regal Pillow":15,"Lee\u0027s Waffle":20,"Centennial Puzzle":[12],"Torii":35,"counters":[30,139],"Bronze Scales":[352],"Snecko Eye":[177,159,180,162],"Boot":[31],"Smiling Mask":75,"Question Card":12,"obtain_stats":[{"Regal Pillow":5,"Lee\u0027s Waffle":38,"Torii":11,"Oddly Smooth Stone":41,"Incense Burner":26,"Boot":6,"Smiling Mask":14,"Question Card":28,"Nuclear Battery":34,"Du-Vu Doll":36,"Anchor":0,"Centennial Puzzle":46,"DollysMirror":22,"Bronze Scales":9,"Snecko Eye":17,"Bag of Marbles":24,"Cracked Core":0,"Symbiotic Virus":55},{"Regal Pillow":3,"Lee\u0027s Waffle":22,"Torii":7,"Oddly Smooth Stone":23,"Incense Burner":13,"Boot":4,"Smiling Mask":9,"Question Card":15,"Nuclear Battery":19,"Du-Vu Doll":21,"Anchor":0,"Centennial Puzzle":26,"DollysMirror":12,"Bronze Scales":5,"Snecko Eye":10,"Bag of Marbles":13,"Cracked Core":0,"Symbiotic Virus":29},{"Regal Pillow":8,"Lee\u0027s Waffle":102,"Torii":31,"Oddly Smooth Stone":104,"Incense Burner":59,"Boot":21,"Smiling Mask":41,"Question Card":69,"Nuclear Battery":90,"Du-Vu Doll":96,"Anchor":0,"Centennial Puzzle":118,"DollysMirror":56,"Bronze Scales":24,"Snecko Eye":49,"Bag of Marbles":59,"Cracked Core":0,"Symbiotic Virus":136}]},"card_choices":[{"not_picked":["Beam Cell","Steam"],"picked":"Rip and Tear","floor":1.0},{"not_picked":["Storm","Beam Cell"],"picked":"Self Repair","floor":2.0},{"not_picked":["Aggregate","Conserve Battery"],"picked":"Auto Shields","floor":3.0},{"not_picked":["Steam","Stack"],"picked":"Hologram","floor":6.0},{"not_picked":["Conserve Battery","Fusion"],"picked":"BootSequence","floor":8.0},{"not_picked":["Gash","Leap"],"picked":"Compile Driver","floor":10.0},{"not_picked":["Stack","Aggregate"],"picked":"Sweeping Beam","floor":11.0},{"not_picked":["BootSequence","Redo"],"picked":"Conserve Battery","floor":13.0},{"not_picked":["Double Energy","Streamline","Sweeping Beam"],"picked":"SKIP","floor":14.0},{"not_picked":["Thunder Strike","Meteor Strike"],"picked":"All For One","floor":16.0},{"not_picked":["Leap","Compile Driver","FTL"],"picked":"SKIP","floor":18.0},{"not_picked":["Compile Driver","Coolheaded"],"picked":"Cold Snap+1","floor":19.0},{"not_picked":["Redo","Gash"],"picked":"Reprogram+1","floor":24.0},{"not_picked":["Barrage","Redo","Steam"],"picked":"SKIP","floor":27.0},{"not_picked":["Gash","Darkness"],"picked":"Core Surge","floor":28},{"not_picked":["Gash","Coolheaded","Hello World"],"picked":"Streamline+1","floor":29},{"not_picked":["Sweeping Beam","Defragment","Aggregate"],"picked":"Hologram","floor":30},{"not_picked":["Conserve Battery","Self Repair","Rebound"],"picked":"Genetic Algorithm","floor":31},{"not_picked":["Electrodynamics","Biased Cognition","Rainbow"],"picked":"Hyperbeam","floor":33},{"not_picked":["Redo","Sweeping Beam","Lockon","Streamline"],"picked":"SKIP","floor":35},{"not_picked":["Recycle","Leap","Beam Cell"],"picked":"Skim","floor":37},{"not_picked":["Steam Power","Storm","Lockon"],"picked":"Doom and Gloom","floor":41},{"not_picked":["Hello World","Compile Driver","Auto Shields"],"picked":"Hologram","floor":44},{"not_picked":["Gash","Cold Snap","Amplify"],"picked":"Hologram","floor":45},{"not_picked":["Beam Cell+1","Darkness+1","Heatsinks"],"picked":"Fusion","floor":46},{"not_picked":["Barrage","Redo","Sunder"],"picked":"Rebound+1","floor":55}],"player_experience":929076,"relics_obtained":[{"floor":6.0,"key":"Boot"},{"floor":9.0,"key":"Bronze Scales"},{"floor":11.0,"key":"Torii"},{"floor":14.0,"key":"Smiling Mask"},{"floor":24.0,"key":"Bag of Marbles"},{"floor":26.0,"key":"Incense Burner"},{"floor":28,"key":"Question Card"},{"floor":36,"key":"Du-Vu Doll"},{"floor":41,"key":"Oddly Smooth Stone"},{"floor":46,"key":"Centennial Puzzle"},{"floor":55,"key":"Symbiotic Virus"}],"event_choices":[{"damage_healed":0.0,"max_hp_gain":0.0,"max_hp_loss":0.0,"gold_gain":0.0,"event_name":"Living Wall","player_choice":"Grow","floor":4.0,"gold_loss":0.0,"damage_taken":0.0,"cards_upgraded":["Rip and Tear"]},{"damage_healed":0.0,"max_hp_gain":0.0,"max_hp_loss":0.0,"gold_gain":0.0,"event_name":"WeMeetAgain","player_choice":"Paid Gold","floor":5.0,"gold_loss":58.0,"damage_taken":0.0,"relics_obtained":["Regal Pillow"]},{"damage_healed":0.0,"max_hp_gain":0.0,"max_hp_loss":22.0,"gold_gain":0.0,"event_name":"Vampires","player_choice":"Became a vampire","floor":20.0,"gold_loss":0.0,"damage_taken":0.0,"cards_obtained":["Bite","Bite","Bite","Bite","Bite"]},{"damage_healed":0.0,"max_hp_gain":0.0,"max_hp_loss":0.0,"gold_gain":0.0,"event_name":"Ghosts","player_choice":"Ignored","floor":21.0,"gold_loss":0.0,"damage_taken":0.0},{"damage_healed":0.0,"max_hp_gain":5.0,"max_hp_loss":0.0,"gold_gain":0.0,"event_name":"Forgotten Altar","player_choice":"Shed Blood","floor":25.0,"gold_loss":0.0,"damage_taken":17.0},{"damage_healed":0,"gold_gain":0,"player_choice":"Fight","damage_taken":0,"max_hp_gain":0,"max_hp_loss":0,"event_name":"MindBloom","floor":36,"gold_loss":0},{"damage_healed":0,"gold_gain":0,"player_choice":"Max HP","damage_taken":0,"max_hp_gain":0,"max_hp_loss":3,"event_name":"Winding Halls","floor":39,"gold_loss":0},{"cards_removed":["Self Repair"],"damage_healed":0,"gold_gain":0,"player_choice":"Removed Power","damage_taken":0,"max_hp_gain":0,"max_hp_loss":0,"event_name":"Falling","floor":42,"gold_loss":0}],"is_beta":false,"boss_relics":[{"not_picked":["SacredBark","Ectoplasm"],"picked":"Snecko Eye"},{"not_picked":["Inserter","Runic Pyramid"],"picked":"Nuclear Battery"}],"items_purged_floors":[38,48],"is_endless":false,"potions_floor_spawned":[3,6,10,14,16,18,19,28,30,31,41,44,55],"killed_by":"The Heart","ascension_level":20}}