{"host":"iq6tbtp5mk4vf216","time":1610455865,"event":{"mods":["BaseMod","BetterRewards","Colored Map","Colored Powertips","Downfall","Duelist Mod","Minty Spire (QoL Compilation)","Rare Cards Sparkle","Replay The Spire","StSLib","The Hierophant","The Jungle","The Necromancer","The Poker Player"],"gold_per_floor":[111,386,3,3,21,54,54,65,65,89,21,33,33,46,46,141,141,151,151,426,441,67,100,100,117,142,157,179,196,196,70,70,173,173,199,199,218,241,66,66,86,86,113,113,113,138,138,174,174,178,178,178,31,71,71,71,71],"floor_reached":55,"playtime":4534,"items_purged":["Regret"],"score":967,"play_id":"6e7ef877-4643-42ae-b7f2-772ac537718d","local_time":"20210112055105","is_ascension_mode":false,"metric_token":914,"campfire_choices":[{"data":"PokerPlayerMod:SecretDealer","floor":7,"key":"SMITH"},{"data":"PokerPlayerMod:Mulligan","floor":15,"key":"SMITH"},{"data":"PokerPlayerMod:TheDieIsCast","floor":24,"key":"SMITH"},{"data":"PokerPlayerMod:CardPrinter+2","floor":32,"key":"SMITH"},{"floor":40,"key":"RECALL"},{"data":"expansioncontent:DonusPower","floor":44,"key":"SMITH"},{"floor":47,"key":"REST"},{"data":"PokerPlayerMod:SpadeStrike","floor":49,"key":"SMITH"},{"data":"Deep Breath","floor":52,"key":"SMITH"}],"circlet_count":0,"master_deck":["PokerPlayerMod:Diamond2","PokerPlayerMod:Diamond3","PokerPlayerMod:Diamond4","PokerPlayerMod:Diamond5","PokerPlayerMod:Spade2","PokerPlayerMod:Spade3","PokerPlayerMod:Spade4","PokerPlayerMod:Club1","PokerPlayerMod:Club2","PokerPlayerMod:Heart2","PokerPlayerMod:TrumpStrike+1","PokerPlayerMod:Mulligan+1","PokerPlayerMod:Club7","PokerPlayerMod:Spade5","PokerPlayerMod:MagicTrick","PokerPlayerMod:JackOfSpades","PokerPlayerMod:SecretDealer+1","PokerPlayerMod:Club6","PokerPlayerMod:Harden+1","PokerPlayerMod:Club3","PokerPlayerMod:Spade4","PokerPlayerMod:TheDieIsCast+1","PokerPlayerMod:Trickery","PokerPlayerMod:ClubDance+1","PokerPlayerMod:CardPrinter+3","PokerPlayerMod:Diamond5","PokerPlayerMod:CardBurn+1","PokerPlayerMod:MagicTrick+1","PokerPlayerMod:Diamond5","PokerPlayerMod:ClubsClub+1","PokerPlayerMod:Club5","expansioncontent:DashGenerateEvil","expansioncontent:ChargeUp","Deep Breath+1","PokerPlayerMod:Club9","PokerPlayerMod:Club6","PokerPlayerMod:Raise+1","PokerPlayerMod:FillThePot+1","PokerPlayerMod:Club7","PokerPlayerMod:Raise+1","PokerPlayerMod:ChangeRules","PokerPlayerMod:GamblerForm+1","PokerPlayerMod:Heart3","PokerPlayerMod:ClubShade+1","Poisoned Strike","Specialist+1","expansioncontent:DonusPower+1","PokerPlayerMod:Club5","PokerPlayerMod:SpadeStrike+1","Specialist+1","PokerPlayerMod:FlyingCard+1"],"relics":["PokerPlayerMod:DeckCase","Frozen Egg 2","Ornamental Fan","Orichalcum","MealTicket","Blood Vial","Philosopher\u0027s Stone","MutagenicStrength","Bottled Tornado","Replay:Bandana","ReplayTheSpireMod:ShopPack","Astrolabe","Simple Rune","Lantern","Nunchaku","War Paint"],"acts_visited":["Exordium","TheCity","TheBeyond","TheEnding"],"potions_floor_usage":[33,33,33,50,50,54,55],"damage_taken":[{"damage":0,"enemies":"2 Louse","floor":1,"turns":2},{"damage":0,"enemies":"Cultist","floor":5,"turns":3},{"damage":5,"enemies":"Lagavulin","floor":6,"turns":7},{"damage":0,"enemies":"Small Slimes","floor":8,"turns":4},{"damage":1,"enemies":"Looter","floor":12,"turns":3},{"damage":0,"enemies":"Exordium Thugs","floor":14,"turns":3},{"damage":1,"enemies":"Slime Boss","floor":16,"turns":7},{"damage":2,"enemies":"Chosen","floor":18,"turns":4},{"damage":0,"enemies":"3 Byrds","floor":21,"turns":2},{"damage":10,"enemies":"Book of Stabbing","floor":23,"turns":6},{"damage":23,"enemies":"Snake Plant","floor":25,"turns":4},{"damage":6,"enemies":"Cultist and Chosen","floor":27,"turns":6},{"damage":0,"enemies":"Shelled Parasite and Fungi","floor":28,"turns":5},{"damage":4,"enemies":"Chosen and Byrds","floor":29,"turns":4},{"damage":36,"enemies":"Champ","floor":33,"turns":9},{"damage":14,"enemies":"3 Darklings","floor":35,"turns":4},{"damage":0,"enemies":"3 Shapes","floor":37,"turns":1},{"damage":7,"enemies":"Sphere and 2 Shapes","floor":38,"turns":4},{"damage":7,"enemies":"4 Shapes","floor":41,"turns":2},{"damage":18,"enemies":"Writhing Mass","floor":46,"turns":3},{"damage":9,"enemies":"Giant Head","floor":48,"turns":6},{"damage":35,"enemies":"Time Eater","floor":50,"turns":6},{"damage":0,"enemies":"Shield and Spear","floor":54,"turns":1},{"damage":105,"enemies":"The Heart","floor":55,"turns":3}],"seed_played":"-8764931481932200530","potions_obtained":[{"floor":1,"key":"Dexterity Potion"},{"floor":8,"key":"Fire Potion"},{"floor":21,"key":"Weak Potion"},{"floor":27,"key":"AttackPotion"},{"floor":29,"key":"BlessingOfTheForge"},{"floor":33,"key":"Milkshake"},{"floor":41,"key":"Cursed Concoction"},{"floor":46,"key":"Elixir"},{"floor":48,"key":"CultistPotion"}],"is_trial":false,"path_per_floor":["M","?","$","?","M","E","R","M","T","T","$","M","$","M","R","B",null,"M","?","?","M","$","E","R","M","T","M","M","M","?","$","R","B",null,"M","?","M","M","$","R","M","?","T","R","T","M","R","E","R","B",null,"R","$","E","B"],"character_chosen":"THE_POKER_PLAYER","items_purchased":["PokerPlayerMod:JackOfSpades","PokerPlayerMod:Club7","Frozen Egg 2","PokerPlayerMod:MagicTrick","PokerPlayerMod:Harden+1","PokerPlayerMod:CardPrinter+1","Bottled Tornado","PokerPlayerMod:Diamond5","ReplayTheSpireMod:ShopPack","PokerPlayerMod:GamblerForm+1","PokerPlayerMod:Heart3","Adrenaline Potion","Specialist+1"],"campfire_rested":1,"item_purchase_floors":[0,0,3,3,11,22,22,22,31,39,39,53,53],"current_hp_per_floor":[52,52,52,45,49,46,46,49,49,49,52,51,52,52,52,51,52,50,50,50,52,52,42,42,23,23,22,42,42,42,52,52,18,52,38,38,40,45,52,52,49,39,39,39,39,26,41,40,40,16,52,52,52,52,0,0,0],"gold":71,"neow_bonus":"","is_daily":false,"chose_seed":false,"campfire_upgraded":7,"win_rate":0.0,"timestamp":1610455865,"path_taken":["M","?","?","?","M","E","R","M","T","?","$","M","$","M","R","BOSS","M","?","?","M","$","E","R","M","T","M","?","M","?","?","R","BOSS","M","?","M","M","$","R","M","?","T","R","?","M","R","E","R","BOSS","R","$","E","BOSS"],"items_purchased_type":["Card","Card","Relic","Card","Card","Card","Relic","Card","Relic","Card","Card","Potion","Card"],"build_version":"2020-12-22","purchased_purges":1,"victory":false,"max_hp_per_floor":[52,52,52,52,52,52,52,52,52,52,52,52,52,52,52,52,52,52,52,52,52,52,52,52,52,52,52,52,52,52,52,52,52,52,52,52,52,52,52,52,52,52,52,52,52,52,52,52,52,52,52,52,52,52,52,52,52],"card_choices":[{"not_picked":["PokerPlayerMod:Spade3","PokerPlayerMod:DamnStraight"],"picked":"PokerPlayerMod:Spade5","floor":1},{"not_picked":["PokerPlayerMod:Spade1","PokerPlayerMod:Club1"],"picked":"PokerPlayerMod:JackOfSpades","floor":5},{"not_picked":["PokerPlayerMod:Raise","PokerPlayerMod:Trickery"],"picked":"PokerPlayerMod:SecretDealer","floor":6},{"not_picked":["PokerPlayerMod:Fold","PokerPlayerMod:CardBurn"],"picked":"PokerPlayerMod:Club6","floor":8},{"not_picked":["PokerPlayerMod:Club5","PokerPlayerMod:Diamond5"],"picked":"PokerPlayerMod:Club3","floor":12},{"not_picked":["PokerPlayerMod:DartThrow","PokerPlayerMod:Diamond4"],"picked":"PokerPlayerMod:Spade4","floor":14},{"not_picked":["PokerPlayerMod:Diamond9","PokerPlayerMod:Diamond8"],"picked":"PokerPlayerMod:TheDieIsCast","floor":16},{"not_picked":["PokerPlayerMod:Spade2","PokerPlayerMod:JackOfSpades+1"],"picked":"PokerPlayerMod:Trickery","floor":18},{"not_picked":["PokerPlayerMod:Spade5","PokerPlayerMod:Spade3"],"picked":"PokerPlayerMod:ClubDance","floor":21},{"not_picked":["PokerPlayerMod:Spade2","PokerPlayerMod:HotShotCut+1"],"picked":"PokerPlayerMod:CardBurn","floor":23},{"not_picked":["PokerPlayerMod:Diamond4","PokerPlayerMod:Club7"],"picked":"PokerPlayerMod:MagicTrick+1","floor":25},{"not_picked":["PokerPlayerMod:Spade3","PokerPlayerMod:Diamond1"],"picked":"PokerPlayerMod:Diamond5","floor":27},{"not_picked":["PokerPlayerMod:DiamondStrike","PokerPlayerMod:Trickery"],"picked":"PokerPlayerMod:ClubsClub+1","floor":28},{"not_picked":["PokerPlayerMod:Diamond1","PokerPlayerMod:ClubDance"],"picked":"PokerPlayerMod:Club5","floor":29},{"not_picked":["Master of Strategy","theDuelist:OrbMetronome"],"picked":"expansioncontent:DashGenerateEvil","floor":31},{"not_picked":["PanicButton","Forethought"],"picked":"expansioncontent:ChargeUp","floor":31},{"not_picked":["Mind Blast","theDuelist:OrbMetronome"],"picked":"Deep Breath","floor":31},{"not_picked":["PokerPlayerMod:WasteCollection","PokerPlayerMod:TheDieIsCast"],"picked":"PokerPlayerMod:Club9","floor":33},{"not_picked":["PokerPlayerMod:Diamond1","PokerPlayerMod:Club2"],"picked":"PokerPlayerMod:Club7","floor":35},{"not_picked":["PokerPlayerMod:Diamond1","PokerPlayerMod:Heart4"],"picked":"PokerPlayerMod:Raise+1","floor":37},{"not_picked":["PokerPlayerMod:Heart4","PokerPlayerMod:Raise"],"picked":"PokerPlayerMod:ChangeRules","floor":38},{"not_picked":["PokerPlayerMod:Club3","PokerPlayerMod:RiskyBet+1"],"picked":"PokerPlayerMod:ClubShade+1","floor":41},{"not_picked":["Good Instincts","theDuelist:OrbMetronome"],"picked":"Poisoned Strike","floor":42},{"not_picked":["ReplayTheSpireMod:Uncanny Aura","expansioncontent:Chronoboost+1"],"picked":"Specialist+1","floor":42},{"not_picked":["Forethought","Crow Ritual+1"],"picked":"expansioncontent:DonusPower","floor":42},{"not_picked":["PokerPlayerMod:Club4","PokerPlayerMod:Harden+1"],"picked":"PokerPlayerMod:Club5","floor":46},{"not_picked":["PokerPlayerMod:FillThePot+1","PokerPlayerMod:Configure"],"picked":"PokerPlayerMod:SpadeStrike","floor":48},{"not_picked":["PokerPlayerMod:Club4","PokerPlayerMod:DiamondStrike"],"picked":"PokerPlayerMod:FlyingCard+1","floor":54}],"player_experience":655434,"relics_obtained":[{"floor":6,"key":"Orichalcum"},{"floor":9,"key":"MealTicket"},{"floor":10,"key":"Blood Vial"},{"floor":23,"key":"Replay:Bandana"},{"floor":43,"key":"Simple Rune"},{"floor":45,"key":"Lantern"},{"floor":48,"key":"Nunchaku"},{"floor":54,"key":"War Paint"}],"event_choices":[{"damage_healed":0,"gold_gain":275,"player_choice":"Desecrate","damage_taken":0,"max_hp_gain":0,"max_hp_loss":0,"event_name":"Golden Shrine","floor":2,"gold_loss":0,"cards_obtained":["Regret"]},{"damage_healed":0,"gold_gain":0,"player_choice":"Success","damage_taken":7,"relics_obtained":["Ornamental Fan"],"max_hp_gain":0,"max_hp_loss":0,"event_name":"Scrap Ooze","floor":4,"gold_loss":0},{"damage_healed":0,"gold_gain":0,"player_choice":"Inject Mutagens","damage_taken":0,"relics_obtained":["MutagenicStrength"],"max_hp_gain":0,"max_hp_loss":0,"event_name":"Drug Dealer","floor":19,"gold_loss":0},{"damage_healed":0,"gold_gain":275,"player_choice":"Desecrate","damage_taken":0,"max_hp_gain":0,"max_hp_loss":0,"event_name":"Golden Shrine","floor":20,"gold_loss":0,"cards_obtained":["Regret"]},{"cards_removed":["Regret"],"damage_healed":0,"gold_gain":0,"player_choice":"Removed Curses","damage_taken":0,"max_hp_gain":0,"max_hp_loss":0,"event_name":"Fountain of Cleansing","floor":30,"gold_loss":0},{"cards_removed":["PokerPlayerMod:BadJoker"],"damage_healed":0,"gold_gain":0,"player_choice":"Removed Skill","damage_taken":0,"max_hp_gain":0,"max_hp_loss":0,"event_name":"Falling","floor":36,"gold_loss":0},{"damage_healed":0,"gold_gain":0,"player_choice":"Memory 3","damage_taken":10,"max_hp_gain":0,"max_hp_loss":0,"event_name":"SensoryStone","floor":42,"gold_loss":0}],"is_beta":false,"boss_relics":[{"not_picked":["Calling Bell","Replay:Ancient Bell"],"picked":"Philosopher\u0027s Stone"},{"not_picked":["Cursed Key","Replay:Grab Bag"],"picked":"Astrolabe"}],"items_purged_floors":[3],"is_endless":false,"potions_floor_spawned":[1,8,21,27,29,33,41,46,48],"killed_by":"The Heart","ascension_level":0}}