{"host":"lg1piimdyocafd6j","time":1610448848,"event":{"mods":["AchievementEnabler","BaseMod","Better Third Choice","BetterRewards","Colored Map","Colored Powertips","Downfall","Minty Spire (QoL Compilation)","Quick Restart","Rare Cards Sparkle","Remove Card Discount Mod","Shop Mod","StSLib","SuperFastMode"],"gold_per_floor":[112,112,125,139,139,139,161,161,161,179,195,143,163,17,17,121,121,132,161,157,157,26,26,46,46,46,56,56,56,56,71,71,171,171,187,242,259,259,259],"floor_reached":38,"playtime":3385,"items_purged":["Dualcast","Strike_B","Strike_B","Defend_B","Defend_B","Defend_B","Strike_B","Defend_R","Strike_B","Defend_B"],"score":414,"play_id":"2ac986f9-9590-4e1f-bca5-5a6672a3d525","local_time":"20210112115408","is_ascension_mode":false,"campfire_choices":[{"data":"Consume","floor":6,"key":"SMITH"},{"floor":8,"key":"REST"},{"floor":15,"key":"RECALL"},{"data":"Zap","floor":23,"key":"SMITH"},{"data":"Leap","floor":25,"key":"SMITH"},{"data":"Conserve Battery","floor":30,"key":"SMITH"},{"floor":32,"key":"REST"}],"circlet_count":0,"master_deck":["Zap+1","Capacitor","Multi-Cast","Capacitor+1","Redo","Consume+1","Leap+1","Amplify","Cold Snap","Conserve Battery","Multi-Cast","Streamline+1","Cold Snap+1","Conserve Battery+1","Doom and Gloom","Loop+1","Cold Snap","Redo+1","Cold Snap+1","Cold Snap+1"],"relics":["FrozenCore","Ice Cream","Frozen Egg 2","Odd Mushroom","Lee\u0027s Waffle","Red Mask","InkBottle","Black Star","Prayer Wheel"],"acts_visited":["Exordium","TheCity","TheBeyond"],"potions_floor_usage":[7,19,19,33],"damage_taken":[{"damage":9,"enemies":"Small Slimes","floor":1,"turns":4},{"damage":0,"enemies":"Cultist","floor":3,"turns":4},{"damage":2,"enemies":"2 Louse","floor":4,"turns":3},{"damage":36,"enemies":"The Mushroom Lair","floor":7,"turns":3},{"damage":11,"enemies":"Large Slime","floor":10,"turns":4},{"damage":8,"enemies":"Exordium Wildlife","floor":11,"turns":4},{"damage":8,"enemies":"Looter","floor":13,"turns":4},{"damage":39,"enemies":"Hexaghost","floor":16,"turns":10},{"damage":7,"enemies":"Spheric Guardian","floor":18,"turns":9},{"damage":14,"enemies":"Masked Bandits","floor":19,"turns":6},{"damage":1,"enemies":"Shell Parasite","floor":24,"turns":5},{"damage":0,"enemies":"Centurion and Healer","floor":27,"turns":8},{"damage":6,"enemies":"Sentry and Sphere","floor":31,"turns":7},{"damage":5,"enemies":"Champ","floor":33,"turns":13},{"damage":0,"enemies":"3 Shapes","floor":35,"turns":8},{"damage":21,"enemies":"2 Orb Walkers","floor":36,"turns":9},{"damage":8,"enemies":"Orb Walker","floor":37,"turns":9},{"damage":17,"enemies":"Jaw Worm Horde","floor":38,"turns":3}],"seed_played":"-7436296970921400337","potions_obtained":[{"floor":1,"key":"Explosive Potion"},{"floor":7,"key":"Dexterity Potion"},{"floor":11,"key":"Explosive Potion"},{"floor":16,"key":"Slimebound:ThreeZeroPotion"},{"floor":19,"key":"SpeedPotion"},{"floor":24,"key":"EntropicBrew"},{"floor":36,"key":"Swift Potion"},{"floor":37,"key":"DuplicationPotion"}],"is_trial":false,"path_per_floor":["M","?","M","M","?","R","?","R","T","M","M","$","M","$","R","B",null,"M","?","$","?","$","R","M","R","T","M","?","?","R","M","R","B",null,"M","?","M","M"],"character_chosen":"DEFECT","items_purchased":["Ice Cream","Capacitor","Multi-Cast","Frozen Egg 2","Capacitor+1","Conserve Battery","Lee\u0027s Waffle","Conserve Battery","Doom and Gloom"],"campfire_rested":2,"item_purchase_floors":[0,0,0,0,0,12,14,22,22],"current_hp_per_floor":[66,66,66,64,64,64,28,50,50,39,31,31,23,82,82,43,82,75,61,61,61,61,61,60,60,60,60,60,60,60,54,78,73,82,82,61,53,36,36],"gold":259,"neow_bonus":"","is_daily":false,"chose_seed":false,"campfire_upgraded":4,"win_rate":0.0,"timestamp":1610448848,"path_taken":["M","?","M","?","?","R","?","R","T","M","M","$","M","?","R","BOSS","M","?","$","?","$","R","M","R","T","M","?","?","R","M","R","BOSS","M","?","M","M"],"items_purchased_type":["Relic","Card","Card","Relic","Card","Card","Relic","Card","Card"],"build_version":"2020-12-22","purchased_purges":10,"victory":false,"max_hp_per_floor":[75,75,75,75,75,75,75,75,75,75,75,75,75,82,82,82,82,82,82,82,82,82,82,82,82,82,82,82,82,82,82,82,82,82,82,82,82,82,82],"card_choices":[{"not_picked":["Streamline","Compile Driver","Rebound"],"picked":"SKIP","floor":1},{"not_picked":["Lockon","Turbo"],"picked":"Redo","floor":3},{"not_picked":["Barrage","Beam Cell"],"picked":"Consume","floor":4},{"not_picked":["Blizzard","Streamline"],"picked":"Leap","floor":7},{"not_picked":["Skim","Coolheaded"],"picked":"Amplify","floor":10},{"not_picked":["Hologram","Ball Lightning"],"picked":"Cold Snap","floor":11},{"not_picked":["Stack","Static Discharge+1","Rebound"],"picked":"SKIP","floor":13},{"not_picked":["Fission","Creative AI+1"],"picked":"Multi-Cast","floor":16},{"not_picked":["Genetic Algorithm","Storm+1"],"picked":"Streamline+1","floor":18},{"not_picked":["Static Discharge+1","Rebound+1"],"picked":"Cold Snap+1","floor":19},{"not_picked":["Rebound","Rip and Tear+1"],"picked":"Loop+1","floor":24},{"not_picked":["Genetic Algorithm","Fusion","Gash"],"picked":"SKIP","floor":27},{"not_picked":["Streamline","Tempest"],"picked":"Redo+1","floor":31},{"not_picked":["Scrape","Coolheaded","Turbo+1"],"picked":"SKIP","floor":35},{"not_picked":["Turbo","Chill+1"],"picked":"Cold Snap+1","floor":37},{"not_picked":["Compile Driver+1","Redo"],"picked":"Cold Snap+1","floor":37}],"player_experience":123618,"relics_obtained":[{"floor":7,"key":"Odd Mushroom"},{"floor":19,"key":"Red Mask"},{"floor":26,"key":"InkBottle"},{"floor":36,"key":"Prayer Wheel"}],"event_choices":[{"cards_removed":["Turbo"],"damage_healed":0,"gold_gain":0,"player_choice":"Took Card","damage_taken":0,"max_hp_gain":0,"max_hp_loss":0,"event_name":"NoteForYourself","floor":2,"gold_loss":0,"cards_obtained":["Defend_R"]},{"damage_healed":0,"gold_gain":0,"player_choice":"Leave","damage_taken":0,"max_hp_gain":0,"max_hp_loss":0,"event_name":"The Cleric","floor":5,"gold_loss":0},{"damage_healed":0,"gold_gain":0,"player_choice":"Fought Mushrooms","damage_taken":0,"max_hp_gain":0,"max_hp_loss":0,"event_name":"Mushrooms","floor":7,"gold_loss":0},{"damage_healed":0,"gold_gain":0,"player_choice":"Fought Bandits","damage_taken":0,"max_hp_gain":0,"max_hp_loss":0,"event_name":"Masked Bandits","floor":19,"gold_loss":0},{"damage_healed":0,"gold_gain":0,"player_choice":"Ignored","damage_taken":0,"max_hp_gain":0,"max_hp_loss":0,"event_name":"Beggar","floor":21,"gold_loss":0},{"damage_healed":0,"gold_gain":0,"player_choice":"Read","damage_taken":0,"max_hp_gain":0,"max_hp_loss":0,"event_name":"The Library","floor":28,"gold_loss":0,"cards_obtained":["Cold Snap"]},{"damage_healed":0,"gold_gain":0,"player_choice":"Adaptability","damage_taken":0,"max_hp_gain":0,"max_hp_loss":0,"event_name":"betterThird:BetterWriting","floor":29,"gold_loss":0},{"damage_healed":0,"gold_gain":0,"player_choice":"Fight","damage_taken":0,"max_hp_gain":0,"max_hp_loss":0,"event_name":"Mysterious Sphere","floor":36,"gold_loss":0}],"is_beta":false,"boss_relics":[{"not_picked":["Tiny House","Empty Cage"],"picked":"FrozenCore"},{"not_picked":["Coffee Dripper","Nuclear Battery"],"picked":"Black Star"}],"items_purged_floors":[0,0,0,0,12,12,12,20,20,22],"is_endless":false,"potions_floor_spawned":[1,7,11,16,18,19,24,36,37],"killed_by":"Jaw Worm Horde","ascension_level":0}}