{"host":"3xls0xm49ftugio7","time":1610466040,"event":{"mods":["2.2 Compatiblity","AchievementEnabler","Act Like it!","BaseMod","Colored Powertips","Dark Map","GifTheSpireLib","Minty Spire (QoL Compilation)","Quick Restart","Relic Stats","StSLib","The Dragon Tamer"],"gold_per_floor":[116,116,131,207,207,207,238,238,312,327,28,48,68,88,88,186,186,196,212,212,212,236,263,263,263,287,287,304,323,334,354,354,456,456,547,977,497,497,585,585,676,676,676,676,768,854,946,1071,1071,1071],"floor_reached":51,"playtime":2586,"items_purged":["DTMod:Strike"],"score":871,"play_id":"159b1a23-146f-4a98-aa61-cc266a20de25","local_time":"20210112174040","is_ascension_mode":false,"metric_token":787,"campfire_choices":[{"data":"DTMod:RepeatStrike","floor":6.0,"key":"SMITH"},{"data":"DTMod:Adaptation","floor":8.0,"key":"SMITH"},{"data":"DTMod:DragonDance","floor":15.0,"key":"SMITH"},{"data":"DTMod:SealedStrike+1","floor":24,"key":"SMITH"},{"data":"DTMod:SealedStrike+2","floor":27,"key":"SMITH"},{"floor":32,"key":"REST"},{"data":"DTMod:SealedStrike+3","floor":40,"key":"SMITH"},{"data":"DTMod:SealedStrike+4","floor":42,"key":"SMITH"},{"floor":44,"key":"REST"},{"floor":49,"key":"REST"}],"dtmod_dragon_data":[21,50,1,4,8,1],"circlet_count":0,"master_deck":["DTMod:Strike+1","DTMod:Strike+1","DTMod:Strike+1","DTMod:DoubleHit+1","DTMod:TargetDefense+1","DTMod:TargetDefense+1","DTMod:TargetDefense+1","DTMod:TargetDefense+1","DTMod:SwitchingTactic+1","DTMod:RepeatStrike+1","DTMod:HeatWave+1","DTMod:DragonDance+1","DTMod:Adaptation+1","DTMod:CleansingStrike+1","DTMod:Inferno+1","DTMod:TagTeam+1","DTMod:QuickFly+1","DTMod:BreakAttack+1","DTMod:BalancedStrike+1","DTMod:SealedStrike+5","DTMod:TauntingStrike+1","DTMod:ComboAttack+1","DTMod:MasterPlan+1","DTMod:Shift+1","DTMod:ForkedFire+1","DTMod:BreakAttack+1","DTMod:Overwhelm+1","DTMod:Harmonize+1","DTMod:RunningTactic+1","DTMod:Weaken+1","DTMod:CalculatedDefense+1","Violence+1","DTMod:Cover+1","DTMod:BizarreTactic+1","DTMod:Dissolve+1","DTMod:QuickFly+1","DTMod:RunningTactic+1","DTMod:Overwhelm+1"],"relics":["DTMod:PactStone","Letter Opener","MealTicket","Molten Egg 2","Sozu","Juzu Bracelet","Lantern","Omamori","DTMod:TheChair","Old Coin","Bottled Flame","Bag of Marbles","War Paint","Bird Faced Urn"],"acts_visited":["Exordium","TheCity","TheBeyond"],"potions_floor_usage":[30,33,50],"damage_taken":[{"damage":0.0,"enemies":"2 Louse","floor":1.0,"turns":1.0},{"damage":0.0,"enemies":"Jaw Worm","floor":3.0,"turns":3.0},{"damage":0.0,"enemies":"3 Sentries","floor":7.0,"turns":7.0},{"damage":0.0,"enemies":"Cultist","floor":10.0,"turns":2.0},{"damage":0.0,"enemies":"Large Slime","floor":12.0,"turns":4.0},{"damage":0.0,"enemies":"2 Fungi Beasts","floor":13.0,"turns":2.0},{"damage":0.0,"enemies":"Looter","floor":14.0,"turns":2.0},{"damage":0.0,"enemies":"The Guardian","floor":16.0,"turns":8.0},{"damage":0,"enemies":"3 Byrds","floor":18,"turns":4},{"damage":0,"enemies":"Spheric Guardian","floor":19,"turns":3},{"damage":0,"enemies":"Book of Stabbing","floor":23,"turns":4},{"damage":0,"enemies":"Centurion and Healer","floor":28,"turns":4},{"damage":0,"enemies":"Cultist and Chosen","floor":29,"turns":3},{"damage":0,"enemies":"Snake Plant","floor":30,"turns":2},{"damage":0,"enemies":"Chosen and Byrds","floor":31,"turns":3},{"damage":0,"enemies":"Champ","floor":33,"turns":7},{"damage":0,"enemies":"3 Shapes","floor":35,"turns":3},{"damage":0,"enemies":"2 Orb Walkers","floor":36,"turns":4},{"damage":0,"enemies":"3 Darklings","floor":39,"turns":1},{"damage":0,"enemies":"Transient","floor":41,"turns":5},{"damage":0,"enemies":"Jaw Worm Horde","floor":45,"turns":1},{"damage":0,"enemies":"3 Darklings","floor":46,"turns":1},{"damage":0,"enemies":"Spire Growth","floor":47,"turns":3},{"damage":0,"enemies":"Mind Bloom Boss Battle","floor":48,"turns":3},{"damage":25,"enemies":"Time Eater","floor":50,"turns":5}],"seed_played":"8195636319542419525","potions_obtained":[{"floor":12.0,"key":"Explosive Potion"},{"floor":14.0,"key":"Energy Potion"},{"floor":16.0,"key":"PowerPotion"}],"is_trial":false,"path_per_floor":["M","?","M","?","?","R","E","R","T","M","$","M","M","M","R","B",null,"M","M","?","?","T","E","R","?","T","R","M","M","M","M","R","B",null,"M","?","$","?","M","R","M","R","T","R","M","M","M","?","R","B",null],"character_chosen":"THE_DT","items_purchased":["DTMod:Inferno+1","DTMod:TagTeam","Bottled Flame","Bag of Marbles","DTMod:CalculatedDefense"],"campfire_rested":3,"item_purchase_floors":[11,11,37,37,37],"current_hp_per_floor":[33,38,38,38,35,35,35,35,35,35,50,50,50,50,50,50,50,50,50,50,42,42,42,42,42,42,42,42,42,42,42,55,55,55,55,55,55,55,55,55,55,55,55,55,55,55,55,55,55,30],"gold":1071,"neow_bonus":"THREE_RARE_CARDS","is_daily":false,"chose_seed":false,"campfire_upgraded":7,"win_rate":0.0,"timestamp":1610466040,"path_taken":["M","?","M","?","?","R","E","R","T","M","$","M","M","M","R","BOSS","M","M","?","?","?","E","R","?","T","R","M","M","M","M","R","BOSS","M","?","$","?","M","R","M","R","T","R","M","M","M","?","R","BOSS"],"items_purchased_type":["Card","Card","Relic","Relic","Card"],"build_version":"2020-12-22","purchased_purges":1,"victory":true,"max_hp_per_floor":[45,50,50,50,50,50,50,50,50,50,50,50,50,50,50,50,50,50,50,50,55,55,55,55,55,55,55,55,55,55,55,55,55,55,55,55,55,55,55,55,55,55,55,55,55,55,55,55,55,55],"relic_stats":{"Sozu":7,"counters":[25,85],"Bird Faced Urn":[0],"MealTicket":15,"Juzu Bracelet":1,"Letter Opener":[40],"War Paint":[],"obtain_stats":[{"Lantern":23,"Juzu Bracelet":22,"Omamori":26,"DTMod:TheChair":34,"Letter Opener":5,"War Paint":43,"Old Coin":36,"Sozu":17,"Bottled Flame":37,"DTMod:PactStone":0,"Bird Faced Urn":48,"MealTicket":7,"Molten Egg 2":9,"Bag of Marbles":37},{"Lantern":11,"Juzu Bracelet":10,"Omamori":11,"DTMod:TheChair":16,"Letter Opener":2,"War Paint":20,"Old Coin":18,"Sozu":8,"Bottled Flame":18,"DTMod:PactStone":0,"Bird Faced Urn":24,"MealTicket":3,"Molten Egg 2":3,"Bag of Marbles":18},{"Lantern":40,"Juzu Bracelet":36,"Omamori":40,"DTMod:TheChair":59,"Letter Opener":4,"War Paint":72,"Old Coin":66,"Sozu":29,"Bottled Flame":66,"DTMod:PactStone":0,"Bird Faced Urn":80,"MealTicket":11,"Molten Egg 2":11,"Bag of Marbles":66}]},"card_choices":[{"not_picked":["DTMod:Prediction","DTMod:ExcessFootwork"],"picked":"DTMod:RepeatStrike","floor":0.0},{"not_picked":["DTMod:Cover","DTMod:Punisher"],"picked":"DTMod:HeatWave","floor":1.0},{"not_picked":["DTMod:Shift","DTMod:Dissolve"],"picked":"DTMod:DragonDance","floor":3.0},{"not_picked":["DTMod:BreakAttack","DTMod:GhostSkin"],"picked":"DTMod:Adaptation","floor":7.0},{"not_picked":["DTMod:FlameSlash+1","DTMod:Conduct"],"picked":"DTMod:CleansingStrike+1","floor":10.0},{"not_picked":["DTMod:Adaptation","DTMod:Conduct"],"picked":"DTMod:QuickFly+1","floor":12.0},{"not_picked":["DTMod:RunningTactic","DTMod:BlazingStrike+1"],"picked":"DTMod:BreakAttack+1","floor":13.0},{"not_picked":["DTMod:Hide","DTMod:Dissolve"],"picked":"DTMod:BalancedStrike+1","floor":14.0},{"not_picked":["DTMod:HeadStart","DTMod:EchoTactic"],"picked":"DTMod:SealedStrike+1","floor":16.0},{"not_picked":["DTMod:BurningEnergy","DTMod:BuildUp+1"],"picked":"DTMod:TauntingStrike+1","floor":18},{"not_picked":["DTMod:Weaken","DTMod:LowKick+1"],"picked":"DTMod:ComboAttack+1","floor":19},{"not_picked":["DTMod:BlazingStrike+1","DTMod:ComboAttack+1"],"picked":"DTMod:MasterPlan+1","floor":23},{"not_picked":["DTMod:RecklessFlurry+1","DTMod:Coolant"],"picked":"DTMod:Shift+1","floor":28},{"not_picked":["DTMod:QuickFly+1","DTMod:Conduct"],"picked":"DTMod:ForkedFire+1","floor":29},{"not_picked":["DTMod:FlameSlash+1","DTMod:DarkBreath+1"],"picked":"DTMod:BreakAttack+1","floor":30},{"not_picked":["DTMod:BreakAttack+1","DTMod:Feint+1"],"picked":"DTMod:Overwhelm","floor":31},{"not_picked":["DTMod:StunTrap","DTMod:Safeguard"],"picked":"DTMod:Harmonize","floor":33},{"not_picked":["DTMod:FlameSlash+1","DTMod:DragonDance+1"],"picked":"DTMod:RunningTactic+1","floor":35},{"not_picked":["DTMod:FlameSlash+1","DTMod:InvisibleFlame"],"picked":"DTMod:Weaken","floor":36},{"not_picked":["Secret Technique","Thinking Ahead"],"picked":"Violence","floor":38},{"not_picked":["DTMod:LowKick+1","DTMod:BurningEnergy"],"picked":"DTMod:Cover","floor":39},{"not_picked":["DTMod:Shift","DTMod:Multitask"],"picked":"DTMod:BizarreTactic+1","floor":41},{"not_picked":["DTMod:MagicField","DTMod:Shift"],"picked":"DTMod:Dissolve+1","floor":45},{"not_picked":["DTMod:ShieldDrain+1","DTMod:MaximumCharge+1"],"picked":"DTMod:QuickFly+1","floor":46},{"not_picked":["DTMod:MasterPlan+1","DTMod:ComboAttack+1"],"picked":"DTMod:RunningTactic+1","floor":47},{"not_picked":["DTMod:BreakAttack+1","DTMod:MaximumCharge+1"],"picked":"DTMod:Overwhelm+1","floor":48}],"player_experience":688770,"relics_obtained":[{"floor":7.0,"key":"MealTicket"},{"floor":9.0,"key":"Molten Egg 2"},{"floor":22,"key":"Juzu Bracelet"},{"floor":23,"key":"Lantern"},{"floor":26,"key":"Omamori"},{"floor":36,"key":"Old Coin"},{"floor":43,"key":"War Paint"},{"floor":48,"key":"Bird Faced Urn"}],"event_choices":[{"damage_healed":0.0,"max_hp_gain":5.0,"max_hp_loss":0.0,"gold_gain":0.0,"event_name":"Big Fish","player_choice":"Donut","floor":2.0,"gold_loss":0.0,"damage_taken":0.0},{"damage_healed":0.0,"max_hp_gain":0.0,"max_hp_loss":0.0,"gold_gain":76.0,"event_name":"Golden Wing","player_choice":"Gained Gold","floor":4.0,"gold_loss":0.0,"damage_taken":0.0},{"damage_healed":0.0,"max_hp_gain":0.0,"max_hp_loss":0.0,"gold_gain":0.0,"event_name":"Scrap Ooze","player_choice":"Success","floor":5.0,"gold_loss":0.0,"damage_taken":3.0,"relics_obtained":["Letter Opener"]},{"damage_healed":0,"gold_gain":0,"player_choice":"Ignored","damage_taken":0,"max_hp_gain":0,"max_hp_loss":0,"event_name":"Ghosts","floor":20,"gold_loss":0},{"damage_healed":0,"gold_gain":0,"player_choice":"Shed Blood","damage_taken":13,"max_hp_gain":5,"max_hp_loss":0,"event_name":"Forgotten Altar","floor":21,"gold_loss":0},{"damage_healed":0,"gold_gain":0,"player_choice":"Ignored","damage_taken":0,"max_hp_gain":0,"max_hp_loss":0,"event_name":"Vampires","floor":25,"gold_loss":0},{"damage_healed":0,"gold_gain":0,"player_choice":"Fight","damage_taken":0,"max_hp_gain":0,"max_hp_loss":0,"event_name":"Mysterious Sphere","floor":36,"gold_loss":0},{"damage_healed":0,"gold_gain":0,"player_choice":"Memory 1","damage_taken":0,"max_hp_gain":0,"max_hp_loss":0,"event_name":"SensoryStone","floor":38,"gold_loss":0},{"damage_healed":0,"gold_gain":0,"player_choice":"Fight","damage_taken":0,"max_hp_gain":0,"max_hp_loss":0,"event_name":"MindBloom","floor":48,"gold_loss":0}],"is_beta":false,"boss_relics":[{"not_picked":["Tiny House","Pandora\u0027s Box"],"picked":"Sozu"},{"not_picked":["Coffee Dripper","Philosopher\u0027s Stone"],"picked":"DTMod:TheChair"}],"items_purged_floors":[11],"is_endless":false,"potions_floor_spawned":[12,14,16,28,30,31,33,41,45,48],"ascension_level":0}}