{"host":"7qoz5gmva6til3yp","time":1610445099,"event":{"mods":["AchievementEnabler","BaseMod","Hermit","Minty Spire (QoL Compilation)","StSLib","SuperFastMode"],"gold_per_floor":[114,132,30,49,49,74,92,92,145,170,194,235,259,277,277,383,383,417,426,455,194,210,285,327,361,361,370,397,410,410,410],"floor_reached":30,"playtime":1633,"items_purged":["hermit:Defend_Hermit","hermit:Strike_Hermit"],"score":344,"play_id":"d6d0fc1a-3ddb-4e7a-93e1-fad122049170","local_time":"20210112185139","is_ascension_mode":false,"campfire_choices":[{"data":"hermit:Magnum","floor":15.0,"key":"SMITH"}],"circlet_count":0,"master_deck":["hermit:Strike_Hermit","hermit:Strike_Hermit","hermit:Defend_Hermit","hermit:Defend_Hermit","hermit:Snapshot","hermit:Covet","hermit:Glare","hermit:Brawl","hermit:Snipe","hermit:Deadeye","hermit:LuckOfTheDraw","hermit:LowProfile","hermit:CalledShot","hermit:FlashPowder","hermit:Magnum+1","hermit:DeadOrAlive","hermit:TrackingShot","hermit:Covet","hermit:Enervate","hermit:Vantage","hermit:GhostlyPresence","hermit:BigShot+1","hermit:Gambit","hermit:Malice","hermit:WideOpen+1"],"relics":["hermit:Momento","Ornamental Fan","Regal Pillow","hermit:RyeStalk","Juzu Bracelet","Odd Mushroom","CeramicFish","hermit:DentedPlate","ClockworkSouvenir","Pen Nib","MealTicket","Toy Ornithopter"],"acts_visited":["Exordium","TheCity"],"potions_floor_usage":[18,23],"damage_taken":[{"damage":5.0,"enemies":"Small Slimes","floor":1.0,"turns":3.0},{"damage":1.0,"enemies":"Cultist","floor":2.0,"turns":3.0},{"damage":6.0,"enemies":"2 Louse","floor":4.0,"turns":2.0},{"damage":21.0,"enemies":"Lagavulin","floor":6.0,"turns":5.0},{"damage":11.0,"enemies":"Exordium Thugs","floor":7.0,"turns":3.0},{"damage":53.0,"enemies":"3 Sentries","floor":10.0,"turns":7.0},{"damage":6.0,"enemies":"The Mushroom Lair","floor":11.0,"turns":3.0},{"damage":18.0,"enemies":"Gremlin Nob","floor":12.0,"turns":4.0},{"damage":16.0,"enemies":"Large Slime","floor":13.0,"turns":5.0},{"damage":0.0,"enemies":"2 Fungi Beasts","floor":14.0,"turns":1.0},{"damage":26.0,"enemies":"The Guardian","floor":16.0,"turns":7.0},{"damage":20,"enemies":"2 Thieves","floor":18,"turns":3},{"damage":0,"enemies":"Chosen","floor":20,"turns":1},{"damage":0,"enemies":"3 Cultists","floor":22,"turns":4},{"damage":36,"enemies":"Slavers","floor":23,"turns":5},{"damage":4,"enemies":"Centurion and Healer","floor":24,"turns":4},{"damage":3,"enemies":"Book of Stabbing","floor":25,"turns":3},{"damage":5,"enemies":"Snecko","floor":28,"turns":5},{"damage":15,"enemies":"Snake Plant","floor":29,"turns":3},{"damage":48,"enemies":"Gremlin Leader","floor":30,"turns":3}],"seed_played":"-7911241329910227436","potions_obtained":[{"floor":4.0,"key":"Energy Potion"},{"floor":10.0,"key":"BlessingOfTheForge"},{"floor":11.0,"key":"Dexterity Potion"},{"floor":13.0,"key":"AttackPotion"},{"floor":20,"key":"Strength Potion"},{"floor":23,"key":"Swift Potion"},{"floor":24,"key":"BlessingOfTheForge"},{"floor":29,"key":"EssenceOfSteel"}],"is_trial":false,"path_per_floor":["M","M","$","M","?","E","M","$","T","E","?","E","M","M","R","B",null,"M","?","M","$","M","E","M","E","T","?","M","M","E"],"character_chosen":"HERMIT","items_purchased":["hermit:Snipe","hermit:Vantage","ClockworkSouvenir"],"campfire_rested":0,"item_purchase_floors":[3,21,21],"current_hp_per_floor":[49,48,48,42,42,21,10,10,10,7,75,57,41,41,41,15,47,77,77,107,107,107,71,67,64,64,64,59,44,0,0],"gold":410,"neow_bonus":"REMOVE_TWO","is_daily":false,"chose_seed":false,"campfire_upgraded":1,"win_rate":0.0,"timestamp":1610445099,"path_taken":["M","M","$","M","?","E","?","$","T","E","?","E","M","M","R","BOSS","M","?","M","?","M","E","M","E","T","?","M","M","E"],"items_purchased_type":["Card","Card","Relic"],"build_version":"2020-12-22","purchased_purges":2,"victory":false,"max_hp_per_floor":[75,75,75,75,75,75,75,75,75,75,75,75,75,75,75,75,107,107,107,107,107,107,107,107,107,107,107,107,107,107,107],"card_choices":[{"not_picked":["hermit:SprayPray","hermit:Manifest"],"picked":"hermit:Glare","floor":1.0},{"not_picked":["hermit:Combo","hermit:Manifest"],"picked":"hermit:Brawl","floor":2.0},{"not_picked":["hermit:WideOpen","hermit:ShadowCloak"],"picked":"hermit:Deadeye","floor":4.0},{"not_picked":["hermit:LoneWolf","hermit:LowProfile"],"picked":"hermit:LuckOfTheDraw","floor":6.0},{"not_picked":["hermit:BodyArmor","hermit:SprayPray","hermit:Coalescence"],"picked":"SKIP","floor":7.0},{"not_picked":["hermit:HoleUp","hermit:Cheat"],"picked":"hermit:LowProfile","floor":10.0},{"not_picked":["hermit:NoHoldsBarred","hermit:Manifest"],"picked":"hermit:CalledShot","floor":11.0},{"not_picked":["hermit:Deadeye","hermit:SprayPray"],"picked":"hermit:FlashPowder","floor":12.0},{"not_picked":["hermit:Showdown","hermit:ItchyTrigger"],"picked":"hermit:Magnum","floor":13.0},{"not_picked":["hermit:Glare","hermit:GoldenBullet","hermit:Roulette"],"picked":"SKIP","floor":14.0},{"not_picked":["hermit:HighNoon","hermit:Reprieve"],"picked":"hermit:DeadOrAlive","floor":16.0},{"not_picked":["hermit:SprayPray","hermit:HighCaliber"],"picked":"hermit:TrackingShot","floor":18},{"not_picked":["hermit:Desperado","hermit:TrackingShot+1"],"picked":"hermit:Enervate","floor":20},{"not_picked":["hermit:Vantage","hermit:Desperado","hermit:LoneWolf+1"],"picked":"SKIP","floor":22},{"not_picked":["hermit:Vantage","hermit:Horror+1"],"picked":"hermit:GhostlyPresence","floor":23},{"not_picked":["hermit:Feint","hermit:Quickdraw+1"],"picked":"hermit:BigShot+1","floor":24},{"not_picked":["hermit:Malice","hermit:OverwhelmingPower"],"picked":"hermit:Gambit","floor":25},{"not_picked":["hermit:Quickdraw","hermit:HighCaliber"],"picked":"hermit:WideOpen+1","floor":28},{"not_picked":["hermit:Combo","hermit:LuckOfTheDraw","hermit:GhostlyPresence"],"picked":"SKIP","floor":29}],"player_experience":337684,"relics_obtained":[{"floor":6.0,"key":"Regal Pillow"},{"floor":9.0,"key":"hermit:RyeStalk"},{"floor":10.0,"key":"Juzu Bracelet"},{"floor":11.0,"key":"Odd Mushroom"},{"floor":12.0,"key":"CeramicFish"},{"floor":23,"key":"Pen Nib"},{"floor":25,"key":"MealTicket"},{"floor":26,"key":"Toy Ornithopter"}],"event_choices":[{"damage_healed":0.0,"max_hp_gain":0.0,"max_hp_loss":0.0,"gold_gain":0.0,"event_name":"WeMeetAgain","player_choice":"Gave Potion","floor":5.0,"gold_loss":0.0,"damage_taken":0.0,"relics_obtained":["Ornamental Fan"]},{"damage_healed":0.0,"max_hp_gain":0.0,"max_hp_loss":0.0,"gold_gain":0.0,"event_name":"Mushrooms","player_choice":"Fought Mushrooms","floor":11.0,"gold_loss":0.0,"damage_taken":0.0},{"damage_healed":0,"gold_gain":0,"player_choice":"Copied","damage_taken":0,"max_hp_gain":0,"max_hp_loss":0,"event_name":"Duplicator","floor":19,"gold_loss":0,"cards_obtained":["hermit:Covet"]},{"damage_healed":0,"gold_gain":0,"player_choice":"Read","damage_taken":0,"max_hp_gain":0,"max_hp_loss":0,"event_name":"The Library","floor":27,"gold_loss":0,"cards_obtained":["hermit:Malice"]}],"is_beta":false,"boss_relics":[{"not_picked":["Snecko Eye","Ectoplasm"],"picked":"hermit:DentedPlate"}],"items_purged_floors":[3,21],"is_endless":false,"potions_floor_spawned":[4,10,11,13,14,20,23,24,29],"killed_by":"Gremlin Leader","ascension_level":0}}