{"host":"6pgtslebjnyv5xmi","time":1610437815,"event":{"mods":["AchievementEnabler","BaseMod","Colored Map","Minty Spire (QoL Compilation)","Rare Cards Sparkle","StSLib","SuperFastMode","The Cursed","everything is the same but u backflip on backflip"],"gold_per_floor":[364,374,117,152,152,152,235,135,181,181,223,223,398,398,398,503,503,521,565,206,223,35,35,45,45,71,71,89,124,175,175,175,175,175],"floor_reached":33,"playtime":1127,"items_purged":["Strike_G","Strike_G","Strike_G"],"score":433,"play_id":"19c89c31-dca1-4bcf-8652-72bca49e8fe9","local_time":"20210112165015","is_ascension_mode":true,"campfire_choices":[{"data":"HandOfGreed","floor":6.0,"key":"SMITH"},{"floor":10.0,"key":"REST"},{"data":"Catalyst","floor":15.0,"key":"SMITH"},{"floor":23.0,"key":"REST"},{"floor":27.0,"key":"REST"},{"floor":32.0,"key":"REST"}],"circlet_count":0,"master_deck":["AscendersBane","Defend_G","Defend_G","Defend_G","Defend_G","Survivor","Neutralize","Backstab","Catalyst+1","HandOfGreed+1","Deadly Poison","Glass Knife","Bullet Time","Catalyst","Die Die Die","Sadistic Nature","Backflip"],"relics":["Ring of the Snake","Ice Cream","Omamori","Bag of Marbles","Empty Cage","Happy Flower","Blood Vial","Darkstone Periapt"],"acts_visited":["Exordium","TheCity"],"potions_floor_usage":[],"damage_taken":[{"damage":7.0,"enemies":"Jaw Worm","floor":1.0,"turns":5.0},{"damage":0.0,"enemies":"2 Louse","floor":2.0,"turns":3.0},{"damage":0.0,"enemies":"Small Slimes","floor":4.0,"turns":2.0},{"damage":21.0,"enemies":"Lagavulin Event","floor":7.0,"turns":4.0},{"damage":1.0,"enemies":"Looter","floor":11.0,"turns":3.0},{"damage":32.0,"enemies":"The Guardian","floor":16.0,"turns":10.0},{"damage":22.0,"enemies":"2 Thieves","floor":18.0,"turns":4.0},{"damage":2.0,"enemies":"Chosen","floor":19.0,"turns":3.0},{"damage":22.0,"enemies":"Snake Plant","floor":21.0,"turns":4.0},{"damage":37.0,"enemies":"Sentry and Sphere","floor":24.0,"turns":6.0},{"damage":0.0,"enemies":"Centurion and Healer","floor":28.0,"turns":4.0},{"damage":0.0,"enemies":"Snecko","floor":29.0,"turns":3.0},{"damage":21.0,"enemies":"Slavers","floor":30.0,"turns":6.0},{"damage":32,"enemies":"Collector","floor":33,"turns":3}],"seed_played":"-1641711419474114704","potions_obtained":[{"floor":4.0,"key":"Poison Potion"},{"floor":7.0,"key":"FearPotion"},{"floor":19.0,"key":"FairyPotion"},{"floor":21.0,"key":"BlessingOfTheForge"},{"floor":29.0,"key":"Weak Potion"}],"is_trial":false,"path_per_floor":["M","M","$","M","?","R","?","$","T","R","M","?","?","?","R","B",null,"M","M","$","M","$","R","M","$","T","R","M","M","E","?","R","B"],"character_chosen":"THE_SILENT","items_purchased":["HandOfGreed","Catalyst","Happy Flower","Sadistic Nature"],"campfire_rested":4,"item_purchase_floors":[3,20,20,22],"current_hp_per_floor":[56,56,56,56,49,49,28,28,28,46,45,42,42,42,42,10,50,28,26,26,4,4,22,8,8,8,26,28,30,11,11,29,0,0],"gold":175,"neow_bonus":"TWO_FIFTY_GOLD","is_daily":false,"chose_seed":false,"campfire_upgraded":2,"win_rate":0.0,"timestamp":1610437815,"path_taken":["M","M","$","M","?","R","?","$","T","R","M","?","?","?","R","BOSS","M","M","$","M","$","R","M","?","T","R","M","M","E","?","R","BOSS"],"items_purchased_type":["Card","Card","Relic","Card"],"build_version":"2020-12-22","purchased_purges":3,"victory":false,"max_hp_per_floor":[63,63,63,63,63,63,63,63,63,63,63,63,63,63,63,63,63,63,63,63,63,63,63,63,63,63,63,63,63,63,63,63,63,63],"card_choices":[{"not_picked":["Outmaneuver","Masterful Stab"],"picked":"Backstab","floor":1.0},{"not_picked":["Quick Slash","Eviscerate"],"picked":"Catalyst","floor":2.0},{"not_picked":["Backflip","Endless Agony"],"picked":"Deadly Poison","floor":4.0},{"not_picked":["Poisoned Stab","Cloak And Dagger"],"picked":"Glass Knife","floor":11.0},{"not_picked":["Wraith Form v2","Malaise"],"picked":"Bullet Time","floor":16.0},{"not_picked":["Dodge and Roll","Cloak And Dagger","Leg Sweep"],"picked":"SKIP","floor":18.0},{"not_picked":["Cloak And Dagger","Blade Dance","Infinite Blades+1"],"picked":"SKIP","floor":19.0},{"not_picked":["All Out Attack","Slice"],"picked":"Die Die Die","floor":21.0},{"not_picked":["Quick Slash","Slice"],"picked":"Backflip","floor":24.0},{"not_picked":["Outmaneuver","Heel Hook","Infinite Blades+1"],"picked":"SKIP","floor":28.0},{"not_picked":["Poisoned Stab","Backflip","Acrobatics"],"picked":"SKIP","floor":29.0},{"not_picked":["Poisoned Stab","Quick Slash","Deflect"],"picked":"SKIP","floor":30.0}],"player_experience":938543,"relics_obtained":[{"floor":7.0,"key":"Ice Cream"},{"floor":9.0,"key":"Omamori"},{"floor":26.0,"key":"Blood Vial"},{"floor":30.0,"key":"Darkstone Periapt"}],"event_choices":[{"cards_removed":["Strike_G"],"damage_healed":0.0,"max_hp_gain":0.0,"max_hp_loss":0.0,"gold_gain":0.0,"event_name":"Golden Wing","player_choice":"Card Removal","floor":5.0,"gold_loss":0.0,"damage_taken":7.0},{"damage_healed":0.0,"max_hp_gain":0.0,"max_hp_loss":0.0,"gold_gain":0.0,"event_name":"Dead Adventurer","player_choice":"Searched \u00271\u0027 times","floor":7.0,"gold_loss":0.0,"damage_taken":0.0},{"damage_healed":0.0,"max_hp_gain":0.0,"max_hp_loss":0.0,"gold_gain":0.0,"event_name":"Scrap Ooze","player_choice":"Success","floor":12.0,"gold_loss":0.0,"damage_taken":3.0,"relics_obtained":["Bag of Marbles"]},{"damage_healed":0.0,"max_hp_gain":0.0,"max_hp_loss":0.0,"gold_gain":175.0,"event_name":"Liars Game","player_choice":"AGREE","floor":13.0,"gold_loss":0.0,"damage_taken":0.0,"cards_obtained":["Doubt"]},{"damage_healed":0.0,"max_hp_gain":0.0,"max_hp_loss":0.0,"gold_gain":0.0,"cards_transformed":["Defend_G"],"event_name":"Transmorgrifier","player_choice":"Transformed","floor":14.0,"gold_loss":0.0,"damage_taken":0.0,"cards_obtained":["Tactician"]},{"damage_healed":0.0,"max_hp_gain":0.0,"max_hp_loss":0.0,"gold_gain":0.0,"event_name":"Vampires","player_choice":"Ignored","floor":31.0,"gold_loss":0.0,"damage_taken":0.0}],"is_beta":false,"boss_relics":[{"not_picked":["Ectoplasm","Tiny House"],"picked":"Empty Cage"}],"items_purged_floors":[3,8,20],"is_endless":false,"potions_floor_spawned":[4,7,19,21,29],"killed_by":"Collector","ascension_level":12}}