{"host":"y3iy5gb13b300rns","time":1610437502,"event":{"mods":["BaseMod","Bestiary","Curses Come First","Minty Spire (QoL Compilation)","Replay The Spire","StSLib","The Runesmith"],"gold_per_floor":[119,194,221,234,254,254,270,284,330,355,366,379,379,406,406,503,503,483,393,407,407,424,424,424,424,470,495,518,530,592,617,629,746,758,770,770],"floor_reached":35,"playtime":2632,"items_purged":[],"score":396,"play_id":"43c9ace1-e60b-4753-bac2-2215a5e78afa","local_time":"20210112014502","daily_mods":["Draft","Heirloom"],"is_ascension_mode":false,"campfire_choices":[{"data":"DevaForm","floor":6,"key":"SMITH"},{"floor":13,"key":"REST"},{"floor":15,"key":"REST"},{"floor":23,"key":"REST"},{"floor":25,"key":"REST"},{"data":"ConjureBlade","floor":29,"key":"SMITH"},{"floor":32,"key":"REST"}],"circlet_count":0,"master_deck":["Demon Form","Wraith Form v2","Echo Form","DevaForm+1","Runesmith:CreatorForm","Consecrate","JustLucky","Prostrate","EmptyBody","Sanctity","EmptyFist","Sanctity","PathToVictory","DeceiveReality","FlurryOfBlows","FollowUp","LikeWater","FlyingSleeves","CutThroughFate","DeceiveReality","FlurryOfBlows","PathToVictory","Replay:ManipulateFuture","FlurryOfBlows","JustLucky","Replay:ManipulateFuture","CutThroughFate","SandsOfTime","MasterReality","ConjureBlade+1","Weave","LikeWater","EmptyFist","WindmillStrike","PathToVictory+1","WheelKick","LessonLearned","Judgement"],"relics":["PureWater","replay:Trail_Library","Unceasing Top","Centennial Puzzle","Replay:Baseball","Yang","Oddly Smooth Stone","Sozu","CloakClasp","MawBank","Philosopher\u0027s Stone"],"acts_visited":["Exordium","TheCity","TheBeyond"],"potions_floor_usage":[7,8,8,33],"damage_taken":[{"damage":0,"enemies":"Small Slimes","floor":1,"turns":3},{"damage":1,"enemies":"Jaw Worm","floor":4,"turns":4},{"damage":0,"enemies":"Cultist","floor":5,"turns":2},{"damage":6,"enemies":"2 Fungi Beasts","floor":7,"turns":5},{"damage":25,"enemies":"Gremlin Gang","floor":8,"turns":4},{"damage":18,"enemies":"Lagavulin","floor":10,"turns":6},{"damage":0,"enemies":"3 Louse","floor":11,"turns":3},{"damage":4,"enemies":"Large Slime","floor":12,"turns":4},{"damage":9,"enemies":"Replay:BlueRogue","floor":14,"turns":5},{"damage":13,"enemies":"Hexaghost","floor":16,"turns":8},{"damage":9,"enemies":"2 Thieves","floor":18,"turns":4},{"damage":21,"enemies":"Spheric Guardian","floor":20,"turns":5},{"damage":13,"enemies":"Snake Plant","floor":22,"turns":5},{"damage":3,"enemies":"Sentry and Sphere","floor":27,"turns":4},{"damage":0,"enemies":"3 Cultists","floor":28,"turns":4},{"damage":21,"enemies":"Cultist and Chosen","floor":31,"turns":5},{"damage":32,"enemies":"Champ","floor":33,"turns":7},{"damage":76,"enemies":"3 Darklings","floor":35,"turns":5}],"seed_played":"-8850190430572591805","potions_obtained":[{"floor":1,"key":"Block Potion"},{"floor":4,"key":"Swift Potion"},{"floor":5,"key":"Block Potion"},{"floor":16,"key":"DuplicationPotion"}],"is_trial":true,"path_per_floor":["M","?","T","M","M","R","M","M","T","E","M","M","R","E","R","B",null,"M","?","M","?","M","R","?","R","T","M","M","R","?","M","R","B",null,"M"],"character_chosen":"WATCHER","items_purchased":[],"campfire_rested":5,"item_purchase_floors":[],"current_hp_per_floor":[72,61,61,60,60,60,54,29,29,11,11,7,28,19,40,27,72,63,63,42,42,29,50,50,71,71,68,68,68,68,47,68,36,72,0,0],"gold":770,"neow_bonus":"","is_daily":false,"chose_seed":false,"campfire_upgraded":2,"win_rate":0.0,"timestamp":1610437502,"path_taken":["M","?","?","M","M","R","M","?","T","E","M","M","R","E","R","BOSS","M","?","?","?","M","R","?","R","T","M","?","R","?","?","R","BOSS","M"],"items_purchased_type":[],"build_version":"2020-12-22","purchased_purges":0,"victory":false,"max_hp_per_floor":[72,72,72,72,72,72,72,72,72,72,72,72,72,72,72,72,72,72,72,72,72,72,72,72,72,72,72,72,72,72,72,72,72,72,72,72],"card_choices":[{"not_picked":["Replay:DivineShield","ThirdEye"],"picked":"Consecrate","floor":0},{"not_picked":["Evaluate","WaveOfTheHand"],"picked":"JustLucky","floor":0},{"not_picked":["ClearTheMind","FollowUp"],"picked":"Prostrate","floor":0},{"not_picked":["Replay:Anticipation","BowlingBash"],"picked":"EmptyBody","floor":0},{"not_picked":["Evaluate","Replay:BluntJabs"],"picked":"Sanctity","floor":0},{"not_picked":["FollowUp","FlurryOfBlows"],"picked":"EmptyFist","floor":0},{"not_picked":["Replay:ManipulateFuture","JustLucky"],"picked":"Sanctity","floor":0},{"not_picked":["Evaluate","CrushJoints"],"picked":"PathToVictory","floor":0},{"not_picked":["Replay:DivineShield","Replay:Anticipation"],"picked":"DeceiveReality","floor":0},{"not_picked":["ThirdEye","Replay:ManipulateFuture"],"picked":"FlurryOfBlows","floor":0},{"not_picked":["Replay:ManipulateFuture","CrushJoints"],"picked":"FollowUp","floor":0},{"not_picked":["SashWhip","FlurryOfBlows"],"picked":"LikeWater","floor":0},{"not_picked":["Replay:BluntJabs","JustLucky"],"picked":"FlyingSleeves","floor":0},{"not_picked":["Sanctity","Perseverance"],"picked":"CutThroughFate","floor":0},{"not_picked":["Replay:BluntJabs","WaveOfTheHand"],"picked":"DeceiveReality","floor":0},{"not_picked":["CrushJoints","CutThroughFate"],"picked":"FlurryOfBlows","floor":1},{"not_picked":["Study","Replay:AtTheReady"],"picked":"PathToVictory","floor":4},{"not_picked":["ThirdEye","LikeWater"],"picked":"Replay:ManipulateFuture","floor":5},{"not_picked":["EmptyBody","Protect"],"picked":"FlurryOfBlows","floor":7},{"not_picked":["FearNoEvil","SashWhip"],"picked":"JustLucky","floor":8},{"not_picked":["WindmillStrike","CrushJoints"],"picked":"Replay:ManipulateFuture","floor":10},{"not_picked":["MentalFortress","Evaluate"],"picked":"CutThroughFate","floor":11},{"not_picked":["FollowUp","InnerPeace"],"picked":"SandsOfTime","floor":12},{"not_picked":["Wallop","PathToVictory"],"picked":"MasterReality","floor":14},{"not_picked":["Establishment","DeusExMachina"],"picked":"ConjureBlade","floor":16},{"not_picked":["Wireheading","DeceiveReality+1"],"picked":"Weave","floor":18},{"not_picked":["Consecrate","Fasting2"],"picked":"EmptyFist","floor":20},{"not_picked":["CrushJoints","FollowUp"],"picked":"WindmillStrike","floor":22},{"not_picked":["TalkToTheHand","Indignation"],"picked":"PathToVictory+1","floor":27},{"not_picked":["FlurryOfBlows","Replay:ManipulateFuture"],"picked":"WheelKick","floor":28},{"not_picked":["ThirdEye+1","ClearTheMind"],"picked":"LessonLearned","floor":31},{"not_picked":["MasterReality","LessonLearned"],"picked":"Judgement","floor":33}],"player_experience":414619,"relics_obtained":[{"floor":3,"key":"Centennial Puzzle"},{"floor":9,"key":"Replay:Baseball"},{"floor":10,"key":"Yang"},{"floor":14,"key":"Oddly Smooth Stone"},{"floor":26,"key":"MawBank"}],"event_choices":[{"damage_healed":0,"gold_gain":75,"player_choice":"Gather Gold","damage_taken":11,"max_hp_gain":0,"max_hp_loss":0,"event_name":"World of Goop","floor":2,"gold_loss":0},{"damage_healed":0,"gold_gain":0,"player_choice":"Opened","damage_taken":0,"relics_obtained":["CloakClasp"],"max_hp_gain":0,"max_hp_loss":0,"event_name":"The Mausoleum","floor":21,"gold_loss":0},{"damage_healed":0,"gold_gain":0,"player_choice":"Ignored","damage_taken":0,"max_hp_gain":0,"max_hp_loss":0,"event_name":"N\u0027loth","floor":24,"gold_loss":0},{"damage_healed":0,"gold_gain":100,"player_choice":"Bet on Murderer","damage_taken":0,"max_hp_gain":0,"max_hp_loss":0,"event_name":"The Joust","floor":30,"gold_loss":50}],"is_beta":false,"boss_relics":[{"not_picked":["SacredBark","Coffee Dripper"],"picked":"Sozu"},{"not_picked":["Painkiller Herb","Kintsugi"],"picked":"Philosopher\u0027s Stone"}],"items_purged_floors":[],"is_endless":false,"potions_floor_spawned":[1,4,5,16,20,27,33],"killed_by":"3 Darklings","ascension_level":0}}