{"host":"6749gst1gzuv21qf","time":1610484366,"event":{"mods":["Aspiration","BaseMod","Better Altar","Better Match","Better Note","Better Sensory Stone","Better Skull","Better Third Choice","BetterRewards","Colored Map","Colored Powertips","Downfall","Highlight Path","Minty Spire (QoL Compilation)","Permanent Neow","Replay The Spire","Shop Mod","Spicy Shops","StSLib","The Cursed"],"gold_per_floor":[365,365,381,398,410,440,440,455,455,118,118,150,163,228,228,325,325,343,197,213,213,43,77,77,96,96,113,145,157,168,185,185,282,282,300,300,315,20,20,20,47,47,47,81,81,43,53,80,80,80,80,80,45,74,74],"floor_reached":56,"language":"ENG","playtime":5595,"items_purged":["TheCursedMod:Strike_TheCursed","TheCursedMod:Defend_TheCursed","Pain","Doubt","Pain"],"score":1662,"play_id":"2879fa69-97eb-4228-b423-3632b50664af","local_time":"20210112154606","is_ascension_mode":false,"campfire_choices":[{"data":"Apotheosis","floor":7,"key":"SMITH"},{"floor":15,"key":"RECALL"},{"data":"TheCursedMod:CircleOfFlame","floor":40,"key":"SMITH"},{"data":"TheCursedMod:CircleOfCorruption","floor":52,"key":"SMITH"}],"circlet_count":0,"master_deck":["TheCursedMod:Strike_TheCursed","TheCursedMod:Strike_TheCursed","TheCursedMod:Defend_TheCursed","TheCursedMod:Defend_TheCursed","TheCursedMod:Defend_TheCursed","TheCursedMod:CursedWand","TheCursedMod:CleanUpWorkshop","TheCursedMod:Dregs","TheCursedMod:FleshFromBone","Apotheosis+1","TheCursedMod:CursedShiv","TheCursedMod:SoulReap+1","TheCursedMod:Hemoplague","TheCursedMod:Obscuration","TheCursedMod:TacticalStrike","TheCursedMod:SpitefulPlan","ReplayTheSpireMod:IOU","expansioncontent:StudyTheSpire","Blind+1","ReplayUltimateDefense","TheCursedMod:NeowsMight+1","TheCursedMod:CursedBlade","TheCursedMod:CircleOfBlood+1","TheCursedMod:AntiAging","TheCursedMod:SmokeScreen","TheCursedMod:CircleOfFlame+1","TheCursedMod:HellfireBreathing+1","TheCursedMod:LuckyCharm","ReplayTheSpireMod:IOU","ReplayTheSpireMod:IOU","TheCursedMod:AbyssShockwave","TheCursedMod:SaltUponWound","TheCursedMod:VitalStrike","TheCursedMod:WearCloak","Pot Of Greed","Pot Of Greed","Pot Of Greed","TheCursedMod:RapidMovement+1","Pot Of Greed","TheCursedMod:CircleOfCorruption+1","TheCursedMod:DemonSword","Clumsy","Panache+1","ReplayTheSpireMod:IOU","ReplayTheSpireMod:IOU","TheCursedMod:StunningStrike","TheCursedMod:ManaCirculation+1","Madness","Madness","Pot Of Greed","TheCursedMod:OutForBlood+1","TheCursedMod:StingEye","Enlightenment","ReplayTheSpireMod:IOU","ReplayTheSpireMod:IOU","ReplayTheSpireMod:IOU","ReplayTheSpireMod:IOU","ReplayTheSpireMod:IOU","ReplayTheSpireMod:IOU","ReplayTheSpireMod:IOU","TheCursedMod:CircleOfAbyss","Pot Of Greed"],"relics":["TheCursedMod:BlackMagic101","Akabeko","Membership Card","Replay:Wax Seal","MerchantsRug","aspiration:ArtOfWarUpgrade","Ring of Chaos","PreservedInsect","aspiration:FetidBarrel","Du-Vu Doll","aspiration:StickyExplosives_weak","Frozen Egg 2","aspiration:HatOfInfinitePower","StrikeDummy","Grinning Jar","Replay:Ancient Bell","Regal Pillow","Mummified Hand","TheCursedMod:MagicCandle","Replay:Rubber Ducky","Lantern","Unceasing Top","Ring of Fangs","ReplayTheSpireMod:Ring of Addiction","White Beast Statue","Toy Ornithopter","ReplayTheSpireMod:Ninjato","Mango","Kunai","Counterbalance","Mirror","Bottled Lightning","Replay:Mystery Machine"],"acts_visited":["Exordium","TheCity","TheBeyond","TheEnding"],"potions_floor_usage":[28,41,41,41,48,55,55],"damage_taken":[{"damage":2,"enemies":"2 Louse","floor":1,"turns":4},{"damage":0,"enemies":"Cultist","floor":3,"turns":5},{"damage":3,"enemies":"Jaw Worm","floor":4,"turns":4},{"damage":3,"enemies":"3 Louse","floor":5,"turns":4},{"damage":27,"enemies":"3 Sentries","floor":6,"turns":11},{"damage":3,"enemies":"2 Fungi Beasts","floor":8,"turns":5},{"damage":7,"enemies":"Replay:BlueRogue","floor":12,"turns":4},{"damage":0,"enemies":"Gremlin Gang","floor":13,"turns":6},{"damage":0,"enemies":"3 Sentries","floor":14,"turns":6},{"damage":29,"enemies":"Slime Boss","floor":16,"turns":8},{"damage":2,"enemies":"Chosen","floor":18,"turns":6},{"damage":14,"enemies":"Spheric Guardian","floor":20,"turns":4},{"damage":10,"enemies":"Gremlin Leader","floor":23,"turns":4},{"damage":20,"enemies":"Snake Plant","floor":25,"turns":4},{"damage":15,"enemies":"Centurion and Healer","floor":27,"turns":5},{"damage":0,"enemies":"Book of Stabbing","floor":28,"turns":6},{"damage":5,"enemies":"Cultist and Chosen","floor":29,"turns":4},{"damage":9,"enemies":"Snake Plant","floor":30,"turns":3},{"damage":0,"enemies":"3 Cultists","floor":31,"turns":3},{"damage":39,"enemies":"Champ","floor":33,"turns":8},{"damage":0,"enemies":"3 Darklings","floor":35,"turns":2},{"damage":1,"enemies":"Orb Walker","floor":37,"turns":4},{"damage":0,"enemies":"Nemesis","floor":41,"turns":2},{"damage":3,"enemies":"Giant Head","floor":44,"turns":3},{"damage":0,"enemies":"Jaw Worm Horde","floor":47,"turns":1},{"damage":20,"enemies":"Reptomancer","floor":48,"turns":5},{"damage":67,"enemies":"Time Eater","floor":50,"turns":8},{"damage":23,"enemies":"Shield and Spear","floor":54,"turns":3},{"damage":1,"enemies":"The Heart","floor":55,"turns":7}],"seed_played":"9053906535688994616","potions_obtained":[{"floor":3,"key":"Strength Potion"},{"floor":8,"key":"BlessingOfTheForge"},{"floor":12,"key":"Swift Potion"},{"floor":23,"key":"Death Potion"},{"floor":25,"key":"AttackPotion"},{"floor":28,"key":"PowerPotion"},{"floor":31,"key":"EntropicBrew"},{"floor":44,"key":"Venom Potion"},{"floor":48,"key":"AttackPotion"}],"is_trial":false,"path_per_floor":["M","?","M","M","M","E","R","M","T","$","?","E","M","?","R","B",null,"M","$","M","?","$","E","R","M","T","M","E","M","M","M","R_BF","B",null,"M","?","M","$","?","R","E","?","T","E","?","$","M","E","R_BF","B",null,"R","$","E","B",null],"character_chosen":"THE_CURSED","items_purchased":["Membership Card","Replay:Wax Seal","MerchantsRug","TheCursedMod:SpitefulPlan","ReplayTheSpireMod:ShopPack","PreservedInsect","TheCursedMod:CircleOfFlame","aspiration:FetidBarrel","TheCursedMod:LuckyCharm","Du-Vu Doll","aspiration:StickyExplosives_weak","TheCursedMod:AbyssShockwave","Frozen Egg 2","Panache+1","TheCursedMod:StunningStrike","TheCursedMod:ManaCirculation+1","Enlightenment","ReplayTheSpireMod:Ninjato","Kunai","Counterbalance","Mirror","Bottled Lightning"],"campfire_rested":0,"item_purchase_floors":[10,10,10,10,10,19,19,19,22,22,22,22,22,38,38,38,46,46,53,53,53,53],"current_hp_per_floor":[52,52,52,49,50,30,30,40,40,40,40,40,45,46,46,40,75,78,78,64,64,64,75,75,69,69,71,89,89,84,84,84,60,91,91,91,92,92,80,80,80,89,89,96,96,96,96,92,112,63,115,113,113,90,114],"gold":74,"neow_bonus":"TWO_FIFTY_GOLD","is_daily":false,"chose_seed":false,"campfire_upgraded":3,"win_rate":0.0,"timestamp":1610484366,"path_taken":["M","?","M","?","M","E","R","?","T","$","?","E","M","?","R","BOSS","M","$","M","?","$","E","R","M","T","M","E","M","?","M","R_BF","BOSS","M","?","M","$","?","R","E","?","T","E","?","$","M","E","R_BF","BOSS","R","$","E","BOSS"],"items_purchased_type":["Relic","Relic","Relic","Card","Relic","Relic","Card","Relic","Card","Relic","Relic","Card","Relic","Card","Card","Card","Card","Relic","Relic","Relic","Relic","Relic"],"build_version":"2020-12-22","purchased_purges":5,"victory":true,"max_hp_per_floor":[75,75,75,75,75,75,75,75,75,75,75,75,75,75,75,75,75,78,78,78,78,78,80,80,83,83,86,89,89,89,89,89,91,91,91,91,93,93,93,93,93,93,93,96,96,96,96,112,112,115,115,113,113,113,114],"card_choices":[{"not_picked":["TheCursedMod:SurpriseAttack","TheCursedMod:BlessingInDisguise"],"picked":"TheCursedMod:FleshFromBone","floor":1},{"not_picked":["TheCursedMod:CursedAmulet","TheCursedMod:Torture"],"picked":"TheCursedMod:CursedShiv","floor":3},{"not_picked":["TheCursedMod:WearCloak","TheCursedMod:CursedBlade"],"picked":"TheCursedMod:SoulReap","floor":4},{"not_picked":["TheCursedMod:WearCloak","TheCursedMod:CircleOfCorruption"],"picked":"TheCursedMod:Hemoplague","floor":5},{"not_picked":["TheCursedMod:Hemoplague","TheCursedMod:CursedArmor"],"picked":"TheCursedMod:Obscuration","floor":6},{"not_picked":["TheCursedMod:Evocation","TheCursedMod:Obscuration"],"picked":"TheCursedMod:TacticalStrike","floor":8},{"not_picked":["expansioncontent:Corrupt","Master of Strategy"],"picked":"expansioncontent:StudyTheSpire","floor":10},{"not_picked":["Replay:SS_fish_1","Replay:Bootleg Shield Generator"],"picked":"Blind","floor":10},{"not_picked":["expansioncontent:DefensiveMode","expansioncontent:PolyBeam"],"picked":"Bandage Up","floor":10},{"not_picked":["TheCursedMod:RapidMovement","TheCursedMod:TroublousMinions"],"picked":"TheCursedMod:NeowsMight","floor":12},{"not_picked":["TheCursedMod:PrepareRite","TheCursedMod:CircleOfFlame"],"picked":"TheCursedMod:CursedBlade","floor":13},{"not_picked":["TheCursedMod:VitalStrike","TheCursedMod:SurpriseAttack"],"picked":"TheCursedMod:CircleOfBlood","floor":14},{"not_picked":["TheCursedMod:DemonicPact","TheCursedMod:ParallelWorld"],"picked":"TheCursedMod:AntiAging","floor":16},{"not_picked":["TheCursedMod:CursedArmor","TheCursedMod:PrepareRite"],"picked":"TheCursedMod:SmokeScreen","floor":18},{"not_picked":["TheCursedMod:CircleOfCorruption","TheCursedMod:CircleOfAmplification"],"picked":"TheCursedMod:HellfireBreathing+1","floor":20},{"not_picked":["TheCursedMod:CursedSpellbook+1","TheCursedMod:HellfireBreathing+1","TheCursedMod:CircleOfFlame"],"picked":"SKIP","floor":23},{"not_picked":["TheCursedMod:RavingStaff+1","TheCursedMod:Stretching"],"picked":"TheCursedMod:SaltUponWound","floor":25},{"not_picked":["TheCursedMod:Hemoplague+1","TheCursedMod:CursedStaff+1"],"picked":"TheCursedMod:VitalStrike","floor":27},{"not_picked":["TheCursedMod:VitalStrike+1","TheCursedMod:SmokeScreen+1"],"picked":"TheCursedMod:WearCloak","floor":28},{"not_picked":["TheCursedMod:BlessingInDisguise+1","TheCursedMod:SmokeScreen"],"picked":"TheCursedMod:RapidMovement+1","floor":29},{"not_picked":["TheCursedMod:TacticalStrike","TheCursedMod:Wield+1"],"picked":"TheCursedMod:CircleOfCorruption","floor":30},{"not_picked":["TheCursedMod:CircleOfCorruption","TheCursedMod:HellsGateOpen+1","TheCursedMod:Stretching"],"picked":"SKIP","floor":31},{"not_picked":["TheCursedMod:CollectTribute+1","TheCursedMod:ShockAndAwe"],"picked":"TheCursedMod:DemonSword","floor":33},{"not_picked":["ReplayTheSpireMod:IOU","CommonCold"],"picked":"Clumsy","floor":34},{"not_picked":["Overencumbered","Parasite"],"picked":"Pain","floor":34},{"not_picked":["Regret","Hallucinations"],"picked":"Doubt","floor":34},{"not_picked":["TheCursedMod:CursedAmulet+1","TheCursedMod:DoubleShield+1","TheCursedMod:Obscuration"],"picked":"SKIP","floor":35},{"not_picked":["TheCursedMod:RapidMovement+1","TheCursedMod:Grudge+1","TheCursedMod:Torture"],"picked":"SKIP","floor":37},{"not_picked":["TheCursedMod:VitalStrike","TheCursedMod:BloodBarrier"],"picked":"TheCursedMod:OutForBlood+1","floor":41},{"not_picked":["TheCursedMod:CircleOfWindfury","TheCursedMod:WearCloak+1"],"picked":"TheCursedMod:StingEye","floor":44},{"not_picked":["TheCursedMod:AbyssShockwave","TheCursedMod:Grudge+1","TheCursedMod:FleshFromBone+1"],"picked":"SKIP","floor":47},{"not_picked":["TheCursedMod:CursedAmulet","TheCursedMod:CursedShiv+1","TheCursedMod:CircleOfWindfury"],"picked":"SKIP","floor":48},{"not_picked":["TheCursedMod:SmokeScreen","TheCursedMod:WearCloak+1"],"picked":"TheCursedMod:CircleOfAbyss","floor":54}],"player_experience":692600,"relics_obtained":[{"floor":6,"key":"Akabeko"},{"floor":12,"key":"War Paint"},{"floor":23,"key":"aspiration:HatOfInfinitePower"},{"floor":26,"key":"StrikeDummy"},{"floor":28,"key":"Grinning Jar"},{"floor":41,"key":"Replay:Rubber Ducky"},{"floor":43,"key":"Lantern"},{"floor":44,"key":"Unceasing Top"},{"floor":45,"key":"Ring of Fangs"},{"floor":45,"key":"ReplayTheSpireMod:Ring of Addiction"},{"floor":45,"key":"White Beast Statue"},{"floor":45,"key":"Toy Ornithopter"},{"floor":48,"key":"Mango"},{"floor":54,"key":"Replay:Mystery Machine"}],"event_choices":[{"cards_removed":["TheCursedMod:CursedWand"],"damage_healed":0,"gold_gain":0,"player_choice":"Take \u0026 Give","damage_taken":0,"max_hp_gain":0,"max_hp_loss":0,"event_name":"betterNote:BetterNote","floor":2,"gold_loss":0,"cards_obtained":["Apotheosis"]},{"damage_healed":0,"gold_gain":0,"cards_transformed":["Bandage Up"],"player_choice":"Change","damage_taken":0,"max_hp_gain":0,"max_hp_loss":0,"event_name":"Living Wall","floor":11,"gold_loss":0,"cards_obtained":["ReplayUltimateDefense"]},{"damage_healed":0,"gold_gain":0,"player_choice":"Searched \u00272\u0027 times","damage_taken":0,"relics_obtained":["Art of War"],"max_hp_gain":0,"max_hp_loss":0,"event_name":"Dead Adventurer","floor":14,"gold_loss":0},{"damage_healed":0,"gold_gain":0,"player_choice":"Upgraded","damage_taken":0,"max_hp_gain":0,"max_hp_loss":0,"event_name":"Upgrade Shrine","floor":21,"gold_loss":0,"cards_upgraded":["TheCursedMod:CircleOfBlood"]},{"cards_removed":["TheCursedMod:Strike_TheCursed"],"damage_healed":0,"gold_gain":0,"player_choice":"Removed Attack","damage_taken":0,"max_hp_gain":0,"max_hp_loss":0,"event_name":"Falling","floor":36,"gold_loss":0},{"damage_healed":0,"gold_gain":0,"player_choice":"Embrace Madness","damage_taken":12,"max_hp_gain":0,"max_hp_loss":0,"event_name":"Winding Halls","floor":39,"gold_loss":0,"cards_obtained":["Madness","Madness"]}],"is_beta":false,"boss_relics":[{"not_picked":["Empty Cage","Replay:Drink Me"],"picked":"Ring of Chaos"},{"not_picked":["aspiration:WatcherSkillbook","Runic Pyramid"],"picked":"Replay:Ancient Bell"},{"not_picked":["Bag of Preparation","Replay:Baseball"],"picked":"Regal Pillow"},{"not_picked":["Replay:Bottled Snecko","Question Card"],"picked":"Mummified Hand"},{"not_picked":["Bird Faced Urn","Torii"],"picked":"TheCursedMod:MagicCandle"}],"items_purged_floors":[10,10,46,53,53],"is_endless":false,"potions_floor_spawned":[3,8,12,23,25,28,31,33,35,44,47,48,54],"ascension_level":0}}