{"host":"3p4eynvdmgjf7qvn","time":1610494041,"event":{"mods":["Aspiration","BaseMod","Better Note","Better Skull","Colored Powertips","Downfall","Hermit","Marisa????????","Minty Spire (QoL Compilation)","Relic Stats","Replay The Spire","StSLib","The Cursed","The Disciple","The Forsaken","The Hierophant","The Jungle","The Necromancer","TheBandit"],"gold_per_floor":[111,125,50,50,50,73,73,78,78,93,90,90,107,136,136,216,216,227,245,245,4,4,37,49,62,62,90,90,125,275,275,275,374,374,389,408,414,191,209,243,246,263,263,243,243,274,284,221,221,181,181,181,31,41,0,0],"floor_reached":55,"language":"ENG","playtime":5832,"items_purged":["hierophant:Strike_Hierophant","Guardian:Aged","hierophant:Martyrdom","hierophant:FlamingChariot+1"],"score":853,"play_id":"7ec6b68a-4402-42e3-be74-093bf57ceb19","local_time":"20210113002721","is_ascension_mode":true,"campfire_choices":[{"data":"hierophant:ChurchCoffers","floor":7.0,"key":"SMITH"},{"data":"hierophant:Repentance","floor":12.0,"key":"SMITH"},{"floor":15.0,"key":"REST"},{"data":"hierophant:PristineSoul","floor":28,"key":"SMITH"},{"data":"hierophant:DivineIntervention","floor":32,"key":"SMITH"},{"floor":45,"key":"RECALL"},{"data":"hierophant:DeathKnell","floor":49,"key":"PURGE"},{"data":"hierophant:PristineSoul","floor":52,"key":"SMITH"}],"circlet_count":0,"master_deck":["hierophant:Punish+1","hierophant:ChurchCoffers+1","hierophant:PassingBell","hierophant:MorningPrayer","hierophant:PassingBell","hierophant:Repentance+1","hierophant:Zeal+1","hierophant:Endure","hierophant:DivineIntervention+1","CurseOfTheBell","hierophant:Smite+1","hierophant:MorningPrayer+1","hierophant:RepressedViolence+1","hierophant:PristineSoul+1","hierophant:Smite+1","Violence","hierophant:DivineIntervention","hierophant:Invocation","hierophant:Racketeering","hierophant:Empathy","hierophant:Sermon","hierophant:Smite+1","hierophant:Smite+1","hierophant:PristineSoul+1","hierophant:Bribe+1","hierophant:Repentance+1","hierophant:Smite+1"],"relics":["hierophant:PropheticMaskRelic","theForsaken:PlagueMask","Bag of Preparation","Molten Egg 2","ReplayTheSpireMod:CursedCoin","CaptainsWheel","Calling Bell","Bronze Scales","Question Card","aspiration:HatOfInfinitePower","Happy Flower","Anchor","Matryoshka","Juzu Bracelet","Du-Vu Doll","Pandora\u0027s Box","Replay:Bottled Flurry","Mummified Hand","Orichalcum","Replay:Accelerometer","Prayer Wheel","ReplayTheSpireMod:TigerMarble","Garlic"],"acts_visited":["Exordium","Exordium","TheBeyond","TheEnding"],"potions_floor_usage":[27,33,33,37,39,46,50,50],"damage_taken":[{"damage":1.0,"enemies":"Jaw Worm","floor":1.0,"turns":5.0},{"damage":0.0,"enemies":"2 Louse","floor":2.0,"turns":1.0},{"damage":18.0,"enemies":"3 Sentries","floor":6.0,"turns":10.0},{"damage":21.0,"enemies":"Gremlin Nob","floor":8.0,"turns":4.0},{"damage":1.0,"enemies":"Cultist","floor":10.0,"turns":3.0},{"damage":3.0,"enemies":"Red Slaver","floor":13.0,"turns":4.0},{"damage":26.0,"enemies":"Lagavulin","floor":14.0,"turns":12.0},{"damage":22.0,"enemies":"Slime Boss","floor":16.0,"turns":12.0},{"damage":0.0,"enemies":"theJungle:5_Spyders","floor":18.0,"turns":2.0},{"damage":0.0,"enemies":"theJungle:GiantWrat","floor":19.0,"turns":2.0},{"damage":7.0,"enemies":"theJungle:MamaSnecko","floor":23.0,"turns":5.0},{"damage":0,"enemies":"theJungle:2_Snecko_Cultists","floor":24,"turns":2},{"damage":3,"enemies":"theJungle:SlimyTreeVines","floor":25,"turns":4},{"damage":0,"enemies":"theJungle:Cassacara","floor":27,"turns":4},{"damage":0,"enemies":"theJungle:MamaSnecko","floor":29,"turns":5},{"damage":32,"enemies":"theJungle:FunGuy","floor":33,"turns":7},{"damage":0,"enemies":"3 Shapes","floor":35,"turns":1},{"damage":0,"enemies":"Orb Walker","floor":36,"turns":2},{"damage":0,"enemies":"Jaw Worm Horde","floor":37,"turns":2},{"damage":0,"enemies":"Maw","floor":39,"turns":3},{"damage":9,"enemies":"R_Hoarder","floor":40,"turns":4},{"damage":0,"enemies":"Spire Growth","floor":41,"turns":2},{"damage":17,"enemies":"Reptomancer","floor":42,"turns":3},{"damage":0,"enemies":"Jaw Worm Horde","floor":44,"turns":2},{"damage":0,"enemies":"Nemesis","floor":46,"turns":5},{"damage":0,"enemies":"3 Darklings","floor":47,"turns":3},{"damage":32,"enemies":"R_Hoarder","floor":48,"turns":5},{"damage":11,"enemies":"Time Eater","floor":50,"turns":6},{"damage":22,"enemies":"Shield and Spear","floor":54,"turns":4},{"damage":61,"enemies":"The Heart","floor":55,"turns":9}],"seed_played":"-4567108840258020372","potions_obtained":[{"floor":8.0,"key":"Elixir"},{"floor":10.0,"key":"Swift Potion"},{"floor":14.0,"key":"Elixir"},{"floor":16.0,"key":"SkillPotion"},{"floor":18.0,"key":"Regen Potion"},{"floor":23,"key":"hexamod:EctoCoolerPotion"},{"floor":25,"key":"Toxic Potion"},{"floor":29,"key":"AttackPotion"},{"floor":33,"key":"Ancient Potion"},{"floor":36,"key":"Dexterity Potion"},{"floor":37,"key":"Fire Potion"},{"floor":42,"key":"SkillPotion"}],"is_trial":false,"path_per_floor":["M","M","$","?","?","E","R","E","T","M","$","R","M","E","R","B",null,"M","M","?","$","?","E","M","M","T","E","R","E","?","?","R","B",null,"M","M","M","$","M","E","M","E","T","M","R","E","M","E","R","B",null,"R","$","E","B"],"character_chosen":"HIEROPHANT","items_purchased":["ReplayTheSpireMod:CursedCoin","hierophant:Zeal+1","Happy Flower","Replay:SS_fish_1","Flashbang"],"campfire_rested":1,"item_purchase_floors":[11,11,21,21,38],"current_hp_per_floor":[81,81,81,81,81,63,63,42,42,41,41,41,38,12,36,14,82,82,82,82,82,82,75,75,75,75,75,75,75,75,75,75,57,82,82,82,82,82,82,73,73,56,56,56,56,56,56,24,24,13,82,82,82,60,0,0],"gold":0,"neow_bonus":"TEN_PERCENT_HP_BONUS","is_daily":false,"chose_seed":false,"campfire_upgraded":5,"win_rate":0.0,"timestamp":1610494041,"path_taken":["M","M","$","?","?","E","R","E","T","?","?","R","M","E","R","BOSS","M","?","?","?","?","E","M","?","T","E","R","E","?","?","R","BOSS","M","M","M","$","M","E","M","E","T","M","R","E","M","E","R","BOSS","R","$","E","BOSS"],"items_purchased_type":["Relic","Card","Relic","Card","Potion"],"build_version":"2020-12-22","purchased_purges":4,"victory":false,"max_hp_per_floor":[82,82,82,82,82,82,82,82,82,82,82,82,82,82,82,82,82,82,82,82,82,82,82,82,82,82,82,82,82,82,82,82,82,82,82,82,82,82,82,82,82,82,82,82,82,82,82,82,82,82,82,82,82,82,82,82],"relic_stats":{"Happy Flower":[26],"counters":[30,133],"Mummified Hand":[2],"Bronze Scales":[234],"Pandora\u0027s Box":["hierophant:Invocation","hierophant:DeathKnell","hierophant:Racketeering","hierophant:Empathy","hierophant:Martyrdom","hierophant:Sermon"],"Prayer Wheel":1,"Bag of Preparation":[54],"Juzu Bracelet":0,"Orichalcum":[54],"Question Card":22,"obtain_stats":[{"Replay:Accelerometer":43,"Happy Flower":21,"ReplayTheSpireMod:CursedCoin":11,"hierophant:PropheticMaskRelic":0,"Bag of Preparation":6,"Juzu Bracelet":27,"Orichalcum":43,"theForsaken:PlagueMask":4,"Question Card":17,"Calling Bell":17,"Du-Vu Doll":29,"CaptainsWheel":14,"Anchor":23,"Matryoshka":26,"Mummified Hand":42,"Bronze Scales":17,"Molten Egg 2":8,"Pandora\u0027s Box":34,"Prayer Wheel":46,"Replay:Bottled Flurry":40,"ReplayTheSpireMod:TigerMarble":48,"Garlic":54,"aspiration:HatOfInfinitePower":17},{"Replay:Accelerometer":23,"Happy Flower":10,"ReplayTheSpireMod:CursedCoin":5,"hierophant:PropheticMaskRelic":0,"Bag of Preparation":3,"Juzu Bracelet":14,"Orichalcum":23,"theForsaken:PlagueMask":2,"Question Card":8,"Calling Bell":8,"Du-Vu Doll":15,"CaptainsWheel":7,"Anchor":11,"Matryoshka":13,"Mummified Hand":23,"Bronze Scales":8,"Molten Egg 2":4,"Pandora\u0027s Box":16,"Prayer Wheel":25,"Replay:Bottled Flurry":21,"ReplayTheSpireMod:TigerMarble":27,"Garlic":29,"aspiration:HatOfInfinitePower":8},{"Replay:Accelerometer":99,"Happy Flower":55,"ReplayTheSpireMod:CursedCoin":23,"hierophant:PropheticMaskRelic":0,"Bag of Preparation":16,"Juzu Bracelet":70,"Orichalcum":99,"theForsaken:PlagueMask":6,"Question Card":51,"Calling Bell":51,"Du-Vu Doll":75,"CaptainsWheel":39,"Anchor":60,"Matryoshka":66,"Mummified Hand":99,"Bronze Scales":51,"Molten Egg 2":20,"Pandora\u0027s Box":82,"Prayer Wheel":106,"Replay:Bottled Flurry":94,"ReplayTheSpireMod:TigerMarble":114,"Garlic":124,"aspiration:HatOfInfinitePower":51}]},"card_choices":[{"not_picked":["hierophant:HammerAndAnvil","hierophant:HolyVerse"],"picked":"hierophant:PassingBell","floor":1.0},{"not_picked":["hierophant:Blessing","hierophant:Zeal"],"picked":"hierophant:MorningPrayer","floor":2.0},{"not_picked":["hierophant:MintersHammer","hierophant:Chorus"],"picked":"hierophant:PassingBell","floor":6.0},{"not_picked":["hierophant:MorningPrayer","hierophant:Upheaval+1"],"picked":"hierophant:Repentance","floor":8.0},{"not_picked":["hierophant:Chorus","hierophant:AuricBeam+1","hierophant:Rebuild"],"picked":"SKIP","floor":10.0},{"not_picked":["hierophant:Zeal+1","hierophant:Shelter"],"picked":"hierophant:Endure","floor":13.0},{"not_picked":["hierophant:Remorse+1","hierophant:ConvertCurrency","hierophant:Purify+1"],"picked":"SKIP","floor":14.0},{"not_picked":["hierophant:DeathKnell","hierophant:MintersHammer+1"],"picked":"hierophant:DivineIntervention","floor":16.0},{"not_picked":["hierophant:RepressedViolence+1","hierophant:Encroach","hierophant:ConvertCurrency"],"picked":"hierophant:Smite+1","floor":18.0},{"not_picked":["hierophant:RecallFunds","hierophant:Encroach+1","hierophant:Shelter"],"picked":"hierophant:MorningPrayer+1","floor":19.0},{"not_picked":["hierophant:Rebuild","hierophant:AuricBeam+1","hierophant:CoinFling+1"],"picked":"hierophant:RepressedViolence+1","floor":23},{"not_picked":["hierophant:SealAway+1","hierophant:CursedGold","hierophant:HammerAndAnvil"],"picked":"hierophant:PristineSoul","floor":24},{"not_picked":["hierophant:ThreeLashes+1","hierophant:RepressedViolence+1","hierophant:Kindle","hierophant:DisplayOfPower+1"],"picked":"SKIP","floor":25},{"not_picked":["hierophant:ThreeLashes+1","hierophant:SolarFlare+1","hierophant:Remorse+1","hierophant:BulkyChest"],"picked":"SKIP","floor":27},{"not_picked":["hierophant:OrnateBuckler","hierophant:Patience","hierophant:WrathOfGod+1"],"picked":"hierophant:Smite+1","floor":29},{"not_picked":["hierophant:BulkyChest","hierophant:LocustPlague+1","hierophant:MintersHammer+1"],"picked":"hierophant:DivineIntervention","floor":33},{"not_picked":["hierophant:Empathy+1","hierophant:Martyrdom+1","hierophant:AuricBeam+1"],"picked":"hierophant:Smite+1","floor":35},{"not_picked":["hierophant:MorningPrayer","hierophant:RustyCrate+1","hierophant:FaithHealing","hierophant:AuricShield"],"picked":"SKIP","floor":36},{"not_picked":["hierophant:Dazzle+1","hierophant:RustyCrate+1","hierophant:DisplayOfPower+1"],"picked":"hierophant:Smite+1","floor":37},{"not_picked":["hierophant:Shelter+1","hierophant:SealAway+1","hierophant:TollTheBells"],"picked":"hierophant:PristineSoul","floor":39},{"not_picked":["hierophant:BulkyChest","hierophant:PassingBell+1","hierophant:Purify+1","hierophant:AuricBeam+1"],"picked":"SKIP","floor":40},{"not_picked":["hierophant:RepressedViolence+1","hierophant:Zeal+1","hierophant:SecretStash+1","hierophant:Doubloon+1"],"picked":"SKIP","floor":41},{"not_picked":["hierophant:MorningPrayer+1","hierophant:Doubloon+1","hierophant:Purify+1"],"picked":"hierophant:Bribe+1","floor":42},{"not_picked":["hierophant:PassingBell+1","hierophant:FieryStrike+1","hierophant:HolyVerse+1"],"picked":"hierophant:Repentance+1","floor":44},{"not_picked":["hierophant:HolyVerse","hierophant:Batter+1","hierophant:DeathKnell","hierophant:HammerAndAnvil+1"],"picked":"SKIP","floor":46},{"not_picked":["hierophant:Martyrdom","hierophant:AuricBeam+1","hierophant:HolyVerse","hierophant:RustyCrate"],"picked":"SKIP","floor":47},{"not_picked":["hierophant:Purify+1","hierophant:TollTheBells","hierophant:SolarFlare+1","hierophant:RustyCrate"],"picked":"SKIP","floor":47},{"not_picked":["hierophant:Remorse+1","hierophant:HammerAndAnvil+1","hierophant:Martyrdom+1","hierophant:DivineIntervention"],"picked":"SKIP","floor":48},{"not_picked":["hierophant:ThreeLashes+1","hierophant:MorningPrayer","hierophant:Upheaval+1"],"picked":"hierophant:Smite+1","floor":54}],"player_experience":288059,"relics_obtained":[{"floor":6.0,"key":"Bag of Preparation"},{"floor":8.0,"key":"Molten Egg 2"},{"floor":14.0,"key":"CaptainsWheel"},{"floor":17.0,"key":"Bronze Scales"},{"floor":17.0,"key":"Question Card"},{"floor":17.0,"key":"aspiration:HatOfInfinitePower"},{"floor":23,"key":"Anchor"},{"floor":26,"key":"Matryoshka"},{"floor":27,"key":"Juzu Bracelet"},{"floor":29,"key":"Du-Vu Doll"},{"floor":40,"key":"Replay:Bottled Flurry"},{"floor":42,"key":"Mummified Hand"},{"floor":43,"key":"Orichalcum"},{"floor":43,"key":"Replay:Accelerometer"},{"floor":46,"key":"Prayer Wheel"},{"floor":48,"key":"ReplayTheSpireMod:TigerMarble"},{"floor":54,"key":"Garlic"}],"event_choices":[{"damage_healed":0.0,"max_hp_gain":0.0,"max_hp_loss":0.0,"gold_gain":0.0,"event_name":"Plague Doctor","player_choice":"Obtain Plague Curse","floor":4.0,"gold_loss":0.0,"damage_taken":0.0,"cards_obtained":["theForsaken:PlagueCurse"]},{"cards_removed":["theForsaken:PlagueCurse"],"damage_healed":0.0,"max_hp_gain":0.0,"max_hp_loss":0.0,"gold_gain":0.0,"event_name":"Wheel of Change","player_choice":"Card Removal","floor":5.0,"gold_loss":0.0,"damage_taken":0.0},{"damage_healed":0.0,"max_hp_gain":0.0,"max_hp_loss":0.0,"gold_gain":0.0,"cards_transformed":["hierophant:Strike_Hierophant"],"event_name":"Transmorgrifier","player_choice":"Transformed","floor":20.0,"gold_loss":0.0,"damage_taken":0.0,"cards_obtained":["hierophant:FlamingChariot"]},{"damage_healed":0.0,"max_hp_gain":0.0,"max_hp_loss":0.0,"gold_gain":0.0,"event_name":"Accursed Blacksmith","player_choice":"Forge","floor":22.0,"gold_loss":0.0,"damage_taken":0.0,"cards_upgraded":["hierophant:Punish"]},{"damage_healed":0,"gold_gain":0,"cards_transformed":["Replay:SS_fish_1"],"player_choice":"Transformed","damage_taken":0,"max_hp_gain":0,"max_hp_loss":0,"event_name":"Transmorgrifier","floor":31,"gold_loss":0,"cards_obtained":["Violence"]}],"is_beta":false,"boss_relics":[{"not_picked":["theForsaken:PaleLantern","aspiration:SilentSkillbook"],"picked":"Calling Bell"},{"not_picked":["ChewingGum","Kintsugi"],"picked":"Pandora\u0027s Box"}],"items_purged_floors":[3,11,38,53],"is_endless":false,"potions_floor_spawned":[8,10,14,16,18,23,25,29,33,36,37,42],"killed_by":"The Heart","ascension_level":1}}