{"host":"6azrrw3tf7wb0f4b","time":1610432820,"event":{"mods":["BaseMod","DeckTracker","Minty Spire (QoL Compilation)","SuperFastMode"],"gold_per_floor":[110,110,60,60,10,10,23,23,23,23,57,132,97,114,114,114,114],"floor_reached":16,"playtime":185,"items_purged":[],"score":154,"play_id":"faf6a0bf-f132-4de7-887b-51c30e58632e","local_time":"20210112152700","is_ascension_mode":true,"campfire_choices":[{"data":"Loop","floor":6,"key":"SMITH"},{"data":"Dualcast","floor":10,"key":"SMITH"},{"floor":15,"key":"REST"}],"circlet_count":0,"master_deck":["AscendersBane","Strike_B+1","Strike_B","Strike_B","Defend_B+1","Defend_B","Defend_B","Defend_B","Zap","Dualcast+1","Loop+1","Turbo","Hello World","Undo"],"relics":["Cracked Core","Mummified Hand","Mercury Hourglass"],"acts_visited":["Exordium"],"potions_floor_usage":[],"damage_taken":[{"damage":4,"enemies":"2 Louse","floor":1,"turns":3},{"damage":4,"enemies":"Jaw Worm","floor":7,"turns":2},{"damage":26,"enemies":"Lagavulin","floor":11,"turns":8},{"damage":0,"enemies":"Small Slimes","floor":14,"turns":2},{"damage":53,"enemies":"Slime Boss","floor":16,"turns":7}],"seed_played":"7829391411224959315","potions_obtained":[],"is_trial":false,"path_per_floor":["M","?","$","?","?","R","M","$","T","R","E","?","$","M","R","B"],"character_chosen":"DEFECT","items_purchased":["Turbo","Hello World"],"campfire_rested":1,"item_purchase_floors":[3,13],"current_hp_per_floor":[71,76,76,59,59,59,55,55,55,55,29,18,18,18,44,0,0],"gold":114,"neow_bonus":"TEN_PERCENT_HP_BONUS","is_daily":false,"chose_seed":false,"campfire_upgraded":2,"win_rate":0.0,"timestamp":1610432820,"path_taken":["M","?","$","?","?","R","M","?","T","R","E","?","?","M","R","BOSS"],"items_purchased_type":["Card","Card"],"build_version":"2020-12-22","purchased_purges":0,"victory":false,"max_hp_per_floor":[82,87,87,87,87,87,87,87,87,87,87,87,87,87,87,87,87],"card_choices":[{"not_picked":["Coolheaded","Hologram"],"picked":"Loop","floor":1},{"not_picked":["Cold Snap","Double Energy","Lockon"],"picked":"SKIP","floor":7},{"not_picked":["Go for the Eyes","Barrage","Hologram"],"picked":"SKIP","floor":11},{"not_picked":["Consume","Rebound"],"picked":"Undo","floor":14}],"player_experience":697187,"relics_obtained":[{"floor":9,"key":"Mummified Hand"},{"floor":11,"key":"Mercury Hourglass"}],"event_choices":[{"damage_healed":0,"gold_gain":0,"player_choice":"Donut","damage_taken":0,"max_hp_gain":5,"max_hp_loss":0,"event_name":"Big Fish","floor":2,"gold_loss":0},{"damage_healed":0,"gold_gain":0,"player_choice":"Entered Light","damage_taken":17,"max_hp_gain":0,"max_hp_loss":0,"event_name":"Shining Light","floor":4,"gold_loss":0,"cards_upgraded":["Strike_B","Defend_B"]},{"cards_removed":["Strike_B"],"damage_healed":0,"gold_gain":0,"player_choice":"Card Removal","damage_taken":0,"max_hp_gain":0,"max_hp_loss":0,"event_name":"The Cleric","floor":5,"gold_loss":50},{"damage_healed":0,"gold_gain":75,"player_choice":"Gather Gold","damage_taken":11,"max_hp_gain":0,"max_hp_loss":0,"event_name":"World of Goop","floor":12,"gold_loss":0}],"is_beta":false,"boss_relics":[],"items_purged_floors":[],"is_endless":false,"potions_floor_spawned":[],"killed_by":"Slime Boss","ascension_level":12}}