{"host":"6wux4armhsntp4yb","time":1610440214,"event":{"mods":["BaseMod","Colored Map","DeckTracker","Minty Spire (QoL Compilation)","Relic Stats"],"gold_per_floor":[111,130,130,142,142,142,170,170,170,187,202,234,234,248,248,248,248],"floor_reached":16,"playtime":801,"items_purged":[],"score":224,"play_id":"b2c0bbcb-f059-4fa0-985d-c2345140b5ba","local_time":"20210112173014","is_ascension_mode":true,"campfire_choices":[{"data":"A Thousand Cuts","floor":6.0,"key":"SMITH"},{"data":"Envenom","floor":8.0,"key":"SMITH"},{"data":"Tactician","floor":13,"key":"SMITH"},{"data":"Neutralize","floor":15,"key":"SMITH"}],"circlet_count":0,"master_deck":["AscendersBane","Strike_G","Strike_G","Strike_G","Strike_G","Strike_G","Defend_G","Defend_G","Defend_G","Defend_G","Defend_G+1","Survivor","Neutralize+1","A Thousand Cuts+1","Prepared+1","PiercingWail","Envenom+1","PiercingWail","Tactician+1","Concentrate","Catalyst"],"relics":["Ring of the Snake","Unceasing Top","StoneCalendar","Ginger"],"acts_visited":["Exordium"],"potions_floor_usage":[12],"damage_taken":[{"damage":1.0,"enemies":"Cultist","floor":1.0,"turns":4.0},{"damage":3.0,"enemies":"Small Slimes","floor":2.0,"turns":4.0},{"damage":14.0,"enemies":"Jaw Worm","floor":4.0,"turns":7.0},{"damage":46.0,"enemies":"Gremlin Nob","floor":7.0,"turns":6.0},{"damage":6.0,"enemies":"Red Slaver","floor":10.0,"turns":5.0},{"damage":4.0,"enemies":"Large Slime","floor":11.0,"turns":7.0},{"damage":5,"enemies":"Lagavulin","floor":12,"turns":7},{"damage":8,"enemies":"Lots of Slimes","floor":14,"turns":4},{"damage":19,"enemies":"Hexaghost","floor":16,"turns":7}],"seed_played":"5096067627631210465","potions_obtained":[{"floor":1.0,"key":"PowerPotion"},{"floor":10.0,"key":"FearPotion"},{"floor":12,"key":"FairyPotion"},{"floor":14,"key":"Explosive Potion"}],"is_trial":false,"path_per_floor":["M","M","?","M","?","R","E","R","T","M","M","E","R","M","R","B"],"character_chosen":"THE_SILENT","items_purchased":[],"campfire_rested":0,"item_purchase_floors":[],"current_hp_per_floor":[58,55,35,21,66,66,20,20,20,14,10,5,5,19,19,0,0],"gold":248,"neow_bonus":"ONE_RANDOM_RARE_CARD","is_daily":false,"chose_seed":false,"campfire_upgraded":4,"win_rate":0.0,"timestamp":1610440214,"path_taken":["M","M","?","M","?","R","E","R","T","?","M","E","R","M","R","BOSS"],"items_purchased_type":[],"build_version":"2020-12-22","purchased_purges":0,"victory":false,"max_hp_per_floor":[66,66,66,66,66,66,66,66,66,66,66,66,66,66,66,66,66],"relic_stats":{"counters":[9,51],"StoneCalendar":[151],"Ginger":[3],"obtain_stats":[{"StoneCalendar":9,"Ginger":12,"Unceasing Top":7,"Ring of the Snake":0},{"StoneCalendar":4,"Ginger":7,"Unceasing Top":4,"Ring of the Snake":0},{"StoneCalendar":21,"Ginger":40,"Unceasing Top":21,"Ring of the Snake":0}],"Unceasing Top":[9],"Ring of the Snake":[18]},"card_choices":[{"not_picked":["Concentrate","Underhanded Strike"],"picked":"All Out Attack","floor":1.0},{"not_picked":["Skewer","Dagger Spray"],"picked":"Prepared","floor":2.0},{"not_picked":["Flechettes","Caltrops"],"picked":"PiercingWail","floor":4.0},{"not_picked":["Backflip","Endless Agony"],"picked":"Envenom","floor":7.0},{"not_picked":["Quick Slash","Crippling Poison"],"picked":"PiercingWail","floor":10.0},{"not_picked":["Dagger Throw","Noxious Fumes"],"picked":"Tactician","floor":11.0},{"not_picked":["Caltrops","Cloak And Dagger"],"picked":"Concentrate","floor":12},{"not_picked":["Finisher","Setup"],"picked":"Catalyst","floor":14}],"player_experience":5777446,"relics_obtained":[{"floor":7.0,"key":"Unceasing Top"},{"floor":9.0,"key":"StoneCalendar"},{"floor":12,"key":"Ginger"}],"event_choices":[{"damage_healed":0.0,"max_hp_gain":0.0,"max_hp_loss":0.0,"gold_gain":0.0,"event_name":"Shining Light","player_choice":"Entered Light","floor":3.0,"gold_loss":0.0,"damage_taken":20.0,"cards_upgraded":["Defend_G","Prepared"]},{"cards_removed":["All Out Attack"],"damage_healed":45.0,"max_hp_gain":0.0,"max_hp_loss":0.0,"gold_gain":0.0,"event_name":"Bonfire Elementals","player_choice":"Offered Uncommon","floor":5.0,"gold_loss":0.0,"damage_taken":0.0}],"is_beta":false,"boss_relics":[],"items_purged_floors":[],"is_endless":false,"potions_floor_spawned":[1,10,12,14],"killed_by":"Hexaghost","ascension_level":20}}