{"host":"1a3cjta80tad0aqj","time":1610439787,"event":{"mods":["2.2 Compatiblity","AchievementEnabler","BaseMod","Colored Map","DeckTracker","KOR Keyword Fix","Keyboard Shortcuts","Minty Spire (QoL Compilation)","Permanent Neow","Quick Restart","Random Character Button","StSLib","SuperFastMode","everything is the same but u backflip on backflip"],"gold_per_floor":[113,125,73,84,97,128,144,94,118,118,153,8,18,32,32,137,137,156,71,71,91,118,144,144,171,225,244,244,17,17,17,17,116,116,131,144,44,44,59,59,69,86,110,139,150,25,54,73,73,73],"floor_reached":51,"playtime":2373,"items_purged":["Defend_R","Defend_R","Strike_R"],"score":809,"play_id":"1fc7b535-c334-4592-89ba-defdbe6021b9","local_time":"20210112172307","is_ascension_mode":false,"campfire_choices":[{"data":"Heavy Blade","floor":10.0,"key":"SMITH"},{"data":"Armaments","floor":15.0,"key":"SMITH"},{"floor":28.0,"key":"REST"},{"data":"Bash","floor":32.0,"key":"SMITH"},{"data":"Heavy Blade","floor":40.0,"key":"SMITH"},{"floor":49.0,"key":"REST"}],"circlet_count":0,"master_deck":["Strike_R","Defend_R","Bash+1","Offering","Heavy Blade+1","Flex","Shrug It Off","Rampage","Heavy Blade+1","Shrug It Off+1","Offering+1","Heavy Blade+1","Ghostly Armor+1","Armaments+1","Intimidate+1","Inflame+1","Body Slam+1","Battle Trance"],"relics":["Burning Blood","Red Skull","Dream Catcher","Potion Belt","MealTicket","Empty Cage","Anchor","Red Mask","Happy Flower","Blood Vial","War Paint","Pen Nib","Busted Crown","Vajra","Omamori","Orichalcum","Bag of Preparation"],"acts_visited":["Exordium","TheCity","TheBeyond"],"potions_floor_usage":[50,50,50,50,50],"damage_taken":[{"damage":7.0,"enemies":"Jaw Worm","floor":1.0,"turns":3.0},{"damage":13.0,"enemies":"Small Slimes","floor":2.0,"turns":3.0},{"damage":7.0,"enemies":"Cultist","floor":4.0,"turns":4.0},{"damage":11.0,"enemies":"Looter","floor":5.0,"turns":3.0},{"damage":10.0,"enemies":"Gremlin Nob","floor":6.0,"turns":3.0},{"damage":10.0,"enemies":"Exordium Thugs","floor":7.0,"turns":6.0},{"damage":19.0,"enemies":"Lagavulin","floor":11.0,"turns":3.0},{"damage":8.0,"enemies":"Blue Slaver","floor":13.0,"turns":2.0},{"damage":6.0,"enemies":"2 Fungi Beasts","floor":14.0,"turns":2.0},{"damage":25.0,"enemies":"Hexaghost","floor":16.0,"turns":7.0},{"damage":23.0,"enemies":"Shell Parasite","floor":18.0,"turns":4.0},{"damage":12.0,"enemies":"Chosen","floor":21.0,"turns":4.0},{"damage":12.0,"enemies":"Masked Bandits","floor":22.0,"turns":3.0},{"damage":33.0,"enemies":"Slavers","floor":23.0,"turns":8.0},{"damage":23.0,"enemies":"Gremlin Leader","floor":25.0,"turns":4.0},{"damage":6.0,"enemies":"Shelled Parasite and Fungi","floor":27.0,"turns":5.0},{"damage":71.0,"enemies":"Champ","floor":33.0,"turns":9.0},{"damage":6.0,"enemies":"Orb Walker","floor":35.0,"turns":2.0},{"damage":6.0,"enemies":"3 Shapes","floor":36.0,"turns":4.0},{"damage":6.0,"enemies":"Jaw Worm Horde","floor":39.0,"turns":2.0},{"damage":6.0,"enemies":"4 Shapes","floor":41.0,"turns":3.0},{"damage":13.0,"enemies":"3 Darklings","floor":42.0,"turns":3.0},{"damage":21.0,"enemies":"Nemesis","floor":44.0,"turns":3.0},{"damage":18.0,"enemies":"Spire Growth","floor":45.0,"turns":3.0},{"damage":12.0,"enemies":"Reptomancer","floor":47.0,"turns":2.0},{"damage":12.0,"enemies":"Jaw Worm Horde","floor":48.0,"turns":2.0},{"damage":23,"enemies":"Donu and Deca","floor":50,"turns":4}],"seed_played":"4829453673337129664","potions_obtained":[{"floor":1.0,"key":"Block Potion"},{"floor":4.0,"key":"SteroidPotion"},{"floor":6.0,"key":"LiquidMemories"},{"floor":7.0,"key":"SteroidPotion"},{"floor":13.0,"key":"LiquidMemories"},{"floor":14.0,"key":"Swift Potion"},{"floor":21.0,"key":"GamblersBrew"},{"floor":22.0,"key":"Strength Potion"},{"floor":27.0,"key":"SteroidPotion"},{"floor":33.0,"key":"Strength Potion"},{"floor":35.0,"key":"DistilledChaos"},{"floor":39.0,"key":"SkillPotion"},{"floor":42.0,"key":"Dexterity Potion"},{"floor":48.0,"key":"Ancient Potion"}],"is_trial":false,"path_per_floor":["M","M","$","M","M","E","M","?","T","R","E","$","M","M","R","B",null,"M","?","$","M","?","E","?","E","T","M","R","$","?","$","R","B",null,"M","M","$","?","M","R","M","M","T","E","M","$","E","M","R","B",null],"character_chosen":"IRONCLAD","items_purchased":["FearPotion","MealTicket","Pen Nib"],"campfire_rested":2,"item_purchase_floors":[3,12,29],"current_hp_per_floor":[79,72,72,71,66,62,58,58,58,58,45,45,43,43,43,24,80,63,63,78,72,66,39,39,22,22,24,48,63,63,78,78,15,80,80,80,80,80,80,80,80,73,73,60,50,65,61,57,80,63],"gold":73,"neow_bonus":"ONE_RANDOM_RARE_CARD","is_daily":false,"chose_seed":true,"campfire_upgraded":4,"win_rate":0.0,"timestamp":1610439787,"path_taken":["M","M","$","M","M","E","M","?","T","R","E","$","M","M","R","BOSS","M","?","$","M","?","E","?","E","T","?","R","$","?","?","R","BOSS","M","M","$","?","M","R","M","M","T","E","M","$","E","M","R","BOSS"],"items_purchased_type":["Potion","Relic","Relic"],"build_version":"2020-12-22","purchased_purges":3,"victory":true,"max_hp_per_floor":[80,80,80,80,80,80,80,80,80,80,80,80,80,80,80,80,80,80,80,80,80,80,80,80,80,80,80,80,80,80,80,80,80,80,80,80,80,80,80,80,80,80,80,80,80,80,80,80,80,80],"card_choices":[{"not_picked":["Disarm","Wild Strike","Thunderclap"],"picked":"SKIP","floor":1.0},{"not_picked":["Entrench","Reckless Charge"],"picked":"Heavy Blade","floor":2.0},{"not_picked":["Searing Blow","Clothesline"],"picked":"Flex","floor":4.0},{"not_picked":["Combust","Iron Wave"],"picked":"Shrug It Off","floor":5.0},{"not_picked":["Body Slam","Dual Wield"],"picked":"Rampage","floor":6.0},{"not_picked":["Juggernaut","Searing Blow"],"picked":"Heavy Blade","floor":7.0},{"not_picked":["Havoc","Bloodletting","Thunderclap"],"picked":"SKIP","floor":11.0},{"not_picked":["Ghostly Armor","Carnage"],"picked":"Shrug It Off","floor":13.0},{"not_picked":["Feel No Pain","Fire Breathing"],"picked":"Armaments","floor":14.0},{"not_picked":["Bludgeon","Brutality"],"picked":"Offering","floor":16.0},{"not_picked":["Fire Breathing","Havoc"],"picked":"Heavy Blade+1","floor":18.0},{"not_picked":["Rampage","Cleave","Headbutt"],"picked":"SKIP","floor":21.0},{"not_picked":["Heavy Blade","Sentinel"],"picked":"Ghostly Armor+1","floor":23.0},{"not_picked":["Twin Strike","Clothesline"],"picked":"Intimidate+1","floor":25.0},{"not_picked":["Searing Blow","Armaments+1"],"picked":"Inflame+1","floor":27.0},{"not_picked":["Twin Strike","Entrench"],"picked":"Body Slam+1","floor":28.0},{"not_picked":["Perfected Strike+1"],"picked":"SKIP","floor":35.0},{"not_picked":["Clothesline+1"],"picked":"SKIP","floor":36.0},{"not_picked":["Twin Strike"],"picked":"SKIP","floor":39.0},{"not_picked":["Body Slam"],"picked":"SKIP","floor":41.0},{"not_picked":["Thunderclap+1"],"picked":"SKIP","floor":42.0},{"not_picked":["Whirlwind"],"picked":"SKIP","floor":44.0},{"not_picked":["Sword Boomerang"],"picked":"SKIP","floor":45.0},{"not_picked":[],"picked":"Battle Trance","floor":47.0},{"not_picked":["Carnage"],"picked":"SKIP","floor":48.0}],"player_experience":320143,"relics_obtained":[{"floor":6.0,"key":"Red Skull"},{"floor":9.0,"key":"Dream Catcher"},{"floor":11.0,"key":"Potion Belt"},{"floor":22.0,"key":"Red Mask"},{"floor":23.0,"key":"Happy Flower"},{"floor":25.0,"key":"Blood Vial"},{"floor":26.0,"key":"War Paint"},{"floor":43.0,"key":"Omamori"},{"floor":44.0,"key":"Orichalcum"},{"floor":47.0,"key":"Bag of Preparation"}],"event_choices":[{"cards_removed":["Strike_R"],"damage_healed":0.0,"max_hp_gain":0.0,"max_hp_loss":0.0,"gold_gain":0.0,"event_name":"The Cleric","player_choice":"Card Removal","floor":8.0,"gold_loss":50.0,"damage_taken":0.0},{"damage_healed":0.0,"max_hp_gain":0.0,"max_hp_loss":0.0,"gold_gain":0.0,"event_name":"Addict","player_choice":"Obtained Relic","floor":19.0,"gold_loss":85.0,"damage_taken":0.0,"relics_obtained":["Anchor"]},{"damage_healed":0.0,"max_hp_gain":0.0,"max_hp_loss":0.0,"gold_gain":0.0,"event_name":"Masked Bandits","player_choice":"Fought Bandits","floor":22.0,"gold_loss":0.0,"damage_taken":0.0},{"damage_healed":0.0,"max_hp_gain":0.0,"max_hp_loss":0.0,"gold_gain":0.0,"event_name":"Duplicator","player_choice":"Copied","floor":24.0,"gold_loss":0.0,"damage_taken":0.0,"cards_obtained":["Armaments"]},{"cards_removed":["Strike_R"],"damage_healed":0.0,"max_hp_gain":0.0,"max_hp_loss":0.0,"gold_gain":0.0,"event_name":"Bonfire Elementals","player_choice":"Offered Basic","floor":30.0,"gold_loss":0.0,"damage_taken":0.0},{"cards_removed":["Armaments"],"damage_healed":0.0,"max_hp_gain":0.0,"max_hp_loss":0.0,"gold_gain":0.0,"event_name":"WeMeetAgain","player_choice":"Gave Card","floor":38.0,"gold_loss":0.0,"damage_taken":0.0,"relics_obtained":["Vajra"]}],"is_beta":false,"boss_relics":[{"not_picked":["Sozu","Velvet Choker"],"picked":"Empty Cage"},{"not_picked":["Runic Pyramid","Black Blood"],"picked":"Busted Crown"}],"items_purged_floors":[29,37,46],"is_endless":false,"potions_floor_spawned":[1,4,6,7,13,14,21,22,27,33,35,39,42,48],"ascension_level":0}}