{"host":"480qzmvu0s2e3e6w","time":1610439937,"event":{"mods":["BaseMod","Colored Map","DeckTracker","Lobotomy","Minty Spire (QoL Compilation)","StSLib","SuperFastMode"],"gold_per_floor":[20,38,57,73,83,83,94,94,119,129,141,14,14,33,33,110,110,124,134,168,178,191,191,202,202,202,214,214,214,231,231,231,305,305,323,339,87,87,87,87,130,130,155,182,225,2,2,36,36,36,36],"floor_reached":50,"playtime":2010,"items_purged":["Strike_P","Strike_P+1"],"score":1052,"play_id":"6aedede8-56a5-4178-98ea-8c7c34efb7c5","local_time":"20210112172537","is_ascension_mode":true,"campfire_choices":[{"data":"Eruption","floor":6,"key":"SMITH"},{"data":"Tantrum","floor":13,"key":"SMITH"},{"data":"Adaptation","floor":15,"key":"SMITH"},{"floor":23,"key":"REST"},{"data":"CrushJoints","floor":25,"key":"SMITH"},{"floor":32,"key":"REST"},{"data":"Devotion","floor":40,"key":"SMITH"},{"floor":42,"key":"REST"},{"floor":49,"key":"REST"}],"circlet_count":0,"master_deck":["AscendersBane","Strike_P+1","Defend_P+1","Defend_P+1","Defend_P+1","Eruption+1","Vigilance","Evaluate","CrushJoints+1","Brilliance","TalkToTheHand","ClearTheMind","Tantrum+1","Ragnarok","Adaptation+1","BowlingBash+1","Adaptation","ConjureBlade","Halt","DevaForm","CutThroughFate","ThirdEye","WheelKick","Wallop","Omniscience","Devotion+1","EmptyFist","Vengeance","Prostrate","Trip","TalkToTheHand+1","Meditate+1"],"relics":["HolyWater","Juzu Bracelet","Nunchaku","Philosopher\u0027s Stone","Red Mask","White Beast Statue","Orrery","CeramicFish","Toy Ornithopter","Blood Vial","Vajra","Pen Nib","Whetstone"],"acts_visited":["Exordium","TheCity","TheBeyond"],"potions_floor_usage":[16,18,18,20,21,27,27,27,30,33,36,41,45,45,48,50],"damage_taken":[{"damage":1,"enemies":"Small Slimes","floor":1,"turns":4},{"damage":4,"enemies":"2 Louse","floor":2,"turns":2},{"damage":0,"enemies":"Jaw Worm","floor":3,"turns":3},{"damage":0,"enemies":"Looter","floor":4,"turns":2},{"damage":2,"enemies":"2 Fungi Beasts","floor":5,"turns":4},{"damage":3,"enemies":"Blue Slaver","floor":7,"turns":4},{"damage":5,"enemies":"3 Louse","floor":10,"turns":3},{"damage":0,"enemies":"Exordium Wildlife","floor":11,"turns":2},{"damage":0,"enemies":"2 Fungi Beasts","floor":14,"turns":2},{"damage":0,"enemies":"Slime Boss","floor":16,"turns":4},{"damage":16,"enemies":"2 Thieves","floor":18,"turns":3},{"damage":6,"enemies":"Shell Parasite","floor":19,"turns":4},{"damage":0,"enemies":"Masked Bandits","floor":20,"turns":2},{"damage":13,"enemies":"Snecko","floor":21,"turns":3},{"damage":9,"enemies":"3 Cultists","floor":22,"turns":3},{"damage":1,"enemies":"Cultist and Chosen","floor":24,"turns":3},{"damage":7,"enemies":"Chosen and Byrds","floor":27,"turns":3},{"damage":5,"enemies":"Snecko","floor":30,"turns":4},{"damage":25,"enemies":"Champ","floor":33,"turns":6},{"damage":0,"enemies":"Orb Walker","floor":35,"turns":1},{"damage":30,"enemies":"3 Shapes","floor":36,"turns":3},{"damage":18,"enemies":"Giant Head","floor":41,"turns":6},{"damage":2,"enemies":"Reptomancer","floor":45,"turns":4},{"damage":9,"enemies":"Giant Head","floor":48,"turns":5},{"damage":69,"enemies":"Awakened One","floor":50,"turns":3}],"seed_played":"-4160188600480994246","potions_obtained":[{"floor":5,"key":"PowerPotion"},{"floor":7,"key":"SkillPotion"},{"floor":11,"key":"Swift Potion"},{"floor":16,"key":"Block Potion"},{"floor":18,"key":"Swift Potion"},{"floor":20,"key":"PowerPotion"},{"floor":21,"key":"LiquidBronze"},{"floor":22,"key":"EntropicBrew"},{"floor":27,"key":"BlessingOfTheForge"},{"floor":30,"key":"LiquidMemories"},{"floor":33,"key":"LiquidMemories"},{"floor":36,"key":"Weak Potion"},{"floor":41,"key":"Strength Potion"},{"floor":45,"key":"SpeedPotion"},{"floor":48,"key":"Strength Potion"}],"is_trial":false,"path_per_floor":["M","M","M","M","M","R","M","?","T","M","M","$","R","M","R","B",null,"M","M","?","M","M","R","M","R","T","M","?","?","M","?","R","B",null,"M","M","$","?","?","R","E","R","T","T","E","$","?","E","R","B"],"character_chosen":"WATCHER","items_purchased":["BowlingBash","Orrery","Pen Nib","DistilledChaos"],"campfire_rested":4,"item_purchase_floors":[12,37,46,46],"current_hp_per_floor":[60,56,56,56,54,54,51,33,33,28,28,28,28,28,28,28,58,42,36,36,23,14,34,33,33,33,26,26,26,21,21,41,16,55,55,25,25,25,25,25,7,26,26,26,36,36,36,34,53,0,0],"gold":36,"neow_bonus":"REMOVE_TWO","is_daily":false,"chose_seed":false,"campfire_upgraded":5,"win_rate":0.0,"timestamp":1610439937,"path_taken":["M","M","M","M","M","R","M","?","T","M","M","$","R","M","R","BOSS","M","M","?","M","M","R","M","R","T","M","?","?","M","?","R","BOSS","M","M","$","?","?","R","E","R","T","?","E","?","?","E","R","BOSS"],"items_purchased_type":["Card","Relic","Relic","Potion"],"build_version":"2020-12-22","purchased_purges":2,"victory":false,"max_hp_per_floor":[68,68,68,68,68,68,68,68,68,68,68,68,68,68,68,68,68,68,68,68,68,68,68,68,68,68,68,68,68,68,68,68,68,68,68,68,68,68,65,65,65,65,65,65,65,65,65,65,65,65,65],"card_choices":[{"not_picked":["Crescendo","WaveOfTheHand"],"picked":"Evaluate","floor":1},{"not_picked":["Collect","WaveOfTheHand"],"picked":"CrushJoints","floor":2},{"not_picked":["Evaluate","EmptyBody"],"picked":"Brilliance","floor":3},{"not_picked":["Worship","CrushJoints"],"picked":"TalkToTheHand","floor":4},{"not_picked":["PathToVictory","Nirvana"],"picked":"ClearTheMind","floor":5},{"not_picked":["CrushJoints","Meditate"],"picked":"Tantrum","floor":7},{"not_picked":["Meditate","Consecrate"],"picked":"Ragnarok","floor":10},{"not_picked":["Perseverance","Worship"],"picked":"Adaptation","floor":11},{"not_picked":["EmptyFist","EmptyBody"],"picked":"Adaptation","floor":14},{"not_picked":["Ragnarok","Blasphemy"],"picked":"ConjureBlade","floor":16},{"not_picked":["JustLucky","SashWhip"],"picked":"Halt","floor":18},{"not_picked":["WaveOfTheHand","ReachHeaven","SashWhip"],"picked":"SKIP","floor":19},{"not_picked":["TalkToTheHand","FlyingSleeves"],"picked":"DevaForm","floor":20},{"not_picked":["Study","Crescendo"],"picked":"CutThroughFate","floor":21},{"not_picked":["Crescendo","WaveOfTheHand"],"picked":"ThirdEye","floor":22},{"not_picked":["Halt","CrushJoints+1"],"picked":"WheelKick","floor":24},{"not_picked":["FlyingSleeves","MasterReality"],"picked":"Wallop","floor":27},{"not_picked":["WindmillStrike","Halt","Collect"],"picked":"SKIP","floor":30},{"not_picked":["Ragnarok","Alpha"],"picked":"Omniscience","floor":33},{"not_picked":["FollowUp+1","CutThroughFate","Consecrate+1"],"picked":"SKIP","floor":35},{"not_picked":["CrushJoints","FlurryOfBlows","FlyingSleeves"],"picked":"SKIP","floor":36},{"not_picked":["FollowUp","Pray"],"picked":"Devotion","floor":37},{"not_picked":["Wallop","Evaluate"],"picked":"EmptyFist","floor":37},{"not_picked":["Conclude","JustLucky"],"picked":"Vengeance","floor":37},{"not_picked":["CutThroughFate+1","SashWhip"],"picked":"Prostrate","floor":37},{"not_picked":["Mayhem","Forethought"],"picked":"Trip","floor":38},{"not_picked":["LikeWater","Crescendo+1"],"picked":"TalkToTheHand","floor":41},{"not_picked":["SandsOfTime","Perseverance"],"picked":"Meditate+1","floor":45},{"not_picked":["CrushJoints+1","BowlingBash","Prostrate"],"picked":"SKIP","floor":48}],"player_experience":688229,"relics_obtained":[{"floor":9,"key":"Nunchaku"},{"floor":20,"key":"Red Mask"},{"floor":26,"key":"White Beast Statue"},{"floor":41,"key":"CeramicFish"},{"floor":43,"key":"Toy Ornithopter"},{"floor":44,"key":"Blood Vial"},{"floor":45,"key":"Vajra"},{"floor":48,"key":"Whetstone"}],"event_choices":[{"damage_healed":0,"gold_gain":0,"player_choice":"Success","damage_taken":18,"relics_obtained":["Juzu Bracelet"],"max_hp_gain":0,"max_hp_loss":0,"event_name":"Scrap Ooze","floor":8,"gold_loss":0},{"damage_healed":0,"gold_gain":0,"player_choice":"Fought Bandits","damage_taken":0,"max_hp_gain":0,"max_hp_loss":0,"event_name":"Masked Bandits","floor":20,"gold_loss":0},{"damage_healed":0,"gold_gain":0,"player_choice":"Ignored","damage_taken":0,"max_hp_gain":0,"max_hp_loss":0,"event_name":"Vampires","floor":28,"gold_loss":0},{"damage_healed":0,"gold_gain":0,"player_choice":"Simplicity","damage_taken":0,"max_hp_gain":0,"max_hp_loss":0,"event_name":"Back to Basics","floor":29,"gold_loss":0,"cards_upgraded":["Strike_P","Strike_P","Defend_P","Defend_P","Defend_P"]},{"damage_healed":0,"gold_gain":0,"player_choice":"Ignored","damage_taken":0,"max_hp_gain":0,"max_hp_loss":0,"event_name":"Cursed Tome","floor":31,"gold_loss":0},{"damage_healed":0,"gold_gain":0,"player_choice":"Memory 1","damage_taken":0,"max_hp_gain":0,"max_hp_loss":0,"event_name":"SensoryStone","floor":38,"gold_loss":0},{"damage_healed":0,"gold_gain":0,"player_choice":"Max HP","damage_taken":0,"max_hp_gain":0,"max_hp_loss":3,"event_name":"Winding Halls","floor":39,"gold_loss":0},{"damage_healed":0,"gold_gain":0,"player_choice":"Ignored","damage_taken":0,"max_hp_gain":0,"max_hp_loss":0,"event_name":"Tomb of Lord Red Mask","floor":47,"gold_loss":0}],"is_beta":false,"boss_relics":[{"not_picked":["SlaversCollar","Ectoplasm"],"picked":"Philosopher\u0027s Stone"},{"not_picked":["Black Star","Busted Crown"],"picked":"HolyWater"}],"items_purged_floors":[12,37],"is_endless":false,"potions_floor_spawned":[5,7,10,11,16,18,20,21,22,24,27,30,33,35,36,41,45,48],"killed_by":"Awakened One","ascension_level":15}}