{"host":"n605f8gctjc87d7h","time":1610427203,"event":{"mods":["Aspiration","Bard","BaseMod","Better Match","Better Note","Better Skull","Better Third Choice","Conspire","Downfall","Halation","Infinite Spire","Minty Spire (QoL Compilation)","Replay The Spire","Retaliation","Shade Mod","Spicy Shops","StSLib","The IronCluck"],"gold_per_floor":[110,130,130,150,72,72,247,247,297,297,325,325,63,89,89,193,193,211,211,211,211,225,251,251,265,312,312,327,355,375,390,390,493,493,507,148,160,185,203,229,229,252,252,252,252,252,287,287,287,289],"floor_reached":51,"playtime":4757,"items_purged":["Shame","Defend_P"],"score":816,"play_id":"9e552d51-bf48-4d0f-91df-149daf842132","local_time":"20210111205323","is_ascension_mode":true,"campfire_choices":[{"data":"ForeignInfluence","floor":6.0,"key":"SMITH"},{"data":"Sanctity","floor":8.0,"key":"SMITH"},{"data":"FollowUp","floor":12.0,"key":"SMITH"},{"floor":15.0,"key":"REST"},{"data":"Defragment","floor":24.0,"key":"SMITH"},{"data":"Vault","floor":27.0,"key":"SMITH"},{"data":"Replay:ManipulateFuture","floor":32.0,"key":"SMITH"},{"data":"Defragment","floor":44,"key":"SMITH"},{"data":"Steam","floor":46,"key":"SMITH"},{"data":"Vigilance","floor":49,"key":"SMITH"}],"circlet_count":0,"master_deck":["Strike_P","Strike_P","Strike_P","Defend_P","Defend_P","Eruption+1","Vigilance+1","InnerPeace","SashWhip+1","ForeignInfluence+1","Steam+1","Sanctity+1","FollowUp+1","Vault+1","Defragment+1","Cold Snap+1","Sweeping Beam+1","Conserve Battery+1","Replay:ManipulateFuture+1","Alpha","MentalFortress","Defragment+1","TalkToTheHand+1","Writhe"],"relics":["PureWater","infinitespire:Satchel","Replay:Wax Seal","Whetstone","halation:WeightlessCrab","Snack Pack","Thread and Needle","aspiration:DefectSkillbook","aspiration:PoetsPen_weak","conspire:GlowingRock","infinitespire:Midas Blood","Ancient Tea Set","Dream Catcher","CloakClasp","ReplayTheSpireMod:TigerMarble","Nunchaku","aspiration:StickyExplosives_weak"],"acts_visited":["Exordium","TheCity","TheBeyond"],"potions_floor_usage":[37,39,50],"damage_taken":[{"damage":0.0,"enemies":"conspire:RoseBush","floor":1.0,"turns":2.0},{"damage":0.0,"enemies":"Small Slimes","floor":2.0,"turns":3.0},{"damage":1.0,"enemies":"2 Louse","floor":4.0,"turns":2.0},{"damage":2.0,"enemies":"Replay:BlueRogue","floor":11.0,"turns":5.0},{"damage":27.0,"enemies":"3 Sentries","floor":14.0,"turns":5.0},{"damage":15.0,"enemies":"The Guardian","floor":16.0,"turns":10.0},{"damage":0.0,"enemies":"Spheric Guardian","floor":18.0,"turns":2.0},{"damage":1.0,"enemies":"Shell Parasite","floor":22.0,"turns":3.0},{"damage":7.0,"enemies":"Gremlin Leader","floor":23.0,"turns":5.0},{"damage":0.0,"enemies":"3 Cultists","floor":25.0,"turns":5.0},{"damage":0.0,"enemies":"Snecko","floor":28.0,"turns":2.0},{"damage":0.0,"enemies":"Book of Stabbing","floor":29.0,"turns":3.0},{"damage":3.0,"enemies":"Snake Plant","floor":30.0,"turns":4.0},{"damage":0.0,"enemies":"Cultist and Chosen","floor":31.0,"turns":3.0},{"damage":0.0,"enemies":"Automaton","floor":33.0,"turns":7.0},{"damage":0,"enemies":"Orb Walker","floor":35,"turns":3},{"damage":0,"enemies":"3 Darklings","floor":37,"turns":4},{"damage":7,"enemies":"Sphere and 2 Shapes","floor":38,"turns":3},{"damage":22,"enemies":"Transient","floor":39,"turns":6},{"damage":0,"enemies":"R_Hoarder","floor":40,"turns":6},{"damage":8,"enemies":"Writhing Mass","floor":42,"turns":4},{"damage":22,"enemies":"Reptomancer","floor":47,"turns":5},{"damage":12,"enemies":"Replay:Hell Engine","floor":50,"turns":10}],"seed_played":"-5436710174901805318","potions_obtained":[{"floor":14.0,"key":"Regen Potion"},{"floor":22.0,"key":"Ancient Potion"},{"floor":25.0,"key":"Reflective Coating"},{"floor":30.0,"key":"LiquidMemories"},{"floor":33.0,"key":"PowerPotion"},{"floor":37,"key":"Fruit Juice"},{"floor":42,"key":"BlessingOfTheForge"},{"floor":47,"key":"PowerPotion"}],"is_trial":false,"path_per_floor":["M","M","?","M","$","R","?","R","T","?","E","R","$","E","R","B",null,"M","?","?","AVR","M","E","R","M","T","R","M","E","M","M","R","B",null,"M","$","M","M","M","E","AVR","M","T","R","?","R","E","?","R","B",null],"character_chosen":"WATCHER","items_purchased":["Replay:Wax Seal","Snack Pack","CloakClasp","MentalFortress"],"campfire_rested":1,"item_purchase_floors":[5,13,36,36],"current_hp_per_floor":[72,72,72,71,71,71,71,71,71,71,69,69,69,46,67,58,69,71,71,71,71,71,72,72,72,72,72,72,72,72,72,72,72,72,72,72,77,76,62,70,70,66,66,66,66,66,54,73,73,77],"gold":289,"neow_bonus":"RANDOM_COMMON_RELIC","is_daily":false,"chose_seed":false,"campfire_upgraded":9,"win_rate":0.0,"timestamp":1610427203,"path_taken":["M","M","?","M","$","R","?","R","T","?","E","R","?","E","R","BOSS","M","?","?","AVR","M","E","R","M","T","R","M","E","M","M","R","BOSS","M","$","M","M","M","E","AVR","M","T","R","?","R","E","?","R","BOSS"],"items_purchased_type":["Relic","Relic","Relic","Card"],"build_version":"2020-12-22","purchased_purges":2,"victory":true,"max_hp_per_floor":[72,72,72,72,72,72,72,72,72,72,72,72,72,72,72,72,72,72,72,72,72,72,72,72,72,72,72,72,72,72,72,72,72,72,72,72,77,77,77,77,77,77,77,77,77,77,77,77,77,77],"card_choices":[{"not_picked":["Crescendo","BowlingBash"],"picked":"InnerPeace","floor":1.0},{"not_picked":["WreathOfFlame","Adaptation"],"picked":"SashWhip","floor":2.0},{"not_picked":["PathToVictory","Prostrate"],"picked":"Sanctity","floor":4.0},{"not_picked":["ThirdEye","Replay:BluntJabs"],"picked":"FollowUp","floor":11.0},{"not_picked":["Wish","Replay:BluntJabs","Evaluate"],"picked":"SKIP","floor":14.0},{"not_picked":["Alpha","Scrawl"],"picked":"Vault","floor":16.0},{"not_picked":["Sweeping Beam","Wireheading+1","Replay:BluntJabs"],"picked":"Defragment","floor":18.0},{"not_picked":["conspire:SharedLibrary","Aggregate","FollowUp","EmptyBody"],"picked":"SKIP","floor":22.0},{"not_picked":["Steam Power+1","Hologram","Hello World"],"picked":"Cold Snap+1","floor":23.0},{"not_picked":["SignatureMove","Evaluate","Cold Snap"],"picked":"Sweeping Beam+1","floor":25.0},{"not_picked":["Protect+1","Prostrate","EmptyFist"],"picked":"Conserve Battery+1","floor":28.0},{"not_picked":["Omniscience","Double Energy","SashWhip","Halt"],"picked":"SKIP","floor":29.0},{"not_picked":["Coolheaded","BasicCrystalCard","Gash"],"picked":"Replay:ManipulateFuture","floor":30.0},{"not_picked":["ClearTheMind","Crescendo","CutThroughFate+1","Protect"],"picked":"SKIP","floor":31.0},{"not_picked":["MasterReality","Brilliance","Reboot"],"picked":"Alpha","floor":33.0},{"not_picked":["Barrage+1","Evaluate","ReplaySolidLightProjector","Beam Cell"],"picked":"SKIP","floor":35},{"not_picked":["CutThroughFate+1","Halt","Ball Lightning"],"picked":"Defragment","floor":37},{"not_picked":["Coolheaded","Stack","ReplaySolidLightProjector","BattleHymn+1"],"picked":"SKIP","floor":38},{"not_picked":["JustLucky","Panic Button","Go for the Eyes","Replay:BluntJabs+1"],"picked":"SKIP","floor":39},{"not_picked":["ClearTheMind+1","EmptyBody+1","Replay:Vibes+1"],"picked":"TalkToTheHand+1","floor":40},{"not_picked":["Worship+1","Panic Button","Replay:AllIn","Ball Lightning+1"],"picked":"SKIP","floor":42},{"not_picked":["SashWhip","Tempest+1","BasicCrystalCard","Barrage+1"],"picked":"SKIP","floor":47}],"player_experience":654032,"relics_obtained":[{"floor":9.0,"key":"Whetstone"},{"floor":11.0,"key":"halation:WeightlessCrab"},{"floor":14.0,"key":"Thread and Needle"},{"floor":23.0,"key":"infinitespire:Midas Blood"},{"floor":26.0,"key":"Ancient Tea Set"},{"floor":29.0,"key":"Dream Catcher"},{"floor":40,"key":"ReplayTheSpireMod:TigerMarble"},{"floor":43,"key":"Nunchaku"},{"floor":47,"key":"aspiration:StickyExplosives_weak"}],"event_choices":[{"damage_healed":0.0,"max_hp_gain":0.0,"max_hp_loss":0.0,"gold_gain":175.0,"event_name":"betterThird:BetterSerpent","player_choice":"AGREE","floor":7.0,"gold_loss":0.0,"damage_taken":72.0},{"cards_removed":["Doubt"],"damage_healed":0.0,"max_hp_gain":0.0,"max_hp_loss":0.0,"gold_gain":0.0,"event_name":"Living Wall","player_choice":"Forget","floor":10.0,"gold_loss":0.0,"damage_taken":0.0},{"damage_healed":0.0,"max_hp_gain":0.0,"max_hp_loss":0.0,"gold_gain":0.0,"event_name":"conspire:Investor","player_choice":"Leave","floor":19.0,"gold_loss":0.0,"damage_taken":0.0},{"damage_healed":0,"gold_gain":0,"player_choice":"Ignored","damage_taken":0,"max_hp_gain":0,"max_hp_loss":0,"event_name":"Tomb of Lord Red Mask","floor":45,"gold_loss":0},{"damage_healed":19,"gold_gain":0,"player_choice":"Writhe","damage_taken":0,"max_hp_gain":0,"max_hp_loss":0,"event_name":"Winding Halls","floor":48,"gold_loss":0,"cards_obtained":["Writhe"]}],"is_beta":false,"boss_relics":[{"not_picked":["SacredBark","Replay:Bronze Core"],"picked":"aspiration:DefectSkillbook"},{"not_picked":["Runic Dome","Ring of Chaos","halation:SmartPhone"]}],"items_purged_floors":[21,41],"is_endless":false,"potions_floor_spawned":[14,22,25,30,31,33,37,42,47],"ascension_level":5}}