{"host":"t0zrw5dahhy31ra8","time":1610443598,"event":{"mods":["BaseMod","Downfall","Minty Spire (QoL Compilation)","StSLib"],"gold_per_floor":[110,110,121,101,114,143,157,157,157,170,188,363,390,390,390,495,495,512,51,69,69,69,69,83,118,172,185,210,210,210],"floor_reached":29,"playtime":2072,"items_purged":[],"score":270,"play_id":"3579da43-6037-4b36-b90f-218396ceba22","local_time":"20210112022638","is_ascension_mode":false,"campfire_choices":[{"data":"Sunder","floor":8,"key":"SMITH"},{"floor":15,"key":"REST"},{"data":"Loop","floor":23,"key":"SMITH"}],"circlet_count":0,"master_deck":["Defend_B","Defend_B","Defend_B","Defend_B","Zap","Dualcast+1","expansioncontent:CaCaw+1","Hello World","Go for the Eyes","Undo+1","Skim","Sunder+1","Streamline","Creative AI","Doubt","Machine Learning","Coolheaded+1","Amplify","Loop+1","Barrage+1","Bite","Bite","Bite","Bite","Bite","Shame","Cold Snap","Defragment"],"relics":["Cracked Core","Tiny Chest","Ornamental Fan","Oddly Smooth Stone","Bottled Tornado","Nuclear Battery","War Paint","Lantern","Darkstone Periapt","Art of War","Happy Flower","Orichalcum"],"acts_visited":["Exordium","TheCity"],"potions_floor_usage":[16,20,24,27],"damage_taken":[{"damage":1,"enemies":"Jaw Worm","floor":1,"turns":6},{"damage":6,"enemies":"Cultist","floor":3,"turns":4},{"damage":0,"enemies":"Small Slimes","floor":5,"turns":3},{"damage":18,"enemies":"3 Sentries","floor":6,"turns":8},{"damage":10,"enemies":"Looter","floor":7,"turns":4},{"damage":2,"enemies":"3 Louse","floor":10,"turns":4},{"damage":0,"enemies":"Large Slime","floor":11,"turns":4},{"damage":52,"enemies":"Hexaghost","floor":16,"turns":11},{"damage":12,"enemies":"Shell Parasite","floor":18,"turns":8},{"damage":10,"enemies":"Spheric Guardian","floor":20,"turns":5},{"damage":26,"enemies":"Snake Plant","floor":24,"turns":5},{"damage":29,"enemies":"Book of Stabbing","floor":25,"turns":6},{"damage":10,"enemies":"Cultist and Chosen","floor":27,"turns":5},{"damage":11,"enemies":"Sentry and Sphere","floor":29,"turns":2}],"seed_played":"-6337922302770335596","potions_obtained":[{"floor":1,"key":"AttackPotion"},{"floor":3,"key":"Swift Potion"},{"floor":4,"key":"SpeedPotion"},{"floor":5,"key":"Dexterity Potion"},{"floor":16,"key":"Fire Potion"},{"floor":20,"key":"FearPotion"},{"floor":25,"key":"SkillPotion"},{"floor":27,"key":"DistilledChaos"}],"is_trial":false,"path_per_floor":["M","?","M","?","M","E","M","R","T","M","M","?","T","T","R","B",null,"M","$","M","?","?","R","M","E","T","M","T","M"],"character_chosen":"DEFECT","items_purchased":["War Paint","Lantern","Amplify","Loop"],"campfire_rested":1,"item_purchase_floors":[19,19,19,19],"current_hp_per_floor":[74,74,68,68,68,50,40,40,40,38,38,38,38,38,60,8,75,63,63,53,52,58,58,34,9,9,7,7,0,0],"gold":210,"neow_bonus":"RANDOM_COLORLESS","is_daily":false,"chose_seed":false,"campfire_upgraded":2,"win_rate":0.0,"timestamp":1610443598,"path_taken":["M","?","M","?","M","E","?","R","T","M","?","?","?","?","R","BOSS","M","$","M","?","?","R","M","E","T","M","?","M"],"items_purchased_type":["Relic","Relic","Card","Card"],"build_version":"2020-12-22","purchased_purges":0,"victory":false,"max_hp_per_floor":[75,75,75,75,75,75,75,75,75,75,75,75,75,75,75,75,75,75,75,75,52,58,58,58,58,58,58,58,58,58],"card_choices":[{"not_picked":["expansioncontent:PolyBeam","expansioncontent:SuperHexaguard"],"picked":"expansioncontent:CaCaw","floor":0},{"not_picked":["Doom and Gloom","Capacitor"],"picked":"Hello World","floor":1},{"not_picked":["Gash","Genetic Algorithm"],"picked":"Go for the Eyes","floor":3},{"not_picked":["White Noise","Sunder"],"picked":"Undo","floor":5},{"not_picked":["Stack","Sweeping Beam"],"picked":"Skim","floor":6},{"not_picked":["Coolheaded","Leap"],"picked":"Sunder","floor":7},{"not_picked":["FTL","Force Field"],"picked":"Streamline","floor":10},{"not_picked":["Hologram","Redo"],"picked":"Creative AI","floor":11},{"not_picked":["Biased Cognition","Rainbow"],"picked":"Machine Learning","floor":16},{"not_picked":["Loop","Rebound"],"picked":"Coolheaded+1","floor":18},{"not_picked":["Conserve Battery","Coolheaded+1"],"picked":"Barrage+1","floor":20},{"not_picked":["Streamline","Steam Power"],"picked":"Cold Snap","floor":24},{"not_picked":["Tempest","Redo"],"picked":"Defragment","floor":25},{"not_picked":["Steam","Force Field","Storm"],"picked":"SKIP","floor":27}],"player_experience":201314,"relics_obtained":[{"floor":6,"key":"Tiny Chest"},{"floor":9,"key":"Ornamental Fan"},{"floor":13,"key":"Oddly Smooth Stone"},{"floor":14,"key":"Bottled Tornado"},{"floor":25,"key":"Art of War"},{"floor":26,"key":"Happy Flower"},{"floor":28,"key":"Orichalcum"}],"event_choices":[{"damage_healed":0,"gold_gain":0,"player_choice":"Grow","damage_taken":0,"max_hp_gain":0,"max_hp_loss":0,"event_name":"Living Wall","floor":2,"gold_loss":0,"cards_upgraded":["expansioncontent:CaCaw"]},{"damage_healed":0,"gold_gain":0,"player_choice":"Bought 1 Potion","damage_taken":0,"max_hp_gain":0,"max_hp_loss":0,"event_name":"The Woman in Blue","floor":4,"gold_loss":0},{"damage_healed":0,"gold_gain":175,"player_choice":"AGREE","damage_taken":0,"max_hp_gain":0,"max_hp_loss":0,"event_name":"Liars Game","floor":12,"gold_loss":0,"cards_obtained":["Doubt"]},{"damage_healed":0,"gold_gain":0,"player_choice":"Became a vampire","damage_taken":0,"max_hp_gain":0,"max_hp_loss":23,"event_name":"Vampires","floor":21,"gold_loss":0,"cards_obtained":["Bite","Bite","Bite","Bite","Bite"]},{"damage_healed":0,"gold_gain":0,"player_choice":"Stole Relic","damage_taken":0,"relics_obtained":["Darkstone Periapt"],"max_hp_gain":0,"max_hp_loss":0,"event_name":"Addict","floor":22,"gold_loss":0,"cards_obtained":["Shame"]}],"is_beta":false,"boss_relics":[{"not_picked":["Runic Pyramid","Philosopher\u0027s Stone"],"picked":"Nuclear Battery"}],"items_purged_floors":[],"is_endless":false,"potions_floor_spawned":[1,3,5,16,20,25,27],"killed_by":"Sentry and Sphere","ascension_level":0}}