{"host":"wqsqub3crsxqknzv","time":1610453294,"event":{"mods":["BaseMod","Colored Powertips","Downfall","Minty Spire (QoL Compilation)","StSLib","WarShipGirlsR/????R mod"],"gold_per_floor":[99,99,99,24,24,24,98,112,112,112,112,132,112,97,108,108,108,108],"floor_reached":16,"playtime":1004,"items_purged":["Regret"],"score":86,"play_id":"0cce0ca4-3439-4ab0-9746-37a338a951a0","local_time":"20210112140814","is_ascension_mode":false,"campfire_choices":[{"data":"Guardian:TwinSlam","floor":1,"key":"SMITH"},{"data":"Guardian:PrismaticBeam","floor":9,"key":"SMITH"},{"data":"Guardian:CurlUp","floor":11,"key":"SMITH"}],"circlet_count":0,"master_deck":["Guardian:Strike_Guardian","Guardian:Strike_Guardian","Guardian:Strike_Guardian","Guardian:Strike_Guardian","Guardian:Defend_Guardian","Guardian:Defend_Guardian+1","Guardian:Defend_Guardian+1","Guardian:Defend_Guardian","Guardian:CurlUp+1","Guardian:TwinSlam+1","Guardian:ShieldSpikes+1","Guardian:PrismaticBeam+1","Guardian:Gem_Lightblue","Guardian:PiercingHide","Guardian:BaubleBeam","Guardian:Gem_Green","Guardian:FloatingOrbs"],"relics":["Guardian:ModeShifter","downfall:HeartsMalice","Peace Pipe","InkBottle","Eternal Feather"],"acts_visited":["Exordium"],"potions_floor_usage":[16],"damage_taken":[{"damage":0,"enemies":"Jaw Worm","floor":2,"turns":1},{"damage":0,"enemies":"downfall:FleeingMerchant","floor":4,"turns":1},{"damage":0,"enemies":"Cultist","floor":5,"turns":1},{"damage":0,"enemies":"2 Louse","floor":8,"turns":3},{"damage":5,"enemies":"2 Fungi Beasts","floor":12,"turns":3},{"damage":0,"enemies":"downfall:FleeingMerchant","floor":14,"turns":4},{"damage":3,"enemies":"Red Slaver","floor":15,"turns":4},{"damage":68,"enemies":"downfall:Ironclad","floor":16,"turns":9}],"seed_played":"-3560955785175694546","potions_obtained":[{"floor":12,"key":"BlessingOfTheForge"},{"floor":15,"key":"Ancient Potion"}],"is_trial":false,"path_per_floor":["R","M","?","$","M","?","T","M","R","T","R","M","?","$","M","B"],"character_chosen":"GUARDIAN","items_purchased":[],"campfire_rested":0,"item_purchase_floors":[],"current_hp_per_floor":[80,80,80,80,80,62,62,62,62,62,68,63,63,63,60,0,0,0],"gold":108,"neow_bonus":"THREE_ENEMY_KILL","is_daily":false,"chose_seed":false,"campfire_upgraded":3,"win_rate":0.0,"timestamp":1610453294,"path_taken":["R","M","?","$","M","?","T","M","R","?","R","?","?","$","M","BOSS"],"items_purchased_type":[],"build_version":"2020-11-29","purchased_purges":1,"victory":false,"max_hp_per_floor":[80,80,80,80,80,80,80,80,80,80,80,80,80,80,80,80,80,80],"card_choices":[{"not_picked":["Guardian:ShieldCharger","Guardian:Gem_Cyan"],"picked":"Guardian:ShieldSpikes","floor":2},{"not_picked":["Guardian:PrimingBeam","Guardian:Harden"],"picked":"Guardian:Gem_Crimson","floor":4},{"not_picked":["Guardian:Incinerate","Guardian:Gem_Cyan"],"picked":"Guardian:PrismaticBeam","floor":5},{"not_picked":["Guardian:BronzeOrb","Guardian:PolyBeam"],"picked":"Guardian:Gem_Orange","floor":8},{"not_picked":["Guardian:WalkerClaw","Guardian:TemporalShield"],"picked":"Guardian:Gem_Lightblue","floor":12},{"not_picked":[],"picked":"Guardian:PiercingHide","floor":13},{"not_picked":[],"picked":"Guardian:BaubleBeam","floor":13},{"not_picked":["Guardian:Reroute","Guardian:DecasProtection"],"picked":"Guardian:Gem_Green","floor":14},{"not_picked":["Guardian:TemporalShield","Guardian:Reroute"],"picked":"Guardian:FloatingOrbs","floor":15}],"player_experience":12753,"relics_obtained":[{"floor":7,"key":"InkBottle"},{"floor":10,"key":"Eternal Feather"}],"event_choices":[{"damage_healed":0,"gold_gain":0,"player_choice":"Success","damage_taken":18,"relics_obtained":["Peace Pipe"],"max_hp_gain":0,"max_hp_loss":0,"event_name":"Scrap Ooze","floor":6,"gold_loss":0}],"is_beta":false,"boss_relics":[],"items_purged_floors":[4],"is_endless":false,"potions_floor_spawned":[12,15],"killed_by":"downfall:Ironclad","ascension_level":0}}