{"host":"a5lz0e76zb3fcwkm","time":1610462701,"event":{"mods":["AchievementEnabler","BaseMod","Colored Map","Colored Powertips","Minty Spire (QoL Compilation)","StSLib","SuperFastMode"],"gold_per_floor":[116,116,266,266,34,63,63,89,116,132,132,148,164,180,180,253,253,273,173,173,189,204,204,233,259,333,333,368,418,444,463,463,541,541,557,557,29,39,55,55,55,55,55,71,81,81,98,114,114,114,114,114,114,7,41,41],"floor_reached":57,"playtime":2045,"items_purged":["Strike_G","Strike_G","Strike_G"],"score":2844,"play_id":"d2310bd0-cd17-454c-afa2-584f907f338d","local_time":"20210112234501","is_ascension_mode":true,"campfire_choices":[{"data":"Cloak And Dagger","floor":7.0,"key":"SMITH"},{"floor":11.0,"key":"RECALL"},{"data":"Infinite Blades","floor":15.0,"key":"SMITH"},{"data":"Cloak And Dagger","floor":23.0,"key":"SMITH"},{"data":"Terror","floor":32.0,"key":"SMITH"},{"data":"Wraith Form v2","floor":40.0,"key":"SMITH"},{"data":"Wraith Form v2","floor":42,"key":"SMITH"},{"data":"Night Terror","floor":46,"key":"SMITH"},{"data":"After Image","floor":49,"key":"SMITH"},{"floor":53,"key":"REST"}],"circlet_count":0,"master_deck":["AscendersBane","Strike_G","Strike_G","Defend_G","Defend_G","Defend_G","Survivor","Neutralize","Cloak And Dagger+1","Backflip","After Image+1","PiercingWail","Infinite Blades+1","Night Terror+1","Blade Dance","Malaise","Terror+1","Cloak And Dagger+1","Tactician+1","Accuracy","Corpse Explosion","Wraith Form v2+1","Blade Dance+1","Master of Strategy","Panacea","Dark Shackles","Accuracy","Acrobatics","Wraith Form v2+1","Blade Dance+1","Outmaneuver+1","Prepared+1","Purity"],"relics":["Ring of the Snake","NeowsBlessing","TheAbacus","Dead Branch","Unceasing Top","WristBlade","Happy Flower","Red Mask","Pantograph","Ornamental Fan","Dream Catcher","Sozu","Omamori","Lee\u0027s Waffle","Vajra","Art of War"],"acts_visited":["Exordium","TheCity","TheBeyond","TheEnding"],"potions_floor_usage":[],"damage_taken":[{"damage":0.0,"enemies":"Cultist","floor":1.0,"turns":1.0},{"damage":0.0,"enemies":"3 Sentries","floor":6.0,"turns":1.0},{"damage":0.0,"enemies":"Gremlin Nob","floor":8.0,"turns":1.0},{"damage":1.0,"enemies":"Jaw Worm","floor":10.0,"turns":3.0},{"damage":0.0,"enemies":"2 Louse","floor":12.0,"turns":2.0},{"damage":0.0,"enemies":"Blue Slaver","floor":13.0,"turns":3.0},{"damage":5.0,"enemies":"3 Louse","floor":14.0,"turns":5.0},{"damage":6.0,"enemies":"Hexaghost","floor":16.0,"turns":10.0},{"damage":1.0,"enemies":"Chosen","floor":18.0,"turns":6.0},{"damage":13.0,"enemies":"Shell Parasite","floor":21.0,"turns":3.0},{"damage":12.0,"enemies":"Chosen and Byrds","floor":22.0,"turns":4.0},{"damage":3.0,"enemies":"Gremlin Leader","floor":24.0,"turns":5.0},{"damage":1.0,"enemies":"Masked Bandits","floor":25.0,"turns":3.0},{"damage":15.0,"enemies":"Slavers","floor":28.0,"turns":5.0},{"damage":0.0,"enemies":"Gremlin Leader","floor":30.0,"turns":6.0},{"damage":10.0,"enemies":"Snake Plant","floor":31.0,"turns":3.0},{"damage":2.0,"enemies":"Automaton","floor":33.0,"turns":5.0},{"damage":0.0,"enemies":"3 Shapes","floor":35.0,"turns":2.0},{"damage":0.0,"enemies":"Orb Walker","floor":38.0,"turns":1.0},{"damage":0.0,"enemies":"3 Darklings","floor":39.0,"turns":4.0},{"damage":0,"enemies":"Transient","floor":44,"turns":6},{"damage":0,"enemies":"Spire Growth","floor":45,"turns":4},{"damage":2,"enemies":"3 Darklings","floor":47,"turns":2},{"damage":0,"enemies":"Transient","floor":48,"turns":6},{"damage":15,"enemies":"Donu and Deca","floor":50,"turns":4},{"damage":29,"enemies":"Awakened One","floor":51,"turns":9},{"damage":44,"enemies":"Shield and Spear","floor":55,"turns":6},{"damage":48,"enemies":"The Heart","floor":56,"turns":8}],"seed_played":"518242187362144234","potions_obtained":[{"floor":8.0,"key":"Explosive Potion"},{"floor":10.0,"key":"Dexterity Potion"},{"floor":14.0,"key":"Regen Potion"},{"floor":21.0,"key":"Regen Potion"},{"floor":24.0,"key":"SteroidPotion"},{"floor":31.0,"key":"SneckoOil"}],"is_trial":false,"path_per_floor":["M","?","?","?","$","E","R","E","T","M","R","M","M","M","R","B",null,"M","$","?","M","M","R","E","?","T","?","E","?","E","M","R","B",null,"M","?","$","M","M","R","?","R","T","M","M","R","M","M","R","B","B",null,"R","$","E","B",null],"character_chosen":"THE_SILENT","items_purchased":["TheAbacus","Omamori","Accuracy","Lee\u0027s Waffle","Purity"],"campfire_rested":1,"item_purchase_floors":[5,37,37,37,54],"current_hp_per_floor":[59,64,64,57,57,57,57,57,57,56,56,56,56,51,51,45,65,64,64,64,51,39,39,50,58,58,58,43,43,43,33,33,56,67,67,57,78,78,78,78,78,78,78,78,78,78,76,76,76,63,49,71,78,78,34,11],"gold":41,"neow_bonus":"THREE_ENEMY_KILL","is_daily":false,"chose_seed":false,"campfire_upgraded":8,"win_rate":0.0,"timestamp":1610462701,"path_taken":["M","?","?","?","?","E","R","E","T","M","R","?","M","M","R","BOSS","M","$","?","M","M","R","E","?","T","?","E","?","E","M","R","BOSS","M","?","$","M","M","R","?","R","T","?","?","R","M","M","R","BOSS","BOSS","R","$","E","BOSS"],"items_purchased_type":["Relic","Relic","Card","Relic","Card"],"build_version":"2020-12-22","purchased_purges":3,"victory":true,"max_hp_per_floor":[66,71,71,71,71,71,71,71,71,71,71,71,71,71,71,71,71,71,71,71,71,71,71,71,71,71,71,71,71,71,71,71,71,71,71,71,78,78,78,78,78,78,78,78,78,78,78,78,78,78,78,78,78,78,78,78],"card_choices":[{"not_picked":["Bane","Slice","Endless Agony"],"picked":"SKIP","floor":1.0},{"not_picked":["Glass Knife","Dagger Throw"],"picked":"Cloak And Dagger","floor":6.0},{"not_picked":["Deflect","Bane"],"picked":"Backflip","floor":8.0},{"not_picked":["Predator","Dagger Throw","Dagger Spray"],"picked":"SKIP","floor":10.0},{"not_picked":["Concentrate","Slice"],"picked":"After Image","floor":12.0},{"not_picked":["Backflip","Tactician"],"picked":"PiercingWail","floor":13.0},{"not_picked":["Dagger Throw","Well Laid Plans"],"picked":"Infinite Blades","floor":14.0},{"not_picked":["Bullet Time","Glass Knife"],"picked":"Night Terror","floor":16.0},{"not_picked":["Distraction","Dagger Throw"],"picked":"Blade Dance","floor":18.0},{"not_picked":["Bane","Flying Knee","Bouncing Flask"],"picked":"SKIP","floor":21.0},{"not_picked":["Outmaneuver+1","Caltrops"],"picked":"Cloak And Dagger","floor":22.0},{"not_picked":["Sucker Punch","Accuracy"],"picked":"Tactician+1","floor":24.0},{"not_picked":["Deflect","Dagger Throw","Bane"],"picked":"SKIP","floor":28.0},{"not_picked":["Acrobatics","Outmaneuver"],"picked":"Accuracy","floor":30.0},{"not_picked":["Outmaneuver","Deadly Poison"],"picked":"Corpse Explosion","floor":31.0},{"not_picked":["Tools of the Trade","A Thousand Cuts"],"picked":"Wraith Form v2","floor":33.0},{"not_picked":["Flying Knee+1","Riddle With Holes"],"picked":"Blade Dance+1","floor":35.0},{"not_picked":["Trip","Jack Of All Trades"],"picked":"Master of Strategy","floor":36.0},{"not_picked":["Good Instincts","Swift Strike"],"picked":"Panacea","floor":36.0},{"not_picked":["Mind Blast","Transmutation"],"picked":"Dark Shackles","floor":36.0},{"not_picked":["Slice","Dagger Spray","Cloak And Dagger"],"picked":"SKIP","floor":38.0},{"not_picked":["Infinite Blades","Cloak And Dagger"],"picked":"Acrobatics","floor":39.0},{"not_picked":["Caltrops","Backflip"],"picked":"Blade Dance+1","floor":44},{"not_picked":["Dagger Spray","Quick Slash","Skewer"],"picked":"SKIP","floor":45},{"not_picked":["Prepared","All Out Attack","Acrobatics"],"picked":"SKIP","floor":47},{"not_picked":["Dash+1","Sucker Punch+1"],"picked":"Outmaneuver+1","floor":48},{"not_picked":["Outmaneuver","Cloak And Dagger"],"picked":"Prepared+1","floor":53},{"not_picked":["Cloak And Dagger","Catalyst","Venomology"],"picked":"SKIP","floor":55}],"player_experience":1720589,"relics_obtained":[{"floor":6.0,"key":"Dead Branch"},{"floor":8.0,"key":"Unceasing Top"},{"floor":24.0,"key":"Happy Flower"},{"floor":25.0,"key":"Red Mask"},{"floor":26.0,"key":"Pantograph"},{"floor":28.0,"key":"Ornamental Fan"},{"floor":30.0,"key":"Dream Catcher"},{"floor":43,"key":"Vajra"},{"floor":55,"key":"Art of War"}],"event_choices":[{"damage_healed":0.0,"max_hp_gain":5.0,"max_hp_loss":0.0,"gold_gain":0.0,"event_name":"Big Fish","player_choice":"Donut","floor":2.0,"gold_loss":0.0,"damage_taken":0.0},{"damage_healed":0.0,"max_hp_gain":0.0,"max_hp_loss":0.0,"gold_gain":150.0,"event_name":"Liars Game","player_choice":"AGREE","floor":3.0,"gold_loss":0.0,"damage_taken":0.0,"cards_obtained":["Doubt"]},{"cards_removed":["Doubt"],"damage_healed":0.0,"max_hp_gain":0.0,"max_hp_loss":0.0,"gold_gain":0.0,"event_name":"Golden Wing","player_choice":"Card Removal","floor":4.0,"gold_loss":0.0,"damage_taken":7.0},{"damage_healed":0.0,"max_hp_gain":0.0,"max_hp_loss":0.0,"gold_gain":0.0,"cards_transformed":["Defend_G","Defend_G"],"event_name":"Drug Dealer","player_choice":"Became Test Subject","floor":20.0,"gold_loss":0.0,"damage_taken":0.0,"cards_obtained":["Malaise","Terror"]},{"damage_healed":0.0,"max_hp_gain":0.0,"max_hp_loss":0.0,"gold_gain":0.0,"event_name":"Masked Bandits","player_choice":"Fought Bandits","floor":25.0,"gold_loss":0.0,"damage_taken":0.0},{"damage_healed":0.0,"max_hp_gain":0.0,"max_hp_loss":0.0,"gold_gain":0.0,"event_name":"Ghosts","player_choice":"Ignored","floor":27.0,"gold_loss":0.0,"damage_taken":0.0},{"damage_healed":0.0,"max_hp_gain":0.0,"max_hp_loss":0.0,"gold_gain":50.0,"event_name":"Golden Shrine","player_choice":"Pray","floor":29.0,"gold_loss":0.0,"damage_taken":0.0},{"damage_healed":0.0,"max_hp_gain":0.0,"max_hp_loss":0.0,"gold_gain":0.0,"event_name":"SensoryStone","player_choice":"Memory 3","floor":36.0,"gold_loss":0.0,"damage_taken":10.0},{"damage_healed":0,"gold_gain":0,"player_choice":"1 cards matched","damage_taken":0,"max_hp_gain":0,"max_hp_loss":0,"event_name":"Match and Keep!","floor":41,"gold_loss":0,"cards_obtained":["Wraith Form v2"]}],"is_beta":false,"boss_relics":[{"not_picked":["Runic Dome","SacredBark"],"picked":"WristBlade"},{"not_picked":["HoveringKite","Snecko Eye"],"picked":"Sozu"}],"items_purged_floors":[5,19,37],"is_endless":false,"potions_floor_spawned":[8,10,13,14,21,22,24,31,39,45,48],"ascension_level":20}}