{"host":"svwqvw2il1zfkkg0","time":1610443281,"event":{"mods":["AchievementEnabler","BaseMod","BetterRewards","Colored Map","Colored Powertips","Custom Start","Downfall","GifTheSpireLib","Highlight Path","Hubris","Infinite Spire","Minty Spire (QoL Compilation)","Quick Restart","Replay The Spire","Shop Mod","StSLib","SuperFastMode"],"gold_per_floor":[117,117,136,147,167,200,200,212,236,11,65,79,79,79,79,183,183,201,42,42,42,52,52,72,92,147,147,147],"floor_reached":27,"playtime":715,"items_purged":["Regret"],"score":240,"play_id":"4a1bb492-da40-431d-8bde-f43ea613c019","local_time":"20210112012121","is_ascension_mode":false,"campfire_choices":[{"floor":7,"key":"REST"},{"floor":15,"key":"REST"},{"floor":23,"key":"REST"}],"circlet_count":0,"master_deck":["Strike_G","Strike_G","Strike_G+1","Strike_G","Strike_G","Defend_G","Defend_G","Defend_G+1","Defend_G","Defend_G","Survivor","Neutralize","Corpse Explosion+1","Poisoned Stab","Masterful Stab+1","Dagger Spray","Prepared","Blade Dance","Poisoned Stab","Atom Bomb","Glass Knife","Poisoned Stab","All Out Attack","Bouncing Flask","Poisoned Stab","Blade Dance","Dagger Throw+1","Blade Dance"],"relics":["Ring of the Snake","Replay:Bottled Snecko","Boot","Simple Rune","Guide Book","hubris:Towel","Regal Pillow","Bag of Preparation"],"acts_visited":["Exordium","TheCity"],"potions_floor_usage":[16,16,16,22,25,27],"damage_taken":[{"damage":1,"enemies":"Cultist","floor":1,"turns":4},{"damage":6,"enemies":"Jaw Worm","floor":3,"turns":4},{"damage":5,"enemies":"2 Louse","floor":4,"turns":2},{"damage":2,"enemies":"Large Slime","floor":5,"turns":5},{"damage":20,"enemies":"Lagavulin","floor":6,"turns":5},{"damage":0,"enemies":"Lots of Slimes","floor":8,"turns":2},{"damage":2,"enemies":"Looter","floor":12,"turns":3},{"damage":31,"enemies":"The Guardian","floor":16,"turns":8},{"damage":22,"enemies":"2 Thieves","floor":18,"turns":3},{"damage":12,"enemies":"Spheric Guardian","floor":22,"turns":1},{"damage":29,"enemies":"3 Cultists","floor":24,"turns":5},{"damage":24,"enemies":"Centurion and Healer","floor":25,"turns":4},{"damage":14,"enemies":"Snake Plant","floor":27,"turns":2}],"seed_played":"-4934864256169804932","potions_obtained":[{"floor":1,"key":"Reflective Coating"},{"floor":5,"key":"Swift Potion"},{"floor":12,"key":"Block Potion"},{"floor":18,"key":"Death Potion"},{"floor":25,"key":"ColorlessPotion"}],"is_trial":false,"path_per_floor":["M","?","M","M","M","E","R","M","T","$","?","M","?","?","R","B",null,"M","$","?","AVR","M","R","M","M","T","M"],"character_chosen":"THE_SILENT","items_purchased":["Guide Book","All Out Attack","Bouncing Flask","PowerPotion"],"campfire_rested":3,"item_purchase_floors":[10,19,19,19],"current_hp_per_floor":[62,62,56,51,49,29,47,47,47,47,47,45,45,45,63,32,63,41,41,41,41,29,62,33,9,9,0,0],"gold":147,"neow_bonus":"THREE_RARE_CARDS","is_daily":false,"chose_seed":false,"campfire_upgraded":0,"win_rate":0.0,"timestamp":1610443281,"path_taken":["M","?","M","M","M","E","R","M","T","$","?","M","?","?","R","BOSS","M","?","?","AVR","M","R","M","M","T","M"],"items_purchased_type":["Relic","Card","Card","Potion"],"build_version":"2020-12-22","purchased_purges":1,"victory":false,"max_hp_per_floor":[63,63,63,63,63,63,63,63,63,63,63,63,63,63,63,63,63,63,63,63,63,63,63,63,63,63,63,63],"card_choices":[{"not_picked":["Replay:Bag of Tricks","Wraith Form v2"],"picked":"Corpse Explosion","floor":0},{"not_picked":["Bane","Outmaneuver"],"picked":"Poisoned Stab","floor":1},{"not_picked":["Choke","Flying Knee"],"picked":"Masterful Stab","floor":3},{"not_picked":["Slice","Footwork"],"picked":"Dagger Spray","floor":4},{"not_picked":["Accuracy","Escape Plan","ReplayTheSpireMod:The Works"],"picked":"SKIP","floor":5},{"not_picked":["Bane","Tools of the Trade"],"picked":"Prepared","floor":6},{"not_picked":["Flying Knee","hubris:SlightOfHand"],"picked":"Blade Dance","floor":8},{"not_picked":["Dagger Throw","Bane"],"picked":"Poisoned Stab","floor":12},{"not_picked":["Doppelganger","Grand Finale"],"picked":"Glass Knife","floor":16},{"not_picked":["Deflect","Caltrops"],"picked":"Poisoned Stab","floor":18},{"not_picked":["Skewer","Flying Knee"],"picked":"Blade Dance","floor":22},{"not_picked":["Slice","Dash"],"picked":"Dagger Throw+1","floor":24},{"not_picked":["Toxin Wave","Prepared"],"picked":"Blade Dance","floor":25}],"player_experience":477018,"relics_obtained":[{"floor":6,"key":"Boot"},{"floor":9,"key":"Simple Rune"},{"floor":26,"key":"Bag of Preparation"}],"event_choices":[{"damage_healed":0,"gold_gain":0,"player_choice":"Box","damage_taken":0,"relics_obtained":["Replay:Bottled Snecko"],"max_hp_gain":0,"max_hp_loss":0,"event_name":"Big Fish","floor":2,"gold_loss":0,"cards_obtained":["Regret"]},{"damage_healed":0,"gold_gain":54,"player_choice":"Gained Gold","damage_taken":0,"max_hp_gain":0,"max_hp_loss":0,"event_name":"Golden Wing","floor":11,"gold_loss":0},{"damage_healed":0,"gold_gain":0,"player_choice":"1 cards matched","damage_taken":0,"max_hp_gain":0,"max_hp_loss":0,"event_name":"Match and Keep!","floor":14,"gold_loss":0,"cards_obtained":["Atom Bomb"]},{"damage_healed":0,"gold_gain":0,"player_choice":"1 cards matched","damage_taken":0,"max_hp_gain":0,"max_hp_loss":0,"event_name":"Match and Keep!","floor":20,"gold_loss":0,"cards_obtained":["Poisoned Stab"]}],"is_beta":false,"boss_relics":[{"not_picked":["Kintsugi","Snecko Scales","Pandora\u0027s Box"]}],"items_purged_floors":[10],"is_endless":false,"potions_floor_spawned":[1,5,12,18,25],"killed_by":"Snake Plant","ascension_level":0}}