{"host":"64h6jdpsiwrne03s","time":1610461245,"event":{"mods":["Act Like it!","BaseMod","Bestiary","Colored Powertips","Gensokyo","Marisa£®ÏF”Í°°ƒß¿Ì…≥£©","Minty Spire (QoL Compilation)","Reimu£®≤©¿ˆ¡È√Œ£©","Remilia£®¿Ÿ√◊¿Ú—«£©","StSLib","The Servant 0.9.4","Youmu£®ªÍ∆«—˝√Œ£©"],"gold_per_floor":[114,114,14,14,14,44,62,62,62,62,73,73,73],"floor_reached":12,"playtime":137,"items_purged":[],"score":187,"play_id":"e9ddd665-5a6c-4da1-b803-4745ae875f2d","local_time":"20210112222045","is_ascension_mode":true,"campfire_choices":[{"data":"Gensokyo:CrescentMoonSlash","floor":8,"key":"SMITH"},{"data":"FantasyMoon:ReiMu","floor":10,"key":"SMITH"}],"circlet_count":0,"master_deck":["AscendersBane","Strike_Lin:ReiMu","Strike_Lin:ReiMu","Strike_Lin:ReiMu","Defend_Lin:ReiMu","Defend_Lin:ReiMu","Defend_Lin:ReiMu","Defend_Lin:ReiMu","NB:ReiMu","Stagnation:ReiMu","Gensokyo:CrescentMoonSlash+1","PrayRite:ReiMu","FantasyMoon:ReiMu+1"],"relics":["FlyPower:ReiMu","NeowsBlessing","FadedRune:ReiMu","Pear","Oddly Smooth Stone"],"acts_visited":["Gensokyo:Gensokyo"],"potions_floor_usage":[],"damage_taken":[{"damage":0,"enemies":"Gensokyo:3_Fairies","floor":1,"turns":1},{"damage":0,"enemies":"Gensokyo:Aya","floor":6,"turns":1},{"damage":0,"enemies":"Gensokyo:Python","floor":7,"turns":1},{"damage":0,"enemies":"Gensokyo:2_Kodama","floor":11,"turns":2},{"damage":0,"enemies":"Gensokyo:Mamizou","floor":12,"turns":1}],"seed_played":"-9005202412748804250","potions_obtained":[{"floor":6,"key":"AttackPotion"},{"floor":7,"key":"SteroidPotion"}],"is_trial":false,"path_per_floor":["M","?","?","$","?","E","M","R","T","R","M","E"],"character_chosen":"REIMU","items_purchased":[],"campfire_rested":0,"item_purchase_floors":[],"current_hp_per_floor":[54,42,42,42,42,52,52,52,52,52,52,52,52],"gold":73,"neow_bonus":"THREE_ENEMY_KILL","is_daily":false,"chose_seed":false,"campfire_upgraded":2,"win_rate":0.0,"timestamp":1610461245,"path_taken":["M","?","?","$","?","E","M","R","T","R","M","E"],"items_purchased_type":[],"build_version":"2020-12-22","purchased_purges":0,"victory":false,"max_hp_per_floor":[60,60,60,60,60,70,70,70,70,70,70,70,70],"card_choices":[{"not_picked":["Intuition:ReiMu","Meditation:ReiMu","KamiSacrifice:ReiMu"],"picked":"SKIP","floor":1},{"not_picked":["DoubleButterfly:ReiMu","Mountainwind:ReiMu"],"picked":"PrayRite:ReiMu","floor":6},{"not_picked":["AlertArray:ReiMu","SealNeedle:ReiMu"],"picked":"FantasyMoon:ReiMu","floor":7},{"not_picked":["PayForSelf:ReiMu","SubcavityInstant:ReiMu","SpringWay:ReiMu"],"picked":"SKIP","floor":11}],"player_experience":416660,"relics_obtained":[{"floor":6,"key":"Pear"},{"floor":9,"key":"Oddly Smooth Stone"}],"event_choices":[],"is_beta":false,"boss_relics":[],"items_purged_floors":[],"is_endless":false,"potions_floor_spawned":[6,7],"killed_by":"Gensokyo:Mamizou","ascension_level":19}}