{"host":"yvb207ks1sg3cxef","time":1610451829,"event":{"mods":["2.2 Compatiblity","BaseMod","Bestiary","Colored Powertips","Minty Spire (QoL Compilation)","Permanent Neow","Quick Restart","Relic Stats","StSLib"],"gold_per_floor":[17,32,32,32,47,47,82,92,116,133,161,171,206,19,19,118,118,132,144,59,59,3,3,31,31,31,46,46,46,46],"floor_reached":29,"playtime":2518,"items_purged":[],"score":317,"play_id":"b8f3bb1c-2f01-458f-8b17-363e346dd3a5","local_time":"20210112171349","is_ascension_mode":true,"campfire_choices":[{"data":"Sunder","floor":6.0,"key":"SMITH"},{"data":"Defragment","floor":15.0,"key":"SMITH"},{"data":"Echo Form","floor":23,"key":"SMITH"},{"data":"Buffer","floor":25,"key":"SMITH"},{"data":"Reboot","floor":28,"key":"SMITH"}],"circlet_count":0,"master_deck":["Zap","Dualcast","Core Surge+1","Coolheaded+1","Cold Snap","Sunder+1","Electrodynamics","Turbo","All For One","Genetic Algorithm","Capacitor","Defragment+1","Multi-Cast","Buffer+1","Multi-Cast","Echo Form+1","Force Field","Echo Form","Thunder Strike","FTL","Stack","Cold Snap","Hologram+1","Reboot+1","Self Repair+1"],"relics":["Cracked Core","Orichalcum","Pen Nib","Juzu Bracelet","War Paint","Membership Card","Pandora\u0027s Box","Omamori","StrikeDummy","Tiny Chest","Letter Opener"],"acts_visited":["Exordium","TheCity"],"potions_floor_usage":[19],"damage_taken":[{"damage":2.0,"enemies":"Jaw Worm","floor":1.0,"turns":3.0},{"damage":2.0,"enemies":"2 Louse","floor":2.0,"turns":3.0},{"damage":7.0,"enemies":"Small Slimes","floor":5.0,"turns":2.0},{"damage":6.0,"enemies":"3 Sentries","floor":7.0,"turns":8.0},{"damage":2.0,"enemies":"Blue Slaver","floor":8.0,"turns":4.0},{"damage":0.0,"enemies":"2 Fungi Beasts","floor":10.0,"turns":2.0},{"damage":0.0,"enemies":"Gremlin Nob","floor":11.0,"turns":3.0},{"damage":9.0,"enemies":"Exordium Thugs","floor":12.0,"turns":4.0},{"damage":10.0,"enemies":"3 Sentries","floor":13.0,"turns":4.0},{"damage":9.0,"enemies":"Hexaghost","floor":16.0,"turns":11.0},{"damage":0.0,"enemies":"Spheric Guardian","floor":18.0,"turns":4.0},{"damage":12,"enemies":"3 Byrds","floor":19,"turns":4},{"damage":38,"enemies":"Gremlin Leader","floor":24,"turns":11},{"damage":15,"enemies":"Sentry and Sphere","floor":27,"turns":6},{"damage":14,"enemies":"Snake Plant","floor":29,"turns":2}],"seed_played":"-8019919462830423255","potions_obtained":[{"floor":5.0,"key":"EssenceOfDarkness"},{"floor":7.0,"key":"PowerPotion"},{"floor":10.0,"key":"Weak Potion"},{"floor":12.0,"key":"FocusPotion"},{"floor":18.0,"key":"ColorlessPotion"},{"floor":24,"key":"FocusPotion"}],"is_trial":false,"path_per_floor":["M","M","?","?","M","R","E","M","T","M","E","M","E","$","R","B",null,"M","M","?","?","?","R","E","R","T","M","R","M"],"character_chosen":"DEFECT","items_purchased":["Membership Card","Defragment"],"campfire_rested":0,"item_purchase_floors":[14,14],"current_hp_per_floor":[73,71,71,56,49,49,43,41,41,41,41,32,22,22,22,13,75,75,63,63,63,63,63,25,25,25,10,10,0,0],"gold":46,"neow_bonus":"THREE_RARE_CARDS","is_daily":false,"chose_seed":false,"campfire_upgraded":5,"win_rate":0.0,"timestamp":1610451829,"path_taken":["M","M","?","?","M","R","E","M","T","M","E","M","E","$","R","BOSS","M","M","?","?","?","R","E","R","T","M","R","M"],"items_purchased_type":["Relic","Card"],"build_version":"2020-12-22","purchased_purges":0,"victory":false,"max_hp_per_floor":[75,75,75,75,75,75,75,75,75,75,75,75,75,75,75,75,75,75,75,75,75,75,75,75,75,75,75,75,75,75],"relic_stats":{"counters":[15,71],"Pandora\u0027s Box":["Buffer","Multi-Cast","Echo Form","Force Field","Echo Form","Thunder Strike","FTL","Stack"],"Tiny Chest":0,"Pen Nib":[6],"Juzu Bracelet":0,"Letter Opener":[5],"Orichalcum":[102],"War Paint":["Coolheaded","Defend_B"],"obtain_stats":[{"Pandora\u0027s Box":17,"Tiny Chest":24,"Pen Nib":9,"Juzu Bracelet":11,"Omamori":20,"Membership Card":14,"Letter Opener":26,"Orichalcum":7,"War Paint":13,"Cracked Core":0,"StrikeDummy":22},{"Pandora\u0027s Box":10,"Tiny Chest":13,"Pen Nib":5,"Juzu Bracelet":7,"Omamori":12,"Membership Card":9,"Letter Opener":13,"Orichalcum":4,"War Paint":9,"Cracked Core":0,"StrikeDummy":12},{"Pandora\u0027s Box":44,"Tiny Chest":63,"Pen Nib":20,"Juzu Bracelet":25,"Omamori":52,"Membership Card":33,"Letter Opener":63,"Orichalcum":16,"War Paint":33,"Cracked Core":0,"StrikeDummy":52}]},"card_choices":[{"not_picked":["Creative AI","Thunder Strike"],"picked":"Core Surge","floor":0.0},{"not_picked":["Hello World","Aggregate"],"picked":"Coolheaded","floor":1.0},{"not_picked":["Stack","Hologram"],"picked":"Cold Snap","floor":2.0},{"not_picked":["Coolheaded","Double Energy"],"picked":"Sunder","floor":5.0},{"not_picked":["Doom and Gloom","Leap"],"picked":"Electrodynamics","floor":7.0},{"not_picked":["BootSequence","Stack","Streamline"],"picked":"SKIP","floor":8.0},{"not_picked":["Coolheaded","Ball Lightning"],"picked":"Turbo","floor":10.0},{"not_picked":["Reprogram","Ball Lightning"],"picked":"All For One","floor":11.0},{"not_picked":["Leap","Rebound"],"picked":"Genetic Algorithm","floor":12.0},{"not_picked":["Streamline","Tempest"],"picked":"Capacitor","floor":13.0},{"not_picked":["Electrodynamics","All For One"],"picked":"Multi-Cast","floor":16.0},{"not_picked":["Go for the Eyes","Blizzard"],"picked":"Cold Snap","floor":18.0},{"not_picked":["Hologram+1","Reprogram+1","Gash"],"picked":"SKIP","floor":19},{"not_picked":["Reprogram+1","Gash"],"picked":"Hologram+1","floor":19},{"not_picked":["Melter","Streamline"],"picked":"Reboot","floor":24},{"not_picked":["Chill+1","Barrage+1"],"picked":"Self Repair+1","floor":27}],"player_experience":318807,"relics_obtained":[{"floor":7.0,"key":"Orichalcum"},{"floor":9.0,"key":"Pen Nib"},{"floor":11.0,"key":"Juzu Bracelet"},{"floor":13.0,"key":"War Paint"},{"floor":24,"key":"Tiny Chest"},{"floor":26,"key":"Letter Opener"}],"event_choices":[{"damage_healed":0.0,"max_hp_gain":0.0,"max_hp_loss":0.0,"gold_gain":0.0,"event_name":"Living Wall","player_choice":"Grow","floor":3.0,"gold_loss":0.0,"damage_taken":0.0,"cards_upgraded":["Core Surge"]},{"damage_healed":0.0,"max_hp_gain":0.0,"max_hp_loss":0.0,"gold_gain":0.0,"event_name":"Shining Light","player_choice":"Entered Light","floor":4.0,"gold_loss":0.0,"damage_taken":15.0,"cards_upgraded":["Defend_B","Strike_B"]},{"damage_healed":0,"gold_gain":0,"player_choice":"Obtained Relic","damage_taken":0,"relics_obtained":["Omamori"],"max_hp_gain":0,"max_hp_loss":0,"event_name":"Addict","floor":20,"gold_loss":85},{"damage_healed":0,"gold_gain":0,"player_choice":"Simplicity","damage_taken":0,"max_hp_gain":0,"max_hp_loss":0,"event_name":"Back to Basics","floor":21,"gold_loss":0,"cards_upgraded":[]},{"damage_healed":0,"gold_gain":0,"player_choice":"Paid Gold","damage_taken":0,"relics_obtained":["StrikeDummy"],"max_hp_gain":0,"max_hp_loss":0,"event_name":"WeMeetAgain","floor":22,"gold_loss":56}],"is_beta":false,"boss_relics":[{"not_picked":["Snecko Eye","Nuclear Battery"],"picked":"Pandora\u0027s Box"}],"items_purged_floors":[],"is_endless":false,"potions_floor_spawned":[5,7,10,12,13,18,24],"killed_by":"Snake Plant","ascension_level":2}}