{"host":"hmsnoyvnk0p9ujrx","time":1610494682,"event":{"mods":["AchievementEnabler","BaseMod","Dark Map","Downfall","Hermit","Hubris","Minty Spire (QoL Compilation)","Replay The Spire","StSLib","SuperFastMode","The Cursed","The Runesmith","The Servant 0.9.4","Unceasing Turn Reminder"],"gold_per_floor":[117,131,150,150,50,50,85,85,109,120,131,131,35,54,54,151,151,171,188,208,220,220,247,21,39,39,39,39,49,148,165,165,165,165],"floor_reached":33,"language":"ENG","playtime":2333,"items_purged":[],"score":271,"play_id":"97bc6d8e-1196-4822-bfb9-6050879fa263","local_time":"20210112173802","is_ascension_mode":false,"campfire_choices":[{"floor":6,"key":"REST"},{"floor":8,"key":"REST"},{"floor":15,"key":"REST"},{"floor":27,"key":"REST"},{"floor":32,"key":"REST"}],"circlet_count":0,"master_deck":["hermit:Strike_Hermit","hermit:Strike_Hermit","hermit:Strike_Hermit+1","hermit:Strike_Hermit","hermit:Defend_Hermit","hermit:Defend_Hermit","hermit:Defend_Hermit","hermit:Defend_Hermit","hermit:Snapshot","hermit:Covet","hermit:BigShot","hermit:WideOpen+1","hermit:FlashPowder","hermit:ItchyTrigger+1","hermit:BodyArmor","hermit:Quickdraw","hermit:Brawl","hermit:Feint","expansioncontent:CaCaw+1","hermit:Ricochet","hermit:Roughhouse","hermit:ShadowCloak","hermit:Glare","hermit:Dive+1","hermit:HighCaliber","hermit:LoneWolf","hermit:Scavenge","hermit:TakeAim","hermit:HeroicBravado","hermit:Roulette+1"],"relics":["hermit:Momento","Shovel","Replay:Wax Seal","hubris:ScarierMask","Replay:Accelerometer","hermit:PetGhost","Whetstone","Ring of Hypnosis"],"acts_visited":["Exordium","TheCity"],"potions_floor_usage":[7,16,16,16,23,23,31,31],"damage_taken":[{"damage":5,"enemies":"Cultist","floor":1,"turns":4},{"damage":22,"enemies":"Jaw Worm","floor":2,"turns":6},{"damage":2,"enemies":"2 Louse","floor":3,"turns":2},{"damage":34,"enemies":"3 Sentries","floor":7,"turns":9},{"damage":9,"enemies":"Blue Slaver","floor":10,"turns":3},{"damage":4,"enemies":"Large Slime","floor":11,"turns":6},{"damage":13,"enemies":"Exordium Wildlife","floor":14,"turns":5},{"damage":64,"enemies":"Fading Forest","floor":16,"turns":11},{"damage":0,"enemies":"Chosen","floor":18,"turns":3},{"damage":8,"enemies":"2 Thieves","floor":19,"turns":4},{"damage":18,"enemies":"3 Cultists","floor":20,"turns":6},{"damage":1,"enemies":"Centurion and Healer","floor":21,"turns":6},{"damage":38,"enemies":"Book of Stabbing","floor":23,"turns":7},{"damage":1,"enemies":"Sentry and Sphere","floor":25,"turns":3},{"damage":27,"enemies":"Snecko","floor":29,"turns":7},{"damage":22,"enemies":"Cultist and Chosen","floor":31,"turns":7},{"damage":100029,"enemies":"Automaton","floor":33,"turns":5}],"seed_played":"-6579392536775788383","potions_obtained":[{"floor":2,"key":"champ:CounterPotion"},{"floor":3,"key":"sneckomod:MuddlingPotion"},{"floor":10,"key":"sneckomod:MuddlingPotion"},{"floor":11,"key":"Toxic Potion"},{"floor":19,"key":"BlessingOfTheForge"},{"floor":21,"key":"ColorlessPotion"},{"floor":23,"key":"Dexterity Potion"},{"floor":25,"key":"Adrenaline Potion"}],"is_trial":false,"path_per_floor":["M","M","M","?","$","R","E","R","T","M","M","?","$","M","R","B",null,"M","M","M","M","?","E","$","M","T","R","?","M","?","M","R","B"],"character_chosen":"HERMIT","items_purchased":["hermit:ItchyTrigger","hermit:BodyArmor","expansioncontent:CaCaw","hermit:PetGhost","hermit:Scavenge"],"campfire_rested":5,"item_purchase_floors":[5,5,13,24,24],"current_hp_per_floor":[77,55,53,53,53,77,43,67,67,58,54,54,54,41,65,11,82,82,74,56,55,55,17,17,16,16,40,40,13,13,1,25,0,0],"gold":165,"neow_bonus":"TEN_PERCENT_HP_BONUS","is_daily":false,"chose_seed":false,"campfire_upgraded":0,"win_rate":0.0,"timestamp":1610494682,"path_taken":["M","M","?","?","$","R","E","R","T","M","M","?","?","M","R","BOSS","M","M","M","M","?","E","$","M","T","R","?","M","?","M","R","BOSS"],"items_purchased_type":["Card","Card","Card","Relic","Card"],"build_version":"2020-12-22","purchased_purges":0,"victory":false,"max_hp_per_floor":[82,82,82,82,82,82,82,82,82,82,82,82,82,82,82,82,82,82,82,82,82,82,82,82,82,82,82,82,82,82,82,82,82,82],"card_choices":[{"not_picked":["hermit:ItchyTrigger","hermit:ShadowCloak"],"picked":"hermit:BigShot","floor":1},{"not_picked":["hermit:Desperado","hermit:HighCaliber"],"picked":"hermit:WideOpen","floor":2},{"not_picked":["hermit:EyeOfTheStorm","hermit:LuckOfTheDraw"],"picked":"hermit:FlashPowder","floor":3},{"not_picked":["hermit:LowProfile","hermit:FullyLoaded"],"picked":"hermit:Quickdraw","floor":7},{"not_picked":["hermit:Gestalt","hermit:SprayPray"],"picked":"hermit:Brawl","floor":10},{"not_picked":["hermit:OverwhelmingPower","hermit:SprayPray"],"picked":"hermit:Feint","floor":11},{"not_picked":["hermit:SprayPray","hermit:WideOpen"],"picked":"hermit:Ricochet","floor":14},{"not_picked":["hermit:Dissolve","hermit:Purgatory"],"picked":"hermit:Roughhouse","floor":16},{"not_picked":["hermit:Cheat","hermit:Ricochet+1"],"picked":"hermit:ShadowCloak","floor":18},{"not_picked":["hermit:LoneWolf+1","hermit:Ricochet"],"picked":"hermit:Glare","floor":19},{"not_picked":["hermit:HighCaliber","hermit:Desperado+1"],"picked":"hermit:Dive+1","floor":20},{"not_picked":["hermit:CursedWeapon","hermit:Vantage"],"picked":"hermit:HighCaliber","floor":21},{"not_picked":["hermit:Horror","hermit:Shortfuse"],"picked":"hermit:LoneWolf","floor":23},{"not_picked":["hermit:LowProfile","hermit:Feint"],"picked":"hermit:TakeAim","floor":25},{"not_picked":["hermit:Manifest","hermit:Roulette"],"picked":"hermit:HeroicBravado","floor":29},{"not_picked":["hermit:Shortfuse","hermit:Dive"],"picked":"hermit:Roulette+1","floor":31}],"player_experience":48205,"relics_obtained":[{"floor":7,"key":"Shovel"},{"floor":9,"key":"Replay:Wax Seal"},{"floor":23,"key":"Replay:Accelerometer"},{"floor":26,"key":"Whetstone"},{"floor":28,"key":"Ring of Hypnosis"}],"event_choices":[{"damage_healed":0,"gold_gain":0,"player_choice":"Grow","damage_taken":0,"max_hp_gain":0,"max_hp_loss":0,"event_name":"Living Wall","floor":4,"gold_loss":0,"cards_upgraded":["hermit:WideOpen"]},{"damage_healed":0,"gold_gain":0,"player_choice":"Ignored","damage_taken":0,"max_hp_gain":0,"max_hp_loss":0,"event_name":"Liars Game","floor":12,"gold_loss":0},{"damage_healed":0,"gold_gain":99,"player_choice":"Stole From Cult","damage_taken":0,"max_hp_gain":0,"max_hp_loss":0,"event_name":"Nest","floor":30,"gold_loss":0}],"is_beta":false,"boss_relics":[{"not_picked":["Sozu","hermit:ClaspedLocket"],"picked":"hubris:ScarierMask"}],"items_purged_floors":[],"is_endless":false,"potions_floor_spawned":[2,3,10,11,19,21,23,25],"killed_by":"Automaton","ascension_level":0}}