{"host":"l2dnabsh5e0fsksb","time":1610460413,"event":{"mods":["2.2 Compatiblity","BaseMod","Downfall","Minty Spire (QoL Compilation)","Quick Restart","StSLib"],"gold_per_floor":[99,99,99,99,99,127,207,233,1,60,60,74,90,104,124,229,229,79,79,94,94,110,139,139,171,171,7,23,34,34,134,154,250,250,175,193,213,3,53,53,53,64,91,103,120,120,146,165,182,182],"floor_reached":51,"playtime":2460,"items_purged":[],"score":1253,"play_id":"9c5dde53-0bdc-4267-8140-b58d0693040d","local_time":"20210113003653","is_ascension_mode":true,"campfire_choices":[{"floor":1.0,"key":"RECALL"},{"data":"1","floor":11.0,"key":"LIFT"},{"data":"2","floor":18.0,"key":"LIFT"},{"data":"3","floor":30,"key":"LIFT"},{"data":"champ:VampiricStrike","floor":35,"key":"SMITH"}],"circlet_count":0,"master_deck":["AscendersBane","champ:Strike+1","champ:Strike","champ:Strike","champ:Strike+1","champ:Defend","champ:Defend","champ:Defend","champ:Execute+1","champ:Taunt","champ:AdrenalArmor","champ:Backstep","champ:VampiricStrike+1","champ:FlashCut+1","champ:EnchantSword+1","champ:IronFortress","champ:Encircle","champ:Devastate+1","champ:Circumvent+1","champ:Riposte+1","champ:CrookedStrike","champ:LastStand","champ:RageSigil+1","champ:BringItOn+1","champ:Circumvent+1","champ:GutPunch","champ:FaceSlap","champ:Encircle","champ:FanOfKnives","champ:SteelEdge","champ:ShieldSigil+1","champ:Circumvent+1","champ:RisingSlash+1","champ:AdrenalArmor+1","champ:BerserkersShout+1","champ:FaceSlap+1","champ:PreciseThrust","champ:FlashCut+1","champ:IronFortress","champ:ShieldSigil+1","champ:Circumvent+1","champ:SteelEdge"],"relics":["champ:ChampionCrown","downfall:HeartsMalice","Mango","Toxic Egg 2","Bag of Marbles","Girya","Busted Crown","downfall:HeartBlessingBlue","downfall:HeartBlessingRed","Ancient Tea Set","InkBottle","Pen Nib","champ:Barbells","champ:BlackKnightHelmet","Sundial","SacredBark","downfall:HeartBlessingGreen","ClockworkSouvenir","Pocketwatch","Gremlin Horn","Boot","Lantern"],"acts_visited":["Exordium","TheCity","TheBeyond"],"potions_floor_usage":[25,25,25,33],"damage_taken":[{"damage":0.0,"enemies":"Small Slimes","floor":2.0,"turns":1.0},{"damage":0.0,"enemies":"2 Louse","floor":4.0,"turns":1.0},{"damage":0.0,"enemies":"Lagavulin","floor":6.0,"turns":1.0},{"damage":26.0,"enemies":"Gremlin Nob","floor":8.0,"turns":4.0},{"damage":2.0,"enemies":"downfall:FleeingMerchant","floor":9.0,"turns":4.0},{"damage":32.0,"enemies":"Gremlin Nob","floor":10.0,"turns":4.0},{"damage":4.0,"enemies":"Cultist","floor":12.0,"turns":3.0},{"damage":7.0,"enemies":"3 Louse","floor":13.0,"turns":3.0},{"damage":34.0,"enemies":"Large Slime","floor":14.0,"turns":5.0},{"damage":14.0,"enemies":"Gremlin Gang","floor":15.0,"turns":3.0},{"damage":54.0,"enemies":"downfall:Defect","floor":16.0,"turns":6.0},{"damage":4.0,"enemies":"Chosen","floor":20.0,"turns":3.0},{"damage":12.0,"enemies":"3 Byrds","floor":22.0,"turns":4.0},{"damage":72.0,"enemies":"Book of Stabbing","floor":23.0,"turns":7.0},{"damage":7,"enemies":"Slavers","floor":25,"turns":5},{"damage":2,"enemies":"downfall:FleeingMerchant","floor":27,"turns":4},{"damage":32,"enemies":"Centurion and Healer","floor":28,"turns":5},{"damage":7,"enemies":"Snake Plant","floor":29,"turns":2},{"damage":44,"enemies":"Snake Plant","floor":31,"turns":5},{"damage":3,"enemies":"3 Cultists","floor":32,"turns":4},{"damage":52,"enemies":"downfall:Silent","floor":33,"turns":6},{"damage":20,"enemies":"3 Darklings","floor":36,"turns":6},{"damage":22,"enemies":"3 Shapes","floor":37,"turns":5},{"damage":14,"enemies":"downfall:FleeingMerchant","floor":38,"turns":4},{"damage":85,"enemies":"Mind Bloom Boss Battle","floor":39,"turns":7},{"damage":2,"enemies":"3 Darklings","floor":42,"turns":4},{"damage":17,"enemies":"Transient","floor":44,"turns":5},{"damage":9,"enemies":"Jaw Worm Horde","floor":45,"turns":3},{"damage":49,"enemies":"Giant Head","floor":47,"turns":7},{"damage":8,"enemies":"4 Shapes","floor":48,"turns":1},{"damage":25,"enemies":"3 Darklings","floor":49,"turns":3},{"damage":79,"enemies":"downfall:Ironclad","floor":50,"turns":12}],"seed_played":"-4396646177068576371","potions_obtained":[{"floor":6.0,"key":"Fire Potion"},{"floor":12.0,"key":"Explosive Potion"},{"floor":13.0,"key":"ColorlessPotion"},{"floor":14.0,"key":"SpeedPotion"},{"floor":15.0,"key":"DistilledChaos"},{"floor":22.0,"key":"SteroidPotion"},{"floor":23.0,"key":"Slimebound:ThreeZeroPotion"},{"floor":25,"key":"SkillPotion"},{"floor":33,"key":"Energy Potion"},{"floor":36,"key":"EssenceOfSteel"},{"floor":37,"key":"BlessingOfTheForge"}],"is_trial":false,"path_per_floor":["R","M","?","M","?","E","T","E","$","?","R","M","M","M","M","B",null,"R","?","M","?","M","E","T","E","?","$","M","M","R","?","M","B",null,"R","M","M","$","?","?","T","M","?","M","M","?","E","M","M","B",null],"character_chosen":"THE_CHAMP","items_purchased":["Bag of Marbles","champ:IronFortress","champ:Barbells","ClockworkSouvenir","champ:AdrenalArmor+1"],"campfire_rested":0,"item_purchase_floors":[9,9,27,38,38],"current_hp_per_floor":[81,81,81,81,81,95,95,88,88,82,82,94,96,69,57,9,80,90,66,66,66,70,25,25,25,119,119,106,106,106,88,85,68,106,106,117,113,113,86,86,86,111,111,119,119,119,119,119,119,94],"gold":182,"neow_bonus":"THREE_ENEMY_KILL","is_daily":false,"chose_seed":false,"campfire_upgraded":1,"win_rate":0.0,"timestamp":1610460413,"path_taken":["R","M","?","M","?","E","T","E","$","?","R","M","M","M","M","BOSS","R","?","M","?","M","E","T","E","?","$","M","?","R","?","M","BOSS","R","M","M","$","?","?","T","?","?","M","M","?","E","?","M","BOSS"],"items_purchased_type":["Relic","Card","Relic","Relic","Card"],"build_version":"2020-12-22","purchased_purges":0,"victory":true,"max_hp_per_floor":[90,90,90,90,90,104,104,104,104,104,104,104,104,104,104,104,104,114,119,119,119,119,119,119,119,119,119,119,119,119,119,119,119,119,119,119,119,119,119,119,119,119,119,119,119,119,119,119,119,119],"card_choices":[{"not_picked":["champ:HeartStrike","champ:ShieldWall"],"picked":"champ:AdrenalArmor","floor":2.0},{"not_picked":["champ:Aggression","champ:FalseCounter"],"picked":"champ:Backstep","floor":4.0},{"not_picked":["champ:ArenaPreparation","champ:StanceDance"],"picked":"champ:VampiricStrike","floor":6.0},{"not_picked":["champ:MurderStrike","champ:Balance+1"],"picked":"champ:FlashCut","floor":8.0},{"not_picked":["champ:Lariat+1","champ:HoldFirm+1"],"picked":"champ:EnchantSword+1","floor":9.0},{"not_picked":["champ:DefensiveShout+1","champ:ShieldSigil+1"],"picked":"champ:Encircle","floor":10.0},{"not_picked":["champ:ShieldSigil+1","champ:RageSigil+1"],"picked":"champ:Devastate","floor":12.0},{"not_picked":["champ:CalledShot","champ:Haymaker"],"picked":"champ:Circumvent+1","floor":13.0},{"not_picked":["champ:Encircle","champ:Circumvent+1"],"picked":"champ:Riposte+1","floor":14.0},{"not_picked":["champ:FocusedGladiator+1","champ:FlashCut"],"picked":"champ:CrookedStrike","floor":15.0},{"not_picked":["champ:MurderStrike","champ:DancingMaster"],"picked":"champ:LastStand","floor":16.0},{"not_picked":[],"picked":"champ:RageSigil+1","floor":20.0},{"not_picked":[],"picked":"champ:BringItOn+1","floor":22.0},{"not_picked":[],"picked":"champ:Circumvent+1","floor":23.0},{"not_picked":[],"picked":"champ:Aggression+1","floor":25},{"not_picked":[],"picked":"champ:GutPunch","floor":27},{"not_picked":[],"picked":"champ:FaceSlap","floor":28},{"not_picked":[],"picked":"champ:Encircle","floor":29},{"not_picked":[],"picked":"champ:FanOfKnives","floor":31},{"not_picked":["champ:FaceSlap"],"picked":"SKIP","floor":32},{"not_picked":[],"picked":"champ:SteelEdge","floor":33},{"not_picked":[],"picked":"champ:ShieldSigil+1","floor":36},{"not_picked":[],"picked":"champ:Circumvent+1","floor":37},{"not_picked":[],"picked":"champ:RisingSlash+1","floor":38},{"not_picked":[],"picked":"champ:BerserkersShout+1","floor":39},{"not_picked":[],"picked":"champ:FaceSlap+1","floor":42},{"not_picked":[],"picked":"champ:PreciseThrust","floor":44},{"not_picked":[],"picked":"champ:FlashCut+1","floor":45},{"not_picked":[],"picked":"champ:ShieldSigil+1","floor":47},{"not_picked":[],"picked":"champ:Circumvent+1","floor":48},{"not_picked":[],"picked":"champ:SteelEdge","floor":49}],"player_experience":1770862,"relics_obtained":[{"floor":6.0,"key":"Mango"},{"floor":8.0,"key":"Toxic Egg 2"},{"floor":23.0,"key":"Ancient Tea Set"},{"floor":24.0,"key":"InkBottle"},{"floor":25,"key":"Pen Nib"},{"floor":31,"key":"champ:BlackKnightHelmet"},{"floor":31,"key":"Sundial"},{"floor":39,"key":"Pocketwatch"},{"floor":41,"key":"Gremlin Horn"},{"floor":43,"key":"Boot"},{"floor":47,"key":"Lantern"}],"event_choices":[{"cards_removed":["Regret"],"damage_healed":0.0,"max_hp_gain":0.0,"max_hp_loss":0.0,"gold_gain":0.0,"event_name":"The Cleric","player_choice":"Card Removal","floor":5.0,"gold_loss":0.0,"damage_taken":0.0},{"cards_removed":["champ:Aggression"],"damage_healed":94,"gold_gain":0,"player_choice":"Offered Uncommon","damage_taken":0,"max_hp_gain":0,"max_hp_loss":0,"event_name":"Bonfire Elementals","floor":26,"gold_loss":0},{"cards_removed":["champ:Defend"],"damage_healed":0,"gold_gain":0,"player_choice":"Purged","damage_taken":0,"max_hp_gain":0,"max_hp_loss":0,"event_name":"Purifier","floor":40,"gold_loss":0},{"damage_healed":0,"gold_gain":0,"player_choice":"Copied","damage_taken":0,"max_hp_gain":0,"max_hp_loss":0,"event_name":"Duplicator","floor":46,"gold_loss":0,"cards_obtained":["champ:IronFortress"]}],"is_beta":false,"boss_relics":[{"not_picked":["Tiny House","Black Star"],"picked":"Busted Crown"},{"not_picked":["Runic Pyramid","Philosopher\u0027s Stone"],"picked":"SacredBark"}],"items_purged_floors":[],"is_endless":false,"potions_floor_spawned":[6,12,13,14,15,22,23,25,33,36,37,42,48],"ascension_level":10}}