{"host":"qijhzzkmbgiiyux7","time":1610457198,"event":{"mods":["BaseMod","Downfall","Hermit","Marisa????????","Minty Spire (QoL Compilation)","Replay The Spire","StSLib","The Bug Knight","The Cursed","The Mystic"],"gold_per_floor":[118,4,4,4,22,22,35,60,60,80,80,0,27,45,45,67,67,71,71],"floor_reached":18,"playtime":1333,"items_purged":[],"score":112,"play_id":"d8f60d54-9ba3-49e4-b8b6-0c068701663c","local_time":"20210112161318","is_ascension_mode":false,"campfire_choices":[{"floor":9,"key":"REST"},{"floor":17,"key":"DIG"}],"circlet_count":0,"master_deck":["hermit:Strike_Hermit","hermit:Strike_Hermit","hermit:Strike_Hermit","hermit:Strike_Hermit","hermit:Defend_Hermit","hermit:Defend_Hermit","hermit:Defend_Hermit","hermit:Defend_Hermit","hermit:Snapshot","hermit:Covet+1","hermit:Grudge","hermit:Coalescence","hermit:Coalescence","hermit:TakeAim","hermit:Midnight","hermit:HighCaliber","hermit:Glare","hermit:Manifest","hermit:Shortfuse","hermit:Misfire","Parasite","hermit:Snipe"],"relics":["hermit:Momento","Gremlin Food","Snack Pack","Replay:Bandana","White Beast Statue"],"acts_visited":["Exordium"],"potions_floor_usage":[18,18],"damage_taken":[{"damage":0,"enemies":"2 Louse","floor":1,"turns":3},{"damage":1,"enemies":"Cultist","floor":5,"turns":4},{"damage":8,"enemies":"Jaw Worm","floor":7,"turns":4},{"damage":64,"enemies":"HollowMod:MossKnight","floor":8,"turns":11},{"damage":4,"enemies":"Blue Slaver","floor":10,"turns":6},{"damage":14,"enemies":"Large Slime","floor":14,"turns":8},{"damage":0,"enemies":"2 Fungi Beasts","floor":16,"turns":4},{"damage":48,"enemies":"Fading Forest","floor":18,"turns":8}],"seed_played":"-3015441157953939743","potions_obtained":[{"floor":1,"key":"DistilledChaos"},{"floor":8,"key":"LifebloodPotion"},{"floor":10,"key":"Weak Potion"},{"floor":16,"key":"Cursed Concoction"}],"is_trial":false,"path_per_floor":["M","$","PTL","PTL","M","?","M","E","R","M","T","$","T","M","?","M","R","B"],"character_chosen":"HERMIT","items_purchased":["hermit:Coalescence","hermit:TakeAim","hermit:Shortfuse"],"campfire_rested":1,"item_purchase_floors":[2,2,12],"current_hp_per_floor":[82,82,82,82,81,81,73,9,33,29,29,29,29,15,35,35,35,0,0],"gold":71,"neow_bonus":"TEN_PERCENT_HP_BONUS","is_daily":false,"chose_seed":false,"campfire_upgraded":0,"win_rate":0.0,"timestamp":1610457198,"path_taken":["M","$","PTL","PTL","M","?","M","E","R","M","T","?","?","M","?","M","R","BOSS"],"items_purchased_type":["Card","Card","Card"],"build_version":"2020-12-22","purchased_purges":0,"victory":false,"max_hp_per_floor":[82,82,82,82,82,82,82,82,82,82,82,82,82,82,82,82,82,82,82],"card_choices":[{"not_picked":["hermit:Gestalt","hermit:Ricochet"],"picked":"hermit:Grudge","floor":1},{"not_picked":["hermit:Maintenance","hermit:Showdown"],"picked":"hermit:Midnight","floor":5},{"not_picked":["hermit:Gestalt","hermit:Coalescence"],"picked":"hermit:HighCaliber","floor":7},{"not_picked":["hermit:BodyArmor","hermit:Headshot"],"picked":"hermit:Glare","floor":8},{"not_picked":["hermit:Maintenance","hermit:Headshot"],"picked":"hermit:Manifest","floor":10},{"not_picked":["hermit:Ricochet","hermit:BodyArmor"],"picked":"hermit:Misfire","floor":14},{"not_picked":["hermit:Coalescence","hermit:ItchyTrigger"],"picked":"hermit:Snipe","floor":16}],"player_experience":21279,"relics_obtained":[{"floor":8,"key":"Gremlin Food"},{"floor":11,"key":"Snack Pack"},{"floor":13,"key":"Replay:Bandana"},{"floor":17,"key":"White Beast Statue"}],"event_choices":[{"damage_healed":0,"gold_gain":0,"player_choice":"Ignored","damage_taken":0,"max_hp_gain":0,"max_hp_loss":0,"event_name":"NoteForYourself","floor":6,"gold_loss":0},{"damage_healed":20,"gold_gain":0,"player_choice":"Healed and dodged fight","damage_taken":0,"max_hp_gain":0,"max_hp_loss":0,"event_name":"Mushrooms","floor":15,"gold_loss":0,"cards_obtained":["Parasite"]}],"is_beta":false,"boss_relics":[],"items_purged_floors":[],"is_endless":false,"potions_floor_spawned":[1,8,10,16],"killed_by":"Fading Forest","ascension_level":0}}