{"host":"fuszjwm6fqgjjp4d","time":1610431983,"event":{"mods":["BaseMod","Bestiary","Colored Map","DeckTracker","Minty Spire (QoL Compilation)","Permanent Neow","Relic Sorter","Relic Stats","StSLib"],"gold_per_floor":[114,264,264,281,294,320,320,355,407,407,420,435,32,51,51,124,124,135,135,151,167,182,182,217,217,217,217,60,60,79,4,4,4,4],"floor_reached":33,"playtime":1777,"items_purged":["Strike_P"],"score":544,"play_id":"c82e3e07-88b0-473a-a6ff-26b2391f3fd0","local_time":"20210112001303","is_ascension_mode":true,"campfire_choices":[{"data":"Judgement","floor":7.0,"key":"SMITH"},{"data":"Protect","floor":10.0,"key":"SMITH"},{"data":"LikeWater","floor":15.0,"key":"SMITH"},{"data":"Scrawl","floor":23,"key":"SMITH"},{"data":"TalkToTheHand","floor":25,"key":"SMITH"},{"data":"Wireheading","floor":29,"key":"SMITH"},{"data":"EmptyFist","floor":32,"key":"SMITH"}],"circlet_count":0,"master_deck":["AscendersBane","Strike_P+1","Strike_P+1","Defend_P+1","Defend_P","Eruption+1","Vigilance+1","Judgement+1","Protect+1","EmptyFist+1","Evaluate","LessonLearned+1","LikeWater+1","TalkToTheHand+1","Judgement+1","Scrawl+1","CurseOfTheBell","Wireheading+1","InnerPeace+1","Halt","ThirdEye"],"relics":["PureWater","Meat on the Bone","Strawberry","Bronze Scales","Whetstone","DollysMirror","Calling Bell","Omamori","Letter Opener","CaptainsWheel","Eternal Feather","Ornamental Fan","Damaru"],"acts_visited":["Exordium","TheCity"],"potions_floor_usage":[24],"damage_taken":[{"damage":0.0,"enemies":"2 Louse","floor":1.0,"turns":3.0},{"damage":0.0,"enemies":"Jaw Worm","floor":4.0,"turns":1.0},{"damage":0.0,"enemies":"Cultist","floor":5.0,"turns":2.0},{"damage":47.0,"enemies":"Gremlin Nob","floor":6.0,"turns":6.0},{"damage":0.0,"enemies":"3 Sentries","floor":8.0,"turns":8.0},{"damage":0.0,"enemies":"Exordium Wildlife","floor":11.0,"turns":3.0},{"damage":0.0,"enemies":"Large Slime","floor":12.0,"turns":5.0},{"damage":3.0,"enemies":"2 Fungi Beasts","floor":14.0,"turns":2.0},{"damage":55.0,"enemies":"Slime Boss","floor":16.0,"turns":13.0},{"damage":2.0,"enemies":"Chosen","floor":18.0,"turns":6.0},{"damage":3.0,"enemies":"Shell Parasite","floor":20.0,"turns":7.0},{"damage":5,"enemies":"Snake Plant","floor":21,"turns":3},{"damage":2,"enemies":"3 Cultists","floor":22,"turns":6},{"damage":31,"enemies":"Book of Stabbing","floor":24,"turns":8},{"damage":11,"enemies":"Centurion and Healer","floor":30,"turns":4},{"damage":68,"enemies":"Collector","floor":33,"turns":7}],"seed_played":"3261378889073119077","potions_obtained":[{"floor":4.0,"key":"Block Potion"},{"floor":6.0,"key":"Explosive Potion"},{"floor":8.0,"key":"Regen Potion"},{"floor":21,"key":"PowerPotion"},{"floor":22,"key":"SteroidPotion"}],"is_trial":false,"path_per_floor":["M","?","?","M","M","E","R","E","T","R","M","M","$","M","R","B",null,"M","?","M","M","M","R","E","R","T","?","$","R","M","?","R","B"],"character_chosen":"WATCHER","items_purchased":["Whetstone","DollysMirror","Damaru"],"campfire_rested":0,"item_purchase_floors":[13,13,28],"current_hp_per_floor":[61,61,61,61,61,14,14,33,33,33,45,45,45,42,42,14,60,58,58,55,50,48,48,29,41,41,41,41,53,42,42,54,0,0],"gold":4,"neow_bonus":"ONE_RANDOM_RARE_CARD","is_daily":false,"chose_seed":false,"campfire_upgraded":7,"win_rate":0.0,"timestamp":1610431983,"path_taken":["M","?","?","M","M","E","R","E","T","R","M","?","$","M","R","BOSS","M","?","M","M","M","R","E","R","T","?","$","R","M","?","R","BOSS"],"items_purchased_type":["Relic","Relic","Relic"],"build_version":"2020-12-22","purchased_purges":1,"victory":false,"max_hp_per_floor":[68,68,68,68,68,68,68,75,75,75,75,75,75,75,75,75,75,75,75,75,75,75,75,75,75,75,75,75,75,75,75,75,75,75],"relic_stats":{"counters":[16,84],"Ornamental Fan":[8],"Bronze Scales":[183],"Eternal Feather":36,"Whetstone":["Strike_P","Strike_P"],"Letter Opener":[61],"obtain_stats":[{"Damaru":28,"Eternal Feather":24,"Omamori":17,"Whetstone":13,"Letter Opener":17,"Calling Bell":17,"CaptainsWheel":17,"DollysMirror":13,"Ornamental Fan":26,"Strawberry":8,"Bronze Scales":9,"PureWater":0,"Meat on the Bone":6},{"Damaru":14,"Eternal Feather":14,"Omamori":9,"Whetstone":7,"Letter Opener":9,"Calling Bell":9,"CaptainsWheel":9,"DollysMirror":7,"Ornamental Fan":14,"Strawberry":5,"Bronze Scales":5,"PureWater":0,"Meat on the Bone":4},{"Damaru":73,"Eternal Feather":73,"Omamori":43,"Whetstone":28,"Letter Opener":43,"Calling Bell":43,"CaptainsWheel":43,"DollysMirror":28,"Ornamental Fan":73,"Strawberry":20,"Bronze Scales":20,"PureWater":0,"Meat on the Bone":12}],"Meat on the Bone":48},"card_choices":[{"not_picked":["SashWhip","SignatureMove"],"picked":"Protect","floor":1.0},{"not_picked":["SandsOfTime","Halt"],"picked":"EmptyFist","floor":4.0},{"not_picked":["Halt","EmptyFist"],"picked":"Evaluate","floor":5.0},{"not_picked":["Consecrate","BowlingBash","FlyingSleeves"],"picked":"SKIP","floor":6.0},{"not_picked":["Sanctity","Prostrate"],"picked":"LessonLearned","floor":8.0},{"not_picked":["LikeWater","Consecrate","Adaptation"],"picked":"SKIP","floor":11.0},{"not_picked":["Consecrate","Adaptation"],"picked":"LikeWater","floor":11.0},{"not_picked":["JustLucky","Protect"],"picked":"TalkToTheHand","floor":12.0},{"not_picked":["SashWhip","EmptyFist","JustLucky"],"picked":"SKIP","floor":14.0},{"not_picked":["Blasphemy","DeusExMachina"],"picked":"Scrawl","floor":16.0},{"not_picked":["WindmillStrike","ClearTheMind"],"picked":"Wireheading","floor":18.0},{"not_picked":["ClearTheMind","WindmillStrike","Fasting2"],"picked":"SKIP","floor":20},{"not_picked":["PathToVictory+1","FlyingSleeves","Sanctity"],"picked":"SKIP","floor":21},{"not_picked":["WheelKick+1","EmptyFist"],"picked":"ThirdEye","floor":22},{"not_picked":["Fasting2","TalkToTheHand","LessonLearned"],"picked":"SKIP","floor":24},{"not_picked":["FlyingSleeves","WheelKick","Halt"],"picked":"SKIP","floor":30}],"player_experience":1270541,"relics_obtained":[{"floor":6.0,"key":"Meat on the Bone"},{"floor":8.0,"key":"Strawberry"},{"floor":9.0,"key":"Bronze Scales"},{"floor":17.0,"key":"Omamori"},{"floor":17.0,"key":"Letter Opener"},{"floor":17.0,"key":"CaptainsWheel"},{"floor":24,"key":"Eternal Feather"},{"floor":26,"key":"Ornamental Fan"}],"event_choices":[{"damage_healed":0.0,"max_hp_gain":0.0,"max_hp_loss":0.0,"gold_gain":150.0,"event_name":"Liars Game","player_choice":"AGREE","floor":2.0,"gold_loss":0.0,"damage_taken":0.0,"cards_obtained":["Doubt"]},{"cards_removed":["Doubt"],"damage_healed":0.0,"max_hp_gain":0.0,"max_hp_loss":0.0,"gold_gain":0.0,"event_name":"Fountain of Cleansing","player_choice":"Removed Curses","floor":3.0,"gold_loss":0.0,"damage_taken":0.0},{"damage_healed":0.0,"max_hp_gain":0.0,"max_hp_loss":0.0,"gold_gain":0.0,"cards_transformed":["Strike_P","Defend_P"],"event_name":"Drug Dealer","player_choice":"Became Test Subject","floor":19.0,"gold_loss":0.0,"damage_taken":0.0,"cards_obtained":["InnerPeace","Halt"]},{"damage_healed":0,"gold_gain":0,"player_choice":"Ignored","damage_taken":0,"max_hp_gain":0,"max_hp_loss":0,"event_name":"Ghosts","floor":27,"gold_loss":0},{"cards_removed":["Defend_P"],"damage_healed":0,"gold_gain":0,"player_choice":"Gave Gold","damage_taken":0,"max_hp_gain":0,"max_hp_loss":0,"event_name":"Beggar","floor":31,"gold_loss":75}],"is_beta":false,"boss_relics":[{"not_picked":["SlaversCollar","Astrolabe"],"picked":"Calling Bell"}],"items_purged_floors":[13],"is_endless":false,"potions_floor_spawned":[4,6,8,21,22],"killed_by":"Collector","ascension_level":16}}