{"host":"3h5qf14xt40jhha0","time":1610494961,"event":{"mods":["AlwaysNeverKeys","BaseMod","Colored Powertips","Minty Spire (QoL Compilation)","Permanent Neow","Relic Stats","StSLib"],"gold_per_floor":[116,127,127,137,156,190,190,190,190],"floor_reached":8,"language":"ENG","playtime":305,"items_purged":[],"score":116,"play_id":"b47704dd-6d36-4ccb-a980-2af1b85fd614","local_time":"20210112184241","is_ascension_mode":true,"campfire_choices":[{"floor":7,"key":"REST"}],"circlet_count":0,"master_deck":["AscendersBane","Strike_G","Strike_G","Strike_G","Strike_G","Defend_G","Defend_G","Defend_G","Defend_G","Defend_G","Survivor","Neutralize","All Out Attack","Poisoned Stab","Slice","Deadly Poison","Catalyst"],"relics":["Black Star","Oddly Smooth Stone","Gremlin Horn"],"acts_visited":["Exordium"],"potions_floor_usage":[6,6],"damage_taken":[{"damage":15.0,"enemies":"Small Slimes","floor":1.0,"turns":6.0},{"damage":6.0,"enemies":"Cultist","floor":2.0,"turns":4.0},{"damage":6.0,"enemies":"2 Louse","floor":4.0,"turns":4.0},{"damage":6.0,"enemies":"Lots of Slimes","floor":5.0,"turns":2.0},{"damage":22,"enemies":"3 Sentries","floor":6,"turns":8},{"damage":33,"enemies":"Gremlin Nob","floor":8,"turns":3}],"seed_played":"-3153486942044416353","potions_obtained":[{"floor":2.0,"key":"Dexterity Potion"},{"floor":4.0,"key":"Poison Potion"}],"is_trial":false,"path_per_floor":["M","M","?","M","M","E","R","E"],"character_chosen":"THE_SILENT","items_purchased":[],"campfire_rested":1,"item_purchase_floors":[],"current_hp_per_floor":[44,38,38,32,26,4,23,0,0],"gold":190,"neow_bonus":"BOSS_RELIC","is_daily":false,"chose_seed":false,"campfire_upgraded":0,"win_rate":0.0,"timestamp":1610494961,"path_taken":["M","M","?","M","M","E","R","E"],"items_purchased_type":[],"build_version":"2020-12-22","purchased_purges":0,"victory":false,"max_hp_per_floor":[66,66,66,66,66,66,66,66,66],"relic_stats":{"Gremlin Horn":[0,0],"counters":[6,27],"Black Star":1,"obtain_stats":[{"Gremlin Horn":6,"Oddly Smooth Stone":6,"Black Star":0,"Ring of the Snake":0},{"Gremlin Horn":5,"Oddly Smooth Stone":5,"Black Star":0,"Ring of the Snake":0},{"Gremlin Horn":24,"Oddly Smooth Stone":24,"Black Star":0,"Ring of the Snake":0}]},"card_choices":[{"not_picked":["Dodge and Roll","Distraction"],"picked":"All Out Attack","floor":1.0},{"not_picked":["Eviscerate","Dagger Throw"],"picked":"Poisoned Stab","floor":2.0},{"not_picked":["Outmaneuver","Tactician"],"picked":"Slice","floor":4.0},{"not_picked":["Dodge and Roll","Bane"],"picked":"Deadly Poison","floor":5.0},{"not_picked":["Burst","Poisoned Stab"],"picked":"Catalyst","floor":6}],"player_experience":1329576,"relics_obtained":[{"floor":6,"key":"Oddly Smooth Stone"},{"floor":6,"key":"Gremlin Horn"}],"event_choices":[{"cards_removed":["Strike_G"],"damage_healed":0.0,"max_hp_gain":0.0,"max_hp_loss":0.0,"gold_gain":0.0,"event_name":"Purifier","player_choice":"Purged","floor":3.0,"gold_loss":0.0,"damage_taken":0.0}],"is_beta":false,"boss_relics":[],"items_purged_floors":[],"is_endless":false,"potions_floor_spawned":[2,4],"killed_by":"Gremlin Nob","ascension_level":20}}