{"host":"ormi09wwzv7sq47a","time":1610489889,"event":{"mods":["2.2 Compatiblity","AchievementEnabler","Act Like it!","BaseMod","Bestiary","Better Altar","Better Note","Better Sensory Stone","Better Silent Start","Better Skull","Better Third Choice","Better Vampires","BetterRewards","Block Reminder","Card Forge","Colored Map","Colored Powertips","Curses Come First","DeckTracker","Downfall","Highlight Path","Minty Spire (QoL Compilation)","Permanent Neow","Quick Restart","Rare Cards Sparkle","Relic Stats","Shop Mod","StSLib","The Jungle"],"gold_per_floor":[118,118,129,149,169,169,13,47,47,66,100,100,114,128,128,228,228,245,43,43,59,77,77,404,404,430,461,461,461,478,494,494,598,598,617,637,637,83,98,98,108,127,127,138,138,150,150,165,165,165],"floor_reached":51,"language":"ENG","playtime":4283,"items_purged":["Strike_B","Strike_B","Apotheosis+1"],"score":805,"play_id":"34ea8938-983d-421c-828c-8e477460d513","local_time":"20210112201809","is_ascension_mode":false,"campfire_choices":[{"data":"Zap","floor":6.0,"key":"SMITH"},{"data":"Streamline","floor":12.0,"key":"SMITH"},{"data":"Dualcast","floor":15.0,"key":"SMITH"},{"floor":23,"key":"DIG"},{"floor":25,"key":"DIG"},{"floor":32,"key":"DIG"},{"floor":40,"key":"DIG"},{"floor":45,"key":"DIG"},{"floor":49,"key":"DIG"}],"circlet_count":0,"master_deck":["Strike_B","Defend_B","Defend_B","Defend_B","Zap+1","Dualcast+1","Sweeping Beam+1","Cold Snap","Streamline+1","Go for the Eyes","Beam Cell","Conserve Battery","CurseOfTheBell","Steam+1","Gash","Turbo","Hologram","Go for the Eyes","Conserve Battery+1","Ball Lightning+1","Hologram","Coolheaded+1","Stack+1","Turbo+1"],"relics":["Cracked Core","Hammer of Thor","Seething Fire","Anvil of the Gods","Unceasing Top","MerchantsRug","CaptainsWheel","Bag of Preparation","Gremlin Horn","InkBottle","Toy Ornithopter","Calling Bell","Blood Vial","Meat on the Bone","Shovel","Omamori","Old Coin","Letter Opener","Bronze Scales","Vajra","Pantograph","SacredBark","Strawberry","Blue Candle","Bottled Lightning","Shuriken","Darkstone Periapt","hexamod:BolsterEngine"],"acts_visited":["Exordium","TheCity","TheBeyond"],"potions_floor_usage":[27,35,39,50,50],"damage_taken":[{"damage":0.0,"enemies":"Small Slimes","floor":1.0,"turns":2.0},{"damage":0.0,"enemies":"Cultist","floor":3.0,"turns":3.0},{"damage":0.0,"enemies":"2 Louse","floor":4.0,"turns":2.0},{"damage":6.0,"enemies":"Exordium Thugs","floor":5.0,"turns":3.0},{"damage":14.0,"enemies":"Gremlin Nob","floor":8.0,"turns":4.0},{"damage":9.0,"enemies":"Red Slaver","floor":10.0,"turns":2.0},{"damage":9.0,"enemies":"3 Sentries","floor":11.0,"turns":4.0},{"damage":2.0,"enemies":"2 Fungi Beasts","floor":13.0,"turns":2.0},{"damage":0.0,"enemies":"Blue Slaver","floor":14.0,"turns":3.0},{"damage":15.0,"enemies":"The Guardian","floor":16.0,"turns":9.0},{"damage":0.0,"enemies":"2 Thieves","floor":18.0,"turns":3.0},{"damage":2.0,"enemies":"Shell Parasite","floor":21.0,"turns":4.0},{"damage":0,"enemies":"Sentry and Sphere","floor":22,"turns":4},{"damage":27,"enemies":"Gremlin Leader","floor":24,"turns":6},{"damage":0,"enemies":"Book of Stabbing","floor":27,"turns":4},{"damage":0,"enemies":"Snecko","floor":30,"turns":5},{"damage":5,"enemies":"Snake Plant","floor":31,"turns":3},{"damage":25,"enemies":"Automaton","floor":33,"turns":9},{"damage":0,"enemies":"3 Shapes","floor":35,"turns":1},{"damage":1,"enemies":"Orb Walker","floor":36,"turns":3},{"damage":1,"enemies":"Transient","floor":39,"turns":5},{"damage":1,"enemies":"Sphere and 2 Shapes","floor":41,"turns":4},{"damage":0,"enemies":"4 Shapes","floor":42,"turns":2},{"damage":1,"enemies":"3 Darklings","floor":44,"turns":3},{"damage":1,"enemies":"Sphere and 2 Shapes","floor":46,"turns":2},{"damage":1,"enemies":"4 Shapes","floor":48,"turns":2},{"damage":34,"enemies":"Awakened One","floor":50,"turns":11}],"seed_played":"6392896829733082181","potions_obtained":[{"floor":3.0,"key":"FairyPotion"},{"floor":4.0,"key":"DuplicationPotion"},{"floor":11.0,"key":"LiquidMemories"},{"floor":16.0,"key":"Slimebound:ThreeZeroPotion"},{"floor":22,"key":"champ:CounterPotion"},{"floor":27,"key":"SteroidPotion"},{"floor":31,"key":"Energy Potion"},{"floor":33,"key":"Strength Potion"},{"floor":36,"key":"DistilledChaos"},{"floor":44,"key":"LiquidMemories"}],"is_trial":false,"path_per_floor":["M","?","M","M","M","R","$","E","T","M","E","R","M","M","R","B",null,"M","$","?","M","M","R","E","R","T","E","?","?","M","M","R","B",null,"M","M","?","$","M","R","M","M","T","M","R","M","?","M","R","B",null],"character_chosen":"DEFECT","items_purchased":["Unceasing Top","Lee\u0027s Waffle","MerchantsRug","Bag of Preparation","Gash","Turbo","Strawberry","Hologram","Blue Candle"],"campfire_rested":0,"item_purchase_floors":[0,0,0,7,19,19,38,38,38],"current_hp_per_floor":[82,82,82,82,76,76,76,62,62,53,44,44,42,42,42,32,82,82,82,82,80,82,82,55,55,55,62,62,62,64,61,61,57,82,82,81,81,88,88,88,88,89,89,88,88,88,88,88,88,56],"gold":165,"neow_bonus":"","is_daily":false,"chose_seed":false,"campfire_upgraded":3,"win_rate":0.0,"timestamp":1610489889,"path_taken":["M","?","?","M","M","R","$","E","T","?","E","R","M","M","R","BOSS","M","$","?","?","M","R","E","R","T","E","?","?","M","M","R","BOSS","M","M","?","$","M","R","M","M","T","M","R","M","?","M","R","BOSS"],"items_purchased_type":["Relic","Relic","Relic","Relic","Card","Card","Relic","Card","Relic"],"build_version":"2020-12-22","purchased_purges":3,"victory":true,"max_hp_per_floor":[82,82,82,82,82,82,82,82,82,82,82,82,82,82,82,82,82,82,82,82,82,82,82,82,82,82,82,82,82,82,82,82,82,82,82,82,82,89,89,89,89,89,89,89,89,89,89,89,89,89],"relic_stats":{"Darkstone Periapt":0,"Gremlin Horn":[26,26],"counters":[57,271],"Blue Candle":[6],"Bag of Preparation":[46],"Letter Opener":[400],"Blood Vial":13,"Shovel":6,"Shuriken":[15],"Bronze Scales":[156],"Pantograph":22,"obtain_stats":[{"Gremlin Horn":8,"Vajra":27,"Hammer of Thor":0,"Runic Capacitor":0,"Old Coin":24,"Blood Vial":17,"Sundial":42,"Strawberry":9,"MealTicket":2,"Philosopher\u0027s Stone":34,"Girya":40,"MerchantsRug":0,"Blue Candle":38,"Oddly Smooth Stone":36,"Eternal Feather":26,"Letter Opener":25,"Cables":54,"Anvil of the Gods":0,"Shuriken":43,"Bronze Scales":26,"Nloth\u0027s Gift":21,"Symbiotic Virus":36,"Unceasing Top":0,"Meat on the Bone":17,"Darkstone Periapt":45,"Lantern":13,"SacredBark":34,"Incense Burner":0,"Bag of Preparation":7,"Smiling Mask":25,"ClockworkSouvenir":48,"SsserpentHead":2,"Shovel":17,"Mummified Hand":48,"Gambling Chip":0,"Pantograph":17,"Cracked Core":0,"InkBottle":9,"Lee\u0027s Waffle":0,"Omamori":23,"Seething Fire":0,"Frozen Egg 2":0,"Medical Kit":38,"Calling Bell":17,"Peace Pipe":0,"Anchor":27,"CaptainsWheel":0,"Turnip":17,"Membership Card":0,"Bottled Lightning":40,"hexamod:BolsterEngine":49,"Toy Ornithopter":31},{"Gremlin Horn":35,"Vajra":45,"Hammer of Thor":0,"Runic Capacitor":0,"Old Coin":44,"Blood Vial":8,"Sundial":21,"Strawberry":5,"MealTicket":1,"Philosopher\u0027s Stone":17,"Girya":20,"MerchantsRug":30,"Blue Candle":50,"Oddly Smooth Stone":18,"Eternal Feather":13,"Letter Opener":44,"Cables":24,"Anvil of the Gods":0,"Shuriken":53,"Bronze Scales":44,"Nloth\u0027s Gift":11,"Symbiotic Virus":18,"Unceasing Top":30,"Meat on the Bone":40,"Darkstone Periapt":54,"Lantern":6,"SacredBark":48,"Incense Burner":0,"Bag of Preparation":34,"Smiling Mask":13,"ClockworkSouvenir":22,"SsserpentHead":26,"Shovel":40,"Mummified Hand":22,"Gambling Chip":0,"Pantograph":8,"Cracked Core":0,"InkBottle":35,"Lee\u0027s Waffle":30,"Omamori":43,"Seething Fire":0,"Frozen Egg 2":25,"Medical Kit":18,"Calling Bell":8,"Peace Pipe":25,"Anchor":14,"CaptainsWheel":30,"Turnip":8,"Membership Card":0,"Bottled Lightning":51,"hexamod:BolsterEngine":56,"Toy Ornithopter":16},{"Gremlin Horn":180,"Vajra":221,"Hammer of Thor":0,"Runic Capacitor":0,"Old Coin":217,"Blood Vial":26,"Sundial":106,"Strawberry":12,"MealTicket":3,"Philosopher\u0027s Stone":78,"Girya":97,"MerchantsRug":166,"Blue Candle":242,"Oddly Smooth Stone":82,"Eternal Feather":51,"Letter Opener":217,"Cables":135,"Anvil of the Gods":0,"Shuriken":253,"Bronze Scales":217,"Nloth\u0027s Gift":38,"Symbiotic Virus":82,"Unceasing Top":166,"Meat on the Bone":200,"Darkstone Periapt":256,"Lantern":18,"SacredBark":238,"Incense Burner":0,"Bag of Preparation":176,"Smiling Mask":51,"ClockworkSouvenir":113,"SsserpentHead":148,"Shovel":200,"Mummified Hand":113,"Gambling Chip":0,"Pantograph":26,"Cracked Core":0,"InkBottle":180,"Lee\u0027s Waffle":166,"Omamori":211,"Seething Fire":0,"Frozen Egg 2":145,"Medical Kit":82,"Calling Bell":26,"Peace Pipe":145,"Anchor":57,"CaptainsWheel":166,"Turnip":26,"Membership Card":0,"Bottled Lightning":247,"hexamod:BolsterEngine":260,"Toy Ornithopter":68}],"Unceasing Top":[80],"InkBottle":[52],"Toy Ornithopter":11,"Meat on the Bone":0},"card_choices":[{"not_picked":["Blizzard","Aggregate"],"picked":"Sweeping Beam","floor":1.0},{"not_picked":["Hello World","Chaos"],"picked":"Cold Snap","floor":3.0},{"not_picked":["Coolheaded","Barrage"],"picked":"Streamline","floor":4.0},{"not_picked":["Conserve Battery","Heatsinks"],"picked":"Go for the Eyes","floor":5.0},{"not_picked":["Fusion","Multi-Cast","Coolheaded"],"picked":"SKIP","floor":8.0},{"not_picked":["Streamline","Skim"],"picked":"Beam Cell","floor":10.0},{"not_picked":["Rebound","Seek"],"picked":"Conserve Battery","floor":11.0},{"not_picked":["Barrage","Cold Snap","Coolheaded"],"picked":"SKIP","floor":13.0},{"not_picked":["Echo Form","Hello World","Conserve Battery"],"picked":"SKIP","floor":14.0},{"not_picked":["Barrage","Beam Cell"],"picked":"Steam+1","floor":18.0},{"not_picked":["Compile Driver+1","Auto Shields+1","Blizzard"],"picked":"SKIP","floor":21.0},{"not_picked":["Melter+1","Redo","Ball Lightning"],"picked":"SKIP","floor":22},{"not_picked":["Rip and Tear","Redo","Capacitor+1"],"picked":"SKIP","floor":24},{"not_picked":["Go for the Eyes","Leap","BootSequence"],"picked":"SKIP","floor":27},{"not_picked":["BootSequence","Rebound","Go for the Eyes"],"picked":"SKIP","floor":30},{"not_picked":["Rebound","Force Field","Aggregate"],"picked":"SKIP","floor":31},{"not_picked":["Auto Shields+1","Barrage"],"picked":"Conserve Battery+1","floor":35},{"not_picked":["Redo+1","Conserve Battery+1"],"picked":"Ball Lightning+1","floor":36},{"not_picked":["Blizzard","Barrage"],"picked":"Coolheaded+1","floor":39},{"not_picked":["Leap+1","Streamline","Auto Shields+1"],"picked":"SKIP","floor":41},{"not_picked":["Sweeping Beam","Rebound"],"picked":"Stack+1","floor":42},{"not_picked":["Compile Driver","Heatsinks+1"],"picked":"Turbo+1","floor":44},{"not_picked":["White Noise","Scrape","Barrage"],"picked":"SKIP","floor":46},{"not_picked":["Force Field+1","Barrage+1","Turbo"],"picked":"SKIP","floor":48}],"player_experience":955671,"relics_obtained":[{"floor":8.0,"key":"Gremlin Horn"},{"floor":9.0,"key":"InkBottle"},{"floor":11.0,"key":"Toy Ornithopter"},{"floor":17.0,"key":"Blood Vial"},{"floor":17.0,"key":"Meat on the Bone"},{"floor":17.0,"key":"Shovel"},{"floor":23,"key":"Omamori"},{"floor":24,"key":"Old Coin"},{"floor":25,"key":"Letter Opener"},{"floor":26,"key":"Bronze Scales"},{"floor":27,"key":"Vajra"},{"floor":32,"key":"Pantograph"},{"floor":40,"key":"Bottled Lightning"},{"floor":43,"key":"Shuriken"},{"floor":45,"key":"Darkstone Periapt"},{"floor":49,"key":"hexamod:BolsterEngine"}],"event_choices":[{"damage_healed":0.0,"max_hp_gain":0.0,"max_hp_loss":0.0,"gold_gain":0.0,"event_name":"Upgrade Shrine","player_choice":"Upgraded","floor":2.0,"gold_loss":0.0,"damage_taken":0.0,"cards_upgraded":["Sweeping Beam"]},{"damage_healed":0.0,"max_hp_gain":0.0,"max_hp_loss":0.0,"gold_gain":0.0,"event_name":"betterNote:BetterNote","player_choice":"Take","floor":20.0,"gold_loss":0.0,"damage_taken":0.0,"cards_obtained":["Apotheosis"]},{"damage_healed":0,"gold_gain":0,"player_choice":"Read","damage_taken":0,"max_hp_gain":0,"max_hp_loss":0,"event_name":"The Library","floor":28,"gold_loss":0,"cards_obtained":["Hologram"]},{"damage_healed":0,"gold_gain":0,"cards_transformed":["Strike_B"],"player_choice":"Transformed","damage_taken":0,"max_hp_gain":0,"max_hp_loss":0,"event_name":"Transmorgrifier","floor":29,"gold_loss":0,"cards_obtained":["Go for the Eyes"]},{"cards_removed":["Defend_B"],"damage_healed":0,"gold_gain":0,"player_choice":"Removed Skill","damage_taken":0,"max_hp_gain":0,"max_hp_loss":0,"event_name":"Falling","floor":37,"gold_loss":0},{"damage_healed":0,"gold_gain":0,"player_choice":"Ignored","damage_taken":0,"max_hp_gain":0,"max_hp_loss":0,"event_name":"Mysterious Sphere","floor":47,"gold_loss":0}],"is_beta":false,"boss_relics":[{"not_picked":["Tiny House","Snecko Eye"],"picked":"Calling Bell"},{"not_picked":["Pandora\u0027s Box","Inserter"],"picked":"SacredBark"}],"items_purged_floors":[0,19,38],"is_endless":false,"potions_floor_spawned":[3,4,11,16,22,27,31,33,36,44],"ascension_level":0}}