{"host":"pl1fbpkom0aq337f","time":1610468729,"event":{"mods":["AchievementEnabler","BaseMod","Colored Map","Minty Spire (QoL Compilation)"],"gold_per_floor":[111,36,50,50,64,64,164,192,245,258,276,36,36,56,56,155,155,170,185,185,185,204,217,229,229,248,273,273,273,273,273,273,273,198,198,198,295,295,310,290,300,46,65,99,99,99,99,125,0,16,16,16,30,30,30],"floor_reached":56,"playtime":1154,"items_purged":["Defend_R","Wild Strike+1","Defend_R"],"score":799,"play_id":"3521012d-5608-431d-9de4-1904c103cc87","local_time":"20210112172529","is_ascension_mode":false,"campfire_choices":[{"data":"Bash","floor":6,"key":"SMITH"},{"data":"Wild Strike","floor":15,"key":"SMITH"},{"floor":25,"key":"REST"},{"data":"Pommel Strike","floor":35,"key":"SMITH"},{"floor":36,"key":"REST"},{"floor":45,"key":"REST"},{"data":"Perfected Strike","floor":52,"key":"SMITH"},{"floor":54,"key":"REST"}],"circlet_count":0,"master_deck":["Strike_R","Strike_R","Strike_R","Strike_R+1","Strike_R+1","Defend_R","Defend_R","Bash+1","Perfected Strike+1","Clothesline+1","Flex+1","Necronomicurse","Perfected Strike+1","Twin Strike","Twin Strike","Twin Strike","Pommel Strike+1","True Grit+1","Perfected Strike+1"],"relics":["Runic Dome","Ancient Tea Set","Bronze Scales","Whetstone","Question Card","SlaversCollar","Necronomicon","Anchor","Darkstone Periapt","Centennial Puzzle","Ice Cream","Toxic Egg 2","Runic Pyramid","Vajra","Bag of Marbles","Shovel","Red Skull"],"acts_visited":["Exordium","TheCity","TheBeyond"],"potions_floor_usage":[11,16,16,27,55,55,55],"damage_taken":[{"damage":1,"enemies":"Cultist","floor":1,"turns":3},{"damage":0,"enemies":"2 Louse","floor":3,"turns":2},{"damage":6,"enemies":"Jaw Worm","floor":5,"turns":2},{"damage":21,"enemies":"3 Sentries","floor":8,"turns":6},{"damage":11,"enemies":"Lots of Slimes","floor":10,"turns":3},{"damage":10,"enemies":"Exordium Thugs","floor":11,"turns":3},{"damage":7,"enemies":"Blue Slaver","floor":14,"turns":2},{"damage":24,"enemies":"Hexaghost","floor":16,"turns":6},{"damage":5,"enemies":"Spheric Guardian","floor":18,"turns":3},{"damage":10,"enemies":"3 Byrds","floor":19,"turns":4},{"damage":9,"enemies":"Centurion and Healer","floor":22,"turns":3},{"damage":16,"enemies":"Shelled Parasite and Fungi","floor":23,"turns":2},{"damage":6,"enemies":"Cultist and Chosen","floor":24,"turns":2},{"damage":0,"enemies":"3 Cultists","floor":26,"turns":3},{"damage":7,"enemies":"Book of Stabbing","floor":27,"turns":3},{"damage":14,"enemies":"Automaton","floor":37,"turns":3},{"damage":17,"enemies":"3 Shapes","floor":39,"turns":3},{"damage":5,"enemies":"3 Darklings","floor":41,"turns":4},{"damage":6,"enemies":"Spire Growth","floor":43,"turns":2},{"damage":28,"enemies":"Nemesis","floor":44,"turns":3},{"damage":18,"enemies":"Maw","floor":50,"turns":3},{"damage":0,"enemies":"Writhing Mass","floor":53,"turns":2},{"damage":10,"enemies":"Donu and Deca","floor":55,"turns":5}],"seed_played":"-7850196044412150664","potions_obtained":[{"floor":3,"key":"BloodPotion"},{"floor":10,"key":"Block Potion"},{"floor":14,"key":"Fruit Juice"},{"floor":22,"key":"Weak Potion"},{"floor":23,"key":"Fire Potion"},{"floor":27,"key":"Block Potion"},{"floor":40,"key":"LiquidBronze"},{"floor":53,"key":"ColorlessPotion"}],"is_trial":false,"path_per_floor":["M","$","M","?","M","R","?","E","T","M","M","$","?","M","R","B",null,"M","M","?","?","M","M","M","R","M","E","T","T","?","?","?","T","?","R","R","B",null,"M","?","M","$","M","E","R","?","T","T","$","M","$","R","M","R","B",null],"character_chosen":"IRONCLAD","items_purchased":["Question Card","Vajra"],"campfire_rested":4,"item_purchase_floors":[12,42],"current_hp_per_floor":[79,79,79,72,66,66,66,45,45,34,24,24,24,17,17,15,85,80,70,54,54,45,29,23,48,48,41,41,41,41,47,47,47,47,47,74,60,91,74,74,69,69,63,35,62,62,62,62,62,44,44,44,44,71,61],"gold":30,"neow_bonus":"BOSS_RELIC","is_daily":false,"chose_seed":false,"campfire_upgraded":4,"win_rate":0.0,"timestamp":1610468729,"path_taken":["M","?","M","?","M","R","?","E","T","M","?","?","?","M","R","BOSS","M","M","?","?","?","M","M","R","M","E","T","T","?","?","?","?","?","R","R","BOSS","M","?","M","?","?","E","R","?","T","T","$","?","$","R","M","R","BOSS"],"items_purchased_type":["Relic","Relic"],"build_version":"2020-12-22","purchased_purges":3,"victory":true,"max_hp_per_floor":[80,80,80,80,80,80,80,80,80,80,80,80,80,80,80,85,85,85,85,85,85,85,85,85,85,85,85,85,85,85,91,91,91,91,91,91,91,91,91,91,91,91,91,91,91,91,91,91,91,91,91,91,91,91,91],"card_choices":[{"not_picked":["Heavy Blade","Iron Wave"],"picked":"Perfected Strike","floor":1},{"not_picked":["Clash","Evolve"],"picked":"Wild Strike","floor":3},{"not_picked":["Burning Pact","Entrench","Body Slam"],"picked":"SKIP","floor":5},{"not_picked":["Body Slam","Rupture","Anger"],"picked":"SKIP","floor":8},{"not_picked":["Feel No Pain","Dropkick","Blood for Blood"],"picked":"SKIP","floor":10},{"not_picked":["Metallicize","Armaments","Sword Boomerang"],"picked":"SKIP","floor":11},{"not_picked":["Havoc","Wild Strike","Iron Wave","Shockwave"],"picked":"SKIP","floor":14},{"not_picked":["Cleave","Fire Breathing","Warcry"],"picked":"Clothesline+1","floor":18},{"not_picked":["Anger","Thunderclap","Barricade"],"picked":"Flex+1","floor":19},{"not_picked":["Cleave","Armaments","Seeing Red","Heavy Blade"],"picked":"SKIP","floor":22},{"not_picked":["Anger","Armaments","Dark Embrace"],"picked":"Twin Strike","floor":23},{"not_picked":["Pummel","Sword Boomerang","Whirlwind"],"picked":"Twin Strike","floor":24},{"not_picked":["Limit Break","Thunderclap","Anger"],"picked":"Twin Strike","floor":26},{"not_picked":["Impervious","Hemokinesis","Wild Strike","Entrench"],"picked":"SKIP","floor":27},{"not_picked":["Iron Wave","Bloodletting+1","Shockwave+1","Wild Strike"],"picked":"SKIP","floor":39},{"not_picked":["Clash","Hemokinesis+1","Ghostly Armor+1","Sentinel+1"],"picked":"SKIP","floor":41},{"not_picked":["Pommel Strike","Warcry+1","Wild Strike+1"],"picked":"True Grit+1","floor":43},{"not_picked":["Rage+1","Pummel","Battle Trance+1","Rampage+1"],"picked":"SKIP","floor":44},{"not_picked":["Rage+1","Pummel","Battle Trance+1","Rampage+1"],"picked":"SKIP","floor":44},{"not_picked":["Entrench+1","Pommel Strike+1","Dropkick"],"picked":"Perfected Strike","floor":50},{"not_picked":["Heavy Blade","Feel No Pain","Blood for Blood","Entrench+1"],"picked":"SKIP","floor":53}],"player_experience":460730,"relics_obtained":[{"floor":8,"key":"Bronze Scales"},{"floor":9,"key":"Whetstone"},{"floor":20,"key":"Necronomicon"},{"floor":27,"key":"Anchor"},{"floor":28,"key":"Darkstone Periapt"},{"floor":29,"key":"Centennial Puzzle"},{"floor":33,"key":"Toxic Egg 2"},{"floor":44,"key":"Bag of Marbles"},{"floor":47,"key":"Shovel"},{"floor":48,"key":"Red Skull"}],"event_choices":[{"damage_healed":0,"gold_gain":0,"player_choice":"Success","damage_taken":7,"relics_obtained":["Ancient Tea Set"],"max_hp_gain":0,"max_hp_loss":0,"event_name":"Scrap Ooze","floor":4,"gold_loss":0},{"damage_healed":0,"gold_gain":100,"player_choice":"Pray","damage_taken":0,"max_hp_gain":0,"max_hp_loss":0,"event_name":"Golden Shrine","floor":7,"gold_loss":0},{"damage_healed":0,"gold_gain":0,"player_choice":"Grow","damage_taken":0,"max_hp_gain":0,"max_hp_loss":0,"event_name":"Living Wall","floor":13,"gold_loss":0,"cards_upgraded":["Perfected Strike"]},{"damage_healed":0,"gold_gain":0,"player_choice":"Obtained Book","damage_taken":16,"max_hp_gain":0,"max_hp_loss":0,"event_name":"Cursed Tome","floor":20,"gold_loss":0},{"damage_healed":0,"gold_gain":0,"player_choice":"Copied","damage_taken":0,"max_hp_gain":0,"max_hp_loss":0,"event_name":"Duplicator","floor":21,"gold_loss":0,"cards_obtained":["Perfected Strike"]},{"damage_healed":0,"gold_gain":0,"player_choice":"Read","damage_taken":0,"max_hp_gain":0,"max_hp_loss":0,"event_name":"The Library","floor":30,"gold_loss":0,"cards_obtained":["Pommel Strike"]},{"damage_healed":0,"gold_gain":0,"player_choice":"Opened","damage_taken":0,"relics_obtained":["Ice Cream"],"max_hp_gain":0,"max_hp_loss":0,"event_name":"The Mausoleum","floor":31,"gold_loss":0,"cards_obtained":["Writhe"]},{"damage_healed":0,"gold_gain":0,"player_choice":"Ignored","damage_taken":0,"max_hp_gain":0,"max_hp_loss":0,"event_name":"Vampires","floor":32,"gold_loss":0},{"cards_removed":["Writhe"],"damage_healed":0,"gold_gain":0,"player_choice":"Gave Gold","damage_taken":0,"max_hp_gain":0,"max_hp_loss":0,"event_name":"Beggar","floor":34,"gold_loss":75},{"damage_healed":0,"gold_gain":0,"player_choice":"Bought 1 Potion","damage_taken":0,"max_hp_gain":0,"max_hp_loss":0,"event_name":"The Woman in Blue","floor":40,"gold_loss":0},{"damage_healed":0,"gold_gain":0,"player_choice":"Ignored","damage_taken":0,"max_hp_gain":0,"max_hp_loss":0,"event_name":"SecretPortal","floor":46,"gold_loss":0}],"is_beta":false,"boss_relics":[{"not_picked":["Mark of Pain","SacredBark"],"picked":"SlaversCollar"},{"not_picked":["Cursed Key","Tiny House"],"picked":"Runic Pyramid"}],"items_purged_floors":[2,42,49],"is_endless":false,"potions_floor_spawned":[3,10,14,22,23,27,43,53],"ascension_level":0}}