{"host":"on8rz1ayhhz269sg","time":1610422888,"event":{"mods":["BaseMod","Downfall","Minty Spire (QoL Compilation)","StSLib","The Cursed","≤–¡Ù÷ÆŒÔ"],"gold_per_floor":[99,99,99,99,116,116,116,132,132,152,252,252,6,19,39,39,39,39],"floor_reached":16,"playtime":1503,"items_purged":[],"score":90,"play_id":"0233932f-5f88-4555-a85a-20070f332d68","local_time":"20210112114128","is_ascension_mode":false,"campfire_choices":[{"data":"champ:Taunt","floor":1.0,"key":"SMITH"},{"data":"champ:PerfectedStrike","floor":9.0,"key":"SMITH"},{"floor":12,"key":"REST"}],"circlet_count":0,"master_deck":["champ:Strike","champ:Strike","champ:Strike","champ:Strike","champ:Defend","champ:Defend","champ:Defend","champ:Defend","champ:Execute","champ:Taunt+1","champ:PreciseThrust","champ:RecklessLeap","champ:ShieldWall","champ:PerfectedStrike+1","champ:CalledShot","champ:GladiatorStyle","champ:SkillfulDodge","champ:Lariat","champ:GladiatorsShout","champ:Encircle","champ:ArenaPreparation"],"relics":["champ:ChampionCrown","downfall:HeartsMalice","Art of War","Ginger","Happy Flower"],"acts_visited":["Exordium"],"potions_floor_usage":[16],"damage_taken":[{"damage":0.0,"enemies":"Jaw Worm","floor":2.0,"turns":1.0},{"damage":0.0,"enemies":"2 Louse","floor":3.0,"turns":1.0},{"damage":0.0,"enemies":"Cultist","floor":4.0,"turns":1.0},{"damage":35.0,"enemies":"Gremlin Gang","floor":5.0,"turns":7.0},{"damage":20.0,"enemies":"Large Slime","floor":8.0,"turns":6.0},{"damage":26.0,"enemies":"3 Louse","floor":10.0,"turns":3.0},{"damage":20,"enemies":"downfall:FleeingMerchant","floor":13,"turns":4},{"damage":18,"enemies":"Blue Slaver","floor":14,"turns":2},{"damage":22,"enemies":"3 Louse","floor":15,"turns":3},{"damage":116,"enemies":"downfall:Defect","floor":16,"turns":6}],"seed_played":"8432427960063195016","potions_obtained":[{"floor":5.0,"key":"Strength Potion"},{"floor":8.0,"key":"champ:CounterPotion"},{"floor":10,"key":"GamblersBrew"},{"floor":14,"key":"Fire Potion"}],"is_trial":false,"path_per_floor":["R","M","M","M","M","?","T","M","R","M","?","R","$","M","M","B"],"character_chosen":"THE_CHAMP","items_purchased":["champ:Lariat","Happy Flower","champ:GladiatorsShout"],"campfire_rested":1,"item_purchase_floors":[13,13,13],"current_hp_per_floor":[90,90,90,90,83,80,80,75,75,64,64,90,85,82,75,0,0,0],"gold":39,"neow_bonus":"THREE_ENEMY_KILL","is_daily":false,"chose_seed":false,"campfire_upgraded":2,"win_rate":0.0,"timestamp":1610422888,"path_taken":["R","M","M","M","M","?","T","M","R","M","?","R","$","?","M","BOSS"],"items_purchased_type":["Card","Relic","Card"],"build_version":"2020-12-22","purchased_purges":0,"victory":false,"max_hp_per_floor":[90,90,90,90,90,90,90,90,90,90,90,90,90,90,90,90,90,90],"card_choices":[{"not_picked":["champ:Circumvent","champ:Backstep"],"picked":"champ:PreciseThrust","floor":2.0},{"not_picked":["champ:Riposte","champ:DefensiveShout"],"picked":"champ:RecklessLeap","floor":3.0},{"not_picked":["champ:GutPunch","champ:BerserkersShout"],"picked":"champ:ShieldWall","floor":4.0},{"not_picked":["champ:FlashCut","champ:AdrenalArmor"],"picked":"champ:PerfectedStrike","floor":5.0},{"not_picked":["champ:DeathBlow","champ:AdrenalArmor"],"picked":"champ:CalledShot","floor":8.0},{"not_picked":["champ:CrookedStrike","champ:BerserkersShout"],"picked":"champ:GladiatorStyle","floor":10},{"not_picked":["champ:FightOn","champ:GladiatorStyle"],"picked":"champ:SkillfulDodge","floor":13},{"not_picked":["champ:GladiatorsShout","champ:BringItOn"],"picked":"champ:Encircle","floor":14},{"not_picked":["champ:GladiatorsShout","champ:GutPunch"],"picked":"champ:ArenaPreparation","floor":15}],"player_experience":175774,"relics_obtained":[{"floor":7.0,"key":"Ginger"}],"event_choices":[{"damage_healed":0.0,"max_hp_gain":0.0,"max_hp_loss":0.0,"gold_gain":0.0,"event_name":"Scrap Ooze","player_choice":"Success","floor":6.0,"gold_loss":0.0,"damage_taken":3.0,"relics_obtained":["Art of War"]}],"is_beta":false,"boss_relics":[],"items_purged_floors":[],"is_endless":false,"potions_floor_spawned":[5,8,10,14],"killed_by":"downfall:Defect","ascension_level":0}}