{"host":"y3h3n3f7seyagppx","time":1610480846,"event":{"mods":["AlwaysNeverKeys","BaseMod","Better Vampires","Colored Powertips","DeckTracker","Emptier Cage","Minty Spire (QoL Compilation)","Permanent Neow","Quick Restart","Rare Cards Sparkle","Relic Sorter","Relic Stats","StSLib","Transform Curses"],"gold_per_floor":[213,2,12,28,28,57,57,82,156,175,175,75,104,121,121,200,200,219,237,65,75,75,110,110,142,166,200,200,227,9,25,25,98,98,110,110,110,110,123,155,155,168,168,212,212,44,105,139,139,139,139,139,139,36,71,71],"floor_reached":57,"playtime":9509,"items_purged":["Strike_R","Pain","Rupture+1","Anger"],"score":3278,"play_id":"e5f6dabe-ab77-466f-80e6-4fc558d49f0a","local_time":"20210112144726","is_ascension_mode":true,"campfire_choices":[{"data":"Inflame","floor":7.0,"key":"SMITH"},{"floor":11.0,"key":"DIG"},{"floor":15.0,"key":"DIG"},{"floor":28.0,"key":"DIG"},{"floor":32.0,"key":"REST"},{"floor":41.0,"key":"DIG"},{"floor":45,"key":"DIG"},{"floor":49,"key":"DIG"},{"floor":53,"key":"DIG"}],"circlet_count":0,"master_deck":["AscendersBane","Strike_R","Strike_R","Defend_R","Defend_R","Defend_R","Defend_R","Bash","Evolve","Inflame+1","Fire Breathing","Feel No Pain+1","Feed","Twin Strike+1","Fiend Fire","Uppercut","Barricade+1","Flame Barrier","Ghostly Armor","Feel No Pain+1","Spot Weakness+1","Corruption+1","Good Instincts","Good Instincts","Chrysalis","Shockwave","Shockwave","Entrench","Entrench+1"],"relics":["Burning Blood","WarpedTongs","Shovel","Centennial Puzzle","Frozen Egg 2","Pen Nib","Mummified Hand","Sundial","Fusion Hammer","Red Skull","Gremlin Horn","Potion Belt","PreservedInsect","Akabeko","Dead Branch","Smiling Mask","Orrery","Cursed Key","Shuriken","TungstenRod","CeramicFish","Boot","Nunchaku","Mango","Bronze Scales","Pantograph","Letter Opener","Toy Ornithopter"],"acts_visited":["Exordium","TheCity","TheBeyond","TheEnding"],"potions_floor_usage":[44,56,56,56,56,56,56,56],"damage_taken":[{"damage":7.0,"enemies":"Cultist","floor":1.0,"turns":4.0},{"damage":1.0,"enemies":"Small Slimes","floor":3.0,"turns":4.0},{"damage":11.0,"enemies":"Jaw Worm","floor":4.0,"turns":4.0},{"damage":6.0,"enemies":"Lagavulin","floor":6.0,"turns":6.0},{"damage":7.0,"enemies":"3 Sentries","floor":8.0,"turns":4.0},{"damage":8.0,"enemies":"Blue Slaver","floor":10.0,"turns":3.0},{"damage":4.0,"enemies":"Gremlin Nob","floor":13.0,"turns":3.0},{"damage":0.0,"enemies":"Large Slime","floor":14.0,"turns":3.0},{"damage":43.0,"enemies":"Hexaghost","floor":16.0,"turns":7.0},{"damage":17.0,"enemies":"2 Thieves","floor":18.0,"turns":3.0},{"damage":6.0,"enemies":"Spheric Guardian","floor":19.0,"turns":3.0},{"damage":13.0,"enemies":"Centurion and Healer","floor":21.0,"turns":4.0},{"damage":14.0,"enemies":"Gremlin Leader","floor":23.0,"turns":9.0},{"damage":20.0,"enemies":"Book of Stabbing","floor":25.0,"turns":4.0},{"damage":0.0,"enemies":"Gremlin Leader","floor":27.0,"turns":5.0},{"damage":17.0,"enemies":"Snake Plant","floor":31.0,"turns":4.0},{"damage":6.0,"enemies":"Collector","floor":33.0,"turns":8.0},{"damage":0.0,"enemies":"Orb Walker","floor":35.0,"turns":2.0},{"damage":6.0,"enemies":"3 Shapes","floor":39.0,"turns":14.0},{"damage":3.0,"enemies":"Giant Head","floor":40.0,"turns":3.0},{"damage":0.0,"enemies":"3 Darklings","floor":42.0,"turns":5.0},{"damage":27,"enemies":"Reptomancer","floor":44,"turns":5},{"damage":16,"enemies":"2 Orb Walkers","floor":47,"turns":4},{"damage":0,"enemies":"Nemesis","floor":48,"turns":4},{"damage":28,"enemies":"Time Eater","floor":50,"turns":9},{"damage":19,"enemies":"Awakened One","floor":51,"turns":8},{"damage":5,"enemies":"Shield and Spear","floor":55,"turns":1},{"damage":5,"enemies":"The Heart","floor":56,"turns":6}],"seed_played":"639485353246103534","potions_obtained":[{"floor":1.0,"key":"SpeedPotion"},{"floor":6.0,"key":"Block Potion"},{"floor":8.0,"key":"PowerPotion"},{"floor":16.0,"key":"PowerPotion"},{"floor":19.0,"key":"DistilledChaos"},{"floor":23.0,"key":"LiquidMemories"},{"floor":25.0,"key":"Fire Potion"},{"floor":31.0,"key":"EntropicBrew"},{"floor":35.0,"key":"EssenceOfSteel"},{"floor":42.0,"key":"BloodPotion"},{"floor":44,"key":"PowerPotion"}],"is_trial":false,"path_per_floor":["M","$","M","M","?","E","R","E","T","M","R","$","E","M","R","B",null,"M","M","$","M","?","E","?","E","T","E","R","T","$","M","R","B",null,"M","?","?","?","M","E","R","M","T","E","R","$","?","E","R","B","B",null,"R","$","E","B",null],"character_chosen":"IRONCLAD","items_purchased":["Inflame","Fire Potion","Red Skull","Orrery","Nunchaku","Swift Potion"],"campfire_rested":1,"item_purchase_floors":[2,2,20,30,46,54],"current_hp_per_floor":[67,67,72,67,67,67,67,66,66,64,64,64,66,72,72,35,65,57,57,57,53,53,45,45,31,31,37,37,37,37,26,50,54,77,83,81,71,71,71,74,74,83,83,78,78,78,86,92,92,80,89,99,99,99,100,102],"gold":71,"neow_bonus":"HUNDRED_GOLD","is_daily":false,"chose_seed":false,"campfire_upgraded":1,"win_rate":0.0,"timestamp":1610480846,"path_taken":["M","$","M","M","?","E","R","E","T","M","R","?","E","M","R","BOSS","M","?","$","M","?","E","?","E","T","E","R","?","$","M","R","BOSS","M","?","?","?","M","E","R","?","T","E","R","$","?","E","R","BOSS","BOSS","R","$","E","BOSS"],"items_purchased_type":["Card","Potion","Relic","Relic","Relic","Potion"],"build_version":"2020-12-22","purchased_purges":4,"victory":true,"max_hp_per_floor":[75,75,75,75,75,75,75,75,75,75,75,75,75,75,75,75,75,78,78,78,81,81,81,81,81,81,81,81,81,81,81,81,85,85,85,81,81,81,81,81,81,84,84,84,84,84,102,102,102,102,102,102,102,102,102,102],"relic_stats":{"Gremlin Horn":[21,21],"counters":[28,139],"Dead Branch":[295],"CeramicFish":18,"Pen Nib":[21],"PreservedInsect":367,"Letter Opener":[50],"Smiling Mask":175,"Cursed Key":0,"Boot":[4],"Burning Blood":162,"WarpedTongs":[127],"Centennial Puzzle":[54],"Nunchaku":[6],"Shovel":7,"Mummified Hand":[152],"Sundial":[16],"Shuriken":[15],"Bronze Scales":[183],"Pantograph":34,"obtain_stats":[{"Gremlin Horn":23,"CeramicFish":44,"Mango":47,"Smiling Mask":29,"Cursed Key":34,"Boot":45,"Burning Blood":0,"Centennial Puzzle":8,"Nunchaku":46,"Shovel":6,"Mummified Hand":13,"Sundial":15,"Pantograph":49,"Fusion Hammer":17,"Red Skull":20,"Potion Belt":25,"Dead Branch":28,"Pen Nib":11,"PreservedInsect":26,"Letter Opener":53,"Frozen Egg 2":9,"Akabeko":27,"WarpedTongs":5,"Shuriken":40,"Bronze Scales":48,"Orrery":30,"TungstenRod":41,"Toy Ornithopter":55},{"Gremlin Horn":13,"CeramicFish":22,"Mango":23,"Smiling Mask":15,"Cursed Key":17,"Boot":22,"Burning Blood":0,"Centennial Puzzle":5,"Nunchaku":22,"Shovel":4,"Mummified Hand":7,"Sundial":8,"Pantograph":24,"Fusion Hammer":9,"Red Skull":11,"Potion Belt":14,"Dead Branch":15,"Pen Nib":6,"PreservedInsect":14,"Letter Opener":26,"Frozen Egg 2":5,"Akabeko":15,"WarpedTongs":3,"Shuriken":20,"Bronze Scales":24,"Orrery":15,"TungstenRod":20,"Toy Ornithopter":27},{"Gremlin Horn":57,"CeramicFish":107,"Mango":111,"Smiling Mask":66,"Cursed Key":78,"Boot":107,"Burning Blood":0,"Centennial Puzzle":22,"Nunchaku":107,"Shovel":18,"Mummified Hand":28,"Sundial":31,"Pantograph":115,"Fusion Hammer":38,"Red Skull":44,"Potion Belt":61,"Dead Branch":66,"Pen Nib":25,"PreservedInsect":61,"Letter Opener":132,"Frozen Egg 2":22,"Akabeko":66,"WarpedTongs":12,"Shuriken":97,"Bronze Scales":115,"Orrery":66,"TungstenRod":97,"Toy Ornithopter":133}],"TungstenRod":19,"Toy Ornithopter":5},"card_choices":[{"not_picked":["Clash","Rupture"],"picked":"Evolve","floor":1.0},{"not_picked":["Bloodletting","Sentinel"],"picked":"Fire Breathing","floor":3.0},{"not_picked":["Thunderclap","Wild Strike"],"picked":"Anger","floor":4.0},{"not_picked":["Juggernaut","Body Slam","Thunderclap"],"picked":"SKIP","floor":6.0},{"not_picked":["Clash","Wild Strike","Iron Wave"],"picked":"SKIP","floor":8.0},{"not_picked":["Clash","Wild Strike","Iron Wave"],"picked":"SKIP","floor":8.0},{"not_picked":["Dropkick","Shrug It Off"],"picked":"Feel No Pain+1","floor":10.0},{"not_picked":["Entrench","Intimidate","Pummel"],"picked":"SKIP","floor":13.0},{"not_picked":["Entrench","Intimidate","Pummel"],"picked":"SKIP","floor":13.0},{"not_picked":["Entrench","Intimidate","Pummel"],"picked":"SKIP","floor":13.0},{"not_picked":["Seeing Red","Dual Wield","Hemokinesis"],"picked":"SKIP","floor":14.0},{"not_picked":["Fiend Fire","Brutality+1"],"picked":"Feed","floor":16.0},{"not_picked":["Sword Boomerang","Thunderclap"],"picked":"Twin Strike+1","floor":18.0},{"not_picked":["Clothesline","Warcry"],"picked":"Rupture+1","floor":19.0},{"not_picked":["Wild Strike","Armaments","Heavy Blade"],"picked":"SKIP","floor":21.0},{"not_picked":["Warcry","Anger"],"picked":"Barricade+1","floor":23.0},{"not_picked":["Rampage","Pommel Strike"],"picked":"Flame Barrier","floor":25.0},{"not_picked":["Bloodletting","True Grit","Searing Blow+1"],"picked":"SKIP","floor":27.0},{"not_picked":["True Grit","Dual Wield"],"picked":"Ghostly Armor","floor":30.0},{"not_picked":["Heavy Blade","Ghostly Armor"],"picked":"Feel No Pain+1","floor":30.0},{"not_picked":["Limit Break","Flex"],"picked":"Spot Weakness+1","floor":30.0},{"not_picked":["Warcry","Pommel Strike","Sever Soul"],"picked":"SKIP","floor":31.0},{"not_picked":["Exhume","Demon Form+1"],"picked":"Corruption+1","floor":33.0},{"not_picked":["Clash","Flex","Cleave"],"picked":"SKIP","floor":35.0},{"not_picked":["Panache+1","Sadistic Nature+1"],"picked":"Good Instincts","floor":37.0},{"not_picked":["Mind Blast","Mayhem+1"],"picked":"Good Instincts","floor":37.0},{"not_picked":["Finesse","The Bomb"],"picked":"Chrysalis","floor":37.0},{"not_picked":["True Grit","Sword Boomerang"],"picked":"Shockwave","floor":39.0},{"not_picked":["Searing Blow","Headbutt"],"picked":"Shockwave","floor":40.0},{"not_picked":["Heavy Blade","Havoc+1","Sword Boomerang"],"picked":"SKIP","floor":42.0},{"not_picked":["Exhume","Shrug It Off"],"picked":"Entrench","floor":44},{"not_picked":["Flame Barrier","True Grit"],"picked":"Entrench+1","floor":47},{"not_picked":["Searing Blow","Intimidate","Pommel Strike"],"picked":"SKIP","floor":48},{"not_picked":["Perfected Strike","Thunderclap","Anger+1"],"picked":"SKIP","floor":55}],"player_experience":20759855,"relics_obtained":[{"floor":6.0,"key":"Shovel"},{"floor":8.0,"key":"Centennial Puzzle"},{"floor":9.0,"key":"Frozen Egg 2"},{"floor":11.0,"key":"Pen Nib"},{"floor":13.0,"key":"Mummified Hand"},{"floor":15.0,"key":"Sundial"},{"floor":23.0,"key":"Gremlin Horn"},{"floor":25.0,"key":"Potion Belt"},{"floor":26.0,"key":"PreservedInsect"},{"floor":27.0,"key":"Akabeko"},{"floor":28.0,"key":"Dead Branch"},{"floor":29.0,"key":"Smiling Mask"},{"floor":40.0,"key":"Shuriken"},{"floor":41.0,"key":"TungstenRod"},{"floor":44,"key":"CeramicFish"},{"floor":45,"key":"Boot"},{"floor":47,"key":"Mango"},{"floor":48,"key":"Bronze Scales"},{"floor":49,"key":"Pantograph"},{"floor":53,"key":"Letter Opener"},{"floor":55,"key":"Toy Ornithopter"}],"event_choices":[{"damage_healed":0.0,"max_hp_gain":0.0,"max_hp_loss":0.0,"gold_gain":0.0,"event_name":"Accursed Blacksmith","player_choice":"Rummage","floor":5.0,"gold_loss":0.0,"damage_taken":0.0,"relics_obtained":["WarpedTongs"],"cards_obtained":["Pain"]},{"damage_healed":0.0,"max_hp_gain":0.0,"max_hp_loss":0.0,"gold_gain":0.0,"cards_transformed":["Strike_R","Strike_R"],"event_name":"Drug Dealer","player_choice":"Became Test Subject","floor":22.0,"gold_loss":0.0,"damage_taken":0.0,"cards_obtained":["Fiend Fire","Uppercut"]},{"damage_healed":0.0,"max_hp_gain":0.0,"max_hp_loss":0.0,"gold_gain":0.0,"event_name":"The Mausoleum","player_choice":"Ignored","floor":24.0,"gold_loss":0.0,"damage_taken":0.0},{"damage_healed":0.0,"max_hp_gain":0.0,"max_hp_loss":4.0,"gold_gain":0.0,"event_name":"Winding Halls","player_choice":"Max HP","floor":36.0,"gold_loss":0.0,"damage_taken":0.0},{"damage_healed":0.0,"max_hp_gain":0.0,"max_hp_loss":0.0,"gold_gain":0.0,"event_name":"SensoryStone","player_choice":"Memory 3","floor":37.0,"gold_loss":0.0,"damage_taken":10.0},{"damage_healed":0.0,"max_hp_gain":0.0,"max_hp_loss":0.0,"gold_gain":0.0,"event_name":"Tomb of Lord Red Mask","player_choice":"Ignored","floor":38.0,"gold_loss":0.0,"damage_taken":0.0},{"damage_healed":0,"gold_gain":0,"player_choice":"Fight","damage_taken":0,"max_hp_gain":0,"max_hp_loss":0,"event_name":"Mysterious Sphere","floor":47,"gold_loss":0}],"is_beta":false,"boss_relics":[{"not_picked":["Black Star","Coffee Dripper"],"picked":"Fusion Hammer"},{"not_picked":["Busted Crown","Runic Dome"],"picked":"Cursed Key"}],"items_purged_floors":[2,12,30,54],"is_endless":false,"potions_floor_spawned":[1,6,8,16,19,23,25,31,35,42,44],"ascension_level":20}}