{"host":"gg","time":1610422336,"event":{"mods":["BaseMod","Colored Map","Googly Eyes","Minty Spire (QoL Compilation)","Permanent Neow","Relic Stats","The IronCluck"],"gold_per_floor":[113,113,113,129,142,168,168,194,220,233,264,278,305,315,315,392,392,403,318,86,86,96,96,147,158,158,158,158,194,247,283,283,387,387,423,423,467,367,405,462,462,512,558,608,667,667,698,733,733,733,733],"floor_reached":50,"playtime":4330,"items_purged":["Defend_P","Defend_P"],"score":1541,"play_id":"1b75b2dc-30a8-4a0f-b491-a48c2c59ea5c","local_time":"20210111193215","is_ascension_mode":true,"campfire_choices":[{"data":"Eruption","floor":7.0,"key":"SMITH"},{"floor":15.0,"key":"REST"},{"data":"Ragnarok","floor":23.0,"key":"SMITH"},{"data":"WheelKick","floor":28.0,"key":"SMITH"},{"data":"CrushJoints","floor":32.0,"key":"SMITH"},{"floor":41.0,"key":"REST"},{"data":"TalkToTheHand","floor":46.0,"key":"SMITH"},{"floor":49,"key":"RECALL"}],"circlet_count":0,"master_deck":["AscendersBane","Strike_P","Strike_P","Strike_P","Strike_P","Defend_P","Defend_P","Eruption+1","Vigilance","JustLucky","CutThroughFate","Wallop","Tantrum","Halt","InnerPeace","Wireheading","WheelKick+1","CrushJoints+1","Ragnarok+1","EmptyFist","Wish","Weave","EmptyMind+1","Sanctity","Tantrum+1","BattleHymn","MasterReality","Enlightenment","Jack Of All Trades","FlurryOfBlows+1","Halt","TalkToTheHand+1","DevaForm+1","Protect+1","Fasting2+1"],"relics":["Philosopher\u0027s Stone","Akabeko","Potion Belt","Strawberry","Happy Flower","Thread and Needle","SacredBark","Mango","Mummified Hand","Gremlin Horn","Blood Vial","Black Star","Question Card","WingedGreaves","Toy Ornithopter","Vajra","Torii","Lizard Tail","Frozen Egg 2","Bottled Flame","Bottled Tornado","PreservedInsect","Lantern"],"acts_visited":["Exordium","TheCity","TheBeyond"],"potions_floor_usage":[50],"damage_taken":[{"damage":0.0,"enemies":"Small Slimes","floor":1.0,"turns":3.0},{"damage":3.0,"enemies":"Jaw Worm","floor":4.0,"turns":4.0},{"damage":7.0,"enemies":"Cultist","floor":5.0,"turns":3.0},{"damage":0.0,"enemies":"Gremlin Nob","floor":6.0,"turns":3.0},{"damage":0.0,"enemies":"Lagavulin","floor":8.0,"turns":2.0},{"damage":0.0,"enemies":"2 Fungi Beasts","floor":10.0,"turns":2.0},{"damage":27.0,"enemies":"3 Sentries","floor":11.0,"turns":5.0},{"damage":0.0,"enemies":"Exordium Wildlife","floor":12.0,"turns":2.0},{"damage":19.0,"enemies":"Gremlin Nob","floor":13.0,"turns":3.0},{"damage":0.0,"enemies":"Large Slime","floor":14.0,"turns":2.0},{"damage":9.0,"enemies":"The Guardian","floor":16.0,"turns":9.0},{"damage":0.0,"enemies":"Spheric Guardian","floor":18.0,"turns":1.0},{"damage":0.0,"enemies":"Chosen","floor":22.0,"turns":3.0},{"damage":3.0,"enemies":"Slavers","floor":24.0,"turns":5.0},{"damage":0.0,"enemies":"Sentry and Sphere","floor":25.0,"turns":2.0},{"damage":28.0,"enemies":"Snake Plant","floor":29.0,"turns":4.0},{"damage":12.0,"enemies":"Gremlin Leader","floor":30.0,"turns":4.0},{"damage":4.0,"enemies":"Cultist and Chosen","floor":31.0,"turns":3.0},{"damage":20.0,"enemies":"Automaton","floor":33.0,"turns":6.0},{"damage":0.0,"enemies":"3 Darklings","floor":35.0,"turns":4.0},{"damage":15.0,"enemies":"Orb Walker","floor":37.0,"turns":3.0},{"damage":27.0,"enemies":"Maw","floor":39.0,"turns":5.0},{"damage":34.0,"enemies":"Nemesis","floor":40.0,"turns":5.0},{"damage":2.0,"enemies":"Giant Head","floor":42.0,"turns":4.0},{"damage":9.0,"enemies":"Mind Bloom Boss Battle","floor":44.0,"turns":7.0},{"damage":14.0,"enemies":"Reptomancer","floor":45.0,"turns":5.0},{"damage":1.0,"enemies":"Giant Head","floor":47.0,"turns":5.0},{"damage":0,"enemies":"Reptomancer","floor":48,"turns":2},{"damage":74,"enemies":"Awakened One","floor":50,"turns":4}],"seed_played":"-5834461800745973946","potions_obtained":[{"floor":5.0,"key":"AttackPotion"},{"floor":6.0,"key":"PowerPotion"},{"floor":11.0,"key":"StancePotion"},{"floor":14.0,"key":"AttackPotion"},{"floor":16.0,"key":"DistilledChaos"},{"floor":18.0,"key":"Explosive Potion"},{"floor":24.0,"key":"Swift Potion"},{"floor":25.0,"key":"AttackPotion"},{"floor":31.0,"key":"BottledMiracle"},{"floor":39.0,"key":"DistilledChaos"},{"floor":40.0,"key":"Swift Potion"},{"floor":45.0,"key":"SteroidPotion"}],"is_trial":false,"path_per_floor":["M","?","?","M","M","E","R","E","T","M","E","M","E","M","R","B",null,"M","?","$","?","M","R","E","M","T","$","R","M","E","M","R","B",null,"M","?","M","$","M","E","R","E","T","?","E","R","E","E","R","B"],"character_chosen":"WATCHER","items_purchased":["Wish"],"campfire_rested":2,"item_purchase_floors":[20],"current_hp_per_floor":[61,61,66,63,56,56,56,56,63,63,36,36,17,17,41,32,68,68,82,82,82,82,82,79,79,79,79,79,51,39,37,37,19,75,77,72,59,59,34,2,30,30,30,23,11,11,12,14,14,0,0],"gold":733,"neow_bonus":"BOSS_RELIC","is_daily":false,"chose_seed":false,"campfire_upgraded":5,"win_rate":0.0,"timestamp":1610422335,"path_taken":["M","?","?","M","M","E","R","E","T","?","E","M","E","M","R","BOSS","M","?","$","?","M","R","E","M","T","?","R","?","E","M","R","BOSS","M","?","M","$","M","E","R","E","T","?","E","R","E","E","R","BOSS"],"items_purchased_type":["Card"],"build_version":"2020-12-18","purchased_purges":2,"victory":false,"max_hp_per_floor":[68,68,73,73,73,73,73,73,80,80,80,80,80,80,80,80,80,80,94,94,94,94,94,94,94,94,94,94,94,94,94,94,94,94,94,94,94,94,94,94,94,94,94,94,94,94,94,94,94,94,94],"relic_stats":{"Blood Vial":24,"Lizard Tail":47,"Happy Flower":[29],"Gremlin Horn":[25,25],"Torii":2,"counters":[29,110],"Mummified Hand":[46],"PreservedInsect":0,"Black Star":5,"Question Card":5,"obtain_stats":[{"Potion Belt":8,"Lantern":48,"Happy Flower":11,"Gremlin Horn":26,"Torii":44,"SacredBark":17,"Vajra":42,"Thread and Needle":13,"Mango":19,"PreservedInsect":48,"Frozen Egg 2":45,"Bottled Tornado":47,"Question Card":40,"Akabeko":6,"Blood Vial":30,"Lizard Tail":45,"Bottled Flame":47,"Mummified Hand":24,"Strawberry":9,"Philosopher\u0027s Stone":0,"WingedGreaves":40,"Black Star":34,"PureWater":0,"Toy Ornithopter":42},{"Potion Belt":5,"Lantern":28,"Happy Flower":7,"Gremlin Horn":15,"Torii":25,"SacredBark":11,"Vajra":24,"Thread and Needle":9,"Mango":12,"PreservedInsect":28,"Frozen Egg 2":26,"Bottled Tornado":27,"Question Card":23,"Akabeko":4,"Blood Vial":17,"Lizard Tail":26,"Bottled Flame":27,"Mummified Hand":14,"Strawberry":5,"Philosopher\u0027s Stone":0,"WingedGreaves":23,"Black Star":19,"PureWater":0,"Toy Ornithopter":24},{"Potion Belt":15,"Lantern":106,"Happy Flower":22,"Gremlin Horn":49,"Torii":94,"SacredBark":38,"Vajra":87,"Thread and Needle":27,"Mango":39,"PreservedInsect":106,"Frozen Egg 2":99,"Bottled Tornado":104,"Question Card":83,"Akabeko":13,"Blood Vial":57,"Lizard Tail":99,"Bottled Flame":104,"Mummified Hand":47,"Strawberry":15,"Philosopher\u0027s Stone":0,"WingedGreaves":83,"Black Star":66,"PureWater":0,"Toy Ornithopter":87}],"Toy Ornithopter":5},"card_choices":[{"not_picked":["Vengeance","Crescendo"],"picked":"JustLucky","floor":1.0},{"not_picked":["PathToVictory","ReachHeaven"],"picked":"CutThroughFate","floor":4.0},{"not_picked":["CrushJoints","Crescendo"],"picked":"Wallop","floor":5.0},{"not_picked":["CarveReality","ThirdEye"],"picked":"Tantrum","floor":6.0},{"not_picked":["JustLucky","Crescendo"],"picked":"Halt","floor":8.0},{"not_picked":["SpiritShield","ClearTheMind"],"picked":"InnerPeace","floor":10.0},{"not_picked":["FlyingSleeves","Vengeance"],"picked":"Wireheading","floor":11.0},{"not_picked":["ReachHeaven","EmptyFist"],"picked":"WheelKick","floor":12.0},{"not_picked":["PathToVictory","Collect"],"picked":"CrushJoints","floor":13.0},{"not_picked":["ClearTheMind","Evaluate","CrushJoints"],"picked":"SKIP","floor":14.0},{"not_picked":["Brilliance","Establishment"],"picked":"Ragnarok","floor":16.0},{"not_picked":["Pray","CutThroughFate"],"picked":"EmptyFist","floor":18.0},{"not_picked":["Evaluate","Prostrate"],"picked":"Weave","floor":22.0},{"not_picked":["FollowUp","Prostrate","CarveReality"],"picked":"SKIP","floor":24.0},{"not_picked":["FearNoEvil","Evaluate"],"picked":"EmptyMind+1","floor":25.0},{"not_picked":["EmptyFist","ClearTheMind+1"],"picked":"Sanctity","floor":29.0},{"not_picked":["LikeWater","BowlingBash"],"picked":"Tantrum+1","floor":30.0},{"not_picked":["FollowUp","Wireheading"],"picked":"BattleHymn","floor":31.0},{"not_picked":["Devotion","ConjureBlade"],"picked":"MasterReality","floor":33.0},{"not_picked":["Tantrum+1","FollowUp","Crescendo"],"picked":"SKIP","floor":35.0},{"not_picked":["Violence","Panacea"],"picked":"Enlightenment","floor":36.0},{"not_picked":["Metamorphosis","Magnetism"],"picked":"Jack Of All Trades","floor":36.0},{"not_picked":["FollowUp","JustLucky","Crescendo+1"],"picked":"SKIP","floor":37.0},{"not_picked":["Consecrate","Evaluate"],"picked":"FlurryOfBlows+1","floor":39.0},{"not_picked":["ClearTheMind","Crescendo","Alpha"],"picked":"SKIP","floor":40.0},{"not_picked":["WreathOfFlame+1","Fasting2","WheelKick+1"],"picked":"Halt","floor":42.0},{"not_picked":["ThirdEye","Evaluate","Protect"],"picked":"TalkToTheHand","floor":44.0},{"not_picked":["FlyingSleeves","WindmillStrike","Perseverance"],"picked":"DevaForm+1","floor":45.0},{"not_picked":["Pray","Swivel","FlyingSleeves+1"],"picked":"Protect+1","floor":47.0},{"not_picked":["ForeignInfluence","FlurryOfBlows","JustLucky"],"picked":"Fasting2+1","floor":48}],"player_experience":1169488,"relics_obtained":[{"floor":6.0,"key":"Akabeko"},{"floor":8.0,"key":"Potion Belt"},{"floor":9.0,"key":"Strawberry"},{"floor":11.0,"key":"Happy Flower"},{"floor":13.0,"key":"Thread and Needle"},{"floor":24.0,"key":"Mummified Hand"},{"floor":26.0,"key":"Gremlin Horn"},{"floor":30.0,"key":"Blood Vial"},{"floor":40.0,"key":"Question Card"},{"floor":40.0,"key":"WingedGreaves"},{"floor":42.0,"key":"Toy Ornithopter"},{"floor":42.0,"key":"Vajra"},{"floor":44.0,"key":"Torii"},{"floor":45.0,"key":"Lizard Tail"},{"floor":45.0,"key":"Frozen Egg 2"},{"floor":47.0,"key":"Bottled Flame"},{"floor":47.0,"key":"Bottled Tornado"},{"floor":48,"key":"PreservedInsect"},{"floor":48,"key":"Lantern"}],"event_choices":[{"damage_healed":0.0,"max_hp_gain":0.0,"max_hp_loss":0.0,"gold_gain":0.0,"event_name":"Liars Game","player_choice":"Ignored","floor":2.0,"gold_loss":0.0,"damage_taken":0.0},{"damage_healed":0.0,"max_hp_gain":5.0,"max_hp_loss":0.0,"gold_gain":0.0,"event_name":"Big Fish","player_choice":"Donut","floor":3.0,"gold_loss":0.0,"damage_taken":0.0},{"damage_healed":0.0,"max_hp_gain":0.0,"max_hp_loss":0.0,"gold_gain":0.0,"event_name":"Addict","player_choice":"Obtained Relic","floor":19.0,"gold_loss":85.0,"damage_taken":0.0,"relics_obtained":["Mango"]},{"damage_healed":0.0,"max_hp_gain":0.0,"max_hp_loss":0.0,"gold_gain":0.0,"event_name":"The Mausoleum","player_choice":"Ignored","floor":21.0,"gold_loss":0.0,"damage_taken":0.0},{"damage_healed":0.0,"max_hp_gain":0.0,"max_hp_loss":0.0,"gold_gain":0.0,"event_name":"SensoryStone","player_choice":"Memory 2","floor":36.0,"gold_loss":0.0,"damage_taken":5.0},{"damage_healed":0.0,"max_hp_gain":0.0,"max_hp_loss":0.0,"gold_gain":0.0,"event_name":"MindBloom","player_choice":"Fight","floor":44.0,"gold_loss":0.0,"damage_taken":0.0}],"is_beta":true,"boss_relics":[{"not_picked":["Coffee Dripper","Ectoplasm"],"picked":"SacredBark"},{"not_picked":["Calling Bell","Runic Dome"],"picked":"Black Star"}],"items_purged_floors":[20,38],"is_endless":false,"potions_floor_spawned":[5,6,11,14,16,18,24,25,31,39,40,45],"killed_by":"Awakened One","ascension_level":20}}