{"host":"0jile2yd1dg679g0","time":1610416577,"event":{"mods":["AchievementEnabler","Act Like it!","BaseMod","Better Third Choice","Colored Map","Colored Powertips","Gensokyo","Hermit","Luminous","Marisa????????","Minty Spire (QoL Compilation)","Random Character Button","Spicy Shops","StSLib","The Servant 0.9.4","Transform Curses","Waifu the Spire"],"gold_per_floor":[116,116,126,126,140,170,170,204,285,47,47,47,47],"floor_reached":12,"playtime":717,"items_purged":[],"score":108,"play_id":"b2afa2e2-2d9a-477a-8850-dea2dc4b3271","local_time":"20210111205617","is_ascension_mode":true,"campfire_choices":[{"floor":7,"key":"REST"}],"circlet_count":0,"master_deck":["Strike_B","Strike_B","Strike_B+1","Strike_B","Defend_B","Defend_B","Defend_B","Zap","Dualcast","Biased Cognition","Conserve Battery","Ball Lightning+1","Recycle","Defragment","Auto Shields","Redo"],"relics":["Cracked Core","Peace Pipe","Oddly Smooth Stone","Ornamental Fan","Matryoshka"],"acts_visited":["Exordium"],"potions_floor_usage":[8,12],"damage_taken":[{"damage":7.0,"enemies":"Jaw Worm","floor":1.0,"turns":2.0},{"damage":5.0,"enemies":"Small Slimes","floor":3.0,"turns":3.0},{"damage":6,"enemies":"2 Louse","floor":5,"turns":2},{"damage":43,"enemies":"3 Sentries","floor":6,"turns":5},{"damage":16,"enemies":"Gremlin Nob","floor":8,"turns":3},{"damage":9,"enemies":"3 Sentries","floor":12,"turns":2}],"seed_played":"115820977784669006","potions_obtained":[{"floor":1.0,"key":"DuplicationPotion"},{"floor":5,"key":"GamblersBrew"},{"floor":6,"key":"PowerPotion"}],"is_trial":false,"path_per_floor":["M","$","M","?","M","E","R","E","T","$","?","E"],"character_chosen":"DEFECT","items_purchased":["Matryoshka"],"campfire_rested":1,"item_purchase_floors":[10],"current_hp_per_floor":[68,68,63,63,57,14,36,20,20,20,5,0,0],"gold":47,"neow_bonus":"ONE_RANDOM_RARE_CARD","is_daily":false,"chose_seed":false,"campfire_upgraded":0,"win_rate":0.0,"timestamp":1610416577,"path_taken":["M","$","M","?","M","E","R","E","T","$","?","E"],"items_purchased_type":["Relic"],"build_version":"2020-12-22","purchased_purges":0,"victory":false,"max_hp_per_floor":[75,75,75,75,75,75,75,75,75,75,75,75,75],"card_choices":[{"not_picked":["Stack","Compile Driver"],"picked":"Conserve Battery","floor":1.0},{"not_picked":["Glacier","Undo"],"picked":"Ball Lightning","floor":3.0},{"not_picked":["Go for the Eyes","Beam Cell"],"picked":"Defragment","floor":5},{"not_picked":["Rip and Tear","Capacitor"],"picked":"Auto Shields","floor":6},{"not_picked":["Hologram","Chaos"],"picked":"Redo","floor":8}],"player_experience":274546,"relics_obtained":[{"floor":6,"key":"Peace Pipe"},{"floor":8,"key":"Oddly Smooth Stone"},{"floor":9,"key":"Ornamental Fan"}],"event_choices":[{"damage_healed":0,"gold_gain":0,"cards_transformed":["Defend_B"],"player_choice":"Change","damage_taken":0,"max_hp_gain":0,"max_hp_loss":0,"event_name":"Living Wall","floor":4,"gold_loss":0,"cards_obtained":["Recycle"]},{"damage_healed":20,"gold_gain":0,"player_choice":"Upgrade","damage_taken":15,"max_hp_gain":0,"max_hp_loss":75,"event_name":"betterThird:BetterShining","floor":11,"gold_loss":0,"cards_upgraded":["Strike_B","Ball Lightning"]}],"is_beta":false,"boss_relics":[],"items_purged_floors":[],"is_endless":false,"potions_floor_spawned":[1,5,6],"killed_by":"3 Sentries","ascension_level":5}}