{"host":"Qube","time":1610487207,"event":{"mods":["AchievementEnabler","BaseMod","Colored Map","Colored Powertips","Minty Spire (QoL Compilation)","Quick Restart","Random Character Button","StSLib"],"gold_per_floor":[112,112,112,122,141,173,173,192,192,208,208,208],"floor_reached":11,"language":"ENG","playtime":395,"items_purged":[],"score":146,"play_id":"11715a0e-95eb-42b5-a088-7fe9dc793fae","local_time":"20210112133327","is_ascension_mode":true,"campfire_choices":[{"data":"Feel No Pain","floor":7,"key":"SMITH"}],"circlet_count":0,"master_deck":["AscendersBane","Strike_R","Strike_R","Strike_R","Strike_R+1","Defend_R","Defend_R","Defend_R","Defend_R","Bash","Twin Strike+1","Anger","Wild Strike","Feel No Pain+1","Perfected Strike","Uppercut"],"relics":["Burning Blood","NeowsBlessing","Girya","Gambling Chip"],"acts_visited":["Exordium"],"potions_floor_usage":[11],"damage_taken":[{"damage":0.0,"enemies":"Small Slimes","floor":1.0,"turns":1.0},{"damage":0.0,"enemies":"2 Louse","floor":4.0,"turns":1.0},{"damage":0.0,"enemies":"Cultist","floor":5.0,"turns":1.0},{"damage":30,"enemies":"Lagavulin","floor":6,"turns":5},{"damage":20,"enemies":"Gremlin Gang","floor":8,"turns":6},{"damage":7,"enemies":"Red Slaver","floor":10,"turns":5},{"damage":24,"enemies":"3 Sentries","floor":11,"turns":6}],"seed_played":"3333119835207317087","potions_obtained":[{"floor":5.0,"key":"Ancient Potion"},{"floor":10,"key":"EssenceOfSteel"}],"is_trial":false,"path_per_floor":["M","?","?","M","M","E","R","M","T","M","E"],"character_chosen":"IRONCLAD","items_purchased":[],"campfire_rested":0,"item_purchase_floors":[],"current_hp_per_floor":[74,51,51,57,63,39,39,25,25,24,0,0],"gold":208,"neow_bonus":"THREE_ENEMY_KILL","is_daily":false,"chose_seed":false,"campfire_upgraded":1,"win_rate":0.0,"timestamp":1610487207,"path_taken":["M","?","?","M","?","E","R","M","T","?","E"],"items_purchased_type":[],"build_version":"2020-12-18","purchased_purges":0,"victory":false,"max_hp_per_floor":[75,75,75,75,75,75,75,75,75,75,75,75],"card_choices":[{"not_picked":["Dual Wield","Second Wind"],"picked":"Twin Strike","floor":1.0},{"not_picked":["Blood for Blood","Second Wind"],"picked":"Anger","floor":4.0},{"not_picked":["Heavy Blade","Iron Wave"],"picked":"Wild Strike","floor":5.0},{"not_picked":["Hemokinesis","Pummel"],"picked":"Feel No Pain","floor":6},{"not_picked":["Pommel Strike","Sword Boomerang"],"picked":"Perfected Strike","floor":8},{"not_picked":["Cleave","Wild Strike"],"picked":"Uppercut","floor":10}],"player_experience":872936,"relics_obtained":[{"floor":6,"key":"Girya"},{"floor":9,"key":"Gambling Chip"}],"event_choices":[{"damage_healed":0.0,"max_hp_gain":0.0,"max_hp_loss":0.0,"gold_gain":0.0,"event_name":"Shining Light","player_choice":"Entered Light","floor":2.0,"gold_loss":0.0,"damage_taken":23.0,"cards_upgraded":["Twin Strike","Strike_R"]},{"cards_removed":["Strike_R"],"damage_healed":0.0,"max_hp_gain":0.0,"max_hp_loss":0.0,"gold_gain":0.0,"event_name":"Purifier","player_choice":"Purged","floor":3.0,"gold_loss":0.0,"damage_taken":0.0}],"is_beta":true,"boss_relics":[],"items_purged_floors":[],"is_endless":false,"potions_floor_spawned":[5,10],"killed_by":"3 Sentries","ascension_level":19}}