{"host":"lzzv50t0ea3gz1kk","time":1610468196,"event":{"mods":["Act Like it!","BaseMod","Downfall","Gensokyo","Hallownest","Hermit","Marisa£®ÏF”Í°°ƒß¿Ì…≥£©","Minty Spire (QoL Compilation)","Replay The Spire","StSLib","The Animator","The Bug Knight","The Marked"],"gold_per_floor":[112,132,132,207,67,67,87,107,131,131,144,144,144,164,164,260,260,276,276,82,82,99,133,149,149,176,194,194,208,208,220,220,318,318,337,297,310,328,340,340,366,213,213,213,231,231,231],"floor_reached":46,"playtime":9745,"items_purged":[],"score":489,"play_id":"71b71cab-7dc3-4676-89b9-71739952b0fb","local_time":"20210113001636","is_ascension_mode":false,"campfire_choices":[{"data":"theMarked:TakeOffHeels","floor":6.0,"key":"SMITH"},{"data":"theMarked:BindingBlade","floor":10.0,"key":"SMITH"},{"data":"theMarked:SoldierOfQuellstein","floor":13.0,"key":"SMITH"},{"floor":15.0,"key":"REST"},{"data":"theMarked:Challenge","floor":25.0,"key":"SMITH"},{"data":"theMarked:SuspiciousRaven","floor":32.0,"key":"SMITH"},{"floor":40.0,"key":"REST"}],"circlet_count":0,"master_deck":["theMarked:Strike+1","theMarked:Strike","theMarked:Strike+1","theMarked:Strike+1","theMarked:Strike","theMarked:Defend","theMarked:Defend","theMarked:Defend","theMarked:Defend+1","theMarked:SoldierOfQuellstein+1","theMarked:BindingBlade+1","theMarked:WardOff","theMarked:TakeOffHeels+1","theMarked:Parkour","theMarked:BanishingStrike","theMarked:Challenge+1","theMarked:EmpowerWeapon+1","theMarked:WardOff+1","theMarked:SuspiciousRaven+1","theMarked:EnhanceMovement+1","theMarked:ComboAttacks+1","theMarked:Overcharge+1"],"relics":["theMarked:ArtifactOfAir","Replay:Baseball","Philosopher\u0027s Stone","Oddly Smooth Stone","Dead Branch","Boot","Ring of Chaos","Pondfish Scales","Membership Card","Ancient Tea Set"],"acts_visited":["Exordium","TheCity","TheBeyond"],"potions_floor_usage":[],"damage_taken":[{"damage":0.0,"enemies":"2 Louse","floor":1.0,"turns":2.0},{"damage":0.0,"enemies":"Cultist","floor":2.0,"turns":5.0},{"damage":0.0,"enemies":"Small Slimes","floor":7.0,"turns":2.0},{"damage":0.0,"enemies":"Exordium Wildlife","floor":8.0,"turns":3.0},{"damage":0.0,"enemies":"Lots of Slimes","floor":11.0,"turns":3.0},{"damage":0.0,"enemies":"2 Fungi Beasts","floor":14.0,"turns":2.0},{"damage":17.0,"enemies":"Fading Forest","floor":16.0,"turns":11.0},{"damage":7.0,"enemies":"2 Thieves","floor":18.0,"turns":3.0},{"damage":1.0,"enemies":"3 Cultists","floor":22.0,"turns":6.0},{"damage":0.0,"enemies":"Replay:Snechameleon","floor":23.0,"turns":4.0},{"damage":2.0,"enemies":"Snecko","floor":24.0,"turns":5.0},{"damage":0.0,"enemies":"Centurion and Healer","floor":27.0,"turns":4.0},{"damage":9.0,"enemies":"3 Cultists","floor":29.0,"turns":5.0},{"damage":0.0,"enemies":"Cultist and Chosen","floor":31.0,"turns":5.0},{"damage":20.0,"enemies":"Collector","floor":33.0,"turns":6.0},{"damage":0.0,"enemies":"3 Shapes","floor":35.0,"turns":4.0},{"damage":14.0,"enemies":"3 Darklings","floor":37.0,"turns":6.0},{"damage":5.0,"enemies":"Jaw Worm Horde","floor":38.0,"turns":4.0},{"damage":0.0,"enemies":"Maw","floor":39.0,"turns":6.0},{"damage":38.0,"enemies":"Nemesis","floor":41.0,"turns":6.0},{"damage":15.0,"enemies":"Sphere and 2 Shapes","floor":45.0,"turns":4.0},{"damage":86,"enemies":"Transient","floor":46,"turns":5}],"seed_played":"9199952928235152322","potions_obtained":[{"floor":7.0,"key":"ColorlessPotion"},{"floor":11.0,"key":"AttackPotion"},{"floor":14.0,"key":"SpeedPotion"},{"floor":16.0,"key":"Fire Potion"},{"floor":23.0,"key":"Explosive Potion"},{"floor":45.0,"key":"SteroidPotion"}],"is_trial":false,"path_per_floor":["M","M","$","?","$","R","M","M","T","R","M","?","R","M","R","B",null,"M","?","$","?","M","E","M","R","T","M","?","M","$","M","R","B",null,"M","?","M","M","M","R","E","$","T","?","M","M"],"character_chosen":"THE_DEFAULT","items_purchased":["theMarked:TakeOffHeels","Oddly Smooth Stone","Fire Potion","Membership Card"],"campfire_rested":2,"item_purchase_floors":[5,20,20,42],"current_hp_per_floor":[70,70,70,59,59,59,59,59,59,59,59,45,45,45,66,49,70,63,63,63,63,62,62,60,60,60,60,60,51,51,51,51,31,70,70,70,56,51,51,70,32,32,32,32,17,0,0],"gold":231,"neow_bonus":"ONE_RANDOM_RARE_CARD","is_daily":false,"chose_seed":false,"campfire_upgraded":5,"win_rate":0.0,"timestamp":1610468196,"path_taken":["M","M","$","?","$","R","M","M","T","R","M","?","R","M","R","BOSS","M","?","$","?","M","E","?","R","T","M","?","M","?","M","R","BOSS","M","?","M","M","?","R","E","$","T","?","M","?"],"items_purchased_type":["Card","Relic","Potion","Relic"],"build_version":"2020-12-22","purchased_purges":0,"victory":false,"max_hp_per_floor":[70,70,70,70,70,70,70,70,70,70,70,70,70,70,70,70,70,70,70,70,70,70,70,70,70,70,70,70,70,70,70,70,70,70,70,70,70,70,70,70,70,70,70,70,70,70,70],"card_choices":[{"not_picked":["theMarked:Frustration","theMarked:ChainLightning"],"picked":"theMarked:WardOff","floor":1.0},{"not_picked":["theMarked:RepellingDischarge","theMarked:ResourceFulStrike","theMarked:ChainLightning"],"picked":"SKIP","floor":2.0},{"not_picked":["theMarked:ShockingTouch","theMarked:Frustration"],"picked":"theMarked:Parkour","floor":7.0},{"not_picked":["theMarked:RepellingDischarge","theMarked:SelfDefenseTraining"],"picked":"theMarked:BanishingStrike","floor":8.0},{"not_picked":["theMarked:ChainLightning","theMarked:HeritageOfTheMarked","theMarked:EnhanceMovement"],"picked":"SKIP","floor":11.0},{"not_picked":["theMarked:Static","theMarked:SwordAndMagic","theMarked:WardOff"],"picked":"SKIP","floor":14.0},{"not_picked":["theMarked:MuscleMemory","theMarked:TakeOffHeels"],"picked":"theMarked:Challenge","floor":16.0},{"not_picked":["theMarked:SwordAndMagic","theMarked:Electrify","theMarked:Aftermath"],"picked":"SKIP","floor":18.0},{"not_picked":["theMarked:Overcharge","theMarked:Static"],"picked":"theMarked:EmpowerWeapon+1","floor":22.0},{"not_picked":["theMarked:Polarize+1","theMarked:Parry","theMarked:DispelDoubt"],"picked":"SKIP","floor":23.0},{"not_picked":["theMarked:SwordAndMagic","theMarked:Improvise","theMarked:Parkour"],"picked":"SKIP","floor":24.0},{"not_picked":["theMarked:BanishingStrike","theMarked:ElectricStrings"],"picked":"theMarked:WardOff+1","floor":27.0},{"not_picked":["theMarked:WastefulAttack","theMarked:ComboAttacks"],"picked":"theMarked:EnhanceMovement+1","floor":29.0},{"not_picked":["theMarked:Static","theMarked:ChannelForce","theMarked:TakeCover"],"picked":"SKIP","floor":31.0},{"not_picked":["theMarked:ResourceFulStrike+1","theMarked:ElementalBlade"],"picked":"theMarked:ComboAttacks+1","floor":35.0},{"not_picked":["theMarked:SelfDefenseTraining+1","theMarked:RepellingDischarge","theMarked:EnhanceMovement"],"picked":"SKIP","floor":37.0},{"not_picked":["theMarked:TwofoldDefense","theMarked:WastefulDefense+1","theMarked:ChainLightning"],"picked":"SKIP","floor":38.0},{"not_picked":["theMarked:Convert+1","theMarked:Improvise","theMarked:WardOff"],"picked":"SKIP","floor":39.0},{"not_picked":["theMarked:Indomitable","theMarked:Frustration","theMarked:DeterminationOfTheMarked"],"picked":"SKIP","floor":41.0},{"not_picked":["theMarked:Snap","theMarked:BanishingStrike+1"],"picked":"theMarked:Overcharge+1","floor":45.0}],"player_experience":399861,"relics_obtained":[{"floor":9.0,"key":"Replay:Baseball"},{"floor":23.0,"key":"Dead Branch"},{"floor":26.0,"key":"Boot"},{"floor":41.0,"key":"Pondfish Scales"},{"floor":43.0,"key":"Ancient Tea Set"}],"event_choices":[{"damage_healed":0.0,"max_hp_gain":0.0,"max_hp_loss":0.0,"gold_gain":75.0,"event_name":"World of Goop","player_choice":"Gather Gold","floor":4.0,"gold_loss":0.0,"damage_taken":11.0},{"damage_healed":0.0,"max_hp_gain":0.0,"max_hp_loss":0.0,"gold_gain":0.0,"event_name":"Shining Light","player_choice":"Entered Light","floor":12.0,"gold_loss":0.0,"damage_taken":14.0,"cards_upgraded":["theMarked:Defend","theMarked:Strike"]},{"damage_healed":0.0,"max_hp_gain":0.0,"max_hp_loss":0.0,"gold_gain":0.0,"event_name":"The Woman in Blue","player_choice":"Bought 0 Potions","floor":21.0,"gold_loss":0.0,"damage_taken":0.0},{"damage_healed":0.0,"max_hp_gain":0.0,"max_hp_loss":0.0,"gold_gain":0.0,"event_name":"The Library","player_choice":"Read","floor":28.0,"gold_loss":0.0,"damage_taken":0.0,"cards_obtained":["theMarked:SuspiciousRaven"]},{"damage_healed":0.0,"max_hp_gain":0.0,"max_hp_loss":0.0,"gold_gain":0.0,"event_name":"Designer","player_choice":"Upgraded Two","floor":36.0,"gold_loss":40.0,"damage_taken":0.0,"cards_upgraded":["theMarked:Strike","theMarked:Strike"]},{"damage_healed":0.0,"max_hp_gain":0.0,"max_hp_loss":0.0,"gold_gain":0.0,"event_name":"Match and Keep!","player_choice":"0 cards matched","floor":44.0,"gold_loss":0.0,"damage_taken":0.0,"cards_obtained":[]}],"is_beta":false,"boss_relics":[{"not_picked":["Runic Dome","Replay:Bronze Core"],"picked":"Philosopher\u0027s Stone"},{"not_picked":["Black Star","Runic Pyramid"],"picked":"Ring of Chaos"}],"items_purged_floors":[],"is_endless":false,"potions_floor_spawned":[7,11,14,16,23,29,31,45],"killed_by":"Transient","ascension_level":0}}