{"host":"ekyl8r8j8fco3zlk","time":1610462853,"event":{"mods":["ATMod(∞¢Ë™Mod)","Act Like it!","Arknights The Spire","BaseMod","CapriCore","Friendly Minions","Gensokyo","Hallownest","Luminous","Marisa£®ÏF”Í°°ƒß¿Ì…≥£©","Minty Spire (QoL Compilation)","READ ME - Guardian Mod","Rare Cards Sparkle","Reimu£®≤©¿ˆ¡È√Œ£©","StSLib","The Alterego","The Bug Knight","The Immortal","The Jungle","Waifu the Spire","WarShipGirlsR/’ΩΩ¢…Ÿ≈ÆR mod","°æ“≈ŒÔø®≈∆°øREMEMod"],"gold_per_floor":[112,187,187,187,208,208,279,279,279,294,294,324,379,379,379,499,499,518,518,518,541,559,559,559,559,585,629,544,34,49,69,69,69,69],"floor_reached":33,"playtime":1187,"items_purged":[],"score":286,"play_id":"1288792f-319a-42fc-9e51-30442bc6e8f0","local_time":"20210112224733","is_ascension_mode":false,"campfire_choices":[{"data":"rmod:basicallowance","floor":6,"key":"SMITH"},{"floor":8,"key":"REST"},{"data":"rmod:diamondstrike","floor":11,"key":"SMITH"},{"data":"rmod:ammunitionsupply","floor":15,"key":"SMITH"},{"data":"rmod:saltedfish","floor":23,"key":"SMITH"},{"floor":25,"key":"REST"},{"floor":32,"key":"REST"}],"circlet_count":0,"master_deck":["rmod:strick","rmod:strick","rmod:strick","rmod:strick","rmod:defend","rmod:defend","rmod:defend","rmod:defend","rmod:basicallowance+1","rmod:maingunfire","AT_DivineConfetti","rmod:fletcher","REME_TheoryOfElimination","rmod:diamondstrike+1","rmod:aviationdawn","rmod:supportescort","rmod:fletcherpendant","rmod:selfconfidence","rmod:victimresponsibility","rmod:combined","rmod:ammunitionsupply+1","rmod:victimresponsibility","rmod:saltedfish+1","rmod:sl","rmod:fletcherpendant","rmod:aggressivemary+1","rmod:aluminumsupply"],"relics":["rmod:firstchargereward","AT_ATBox","REME_ComplimentaryCards","Golden Idol","REME_HandOfSuture","Gremlin Horn","Busted Crown","Mastiff:ReiMu","AT_RabadonDeathcap","Toy Ornithopter","MealTicket","TentaclePot:ReiMu","Boot"],"acts_visited":["Exordium","TheCity"],"potions_floor_usage":[7,16,27,33,33],"damage_taken":[{"damage":2,"enemies":"2 Louse","floor":1,"turns":3},{"damage":7,"enemies":"Small Slimes","floor":5,"turns":2},{"damage":22,"enemies":"3 Sentries","floor":7,"turns":8},{"damage":0,"enemies":"Jaw Worm","floor":10,"turns":1},{"damage":36,"enemies":"Hexaghost","floor":16,"turns":11},{"damage":10,"enemies":"Chosen","floor":18,"turns":3},{"damage":12,"enemies":"Shell Parasite","floor":21,"turns":2},{"damage":34,"enemies":"Snake Plant","floor":22,"turns":4},{"damage":22,"enemies":"Gremlin Leader","floor":27,"turns":4},{"damage":0,"enemies":"Cultist and Chosen","floor":30,"turns":4},{"damage":5,"enemies":"Chosen and Byrds","floor":31,"turns":2},{"damage":49,"enemies":"Champ","floor":33,"turns":8}],"seed_played":"5285449169067811888","potions_obtained":[{"floor":5,"key":"REME_GoldPotion"},{"floor":10,"key":"Block Potion"},{"floor":18,"key":"Dexterity Potion"},{"floor":27,"key":"PowerPotion"},{"floor":31,"key":"EssenceOfSteel"}],"is_trial":false,"path_per_floor":["M","?","?","?","M","R","E","R","T","M","R","?","?","?","R","B",null,"M","?","?","M","M","R","?","R","T","E","?","$","M","M","R","B"],"character_chosen":"PRAEFECT","items_purchased":["MealTicket","TentaclePot:ReiMu","Boot","rmod:fletcherpendant"],"campfire_rested":3,"item_purchase_floors":[29,29,29,29],"current_hp_per_floor":[73,62,44,44,37,37,15,37,37,37,37,37,37,37,37,1,75,65,65,65,53,19,19,19,41,41,19,19,19,19,14,36,0,0],"gold":69,"neow_bonus":"RANDOM_COLORLESS","is_daily":false,"chose_seed":false,"campfire_upgraded":4,"win_rate":0.0,"timestamp":1610462853,"path_taken":["M","?","?","?","M","R","E","R","T","M","R","?","?","?","R","BOSS","M","?","?","?","M","R","?","R","T","E","?","?","M","M","R","BOSS"],"items_purchased_type":["Relic","Relic","Relic","Card"],"build_version":"2020-12-22","purchased_purges":0,"victory":false,"max_hp_per_floor":[75,75,75,75,75,75,75,75,75,75,75,75,75,75,75,75,75,75,75,75,75,75,75,75,75,75,75,75,75,75,75,75,75,75],"card_choices":[{"not_picked":["Forethought","Purity"],"picked":"REME_TheoryOfElimination","floor":0},{"not_picked":["rmod:aluminumsupply","rmod:victimresponsibility"],"picked":"rmod:diamondstrike","floor":1},{"not_picked":["rmod:highspeedshooting","rmod:gendarmerie"],"picked":"rmod:aviationdawn","floor":5},{"not_picked":["rmod:launchingtorpedo","rmod:combined"],"picked":"rmod:supportescort","floor":7},{"not_picked":["rmod:intelligenceanalysis","rmod:u235"],"picked":"rmod:fletcherpendant","floor":10},{"not_picked":["rmod:supriseattacks","rmod:ridicule"],"picked":"rmod:saltedfish","floor":16},{"not_picked":["rmod:diamondstrike"],"picked":"SKIP","floor":18},{"not_picked":["rmod:aggressivemary"],"picked":"SKIP","floor":21},{"not_picked":["rmod:unsinkable"],"picked":"SKIP","floor":22},{"not_picked":[],"picked":"rmod:sl","floor":27},{"not_picked":[],"picked":"rmod:aggressivemary+1","floor":30},{"not_picked":[],"picked":"rmod:aluminumsupply","floor":31}],"player_experience":475569,"relics_obtained":[{"floor":7,"key":"REME_HandOfSuture"},{"floor":9,"key":"Gremlin Horn"},{"floor":26,"key":"Mastiff:ReiMu"},{"floor":27,"key":"AT_RabadonDeathcap"}],"event_choices":[{"damage_healed":0,"gold_gain":75,"player_choice":"Gather Gold","damage_taken":11,"max_hp_gain":0,"max_hp_loss":0,"event_name":"World of Goop","floor":2,"gold_loss":0},{"damage_healed":0,"gold_gain":0,"player_choice":"Take Damage","damage_taken":18,"relics_obtained":["Golden Idol"],"max_hp_gain":0,"max_hp_loss":0,"event_name":"Golden Idol","floor":3,"gold_loss":0},{"damage_healed":0,"gold_gain":0,"player_choice":"Ignored","damage_taken":0,"max_hp_gain":0,"max_hp_loss":0,"event_name":"Liars Game","floor":4,"gold_loss":0},{"damage_healed":0,"gold_gain":30,"player_choice":"Searched \u00272\u0027 times","damage_taken":0,"max_hp_gain":0,"max_hp_loss":0,"event_name":"Dead Adventurer","floor":12,"gold_loss":0},{"damage_healed":0,"gold_gain":55,"player_choice":"Gained Gold","damage_taken":0,"max_hp_gain":0,"max_hp_loss":0,"event_name":"Golden Wing","floor":13,"gold_loss":0},{"damage_healed":0,"gold_gain":0,"player_choice":"Ignored","damage_taken":0,"max_hp_gain":0,"max_hp_loss":0,"event_name":"Ghosts","floor":19,"gold_loss":0},{"damage_healed":0,"gold_gain":0,"player_choice":"0 cards matched","damage_taken":0,"max_hp_gain":0,"max_hp_loss":0,"event_name":"Match and Keep!","floor":20,"gold_loss":0,"cards_obtained":[]},{"damage_healed":0,"gold_gain":0,"player_choice":"Obtained Relic","damage_taken":0,"relics_obtained":["Toy Ornithopter"],"max_hp_gain":0,"max_hp_loss":0,"event_name":"Addict","floor":28,"gold_loss":85}],"is_beta":false,"boss_relics":[{"not_picked":["Fusion Hammer","Snecko Eye"],"picked":"Busted Crown"}],"items_purged_floors":[],"is_endless":false,"potions_floor_spawned":[5,10,18,27,31],"killed_by":"Champ","ascension_level":0}}