{"host":"ch0czqmvyp36vaf6","time":1610436805,"event":{"mods":["BaseMod","CapriCore","Friendly Minions","GungeonMod","Hermit","Highlight Path","Koishi","Lobotomy","Marisa£¨Ùöéë¡¡Øª×âÞÞ£©","Minty Spire (QoL Compilation)","Quick Restart","StSLib","The Animator","The Bug Knight","The Cursed","The Dragon Tamer","The Gatherer","The Hierophant","The Immortal","The Poker Player","The Runesmith"],"gold_per_floor":[276,276,44,61,61,92,92,43,43,43,63,82,104,122,122,231,231,254,169,190,290,310,310],"floor_reached":22,"playtime":916,"items_purged":["animator:Shimakaze"],"score":213,"play_id":"995c71ea-9d5b-4911-b6f5-881c5555dc0c","local_time":"20210112163325","is_ascension_mode":false,"campfire_choices":[{"data":"animator:PandorasActor","floor":7,"key":"SMITH"},{"data":"animator:Aqua","floor":10,"key":"SMITH"},{"data":"animator:MumenRider","floor":15,"key":"SMITH"}],"circlet_count":0,"master_deck":["animator:Strike_Kancolle","animator:Defend_Kancolle","animator:Strike","animator:Strike","animator:Strike","animator:Defend","animator:Defend","animator:Defend","animator:PandorasActor+1","animator:Mitsuba","animator:Aqua+1","animator:Shigure","animator:Yuuichirou","animator:Chung","animator:MumenRider+1","animator:Mitsuba","animator:MumenRider"],"relics":["animator:VividPicture","animator:TheMissingPiece","animator:PurgingStone","NeowsBlessing","PreservedInsect","Strange Spoon","DemoMod:ClearGuonStone","DemoMod:PinkGuonStone","Frozen Egg 2","DemoMod:GlassGuonStoneRelic"],"acts_visited":["Exordium","TheCity"],"potions_floor_usage":[16],"damage_taken":[{"damage":0,"enemies":"Jaw Worm","floor":1,"turns":1},{"damage":0,"enemies":"Cultist","floor":4,"turns":1},{"damage":0,"enemies":"3 Sentries","floor":6,"turns":1},{"damage":0,"enemies":"Small Slimes","floor":11,"turns":3},{"damage":0,"enemies":"Red Slaver","floor":12,"turns":3},{"damage":0,"enemies":"2 Fungi Beasts","floor":13,"turns":3},{"damage":0,"enemies":"3 Louse","floor":14,"turns":3},{"damage":47,"enemies":"Slime Boss","floor":16,"turns":16},{"damage":1,"enemies":"Shell Parasite","floor":18,"turns":8},{"damage":6,"enemies":"Spheric Guardian","floor":20,"turns":5},{"damage":9,"enemies":"Centurion and Healer","floor":22,"turns":9}],"seed_played":"4640029878428348861","potions_obtained":[{"floor":1,"key":"Strength Potion"},{"floor":6,"key":"Energy Potion"},{"floor":16,"key":"SkillPotion"},{"floor":20,"key":"FearPotion"}],"is_trial":false,"path_per_floor":["M","?","$","M","?","E","R","$","T","R","M","M","M","M","R","B",null,"M","?","M","?","M"],"character_chosen":"THE_ANIMATOR","items_purchased":["Strange Spoon","animator:Shigure"],"campfire_rested":0,"item_purchase_floors":[3,8],"current_hp_per_floor":[66,66,66,66,66,66,66,66,73,73,73,73,73,73,73,29,73,72,72,69,69,63,63],"gold":310,"neow_bonus":"THREE_ENEMY_KILL","is_daily":false,"chose_seed":false,"campfire_upgraded":3,"win_rate":0.0,"timestamp":1610436805,"path_taken":["M","?","?","M","?","E","R","$","T","R","?","M","M","M","R","BOSS","M","?","M","?","M"],"items_purchased_type":["Relic","Card"],"build_version":"2020-12-22","purchased_purges":1,"victory":false,"max_hp_per_floor":[66,66,66,66,66,66,66,66,73,73,73,73,73,73,73,73,73,73,73,73,73,73,73],"card_choices":[{"not_picked":["animator:OrikoMikuni","animator:Chris"],"picked":"animator:PandorasActor","floor":1},{"not_picked":["animator:Fredrika","animator:Priestess"],"picked":"animator:Mitsuba","floor":4},{"not_picked":["animator:WinryRockbell","animator:Tet"],"picked":"animator:Aqua","floor":6},{"not_picked":["animator:Shigure","animator:KrulTepes"],"picked":"animator:Yuuichirou","floor":11},{"not_picked":["animator:UneriGinkaku","animator:RinTohsaka"],"picked":"animator:Chung","floor":12},{"not_picked":["animator:Shalltear","animator:Laby","animator:KyokoSakura"],"picked":"SKIP","floor":13},{"not_picked":["animator:GuildGirl","animator:Tet"],"picked":"animator:MumenRider","floor":14},{"not_picked":["animator:Yuuichirou","animator:Shigure"],"picked":"animator:Mitsuba","floor":18},{"not_picked":["animator:Spearman","animator:Kuribayashi"],"picked":"animator:MumenRider","floor":20}],"player_experience":423936,"relics_obtained":[{"floor":6,"key":"DemoMod:ClearGuonStone"},{"floor":9,"key":"DemoMod:PinkGuonStone"}],"event_choices":[{"damage_healed":0,"gold_gain":0,"player_choice":"Gave Potion","damage_taken":0,"relics_obtained":["PreservedInsect"],"max_hp_gain":0,"max_hp_loss":0,"event_name":"WeMeetAgain","floor":2,"gold_loss":0},{"damage_healed":0,"gold_gain":0,"player_choice":"Ignored","damage_taken":0,"max_hp_gain":0,"max_hp_loss":0,"event_name":"NoteForYourself","floor":5,"gold_loss":0},{"damage_healed":0,"gold_gain":0,"player_choice":"Obtained Relic","damage_taken":0,"relics_obtained":["Frozen Egg 2"],"max_hp_gain":0,"max_hp_loss":0,"event_name":"Addict","floor":19,"gold_loss":85},{"damage_healed":0,"gold_gain":100,"player_choice":"Pray","damage_taken":0,"max_hp_gain":0,"max_hp_loss":0,"event_name":"Golden Shrine","floor":21,"gold_loss":0}],"is_beta":false,"boss_relics":[{"not_picked":["Fusion Hammer","Busted Crown"],"picked":"animator:VividPicture"}],"items_purged_floors":[3],"is_endless":false,"potions_floor_spawned":[1,6,16,20],"killed_by":"Centurion and Healer","ascension_level":0}}