{"host":"ilhhjx796p2x2wmd","time":1610440225,"event":{"mods":["AchievementEnabler","BaseMod","BetterRewards","Colored Map","Colored Powertips","DeckTracker","Highlight Path","Minty Spire (QoL Compilation)","Permanent Neow","Rare Cards Sparkle","Shop Mod"],"gold_per_floor":[119,131,151,31,49,84,84,116,116,131,131,131,131,150,150,253,253,263,263,63,76,87,122,122,150,226,226,226,226],"floor_reached":28,"playtime":3266,"items_purged":["Defend_R","Strike_R"],"score":337,"play_id":"6df0fe2d-da3d-47e4-ab7f-cc89096b6d74","local_time":"20210112173024","is_ascension_mode":true,"campfire_choices":[{"data":"Immolate","floor":7.0,"key":"SMITH"},{"data":"Armaments","floor":11.0,"key":"SMITH"},{"data":"True Grit","floor":13.0,"key":"SMITH"},{"data":"Bash","floor":15.0,"key":"SMITH"},{"floor":27.0,"key":"REST"}],"circlet_count":0,"master_deck":["Strike_R","Strike_R","Strike_R","Defend_R","Defend_R","Defend_R","Bash+1","Immolate+1","Shockwave","Armaments+1","Cleave","True Grit+1","Sentinel","Spot Weakness","Heavy Blade","Demon Form","CurseOfTheBell","Spot Weakness+1","Shrug It Off+1","True Grit","Feel No Pain+1","Demon Form"],"relics":["Burning Blood","Juzu Bracelet","Oddly Smooth Stone","Strawberry","Calling Bell","Orichalcum","Mummified Hand","Charon\u0027s Ashes","Question Card","Self Forming Clay","Sundial"],"acts_visited":["Exordium","TheCity"],"potions_floor_usage":[],"damage_taken":[{"damage":10.0,"enemies":"Small Slimes","floor":1.0,"turns":3.0},{"damage":6.0,"enemies":"Cultist","floor":2.0,"turns":3.0},{"damage":0.0,"enemies":"2 Louse","floor":3.0,"turns":1.0},{"damage":11.0,"enemies":"Looter","floor":5.0,"turns":2.0},{"damage":0.0,"enemies":"Gremlin Nob","floor":6.0,"turns":2.0},{"damage":5.0,"enemies":"3 Sentries","floor":8.0,"turns":4.0},{"damage":0.0,"enemies":"2 Fungi Beasts","floor":10.0,"turns":1.0},{"damage":13.0,"enemies":"Blue Slaver","floor":14.0,"turns":2.0},{"damage":56.0,"enemies":"Hexaghost","floor":16.0,"turns":10.0},{"damage":5.0,"enemies":"3 Byrds","floor":18.0,"turns":4.0},{"damage":13.0,"enemies":"Shell Parasite","floor":21.0,"turns":5.0},{"damage":17.0,"enemies":"Shelled Parasite and Fungi","floor":22.0,"turns":4.0},{"damage":67.0,"enemies":"Book of Stabbing","floor":23.0,"turns":7.0},{"damage":43.0,"enemies":"Slavers","floor":25.0,"turns":5.0},{"damage":41,"enemies":"Book of Stabbing","floor":28,"turns":5}],"seed_played":"-5152599322757101840","potions_obtained":[{"floor":2.0,"key":"SneckoOil"},{"floor":5.0,"key":"DuplicationPotion"},{"floor":10.0,"key":"SkillPotion"},{"floor":18.0,"key":"SteroidPotion"},{"floor":21.0,"key":"Regen Potion"},{"floor":23.0,"key":"SpeedPotion"},{"floor":25.0,"key":"SmokeBomb"}],"is_trial":false,"path_per_floor":["M","M","M","$","M","E","R","E","T","M","R","?","R","M","R","B",null,"M","?","$","M","M","E","?","E","T","R","E"],"character_chosen":"IRONCLAD","items_purchased":["Cleave","FairyPotion"],"campfire_rested":1,"item_purchase_floors":[4,20],"current_hp_per_floor":[76,76,80,80,75,80,80,80,87,87,87,87,87,80,80,30,87,87,87,87,80,69,23,23,15,15,41,0,0],"gold":226,"neow_bonus":"ONE_RANDOM_RARE_CARD","is_daily":false,"chose_seed":false,"campfire_upgraded":4,"win_rate":0.0,"timestamp":1610440224,"path_taken":["M","M","M","$","M","E","R","E","T","M","R","?","R","M","R","BOSS","M","?","$","M","M","E","?","E","T","R","E"],"items_purchased_type":["Card","Potion"],"build_version":"2020-12-22","purchased_purges":2,"victory":false,"max_hp_per_floor":[80,80,80,80,80,80,80,80,87,87,87,87,87,87,87,87,87,87,87,87,87,87,87,87,87,87,87,87,87],"card_choices":[{"not_picked":["Clash","Body Slam","Disarm"],"picked":"SKIP","floor":1.0},{"not_picked":["Wild Strike","Clash"],"picked":"Shockwave","floor":2.0},{"not_picked":["Heavy Blade","Warcry"],"picked":"Armaments","floor":3.0},{"not_picked":["Fire Breathing","Anger"],"picked":"True Grit","floor":5.0},{"not_picked":["Sever Soul","Power Through"],"picked":"Sentinel","floor":6.0},{"not_picked":["Rage","Corruption","Armaments"],"picked":"SKIP","floor":8.0},{"not_picked":["Pummel","Flex"],"picked":"Spot Weakness","floor":10.0},{"not_picked":["Body Slam","Shockwave"],"picked":"Heavy Blade","floor":14.0},{"not_picked":["Barricade","Reaper"],"picked":"Demon Form","floor":16.0},{"not_picked":["Body Slam","Flex"],"picked":"Spot Weakness+1","floor":18.0},{"not_picked":["Cleave","Heavy Blade"],"picked":"Shrug It Off+1","floor":21.0},{"not_picked":["Clash+1","Hemokinesis"],"picked":"True Grit","floor":22.0},{"not_picked":["Sentinel","Anger+1"],"picked":"Feel No Pain+1","floor":23.0},{"not_picked":["Perfected Strike","Whirlwind","Flex"],"picked":"Demon Form","floor":25.0}],"player_experience":288706,"relics_obtained":[{"floor":6.0,"key":"Juzu Bracelet"},{"floor":8.0,"key":"Oddly Smooth Stone"},{"floor":9.0,"key":"Strawberry"},{"floor":17.0,"key":"Orichalcum"},{"floor":17.0,"key":"Mummified Hand"},{"floor":17.0,"key":"Charon\u0027s Ashes"},{"floor":23.0,"key":"Question Card"},{"floor":25.0,"key":"Self Forming Clay"},{"floor":26.0,"key":"Sundial"}],"event_choices":[{"damage_healed":0.0,"max_hp_gain":0.0,"max_hp_loss":0.0,"gold_gain":0.0,"event_name":"The Woman in Blue","player_choice":"Bought 0 Potions","floor":12.0,"gold_loss":0.0,"damage_taken":0.0},{"cards_removed":["Strike_R"],"damage_healed":0.0,"max_hp_gain":0.0,"max_hp_loss":0.0,"gold_gain":0.0,"event_name":"Back to Basics","player_choice":"Elegance","floor":19.0,"gold_loss":0.0,"damage_taken":0.0},{"damage_healed":0.0,"max_hp_gain":0.0,"max_hp_loss":0.0,"gold_gain":0.0,"event_name":"Vampires","player_choice":"Ignored","floor":24.0,"gold_loss":0.0,"damage_taken":0.0}],"is_beta":false,"boss_relics":[{"not_picked":["Philosopher\u0027s Stone","Coffee Dripper"],"picked":"Calling Bell"}],"items_purged_floors":[4,20],"is_endless":false,"potions_floor_spawned":[2,5,10,18,21,23,25],"killed_by":"Book of Stabbing","ascension_level":3}}