{"host":"gf95gjygaqy6b70i","time":1610489790,"event":{"mods":["BaseMod","Colored Map","Colored Powertips","Minty Spire (QoL Compilation)"],"gold_per_floor":[109,127,137,149,161,161,193,193,240,17,27,56,56,80,80,185,185,204,129,142,56,71,98,98,98,98,113,59,59,91,110,110,213,213,231,279,279,296,316,316,335,435,435,435,462,35,35,35,35,35],"floor_reached":51,"language":"ENG","playtime":1881,"items_purged":[],"score":784,"play_id":"ffe13b97-6dbe-44a7-bf34-604fdd2f6d04","local_time":"20210112231630","is_ascension_mode":true,"campfire_choices":[{"data":"Anger","floor":6,"key":"SMITH"},{"data":"Bash","floor":8,"key":"SMITH"},{"data":"Infernal Blade","floor":15,"key":"SMITH"},{"floor":24,"key":"REST"},{"data":"Juggernaut","floor":29,"key":"SMITH"},{"floor":32,"key":"REST"},{"floor":40,"key":"REST"},{"floor":44,"key":"REST"},{"floor":49,"key":"REST"}],"circlet_count":0,"master_deck":["Strike_R","Strike_R","Defend_R","Defend_R","Defend_R","Bash+1","Metallicize","Pommel Strike","Thunderclap","Anger+1","Rampage","Metallicize","Infernal Blade+1","Pummel","Juggernaut+1","Finesse","Anger+1","Rage+1","RitualDagger","Iron Wave","Metallicize","Demon Form","Pommel Strike","Pommel Strike+1","Rage","Fire Breathing","Armaments+1","Cleave+1","Reaper","Warcry","Metallicize","Pummel","Metallicize+1"],"relics":["Burning Blood","Oddly Smooth Stone","Red Skull","Bronze Scales","Sundial","Centennial Puzzle","Mark of Pain","PreservedInsect","Mercury Hourglass","Dream Catcher","Philosopher\u0027s Stone","Magic Flower","Bag of Preparation","Paper Frog","Calipers"],"acts_visited":["Exordium","TheCity","TheBeyond"],"potions_floor_usage":[7,16,23,31,50,50],"damage_taken":[{"damage":2,"enemies":"Small Slimes","floor":1,"turns":4},{"damage":6,"enemies":"Jaw Worm","floor":2,"turns":4},{"damage":0,"enemies":"Cultist","floor":3,"turns":3},{"damage":8,"enemies":"Blue Slaver","floor":4,"turns":4},{"damage":9,"enemies":"Exordium Wildlife","floor":5,"turns":4},{"damage":14,"enemies":"Lagavulin","floor":7,"turns":5},{"damage":0,"enemies":"Exordium Thugs","floor":11,"turns":3},{"damage":8,"enemies":"Gremlin Nob","floor":12,"turns":4},{"damage":10,"enemies":"Slime Boss","floor":16,"turns":7},{"damage":12,"enemies":"2 Thieves","floor":18,"turns":4},{"damage":11,"enemies":"Spheric Guardian","floor":20,"turns":4},{"damage":1,"enemies":"Chosen and Byrds","floor":22,"turns":4},{"damage":33,"enemies":"Book of Stabbing","floor":23,"turns":5},{"damage":6,"enemies":"Snake Plant","floor":27,"turns":2},{"damage":5,"enemies":"Gremlin Leader","floor":30,"turns":5},{"damage":20,"enemies":"Shelled Parasite and Fungi","floor":31,"turns":4},{"damage":16,"enemies":"Champ","floor":33,"turns":10},{"damage":27,"enemies":"3 Darklings","floor":35,"turns":4},{"damage":40,"enemies":"2 Orb Walkers","floor":36,"turns":3},{"damage":0,"enemies":"Orb Walker","floor":38,"turns":1},{"damage":0,"enemies":"4 Shapes","floor":39,"turns":4},{"damage":24,"enemies":"Maw","floor":41,"turns":5},{"damage":31,"enemies":"Nemesis","floor":45,"turns":5},{"damage":77,"enemies":"Donu and Deca","floor":50,"turns":8}],"seed_played":"-8898529578522501031","potions_obtained":[{"floor":5,"key":"Energy Potion"},{"floor":7,"key":"FearPotion"},{"floor":11,"key":"DistilledChaos"},{"floor":18,"key":"Strength Potion"},{"floor":20,"key":"AttackPotion"},{"floor":27,"key":"LiquidMemories"},{"floor":36,"key":"BloodPotion"},{"floor":39,"key":"PowerPotion"}],"is_trial":false,"path_per_floor":["M","M","M","M","M","R","E","R","T","$","M","E","?","T","R","B",null,"M","?","M","$","M","E","R","?","T","M","$","R","E","M","R","B",null,"M","?","?","M","M","R","M","?","T","R","E","$","$","?","R","B",null],"character_chosen":"IRONCLAD","items_purchased":["Bronze Scales","Infernal Blade","Finesse","Iron Wave","Calipers","Metallicize","Pummel"],"campfire_rested":5,"item_purchase_floors":[10,10,21,28,46,46,46],"current_hp_per_floor":[80,80,80,78,75,75,67,67,67,67,73,71,76,76,76,72,85,79,79,74,74,79,52,77,71,71,71,71,71,72,58,83,73,85,64,30,30,39,48,73,58,58,58,83,61,61,61,61,85,43],"gold":35,"neow_bonus":"TRANSFORM_CARD","is_daily":false,"chose_seed":false,"campfire_upgraded":4,"win_rate":0.0,"timestamp":1610489790,"path_taken":["M","M","M","M","M","R","E","R","T","$","M","E","?","?","R","BOSS","M","?","M","$","M","E","R","?","T","M","$","R","E","M","R","BOSS","M","?","?","?","M","R","M","?","T","R","E","?","$","?","R","BOSS"],"items_purchased_type":["Relic","Card","Card","Card","Relic","Card","Card"],"build_version":"2020-12-22","purchased_purges":0,"victory":true,"max_hp_per_floor":[80,80,80,80,80,80,80,80,80,80,80,80,85,85,85,85,85,85,85,85,85,85,85,85,85,85,85,85,85,85,85,85,85,85,85,85,85,85,85,85,85,85,85,85,85,85,85,85,85,85],"card_choices":[{"not_picked":["Havoc","Headbutt"],"picked":"Pommel Strike","floor":1},{"not_picked":["Havoc","Clothesline"],"picked":"Thunderclap","floor":2},{"not_picked":["Headbutt","Armaments"],"picked":"Anger","floor":3},{"not_picked":["Havoc","Cleave"],"picked":"Rampage","floor":4},{"not_picked":["Searing Blow","Rupture"],"picked":"Metallicize","floor":5},{"not_picked":["Sentinel","Limit Break","Blood for Blood"],"picked":"SKIP","floor":7},{"not_picked":["Anger","Wild Strike","Power Through"],"picked":"SKIP","floor":11},{"not_picked":["Power Through","Anger"],"picked":"Pummel","floor":12},{"not_picked":["Feed","Exhume"],"picked":"Juggernaut","floor":16},{"not_picked":["Perfected Strike","Rupture","Clothesline"],"picked":"SKIP","floor":18},{"not_picked":["Headbutt","Rampage","Clothesline"],"picked":"SKIP","floor":20},{"not_picked":["True Grit","Evolve"],"picked":"Anger+1","floor":22},{"not_picked":["Exhume","Flex"],"picked":"Rage+1","floor":23},{"not_picked":["Twin Strike","True Grit","Headbutt"],"picked":"SKIP","floor":27},{"not_picked":["Flex","Wild Strike","Dark Embrace"],"picked":"SKIP","floor":30},{"not_picked":["Headbutt","Evolve","Sever Soul"],"picked":"SKIP","floor":31},{"not_picked":["Wild Strike","Pommel Strike"],"picked":"Metallicize","floor":32},{"not_picked":["Berserk","Feed"],"picked":"Demon Form","floor":33},{"not_picked":["Reckless Charge+1","Whirlwind+1"],"picked":"Pommel Strike","floor":35},{"not_picked":["Dark Embrace+1","Anger+1"],"picked":"Pommel Strike+1","floor":36},{"not_picked":["Reckless Charge+1","Power Through"],"picked":"Fire Breathing","floor":38},{"not_picked":["Infernal Blade+1","Cleave"],"picked":"Armaments+1","floor":39},{"not_picked":["Warcry+1","Twin Strike+1"],"picked":"Cleave+1","floor":41},{"not_picked":["Sentinel+1","Sever Soul"],"picked":"Reaper","floor":44},{"not_picked":["Twin Strike","Headbutt+1"],"picked":"Warcry","floor":45},{"not_picked":["Second Wind+1","Clash"],"picked":"Metallicize+1","floor":49}],"player_experience":63614,"relics_obtained":[{"floor":7,"key":"Oddly Smooth Stone"},{"floor":9,"key":"Red Skull"},{"floor":12,"key":"Sundial"},{"floor":14,"key":"Centennial Puzzle"},{"floor":23,"key":"PreservedInsect"},{"floor":26,"key":"Mercury Hourglass"},{"floor":30,"key":"Dream Catcher"},{"floor":36,"key":"Magic Flower"},{"floor":43,"key":"Bag of Preparation"},{"floor":45,"key":"Paper Frog"}],"event_choices":[{"damage_healed":0,"gold_gain":0,"player_choice":"Donut","damage_taken":0,"max_hp_gain":5,"max_hp_loss":0,"event_name":"Big Fish","floor":13,"gold_loss":0},{"cards_removed":["Strike_R"],"damage_healed":0,"gold_gain":0,"player_choice":"Gave Gold","damage_taken":0,"max_hp_gain":0,"max_hp_loss":0,"event_name":"Beggar","floor":19,"gold_loss":75},{"damage_healed":0,"gold_gain":0,"player_choice":"Joined the Cult","damage_taken":6,"max_hp_gain":0,"max_hp_loss":0,"event_name":"Nest","floor":25,"gold_loss":0,"cards_obtained":["RitualDagger"]},{"damage_healed":0,"gold_gain":0,"player_choice":"Fight","damage_taken":0,"max_hp_gain":0,"max_hp_loss":0,"event_name":"Mysterious Sphere","floor":36,"gold_loss":0},{"damage_healed":0,"gold_gain":0,"cards_transformed":["Defend_R"],"player_choice":"Transformed","damage_taken":0,"max_hp_gain":0,"max_hp_loss":0,"event_name":"Transmorgrifier","floor":37,"gold_loss":0,"cards_obtained":["Rage"]},{"damage_healed":0,"gold_gain":100,"player_choice":"Pray","damage_taken":0,"max_hp_gain":0,"max_hp_loss":0,"event_name":"Golden Shrine","floor":42,"gold_loss":0},{"cards_removed":["Strike_R"],"damage_healed":0,"gold_gain":0,"player_choice":"Card Removal","damage_taken":0,"max_hp_gain":0,"max_hp_loss":0,"event_name":"Wheel of Change","floor":48,"gold_loss":0}],"is_beta":false,"boss_relics":[{"not_picked":["Runic Pyramid","SlaversCollar"],"picked":"Mark of Pain"},{"not_picked":["Calling Bell","Pandora\u0027s Box"],"picked":"Philosopher\u0027s Stone"}],"items_purged_floors":[],"is_endless":false,"potions_floor_spawned":[5,7,11,18,20,27,36,39],"ascension_level":1}}