{"host":"5icjlaq41ghjcr7h","time":1610450189,"event":{"mods":["AchievementEnabler","BaseMod","Colored Map","Minty Spire (QoL Compilation)","SuperFastMode","everything is the same but u backflip on backflip"],"gold_per_floor":[118,133,133,83,59,91,91,124,149,149,175,175,186,204,204,204,204],"floor_reached":16,"playtime":433,"items_purged":[],"score":157,"play_id":"d7d14e80-64ed-4e9f-925e-780e57e462b1","local_time":"20210112201629","is_ascension_mode":true,"campfire_choices":[{"data":"Body Slam","floor":7,"key":"SMITH"},{"floor":15,"key":"REST"}],"circlet_count":0,"master_deck":["Strike_R","Strike_R","Strike_R","Strike_R","Defend_R","Defend_R","Defend_R","Bash","Perfected Strike","Carnage","Uppercut","Body Slam+1","Offering","Intimidate","Shrug It Off"],"relics":["Burning Blood","Potion Belt","Centennial Puzzle","Question Card","Tiny Chest","Self Forming Clay","White Beast Statue"],"acts_visited":["Exordium"],"potions_floor_usage":[6,8,16,16],"damage_taken":[{"damage":4,"enemies":"Jaw Worm","floor":1,"turns":4},{"damage":8,"enemies":"2 Louse","floor":2,"turns":2},{"damage":40,"enemies":"Lagavulin","floor":6,"turns":5},{"damage":6,"enemies":"Gremlin Nob","floor":8,"turns":2},{"damage":29,"enemies":"3 Sentries","floor":11,"turns":6},{"damage":0,"enemies":"Small Slimes","floor":13,"turns":2},{"damage":6,"enemies":"Looter","floor":14,"turns":1},{"damage":42,"enemies":"Hexaghost","floor":16,"turns":9}],"seed_played":"1986427004521095076","potions_obtained":[{"floor":1,"key":"Fire Potion"},{"floor":2,"key":"AttackPotion"},{"floor":11,"key":"Dexterity Potion"},{"floor":13,"key":"AttackPotion"},{"floor":14,"key":"SkillPotion"}],"is_trial":false,"path_per_floor":["M","M","?","?","$","E","R","E","T","?","E","T","M","M","R","B"],"character_chosen":"IRONCLAD","items_purchased":["Body Slam"],"campfire_rested":1,"item_purchase_floors":[5],"current_hp_per_floor":[80,78,75,75,75,41,41,41,41,34,11,11,17,17,41,0,0],"gold":204,"neow_bonus":"THREE_CARDS","is_daily":false,"chose_seed":false,"campfire_upgraded":1,"win_rate":0.0,"timestamp":1610450189,"path_taken":["M","M","?","?","$","E","R","E","T","?","E","?","M","M","R","BOSS"],"items_purchased_type":["Card"],"build_version":"2020-12-22","purchased_purges":0,"victory":false,"max_hp_per_floor":[80,80,80,80,80,80,80,80,80,80,80,80,80,80,80,80,80],"card_choices":[{"not_picked":["Searing Blow","Cleave"],"picked":"Perfected Strike","floor":0},{"not_picked":["Heavy Blade","Battle Trance"],"picked":"Carnage","floor":1},{"not_picked":["Cleave","Fire Breathing"],"picked":"Uppercut","floor":2},{"not_picked":["Cleave","Body Slam"],"picked":"Offering","floor":6},{"not_picked":["Inflame","Uppercut"],"picked":"Intimidate","floor":8},{"not_picked":["Sword Boomerang","Blood for Blood","Wild Strike"],"picked":"Shrug It Off","floor":11},{"not_picked":["Infernal Blade","Sword Boomerang","Armaments","Iron Wave"],"picked":"SKIP","floor":13},{"not_picked":["Uppercut","Warcry","Shrug It Off","Infernal Blade"],"picked":"SKIP","floor":14}],"player_experience":120238,"relics_obtained":[{"floor":6,"key":"Centennial Puzzle"},{"floor":8,"key":"Question Card"},{"floor":9,"key":"Tiny Chest"},{"floor":11,"key":"Self Forming Clay"},{"floor":12,"key":"White Beast Statue"}],"event_choices":[{"damage_healed":0,"gold_gain":0,"player_choice":"Success","damage_taken":3,"relics_obtained":["Potion Belt"],"max_hp_gain":0,"max_hp_loss":0,"event_name":"Scrap Ooze","floor":3,"gold_loss":0},{"cards_removed":["Defend_R"],"damage_healed":0,"gold_gain":0,"player_choice":"Card Removal","damage_taken":0,"max_hp_gain":0,"max_hp_loss":0,"event_name":"The Cleric","floor":4,"gold_loss":50},{"cards_removed":["Strike_R"],"damage_healed":0,"gold_gain":0,"player_choice":"Card Removal","damage_taken":7,"max_hp_gain":0,"max_hp_loss":0,"event_name":"Golden Wing","floor":10,"gold_loss":0}],"is_beta":false,"boss_relics":[],"items_purged_floors":[],"is_endless":false,"potions_floor_spawned":[1,2,11,13,14],"killed_by":"Hexaghost","ascension_level":2}}