{"host":"fjaupvxe7fzqrf4j","time":1610439370,"event":{"mods":["ATMod(°¢èªMod)","BaseMod","Minty Spire (QoL Compilation)","StSLib"],"gold_per_floor":[117,117,34,34,34,74,114,149,149,187,230,270,301,341,341,434,434,450,31,31,31,31,75,110,149,218,257,292,292,335,373,373,464,464,484,78,101,101,121,159,194,227,251,282,323,384,440,498,498,523,573,573,573,122,207,232],"floor_reached":57,"playtime":1492,"items_purged":["EmptyFist","Meditate","AT_OneInchPunch+1"],"score":4879,"play_id":"69a3490e-5579-47ed-96ae-b158fc3969bc","local_time":"20210112161610","daily_mods":["SealedDeck","Heirloom","Time Dilation","Flight","Elite Swarm"],"is_ascension_mode":true,"campfire_choices":[{"data":"AT_OneInchPunch","floor":15.0,"key":"SMITH"},{"floor":29.0,"key":"DIG"},{"floor":32.0,"key":"DIG"},{"floor":49,"key":"RECALL"},{"floor":53,"key":"DIG"}],"circlet_count":0,"master_deck":["AscendersBane","BowlingBash+1","AT_ChampionStep+1","WheelKick+1","Adaptation+1","Tantrum+1","Crescendo+1","TalkToTheHand+1","InnerPeace+1","DeusExMachina+1","LessonLearned+1","Brilliance+1","Omniscience+1","Ragnarok+1","Adaptation+1","DeusExMachina+1","Scrawl+1","Scrawl+1","MentalFortress+1","Fasting2+1","AT_ChampionStep+1"],"relics":["PureWater","AT_ATBox","Du-Vu Doll","Golden Idol","Torii","CloakClasp","StoneCalendar","TungstenRod","Sundial","Pen Nib","Calipers","Blood Vial","AT_TrinityForce","DollysMirror","AT_EbonyIvory","Smiling Mask","Happy Flower","Shovel","Matryoshka","Bag of Preparation","Toy Ornithopter","Eternal Feather","Prayer Wheel","AT_SilvercatRing","White Beast Statue","Runic Dome","Bottled Flame","MealTicket","Strawberry","AT_Manta","Ancient Tea Set","AT_SpeedBoots","AT_MibuBalloonWealth","Bag of Marbles","AT_RedTearstoneRing","Pantograph","InkBottle","OrangePellets","AT_BladeRuinedKing"],"acts_visited":["Exordium","TheCity","TheBeyond","TheEnding"],"potions_floor_usage":[40,56,56],"damage_taken":[{"damage":0.0,"enemies":"2 Louse","floor":1.0,"turns":1.0},{"damage":0.0,"enemies":"Lagavulin","floor":6.0,"turns":2.0},{"damage":12.0,"enemies":"3 Sentries","floor":7.0,"turns":2.0},{"damage":0.0,"enemies":"Lagavulin","floor":8.0,"turns":3.0},{"damage":0.0,"enemies":"Gremlin Nob","floor":10.0,"turns":2.0},{"damage":0.0,"enemies":"Lagavulin","floor":11.0,"turns":4.0},{"damage":0.0,"enemies":"3 Sentries","floor":12.0,"turns":2.0},{"damage":0.0,"enemies":"Gremlin Nob","floor":13.0,"turns":3.0},{"damage":0.0,"enemies":"3 Sentries","floor":14.0,"turns":3.0},{"damage":0.0,"enemies":"Hexaghost","floor":16.0,"turns":3.0},{"damage":0.0,"enemies":"Shell Parasite","floor":18.0,"turns":1.0},{"damage":0.0,"enemies":"Gremlin Leader","floor":23.0,"turns":1.0},{"damage":0.0,"enemies":"Book of Stabbing","floor":24.0,"turns":1.0},{"damage":0.0,"enemies":"Gremlin Leader","floor":25.0,"turns":3.0},{"damage":0.0,"enemies":"Book of Stabbing","floor":27.0,"turns":1.0},{"damage":0.0,"enemies":"Gremlin Leader","floor":28.0,"turns":1.0},{"damage":0.0,"enemies":"Book of Stabbing","floor":30.0,"turns":1.0},{"damage":0.0,"enemies":"Slavers","floor":31.0,"turns":1.0},{"damage":0.0,"enemies":"Automaton","floor":33.0,"turns":2.0},{"damage":0.0,"enemies":"Orb Walker","floor":35.0,"turns":1.0},{"damage":12,"enemies":"3 Shapes","floor":37,"turns":1},{"damage":0,"enemies":"3 Darklings","floor":39,"turns":1},{"damage":0,"enemies":"Nemesis","floor":40,"turns":1},{"damage":19,"enemies":"Giant Head","floor":41,"turns":2},{"damage":0,"enemies":"Nemesis","floor":42,"turns":1},{"damage":0,"enemies":"Reptomancer","floor":44,"turns":1},{"damage":0,"enemies":"Transient","floor":45,"turns":1},{"damage":0,"enemies":"Giant Head","floor":46,"turns":1},{"damage":0,"enemies":"Nemesis","floor":47,"turns":1},{"damage":0,"enemies":"Giant Head","floor":48,"turns":1},{"damage":0,"enemies":"Time Eater","floor":50,"turns":1},{"damage":0,"enemies":"Donu and Deca","floor":51,"turns":1},{"damage":0,"enemies":"Shield and Spear","floor":55,"turns":1},{"damage":1,"enemies":"The Heart","floor":56,"turns":5}],"seed_played":"4968561094756509549","potions_obtained":[{"floor":1.0,"key":"PowerPotion"},{"floor":8.0,"key":"Block Potion"},{"floor":12.0,"key":"StancePotion"},{"floor":16.0,"key":"BottledMiracle"},{"floor":23.0,"key":"DistilledChaos"},{"floor":40,"key":"Fruit Juice"},{"floor":44,"key":"SkillPotion"}],"is_trial":true,"path_per_floor":["M","?","$","?","?","E","E","E","T","E","E","E","E","E","R","B",null,"M","$","?","?","?","E","E","E","T","E","E","R","E","E","R","B",null,"M","$","M","?","M","E","E","E","T","E","M","E","E","E","R","B","B",null,"R","$","E","B",null],"character_chosen":"WATCHER","items_purchased":["InnerPeace","DollysMirror","AT_EbonyIvory","Fasting2","Bottled Flame","OrangePellets","AT_BladeRuinedKing","AT_ChampionStep"],"campfire_rested":0,"item_purchase_floors":[3,19,19,36,36,54,54,54],"current_hp_per_floor":[61,61,61,42,42,42,30,30,30,30,30,30,30,30,30,32,55,57,57,57,57,57,59,61,62,62,62,62,62,62,62,62,62,62,62,62,50,50,52,64,54,56,56,58,60,62,64,66,74,74,74,74,74,74,74,74],"gold":232,"neow_bonus":"","is_daily":false,"chose_seed":false,"campfire_upgraded":1,"win_rate":0.0,"timestamp":1610439370,"path_taken":["M","?","$","?","?","E","E","E","T","E","E","E","E","E","R","BOSS","M","$","?","?","?","E","E","E","T","E","E","R","E","E","R","BOSS","M","$","?","?","?","E","E","E","T","E","M","E","E","E","R","BOSS","BOSS","R","$","E","BOSS"],"items_purchased_type":["Card","Relic","Relic","Card","Relic","Relic","Relic","Card"],"build_version":"2020-12-22","purchased_purges":3,"victory":true,"max_hp_per_floor":[68,62,62,62,62,62,62,62,62,62,62,62,62,62,62,62,62,62,62,62,62,62,62,62,62,62,62,62,62,62,62,62,62,62,62,62,62,62,62,67,74,74,74,74,74,74,74,74,74,74,74,74,74,74,74,74],"card_choices":[{"not_picked":["ThirdEye","Adaptation"],"picked":"TalkToTheHand","floor":1.0},{"not_picked":["Omniscience","Judgement","Establishment"],"picked":"SKIP","floor":6.0},{"not_picked":["AT_IrregularMenstruation","Blasphemy"],"picked":"DeusExMachina","floor":7.0},{"not_picked":["Establishment","Blasphemy","MasterReality"],"picked":"SKIP","floor":8.0},{"not_picked":["MasterReality","Brilliance"],"picked":"LessonLearned","floor":10.0},{"not_picked":["AT_ChampionKick","Wish","Vault"],"picked":"SKIP","floor":11.0},{"not_picked":["Blasphemy","Establishment"],"picked":"Brilliance","floor":12.0},{"not_picked":["AT_IrregularMenstruation","DeusExMachina"],"picked":"Omniscience","floor":13.0},{"not_picked":["Vault","SpiritShield","Brilliance"],"picked":"SKIP","floor":14.0},{"not_picked":["Omniscience","Brilliance"],"picked":"Ragnarok","floor":16.0},{"not_picked":["Worship","ClearTheMind","Evaluate"],"picked":"SKIP","floor":18.0},{"not_picked":["DeusExMachina","AT_RealColorLess","Devotion"],"picked":"SKIP","floor":23.0},{"not_picked":["ConjureBlade","MasterReality","Vault"],"picked":"SKIP","floor":24.0},{"not_picked":["AT_IrregularMenstruation","Vault"],"picked":"DeusExMachina","floor":25.0},{"not_picked":["AT_RealColorLess","Brilliance"],"picked":"Scrawl","floor":27.0},{"not_picked":["AT_MachinaRedman","Wish"],"picked":"Scrawl","floor":28.0},{"not_picked":["Blasphemy","DeusExMachina","AT_ChampionKick"],"picked":"SKIP","floor":30.0},{"not_picked":["Alpha","Wish","Vault"],"picked":"SKIP","floor":31.0},{"not_picked":["PathToVictory","Adaptation+1"],"picked":"MentalFortress","floor":35.0},{"not_picked":["Conclude","EmptyFist+1","EmptyBody+1"],"picked":"SKIP","floor":35.0},{"not_picked":["BowlingBash","Adaptation","Halt"],"picked":"SKIP","floor":37},{"not_picked":["EmptyFist+1","Prostrate","Weave+1"],"picked":"SKIP","floor":37},{"not_picked":["CrushJoints","Alpha","WreathOfFlame+1"],"picked":"SKIP","floor":39},{"not_picked":["PathToVictory+1","EmptyFist","SashWhip"],"picked":"SKIP","floor":39},{"not_picked":["Scrawl","Vault","Devotion"],"picked":"SKIP","floor":40},{"not_picked":["DeusExMachina","Brilliance","Alpha"],"picked":"SKIP","floor":41},{"not_picked":["AT_IrregularMenstruation","DeusExMachina","AT_RealColorLess"],"picked":"SKIP","floor":42},{"not_picked":["Establishment","DeusExMachina","Judgement"],"picked":"SKIP","floor":44},{"not_picked":["Establishment","DeusExMachina","Judgement"],"picked":"SKIP","floor":44},{"not_picked":["DeceiveReality","LikeWater+1","FollowUp"],"picked":"SKIP","floor":45},{"not_picked":["JustLucky+1","Crescendo","Prostrate"],"picked":"SKIP","floor":45},{"not_picked":["Devotion","Brilliance","DeusExMachina"],"picked":"SKIP","floor":46},{"not_picked":["Alpha","AT_MachinaRedman","LessonLearned"],"picked":"SKIP","floor":47},{"not_picked":["AT_IrregularMenstruation","MasterReality","Alpha"],"picked":"SKIP","floor":48},{"not_picked":["Wish","LessonLearned","AT_IrregularMenstruation"],"picked":"SKIP","floor":55},{"not_picked":["Wish","LessonLearned","AT_IrregularMenstruation"],"picked":"SKIP","floor":55}],"player_experience":411455,"relics_obtained":[{"floor":6.0,"key":"Torii"},{"floor":7.0,"key":"CloakClasp"},{"floor":8.0,"key":"StoneCalendar"},{"floor":10.0,"key":"TungstenRod"},{"floor":11.0,"key":"Sundial"},{"floor":12.0,"key":"Pen Nib"},{"floor":13.0,"key":"Calipers"},{"floor":14.0,"key":"Blood Vial"},{"floor":23.0,"key":"Smiling Mask"},{"floor":24.0,"key":"Happy Flower"},{"floor":25.0,"key":"Shovel"},{"floor":26.0,"key":"Matryoshka"},{"floor":27.0,"key":"Bag of Preparation"},{"floor":28.0,"key":"Toy Ornithopter"},{"floor":29.0,"key":"Eternal Feather"},{"floor":30.0,"key":"Prayer Wheel"},{"floor":31.0,"key":"AT_SilvercatRing"},{"floor":32.0,"key":"White Beast Statue"},{"floor":41,"key":"Strawberry"},{"floor":42,"key":"AT_Manta"},{"floor":43,"key":"Ancient Tea Set"},{"floor":43,"key":"AT_SpeedBoots"},{"floor":44,"key":"AT_MibuBalloonWealth"},{"floor":46,"key":"Bag of Marbles"},{"floor":47,"key":"AT_RedTearstoneRing"},{"floor":48,"key":"Pantograph"},{"floor":53,"key":"InkBottle"}],"event_choices":[{"damage_healed":0.0,"max_hp_gain":0.0,"max_hp_loss":6.0,"gold_gain":0.0,"event_name":"Golden Idol","player_choice":"Lose Max HP","floor":2.0,"gold_loss":0.0,"damage_taken":0.0,"relics_obtained":["Golden Idol"]},{"damage_healed":0.0,"max_hp_gain":0.0,"max_hp_loss":0.0,"gold_gain":0.0,"event_name":"Shining Light","player_choice":"Entered Light","floor":4.0,"gold_loss":0.0,"damage_taken":19.0,"cards_upgraded":["InnerPeace","FlurryOfBlows"]},{"damage_healed":0.0,"max_hp_gain":0.0,"max_hp_loss":0.0,"gold_gain":0.0,"event_name":"Liars Game","player_choice":"Ignored","floor":5.0,"gold_loss":0.0,"damage_taken":0.0},{"damage_healed":0.0,"max_hp_gain":0.0,"max_hp_loss":0.0,"gold_gain":0.0,"event_name":"Vampires","player_choice":"Ignored","floor":21.0,"gold_loss":0.0,"damage_taken":0.0},{"damage_healed":0.0,"max_hp_gain":0.0,"max_hp_loss":0.0,"gold_gain":0.0,"event_name":"Transmorgrifier","player_choice":"Ignored","floor":22.0,"gold_loss":0.0,"damage_taken":0.0},{"cards_removed":["FlurryOfBlows"],"damage_healed":0,"gold_gain":0,"player_choice":"Gave Card","damage_taken":0,"relics_obtained":["MealTicket"],"max_hp_gain":0,"max_hp_loss":0,"event_name":"WeMeetAgain","floor":38,"gold_loss":0}],"is_beta":false,"boss_relics":[{"not_picked":["Sozu","HolyWater"],"picked":"AT_TrinityForce"},{"not_picked":["Tiny House","AT_MortalBlade"],"picked":"Runic Dome"}],"items_purged_floors":[19,36,54],"is_endless":false,"potions_floor_spawned":[1,8,12,13,16,18,23,31,33,35,37,39,40,41,42,44,45,46,47,48,55],"ascension_level":20}}