{"host":"2yhbarjh4s9lrrzt","time":1610490999,"event":{"mods":["BaseMod","Better Third Choice","Minty Spire (QoL Compilation)","Replay The Spire","StSLib"],"gold_per_floor":[113,113,113,128,141,141,170,185,211,17,34,47,59,75,75,180,180,200,210,223,33,52,52,77,95,95,108,108,108,108,127,127,232,232,246,246,261,261,261,261],"floor_reached":39,"language":"ENG","playtime":4427,"items_purged":[],"score":484,"play_id":"beb60cf0-92a2-498c-b28d-294e96d6e3bd","local_time":"20210112173639","daily_mods":["SealedDeck","Heirloom","Uncertain Future"],"is_ascension_mode":false,"campfire_choices":[{"data":"Entrench","floor":6.0,"key":"SMITH"},{"floor":15.0,"key":"REST"},{"floor":23,"key":"REST"},{"floor":30,"key":"REST"},{"floor":32,"key":"REST"}],"circlet_count":0,"master_deck":["Seeing Red","Armaments+1","Ghostly Armor","Flame Barrier+1","Thunderclap","Iron Wave","Clash","Anger","Evolve","Metallicize","Blood for Blood","Burn","Flex","Entrench+1","Juggernaut","Whirlwind","Warcry","Reckless Charge","Cleave","Pommel Strike","Body Slam","Berserk","Shrug It Off","Twin Strike+1","Replay:Undeath\u0027s Touch","Fire Breathing","Wild Strike+1","Burning Pact","Fiend Fire","Sever Soul","Necronomicurse","Rage","Corruption","Abandon","Madness","Madness","Heavy Blade+1","Metamorphosis"],"relics":["Black Blood","Du-Vu Doll","Ring of Fury","War Paint","Strawberry","ReplayFunnel","Runic Pyramid","Lee\u0027s Waffle","Boot","Blue Doll","Necronomicon"],"acts_visited":["Exordium","TheCity","TheBeyond"],"potions_floor_usage":[24,25,28,31,33,39],"damage_taken":[{"damage":0.0,"enemies":"2 Louse","floor":1.0,"turns":4.0},{"damage":4.0,"enemies":"Jaw Worm","floor":4.0,"turns":3.0},{"damage":0.0,"enemies":"Cultist","floor":5.0,"turns":4.0},{"damage":28.0,"enemies":"Gremlin Nob","floor":7.0,"turns":5.0},{"damage":14.0,"enemies":"3 Louse","floor":8.0,"turns":4.0},{"damage":14.0,"enemies":"Blue Slaver","floor":11.0,"turns":2.0},{"damage":12.0,"enemies":"Large Slime","floor":12.0,"turns":5.0},{"damage":3.0,"enemies":"Exordium Wildlife","floor":13.0,"turns":3.0},{"damage":0.0,"enemies":"Blue Slaver","floor":14.0,"turns":1.0},{"damage":0.0,"enemies":"Slime Boss","floor":16.0,"turns":5.0},{"damage":37,"enemies":"2 Thieves","floor":18,"turns":4},{"damage":0,"enemies":"3 Byrds","floor":19,"turns":4},{"damage":16,"enemies":"Snake Plant","floor":20,"turns":4},{"damage":48,"enemies":"Shelled Parasite and Fungi","floor":22,"turns":5},{"damage":24,"enemies":"Book of Stabbing","floor":24,"turns":5},{"damage":6,"enemies":"Snecko","floor":25,"turns":5},{"damage":12,"enemies":"Chosen and Byrds","floor":27,"turns":4},{"damage":10,"enemies":"Shelled Parasite and Fungi","floor":31,"turns":2},{"damage":74,"enemies":"Collector","floor":33,"turns":8},{"damage":25,"enemies":"3 Shapes","floor":35,"turns":4},{"damage":42,"enemies":"3 Darklings","floor":37,"turns":5},{"damage":47,"enemies":"Maw","floor":39,"turns":4}],"seed_played":"-6836007765666441391","potions_obtained":[{"floor":4.0,"key":"GamblersBrew"},{"floor":7.0,"key":"ColorlessPotion"},{"floor":12.0,"key":"SpeedPotion"},{"floor":13.0,"key":"ColorlessPotion"},{"floor":14.0,"key":"PowerPotion"},{"floor":20,"key":"Swift Potion"},{"floor":22,"key":"Block Potion"},{"floor":24,"key":"Swift Potion"},{"floor":25,"key":"BloodPotion"},{"floor":27,"key":"SkillPotion"},{"floor":33,"key":"LiquidMemories"}],"is_trial":true,"path_per_floor":["M","?","?","M","M","R","E","M","T","$","M","M","M","M","R","B",null,"M","M","M","$","M","R","E","M","T","M","?","?","R","M","R","B",null,"M","?","M","?","M"],"character_chosen":"IRONCLAD","items_purchased":["ReplayFunnel","Warcry","Lee\u0027s Waffle","Fire Breathing"],"campfire_rested":4,"item_purchase_floors":[10,10,21,21],"current_hp_per_floor":[80,80,80,80,80,80,58,50,57,57,49,43,46,52,78,84,87,56,62,52,94,52,80,62,62,62,56,58,58,86,82,94,26,94,81,69,39,39,0,0],"gold":261,"neow_bonus":"","is_daily":false,"chose_seed":false,"campfire_upgraded":1,"win_rate":0.0,"timestamp":1610490999,"path_taken":["M","?","?","?","M","R","E","M","T","$","M","M","M","M","R","BOSS","M","M","M","$","M","R","E","M","T","?","?","?","R","M","R","BOSS","M","?","M","?","M"],"items_purchased_type":["Relic","Card","Relic","Card"],"build_version":"2020-12-22","purchased_purges":0,"victory":false,"max_hp_per_floor":[80,80,80,80,80,80,80,80,87,87,87,87,87,87,87,87,87,87,87,87,94,94,94,94,94,94,94,94,94,94,94,94,94,94,94,94,94,94,94,94],"card_choices":[{"not_picked":["Flex","Armaments"],"picked":"Blood for Blood","floor":1.0},{"not_picked":["Sword Boomerang","Perfected Strike"],"picked":"Flex","floor":4.0},{"not_picked":["Anger","Replay:Undeath\u0027s Touch"],"picked":"Entrench","floor":5.0},{"not_picked":["Clothesline","ReplayTheSpireMod:Strike From Hell"],"picked":"Juggernaut","floor":7.0},{"not_picked":["Rupture","Sword Boomerang"],"picked":"Whirlwind","floor":8.0},{"not_picked":["Battle Trance","True Grit"],"picked":"Reckless Charge","floor":11.0},{"not_picked":["Clash","ReplayTheSpireMod:Strike From Hell"],"picked":"Cleave","floor":12.0},{"not_picked":["Blood for Blood","ReplayTheSpireMod:Strike From Hell"],"picked":"Pommel Strike","floor":13.0},{"not_picked":["Blood for Blood","ReplayTheSpireMod:Strike From Hell"],"picked":"Body Slam","floor":14.0},{"not_picked":["Demonic Infusion","Eclipse"],"picked":"Berserk","floor":16.0},{"not_picked":["Defy Death+1","Armaments"],"picked":"Shrug It Off","floor":18},{"not_picked":["Feel No Pain","Cleave"],"picked":"Twin Strike+1","floor":19},{"not_picked":["True Grit","Sentinel"],"picked":"Replay:Undeath\u0027s Touch","floor":20},{"not_picked":["ReplayTheSpireMod:Strike From Hell","Clothesline"],"picked":"Wild Strike+1","floor":22},{"not_picked":["ReplayTheSpireMod:Corrosion Curse","Flex"],"picked":"Burning Pact","floor":24},{"not_picked":["Heavy Blade","Perfected Strike"],"picked":"Fiend Fire","floor":25},{"not_picked":["Run Through","Warcry"],"picked":"Sever Soul","floor":27},{"not_picked":["Shockwave","Headbutt"],"picked":"Rage","floor":31},{"not_picked":["Barricade","Bludgeon"],"picked":"Corruption","floor":33},{"not_picked":["Clothesline","Warcry+1"],"picked":"Abandon","floor":35},{"not_picked":["Anger+1","Havoc+1"],"picked":"Heavy Blade+1","floor":37},{"not_picked":["Thinking Ahead","HandOfGreed"],"picked":"Metamorphosis","floor":38}],"player_experience":175388,"relics_obtained":[{"floor":3.0,"key":"Ring of Fury"},{"floor":7.0,"key":"War Paint"},{"floor":9.0,"key":"Strawberry"},{"floor":24,"key":"Boot"},{"floor":26,"key":"Blue Doll"},{"floor":28,"key":"Necronomicon"}],"event_choices":[{"damage_healed":80.0,"max_hp_gain":0.0,"max_hp_loss":80.0,"gold_gain":0.0,"event_name":"betterThird:BetterShining","player_choice":"Embrace Burn","floor":2.0,"gold_loss":0.0,"damage_taken":0.0},{"damage_healed":0,"gold_gain":0,"player_choice":"Obtained Book","damage_taken":16,"max_hp_gain":0,"max_hp_loss":0,"event_name":"Cursed Tome","floor":28,"gold_loss":0},{"damage_healed":0,"gold_gain":0,"player_choice":"Ignored","damage_taken":0,"max_hp_gain":0,"max_hp_loss":0,"event_name":"Vampires","floor":29,"gold_loss":0},{"damage_healed":0,"gold_gain":0,"player_choice":"Embrace Madness","damage_taken":12,"max_hp_gain":0,"max_hp_loss":0,"event_name":"Winding Halls","floor":36,"gold_loss":0,"cards_obtained":["Madness","Madness"]},{"damage_healed":0,"gold_gain":0,"player_choice":"Memory 1","damage_taken":0,"max_hp_gain":0,"max_hp_loss":0,"event_name":"SensoryStone","floor":38,"gold_loss":0}],"is_beta":false,"boss_relics":[{"not_picked":["Electric Blood","Empty Cage"],"picked":"Runic Pyramid"},{"not_picked":["Ooze Armor","ChewingGum"],"picked":"Black Blood"}],"items_purged_floors":[],"is_endless":false,"potions_floor_spawned":[4,7,12,13,14,20,22,24,25,27,33],"killed_by":"Maw","ascension_level":0}}