{"host":"er8s5flrc5z1a07t","time":1610411253,"event":{"mods":["2.2 Compatiblity","Act Like it!","Bard","BaseMod","Better Note","Better Third Choice","Downfall","Duelist Mod","Elementarium","Energized Spire","GifTheSpireLib","Hermit","Hubris","Infinite Spire","Minty Spire (QoL Compilation)","Relic Stats","Replay The Spire","Shop Mod","StSLib","Stuff the Spire","Synergy Search","The Cursed","The Disciple","The Mystic"],"gold_per_floor":[114,114,114,18,38,38,38],"floor_reached":6,"playtime":433,"items_purged":[],"score":68,"play_id":"3ae9bca7-a764-45fb-bac4-7a2d43ec6099","local_time":"20210111192733","is_ascension_mode":true,"campfire_choices":[],"circlet_count":0,"master_deck":["AscendersBane","TheCursedMod:Strike_TheCursed","TheCursedMod:Strike_TheCursed","TheCursedMod:Strike_TheCursed","TheCursedMod:Strike_TheCursed","TheCursedMod:Defend_TheCursed","TheCursedMod:Defend_TheCursed","TheCursedMod:Defend_TheCursed","TheCursedMod:Defend_TheCursed","TheCursedMod:CursedWand","TheCursedMod:CleanUpWorkshop","TheCursedMod:Dregs","Secret Weapon","TheCursedMod:RavingStaff","TheCursedMod:SoulCrush"],"relics":["TheCursedMod:BlackMagic101","hubris:Towel","Toy Ornithopter"],"acts_visited":["Exordium"],"potions_floor_usage":[],"damage_taken":[{"damage":4,"enemies":"2 Louse","floor":1,"turns":5},{"damage":9,"enemies":"Small Slimes","floor":5,"turns":3},{"damage":45,"enemies":"3 Sentries","floor":6,"turns":5}],"seed_played":"-5769245468091649635","potions_obtained":[],"is_trial":false,"path_per_floor":["M","?","?","?","M","E"],"character_chosen":"THE_CURSED","items_purchased":[],"campfire_rested":0,"item_purchase_floors":[],"current_hp_per_floor":[60,60,60,60,51,6,6],"gold":38,"neow_bonus":"RANDOM_COLORLESS_2","is_daily":false,"chose_seed":false,"campfire_upgraded":0,"win_rate":0.0,"timestamp":1610411253,"path_taken":["M","?","?","?","?","E"],"items_purchased_type":[],"build_version":"2020-12-22","purchased_purges":0,"victory":false,"max_hp_per_floor":[71,71,71,71,71,71,71],"relic_stats":{"counters":[3,13],"obtain_stats":[{"TheCursedMod:BlackMagic101":0,"hubris:Towel":2,"Toy Ornithopter":4},{"TheCursedMod:BlackMagic101":0,"hubris:Towel":1,"Toy Ornithopter":1},{"TheCursedMod:BlackMagic101":0,"hubris:Towel":5,"Toy Ornithopter":5}],"Toy Ornithopter":0},"card_choices":[{"not_picked":["Metamorphosis","The Bomb"],"picked":"Secret Weapon","floor":0},{"not_picked":["TheCursedMod:SpitefulPray","TheCursedMod:CursedShiv"],"picked":"TheCursedMod:RavingStaff","floor":1},{"not_picked":["TheCursedMod:Hemoplague","TheCursedMod:Stigma"],"picked":"TheCursedMod:SoulCrush","floor":5}],"player_experience":1251058,"relics_obtained":[],"event_choices":[{"cards_removed":["Pain"],"damage_healed":0,"gold_gain":0,"player_choice":"Forget","damage_taken":0,"max_hp_gain":0,"max_hp_loss":0,"event_name":"Living Wall","floor":3,"gold_loss":0},{"damage_healed":0,"gold_gain":0,"player_choice":"Paid Gold","damage_taken":0,"relics_obtained":["Toy Ornithopter"],"max_hp_gain":0,"max_hp_loss":0,"event_name":"WeMeetAgain","floor":4,"gold_loss":96}],"is_beta":false,"boss_relics":[],"items_purged_floors":[],"is_endless":false,"potions_floor_spawned":[],"killed_by":"3 Sentries","ascension_level":20}}