{"host":"hve1dyh1ly81yl9f","time":1610473991,"event":{"mods":["BaseMod","Colored Map","DeckTracker","Highlight Path","Keyboard Shortcuts","Minty Spire (QoL Compilation)","Permanent Neow","Quick Restart","StSLib","SuperFastMode"],"gold_per_floor":[110,122,47,62,73,73,50,50,50,15,15,15,15,48,48,171,171,189,202,225,225,225],"floor_reached":21,"playtime":590,"items_purged":["Clumsy"],"score":251,"play_id":"af73770d-d1c1-4885-9ca1-e124ade86c6f","local_time":"20210113025311","is_ascension_mode":true,"campfire_choices":[{"data":"Hemokinesis","floor":6.0,"key":"SMITH"},{"data":"Hemokinesis","floor":8.0,"key":"SMITH"},{"data":"Injury","floor":13.0,"key":"PURGE"},{"data":"Parasite","floor":15.0,"key":"PURGE"}],"circlet_count":0,"master_deck":["Strike_R","Strike_R","Strike_R","Strike_R","Strike_R","Defend_R","Defend_R","Defend_R","Defend_R","Bash","Hemokinesis+1","Hemokinesis+1","Heavy Blade","Reaper","CurseOfTheBell","Power Through"],"relics":["Burning Blood","Peace Pipe","HornCleat","Golden Idol","Singing Bowl","Calling Bell","Ancient Tea Set","Self Forming Clay","Shovel"],"acts_visited":["Exordium","TheCity"],"potions_floor_usage":[],"damage_taken":[{"damage":7.0,"enemies":"Small Slimes","floor":1.0,"turns":4.0},{"damage":6.0,"enemies":"2 Louse","floor":2.0,"turns":2.0},{"damage":14.0,"enemies":"Jaw Worm","floor":4.0,"turns":2.0},{"damage":20.0,"enemies":"2 Fungi Beasts","floor":5.0,"turns":3.0},{"damage":22.0,"enemies":"Gremlin Nob","floor":14.0,"turns":4.0},{"damage":18.0,"enemies":"Slime Boss","floor":16.0,"turns":6.0},{"damage":37,"enemies":"3 Byrds","floor":18,"turns":7},{"damage":37,"enemies":"Shell Parasite","floor":19,"turns":6},{"damage":47,"enemies":"Sentry and Sphere","floor":20,"turns":7},{"damage":18,"enemies":"Centurion and Healer","floor":21,"turns":1}],"seed_played":"1380996355957763115","potions_obtained":[{"floor":2.0,"key":"FairyPotion"},{"floor":14.0,"key":"SpeedPotion"},{"floor":16.0,"key":"Weak Potion"}],"is_trial":false,"path_per_floor":["M","M","$","M","M","R","?","R","T","?","?","?","R","E","R","B",null,"M","M","M","M"],"character_chosen":"IRONCLAD","items_purchased":[],"campfire_rested":0,"item_purchase_floors":[],"current_hp_per_floor":[71,71,71,63,49,49,49,49,49,69,80,80,80,66,66,54,73,49,18,10,0,0],"gold":225,"neow_bonus":"ONE_RARE_RELIC","is_daily":false,"chose_seed":false,"campfire_upgraded":2,"win_rate":0.0,"timestamp":1610473991,"path_taken":["M","M","$","M","M","R","?","R","T","?","?","?","R","E","R","BOSS","M","M","M","M"],"items_purchased_type":[],"build_version":"2020-12-22","purchased_purges":1,"victory":false,"max_hp_per_floor":[80,80,80,80,80,80,80,80,80,80,80,80,80,82,79,79,79,81,81,83,83,83],"card_choices":[{"not_picked":["Sentinel","Anger"],"picked":"Hemokinesis","floor":1.0},{"not_picked":["Sword Boomerang","Heavy Blade"],"picked":"Hemokinesis","floor":2.0},{"not_picked":["Body Slam","Havoc","Anger"],"picked":"SKIP","floor":4.0},{"not_picked":["Shockwave","Carnage"],"picked":"Heavy Blade","floor":5.0},{"not_picked":["Combust","Juggernaut","Reckless Charge"],"picked":"Singing Bowl","floor":14.0},{"not_picked":["Impervious","Demon Form"],"picked":"Reaper","floor":16.0},{"not_picked":["Twin Strike","Wild Strike","Sever Soul"],"picked":"Singing Bowl","floor":18},{"not_picked":["Clothesline","Warcry+1"],"picked":"Power Through","floor":19},{"not_picked":["Thunderclap","Pommel Strike+1","Reckless Charge"],"picked":"Singing Bowl","floor":20}],"player_experience":325876,"relics_obtained":[{"floor":9.0,"key":"HornCleat"},{"floor":14.0,"key":"Singing Bowl"},{"floor":17,"key":"Ancient Tea Set"},{"floor":17,"key":"Self Forming Clay"},{"floor":17,"key":"Shovel"}],"event_choices":[{"damage_healed":0.0,"max_hp_gain":0.0,"max_hp_loss":0.0,"gold_gain":0.0,"event_name":"World of Goop","player_choice":"Left Gold","floor":7.0,"gold_loss":23.0,"damage_taken":0.0},{"damage_healed":20.0,"max_hp_gain":0.0,"max_hp_loss":0.0,"gold_gain":0.0,"event_name":"The Cleric","player_choice":"Healed","floor":10.0,"gold_loss":35.0,"damage_taken":0.0},{"damage_healed":20.0,"max_hp_gain":0.0,"max_hp_loss":0.0,"gold_gain":0.0,"event_name":"Mushrooms","player_choice":"Healed and dodged fight","floor":11.0,"gold_loss":0.0,"damage_taken":0.0,"cards_obtained":["Parasite"]},{"damage_healed":0.0,"max_hp_gain":0.0,"max_hp_loss":0.0,"gold_gain":0.0,"event_name":"Golden Idol","player_choice":"Take Wound","floor":12.0,"gold_loss":0.0,"damage_taken":0.0,"relics_obtained":["Golden Idol"],"cards_obtained":["Injury"]}],"is_beta":false,"boss_relics":[{"not_picked":["Astrolabe","Coffee Dripper"],"picked":"Calling Bell"}],"items_purged_floors":[3],"is_endless":false,"potions_floor_spawned":[2,14,16],"killed_by":"Centurion and Healer","ascension_level":8}}