{"host":"4328iixd8pca51w5","time":1610460609,"event":{"mods":["2.2 Compatiblity","AchievementEnabler","BaseMod","CapriCore","Colored Map","KOR Keyword Fix","Minty Spire (QoL Compilation)","StSLib","WarShipGirlsR/??á´Ò³R mod"],"gold_per_floor":[210,210,210,210,228,228,259,282,282,295,115,134,134,159,159,284,284,308,326,344,344,100,100,100,100,100,100,138,13,13,49,49,173,173,197,218,68,93,109,109,109,109,109,109,69,69,83,83,83,83],"floor_reached":51,"playtime":1622,"items_purged":["rmod:strick","rmod:stealaluminum","rmod:guardianhero+1","rmod:ammunitionsupply+1"],"score":1032,"play_id":"83756124-2855-4363-b747-5a39eff82b39","local_time":"20210112231009","is_ascension_mode":true,"campfire_choices":[{"data":"rmod:salvage","floor":6.0,"key":"SMITH"},{"data":"rmod:salvage","floor":13.0,"key":"SMITH"},{"data":"rmod:openingtorpedo","floor":15.0,"key":"SMITH"},{"data":"rmod:fletcher","floor":23,"key":"SMITH"},{"data":"rmod:fletcher","floor":25,"key":"SMITH"},{"data":"rmod:basicallowance","floor":32,"key":"SMITH"},{"data":"rmod:maingunfire","floor":40,"key":"SMITH"},{"data":"rmod:lastglory","floor":42,"key":"SMITH"},{"floor":49,"key":"REST"}],"circlet_count":0,"master_deck":["rmod:basicallowance+1","rmod:maingunfire+1","rmod:salvage+1","rmod:fletcher+1","rmod:openingtorpedo+1","rmod:salvage+1","rmod:fletcherpendant+1","rmod:fletcherpendant+1","rmod:fletcher+1","rmod:fletcherpendant","rmod:lastglory+1","rmod:fletcher+1","rmod:royalracing+1","rmod:fletcherpendant+1","rmod:fletcherpendant","rmod:fletcherpendant+1","rmod:windflower+1","rmod:supportescort+1","rmod:fletcherpendant","rmod:wife+1","rmod:fletcherpendant+1","rmod:openingtorpedo+1","rmod:fletcherpendant","rmod:fletcherpendant+1","rmod:circuitoustactics+1","rmod:lastglory","rmod:windflower+1","rmod:fletcher+1"],"relics":["rmod:firstchargereward","Toxic Egg 2","Golden Idol","Singing Bowl","Gremlin Horn","Pandora\u0027s Box","Nilry\u0027s Codex","Mummified Hand","StoneCalendar","Nunchaku","rmod:monthlycard","Unceasing Top"],"acts_visited":["TheCity","TheBeyond"],"potions_floor_usage":[38,48,50],"damage_taken":[{"damage":0.0,"enemies":"2 Louse","floor":1.0,"turns":2.0},{"damage":0.0,"enemies":"Cultist","floor":5.0,"turns":3.0},{"damage":24.0,"enemies":"Gremlin Nob","floor":7.0,"turns":5.0},{"damage":0.0,"enemies":"Jaw Worm","floor":8.0,"turns":3.0},{"damage":0.0,"enemies":"2 Fungi Beasts","floor":10.0,"turns":1.0},{"damage":0.0,"enemies":"Blue Slaver","floor":12.0,"turns":1.0},{"damage":3.0,"enemies":"Looter","floor":14.0,"turns":2.0},{"damage":25.0,"enemies":"Hexaghost","floor":16.0,"turns":9.0},{"damage":12.0,"enemies":"Chosen","floor":18.0,"turns":4.0},{"damage":0.0,"enemies":"2 Thieves","floor":19.0,"turns":1.0},{"damage":12.0,"enemies":"Cultist and Chosen","floor":20.0,"turns":3.0},{"damage":0,"enemies":"Gremlin Leader","floor":28,"turns":3},{"damage":0,"enemies":"Slavers","floor":31,"turns":1},{"damage":0,"enemies":"Automaton","floor":33,"turns":3},{"damage":0,"enemies":"Orb Walker","floor":35,"turns":1},{"damage":0,"enemies":"3 Darklings","floor":36,"turns":1},{"damage":16,"enemies":"Sphere and 2 Shapes","floor":38,"turns":1},{"damage":14,"enemies":"4 Shapes","floor":39,"turns":4},{"damage":0,"enemies":"Jaw Worm Horde","floor":47,"turns":1},{"damage":0,"enemies":"Transient","floor":48,"turns":1},{"damage":58,"enemies":"Time Eater","floor":50,"turns":4}],"seed_played":"-3321744444369110709","potions_obtained":[{"floor":1.0,"key":"Block Potion"},{"floor":12.0,"key":"LiquidMemories"},{"floor":20.0,"key":"Block Potion"},{"floor":31,"key":"Regen Potion"},{"floor":39,"key":"SmokeBomb"}],"is_trial":false,"path_per_floor":["M","?","?","?","M","R","E","M","T","M","$","M","R","M","R","B",null,"M","M","M","?","$","R","?","R","T","$","E","$","?","E","R","B",null,"M","M","$","M","M","R","?","R","T","$","?","?","M","M","R","B",null],"character_chosen":"PRAEFECT","items_purchased":["FairyPotion","rmod:windflower+1"],"campfire_rested":1,"item_purchase_floors":[11,22],"current_hp_per_floor":[75,75,57,57,57,57,33,35,35,37,37,39,39,38,38,13,83,73,75,65,49,49,49,49,49,49,49,49,49,49,51,51,53,93,93,95,95,81,67,67,69,69,69,69,75,75,75,75,105,52],"gold":83,"neow_bonus":"HUNDRED_GOLD","is_daily":false,"chose_seed":false,"campfire_upgraded":8,"win_rate":0.0,"timestamp":1610460609,"path_taken":["M","?","?","?","M","R","E","?","T","M","$","M","R","M","R","BOSS","M","M","?","?","$","R","?","R","T","$","E","?","?","E","R","BOSS","M","M","$","?","M","R","?","R","T","$","?","?","M","M","R","BOSS"],"items_purchased_type":["Potion","Card"],"build_version":"2020-12-22","purchased_purges":4,"victory":true,"max_hp_per_floor":[75,75,75,75,75,75,75,77,77,79,79,81,81,83,83,83,83,85,87,89,89,89,89,89,89,89,89,89,89,89,91,91,93,93,93,95,95,97,97,97,99,99,99,99,105,105,105,105,105,105],"card_choices":[{"not_picked":["rmod:unsinkable","rmod:luckystar"],"picked":"rmod:salvage","floor":1.0},{"not_picked":["rmod:selfconfidence","rmod:circuitoustactics+1"],"picked":"rmod:openingtorpedo","floor":5.0},{"not_picked":["rmod:diaomin+1","rmod:combined"],"picked":"rmod:salvage","floor":7.0},{"not_picked":["rmod:combined","rmod:firesupport","rmod:luckystar"],"picked":"Singing Bowl","floor":8.0},{"not_picked":["rmod:aviationdawn+1","rmod:guardianhero+1","rmod:supportescort+1"],"picked":"Singing Bowl","floor":10.0},{"not_picked":["rmod:capitalist+1","rmod:gendarmerie+1","rmod:firesupport"],"picked":"Singing Bowl","floor":12.0},{"not_picked":["rmod:chargemoney","rmod:seals","rmod:aviationdawn+1"],"picked":"Singing Bowl","floor":14.0},{"not_picked":["rmod:u235+1","rmod:timeschanged"],"picked":"rmod:lastglory","floor":16.0},{"not_picked":["rmod:aluminumsupply+1","rmod:overbreakdown+1","rmod:luckystar"],"picked":"Singing Bowl","floor":18.0},{"not_picked":["rmod:overbreakdown+1","rmod:punchline+1","rmod:slowdown+1"],"picked":"Singing Bowl","floor":19.0},{"not_picked":["rmod:luckystar","rmod:unsinkable+1","rmod:fuelsupply+1"],"picked":"Singing Bowl","floor":20.0},{"not_picked":["rmod:bulid+1","rmod:abidefaith"],"picked":"rmod:wife+1","floor":28},{"not_picked":["rmod:lonelyqueen+1","rmod:selfconfidence+1","rmod:seals"],"picked":"Singing Bowl","floor":31},{"not_picked":["rmod:highspeedmaneuver+1","rmod:auspiciousomen+1","rmod:expeditionaryescort"],"picked":"Singing Bowl","floor":33},{"not_picked":["rmod:aluminumsupply+1","rmod:supportescort+1"],"picked":"rmod:openingtorpedo+1","floor":35},{"not_picked":["rmod:ammunitionsupply+1","rmod:goodfighter","rmod:fuelsupply+1"],"picked":"Singing Bowl","floor":36},{"not_picked":["rmod:unsinkable+1","rmod:luckystar","rmod:ammunitionsupply+1"],"picked":"Singing Bowl","floor":38},{"not_picked":["rmod:selfconfidence","rmod:supportescort+1"],"picked":"rmod:mineteam+1","floor":39},{"not_picked":["Impatience+1","Blind+1","Discovery+1"],"picked":"Singing Bowl","floor":41},{"not_picked":["rmod:gendarmerie"],"picked":"Singing Bowl","floor":45},{"not_picked":[],"picked":"rmod:circuitoustactics","floor":45},{"not_picked":["rmod:firesupport"],"picked":"Singing Bowl","floor":45},{"not_picked":["rmod:aggressivemary"],"picked":"Singing Bowl","floor":45},{"not_picked":[],"picked":"rmod:lastglory","floor":45},{"not_picked":["rmod:diamondstrike","rmod:intelligenceanalysis+1"],"picked":"rmod:windflower+1","floor":47}],"player_experience":172433,"relics_obtained":[{"floor":7.0,"key":"Singing Bowl"},{"floor":9.0,"key":"Gremlin Horn"},{"floor":21,"key":"Nilry\u0027s Codex"},{"floor":26,"key":"Mummified Hand"},{"floor":28,"key":"StoneCalendar"},{"floor":31,"key":"Nunchaku"},{"floor":43,"key":"Unceasing Top"}],"event_choices":[{"damage_healed":0.0,"max_hp_gain":0.0,"max_hp_loss":0.0,"gold_gain":0.0,"event_name":"Big Fish","player_choice":"Box","floor":2.0,"gold_loss":0.0,"damage_taken":0.0,"relics_obtained":["Toxic Egg 2"],"cards_obtained":["Regret"]},{"damage_healed":0.0,"max_hp_gain":0.0,"max_hp_loss":0.0,"gold_gain":0.0,"event_name":"Golden Idol","player_choice":"Take Damage","floor":3.0,"gold_loss":0.0,"damage_taken":18.0,"relics_obtained":["Golden Idol"]},{"cards_removed":["Regret"],"damage_healed":0.0,"max_hp_gain":0.0,"max_hp_loss":0.0,"gold_gain":0.0,"event_name":"Purifier","player_choice":"Purged","floor":4.0,"gold_loss":0.0,"damage_taken":0.0},{"damage_healed":0,"gold_gain":0,"player_choice":"Obtained Book","damage_taken":16,"max_hp_gain":0,"max_hp_loss":0,"event_name":"Cursed Tome","floor":21,"gold_loss":0},{"damage_healed":0,"gold_gain":0,"cards_transformed":["rmod:aviationdawn","rmod:auspiciousomen"],"player_choice":"Became Test Subject","damage_taken":0,"max_hp_gain":0,"max_hp_loss":0,"event_name":"Drug Dealer","floor":24,"gold_loss":0,"cards_obtained":["rmod:supportescort","rmod:ammunitionsupply"]},{"cards_removed":["rmod:firesupport"],"damage_healed":0,"gold_gain":0,"player_choice":"Purged","damage_taken":0,"max_hp_gain":0,"max_hp_loss":0,"event_name":"Purifier","floor":30,"gold_loss":0},{"damage_healed":0,"gold_gain":0,"player_choice":"Memory 1","damage_taken":0,"max_hp_gain":0,"max_hp_loss":0,"event_name":"SensoryStone","floor":41,"gold_loss":0},{"cards_removed":["rmod:mineteam"],"damage_healed":0,"gold_gain":0,"player_choice":"Removed Power","damage_taken":0,"max_hp_gain":0,"max_hp_loss":0,"event_name":"Falling","floor":46,"gold_loss":0}],"is_beta":false,"boss_relics":[{"not_picked":["SlaversCollar","Coffee Dripper"],"picked":"Pandora\u0027s Box"},{"not_picked":["Philosopher\u0027s Stone","Fusion Hammer"],"picked":"rmod:monthlycard"}],"items_purged_floors":[11,22,29,37],"is_endless":false,"potions_floor_spawned":[1,12,20,31,36,39,47],"ascension_level":4}}