{"host":"r2xhbz7xmd090pnn","time":1610460836,"event":{"mods":["2.2 Compatiblity","AchievementEnabler","BaseMod","Better Third Choice","Block Reminder","Card Forge","Dark Map","Downfall","Hermit","Marisa????????","Minty Spire (QoL Compilation)","Rare Cards Sparkle","Replay The Spire","StSLib","SuperFastMode","The Bug Knight","The Necromancer","The Runesmith","The Servant 0.9.4"],"gold_per_floor":[217,217,231,245,264,296,58,90,116,116,149,167,193,193,193,293,293,293,293],"floor_reached":18,"playtime":359,"items_purged":[],"score":347,"play_id":"d3a6c6e7-2348-4121-bc68-5437d5b2297c","local_time":"20210112061356","is_ascension_mode":true,"campfire_choices":[{"floor":15,"key":"REST"}],"circlet_count":0,"master_deck":["Defend_P+1","Eruption+1","Vigilance+1","SignatureMove+1","WreathOfFlame+1"],"relics":["PureWater","Hammer of Thor","Seething Fire","Anvil of the Gods","Calipers","Bottled Tornado","Tiny Chest","Bag of Marbles","Kunai","Lantern","Philosopher\u0027s Stone"],"acts_visited":["Exordium","TheCity"],"potions_floor_usage":[8,16,16,16],"damage_taken":[{"damage":0,"enemies":"2 Louse","floor":1,"turns":2},{"damage":0,"enemies":"Cultist","floor":3,"turns":1},{"damage":0,"enemies":"Jaw Worm","floor":4,"turns":1},{"damage":0,"enemies":"Exordium Thugs","floor":5,"turns":1},{"damage":0,"enemies":"Gremlin Nob","floor":6,"turns":1},{"damage":38,"enemies":"Lagavulin","floor":8,"turns":4},{"damage":6,"enemies":"3 Sentries","floor":11,"turns":3},{"damage":0,"enemies":"Large Slime","floor":12,"turns":1},{"damage":0,"enemies":"Lagavulin","floor":13,"turns":1},{"damage":0,"enemies":"Fading Forest","floor":16,"turns":11},{"damage":0,"enemies":"3 Byrds","floor":18,"turns":1}],"seed_played":"-3259935030878868193","potions_obtained":[{"floor":3,"key":"Flashbang"},{"floor":4,"key":"SkillPotion"},{"floor":8,"key":"SteroidPotion"},{"floor":12,"key":"Swift Potion"}],"is_trial":false,"path_per_floor":["M","?","M","M","M","E","$","E","T","$","E","M","E","$","R","B",null,"M"],"character_chosen":"WATCHER","items_purchased":["Bottled Tornado"],"campfire_rested":1,"item_purchase_floors":[7],"current_hp_per_floor":[72,72,72,72,72,72,72,34,34,34,28,28,28,28,49,59,72,72,72],"gold":293,"neow_bonus":"HUNDRED_GOLD","is_daily":false,"chose_seed":false,"campfire_upgraded":0,"win_rate":0.0,"timestamp":1610460836,"path_taken":["M","?","M","M","M","E","$","E","T","$","E","M","E","$","R","BOSS","M"],"items_purchased_type":["Relic"],"build_version":"2020-12-22","purchased_purges":0,"victory":false,"max_hp_per_floor":[72,72,72,72,72,72,72,72,72,72,72,72,72,72,72,72,72,72,72],"card_choices":[{"not_picked":["BowlingBash","CrushJoints"],"picked":"SignatureMove","floor":1},{"not_picked":["EmptyBody","Protect","FlurryOfBlows"],"picked":"SKIP","floor":3},{"not_picked":["Adaptation","WindmillStrike"],"picked":"WreathOfFlame","floor":4},{"not_picked":["Replay:ManipulateFuture","Weave"],"picked":"Adaptation","floor":5},{"not_picked":["InnerPeace","ThirdEye","SandsOfTime"],"picked":"SKIP","floor":6},{"not_picked":["Replay:BluntJabs","Replay:Vibes","PathToVictory"],"picked":"SKIP","floor":8},{"not_picked":["Replay:AtTheReady","Pray","Scrawl"],"picked":"SKIP","floor":11},{"not_picked":["CutThroughFate","SashWhip","DeceiveReality"],"picked":"SKIP","floor":12},{"not_picked":["Weave","ClearTheMind","JustLucky"],"picked":"SKIP","floor":13}],"player_experience":15141,"relics_obtained":[{"floor":6,"key":"Calipers"},{"floor":8,"key":"Tiny Chest"},{"floor":9,"key":"Bag of Marbles"},{"floor":11,"key":"Kunai"},{"floor":13,"key":"Lantern"}],"event_choices":[{"cards_removed":["Defend_P"],"damage_healed":0,"gold_gain":0,"player_choice":"Offered Basic","damage_taken":0,"max_hp_gain":0,"max_hp_loss":0,"event_name":"Bonfire Elementals","floor":2,"gold_loss":0}],"is_beta":false,"boss_relics":[{"not_picked":["Snecko Eye","Coffee Dripper"],"picked":"Philosopher\u0027s Stone"}],"items_purged_floors":[],"is_endless":false,"potions_floor_spawned":[3,4,8,12],"killed_by":"3 Byrds","ascension_level":2}}