{"host":"l2dnabsh5e0fsksb","time":1610457869,"event":{"mods":["2.2 Compatiblity","BaseMod","Downfall","Minty Spire (QoL Compilation)","Quick Restart","StSLib"],"gold_per_floor":[99,117,117,417,437,454,454,304,36,136,136,136,136],"floor_reached":11,"playtime":300,"items_purged":["Slimebound:Icky"],"score":92,"play_id":"1513cb7a-e923-4ee5-8afe-adc2b6efce32","local_time":"20210112235429","is_ascension_mode":true,"campfire_choices":[{"floor":1,"key":"RECALL"},{"data":"champ:Taunt","floor":8,"key":"SMITH"}],"circlet_count":0,"master_deck":["AscendersBane","champ:Strike","champ:Strike","champ:Strike","champ:Strike","champ:Defend","champ:Defend","champ:Defend","champ:Defend","champ:Execute","champ:Taunt+1","hexamod:Haunted","champ:GutPunch","Slimebound:Icky","champ:EnragedBash","champ:FaceSlap","champ:SwordSigil","champ:BerserkerStyle","champ:AdrenalArmor"],"relics":["champ:ChampionCrown","Calipers","Happy Flower","downfall:HeartBlessingRed","downfall:HeartBlessingBlue","champ:Barbells","Champion Belt"],"acts_visited":["Exordium"],"potions_floor_usage":[10],"damage_taken":[{"damage":11,"enemies":"Jaw Worm","floor":2,"turns":4},{"damage":0,"enemies":"2 Louse","floor":5,"turns":3},{"damage":17,"enemies":"Small Slimes","floor":6,"turns":3},{"damage":15,"enemies":"downfall:FleeingMerchant","floor":9,"turns":4},{"damage":48,"enemies":"downfall:FleeingMerchant","floor":10,"turns":4},{"damage":20,"enemies":"3 Sentries","floor":11,"turns":2}],"seed_played":"4534434574672192341","potions_obtained":[{"floor":5,"key":"champ:OpenerPotion"}],"is_trial":false,"path_per_floor":["R","M","?","?","M","M","T","R","$","?","E"],"character_chosen":"THE_CHAMP","items_purchased":["champ:Barbells","champ:BerserkerStyle"],"campfire_rested":0,"item_purchase_floors":[9,9],"current_hp_per_floor":[81,75,57,57,57,50,50,60,55,25,5,5,5],"gold":136,"neow_bonus":"ONE_RARE_RELIC","is_daily":false,"chose_seed":false,"campfire_upgraded":1,"win_rate":0.0,"timestamp":1610457869,"path_taken":["R","M","?","?","M","M","T","R","$","?","E"],"items_purchased_type":["Relic","Card"],"build_version":"2020-12-22","purchased_purges":1,"victory":false,"max_hp_per_floor":[90,90,90,90,90,90,90,100,100,100,100,100,100],"card_choices":[{"not_picked":["champ:Circumvent","champ:PerfectedStrike"],"picked":"champ:GutPunch","floor":2},{"not_picked":["champ:FightOn","champ:GladiatorsShout"],"picked":"champ:EnragedBash","floor":5},{"not_picked":["champ:Backstep","champ:BerserkersShout"],"picked":"champ:FaceSlap","floor":6},{"not_picked":["champ:DeathBlow","champ:Circumvent"],"picked":"champ:SwordSigil","floor":9},{"not_picked":["champ:Lariat","champ:FalseCounter"],"picked":"champ:AdrenalArmor","floor":10}],"player_experience":1770862,"relics_obtained":[{"floor":10,"key":"Champion Belt"}],"event_choices":[{"damage_healed":0,"gold_gain":0,"player_choice":"Success","damage_taken":18,"relics_obtained":["Happy Flower"],"max_hp_gain":0,"max_hp_loss":0,"event_name":"Scrap Ooze","floor":3,"gold_loss":0}],"is_beta":false,"boss_relics":[],"items_purged_floors":[9],"is_endless":false,"potions_floor_spawned":[5],"killed_by":"3 Sentries","ascension_level":10}}