{"host":"dubvjd3hvlwuhjqk","time":1610454677,"event":{"mods":["BaseMod","Better Match","Better Third Choice","BetterRewards","Colored Map","Colored Powertips","Conspire","Curses Come First","Downfall","Energized Spire","Googly Eyes","GungeonMod","Hermit","Hubris","Infinite Spire","Minty Spire (QoL Compilation)","Permanent Neow","Quick Restart","Robot Space Explorer","Shade Mod","Shop Mod","StSLib","The Bladedancer","The Cursed","The Hayseed","The Jungle","TheBandit","UnlockEverythingMod","egg"],"gold_per_floor":[118,43,143,157,167,167,195,205,257,257,276,276,98,98,98,98,98],"floor_reached":16,"playtime":846,"items_purged":["Burn"],"score":100,"play_id":"7f8b9887-9a92-42ec-9985-e99315b9d99d","local_time":"20210112143117","is_ascension_mode":false,"campfire_choices":[{"data":"TheSimpletonMod:ReapAndSow","floor":6,"key":"SMITH"},{"floor":12,"key":"REST"},{"data":"TheSimpletonMod:CropRotation","floor":15,"key":"SMITH"}],"circlet_count":0,"master_deck":["TheSimpletonMod:Strike_TheSimpleton","TheSimpletonMod:Strike_TheSimpleton","TheSimpletonMod:Strike_TheSimpleton","TheSimpletonMod:Strike_TheSimpleton","TheSimpletonMod:Defend_TheSimpleton","TheSimpletonMod:Defend_TheSimpleton+1","TheSimpletonMod:Defend_TheSimpleton","TheSimpletonMod:Defend_TheSimpleton","TheSimpletonMod:Haymaker","TheSimpletonMod:ReapAndSow+1","TheSimpletonMod:SoilSample","TheSimpletonMod:Germinate","TheSimpletonMod:CloseScrape","TheSimpletonMod:CropRotation+1","TheSimpletonMod:Asparagus","TheSimpletonMod:OnionBloom+1","TheSimpletonMod:Potatoes"],"relics":["TheSimpletonMod:SpudOfTheInnocent","TheSimpletonMod:NightSoil","TheSimpletonMod:TheHarvester","Ancient Tea Set","Mercury Hourglass","War Paint"],"acts_visited":["Exordium"],"potions_floor_usage":[8,13],"damage_taken":[{"damage":1,"enemies":"Cultist","floor":1,"turns":4},{"damage":4,"enemies":"2 Louse","floor":4,"turns":2},{"damage":4,"enemies":"conspire:RoseBush","floor":5,"turns":2},{"damage":37,"enemies":"3 Sentries","floor":7,"turns":7},{"damage":16,"enemies":"Lots of Slimes","floor":8,"turns":2},{"damage":1,"enemies":"3 Louse","floor":11,"turns":2},{"damage":52,"enemies":"Slime Boss","floor":16,"turns":7}],"seed_played":"-7468202644655561221","potions_obtained":[{"floor":1,"key":"AttackPotion"},{"floor":5,"key":"Dexterity Potion"}],"is_trial":false,"path_per_floor":["M","$","?","M","M","R","E","M","T","?","M","R","$","?","R","B"],"character_chosen":"THE_SIMPLETON","items_purchased":["TheSimpletonMod:Germinate","Fruit Juice"],"campfire_rested":1,"item_purchase_floors":[2,13],"current_hp_per_floor":[74,74,74,70,66,66,33,17,17,17,20,42,47,47,47,0,0],"gold":98,"neow_bonus":"RANDOM_COMMON_RELIC","is_daily":false,"chose_seed":false,"campfire_upgraded":2,"win_rate":0.0,"timestamp":1610454677,"path_taken":["M","?","?","M","?","R","E","M","T","?","M","R","$","?","R","BOSS"],"items_purchased_type":["Card","Potion"],"build_version":"2020-12-22","purchased_purges":1,"victory":false,"max_hp_per_floor":[75,75,75,75,75,75,75,75,75,75,75,75,80,80,80,80,80],"card_choices":[{"not_picked":["TheSimpletonMod:Thresh","TheSimpletonMod:Pruning"],"picked":"TheSimpletonMod:SoilSample","floor":1},{"not_picked":["TheSimpletonMod:Rototilling","TheSimpletonMod:Sunchoke"],"picked":"TheSimpletonMod:CloseScrape","floor":4},{"not_picked":["TheSimpletonMod:CullingStrike","TheSimpletonMod:KeenEdge"],"picked":"TheSimpletonMod:CropRotation","floor":5},{"not_picked":["TheSimpletonMod:SaladShooter","TheSimpletonMod:Corn"],"picked":"TheSimpletonMod:Asparagus","floor":7},{"not_picked":["TheSimpletonMod:PestManagement","TheSimpletonMod:GoToMarket"],"picked":"TheSimpletonMod:OnionBloom","floor":8},{"not_picked":["TheSimpletonMod:VineRipen","TheSimpletonMod:Thresh"],"picked":"TheSimpletonMod:Potatoes","floor":11}],"player_experience":79173,"relics_obtained":[{"floor":7,"key":"Mercury Hourglass"},{"floor":9,"key":"War Paint"}],"event_choices":[{"damage_healed":0,"gold_gain":100,"player_choice":"Gold","damage_taken":0,"max_hp_gain":0,"max_hp_loss":0,"event_name":"Wheel of Change","floor":3,"gold_loss":0},{"damage_healed":17,"gold_gain":0,"player_choice":"Embrace Burn","damage_taken":0,"max_hp_gain":0,"max_hp_loss":75,"event_name":"betterThird:BetterShining","floor":10,"gold_loss":0}],"is_beta":false,"boss_relics":[],"items_purged_floors":[13],"is_endless":false,"potions_floor_spawned":[1,5],"killed_by":"Slime Boss","ascension_level":0}}