{"host":"qy1e0kd24tpj3i2m","time":1610484767,"event":{"mods":["Act Like it!","Alarm Clock","BaseMod","Better Skull","Better Vampires","Colored Map","Colored Powertips","Custom Start","Faster Ascension Climbing","Friendly Minions","GifTheSpireLib","Gremlin Skip","Highlight Path","Minty Spire (QoL Compilation)","Permanent Neow","Poor People Problems","Quick Restart","Red Circlet Mod","Relic Sorter","Reorder Act Four","SacredBarkPlus","Shop Mod","StSLib","SuperFastMode","Transform Curses","没有小屋子和绿帽子啦"],"gold_per_floor":[369,1,1,18,30,30,41,41,93,93,118,128,153,153,153,227,227,238,238,253,264,264,264,264,264,287,202,202,202,202,202,202],"floor_reached":31,"language":"ZHS","playtime":967,"items_purged":["Bash"],"score":482,"play_id":"c5c4b84b-936e-4d6a-914b-138f6935b145","local_time":"20210113055247","is_ascension_mode":true,"campfire_choices":[{"data":"Rupture","floor":6.0,"key":"SMITH"},{"data":"Uppercut","floor":8.0,"key":"SMITH"},{"data":"Bloodletting","floor":10.0,"key":"SMITH"},{"floor":15.0,"key":"REST"},{"data":"True Grit","floor":23,"key":"SMITH"},{"data":"Combust","floor":25,"key":"SMITH"},{"data":"Rage","floor":30,"key":"SMITH"}],"circlet_count":0,"master_deck":["AscendersBane","Strike_R","Strike_R","Strike_R","Strike_R","Strike_R","Defend_R","Defend_R","Defend_R","Defend_R","Combust+1","Rupture+1","Uppercut+1","Reaper","Flame Barrier","Thunderclap","Bloodletting+1","Double Tap","True Grit+1","Ghostly Armor","Brutality","Sword Boomerang","Rage+1","Headbutt+1","Writhe"],"relics":["Burning Blood","Happy Flower","Juzu Bracelet","StoneCalendar","Pen Nib","Coffee Dripper","Gremlin Horn","Kunai","Red Skull","Omamori","Enchiridion"],"acts_visited":["Exordium","TheCity"],"potions_floor_usage":[21],"damage_taken":[{"damage":14.0,"enemies":"Jaw Worm","floor":1.0,"turns":5.0},{"damage":2.0,"enemies":"2 Louse","floor":4.0,"turns":3.0},{"damage":10.0,"enemies":"Cultist","floor":5.0,"turns":4.0},{"damage":12.0,"enemies":"Large Slime","floor":7.0,"turns":4.0},{"damage":30.0,"enemies":"3 Sentries","floor":11.0,"turns":7.0},{"damage":8.0,"enemies":"3 Louse","floor":12.0,"turns":3.0},{"damage":29.0,"enemies":"Lagavulin","floor":13.0,"turns":6.0},{"damage":21.0,"enemies":"Slime Boss","floor":16.0,"turns":7.0},{"damage":16.0,"enemies":"2 Thieves","floor":18.0,"turns":5.0},{"damage":0.0,"enemies":"3 Byrds","floor":20.0,"turns":2.0},{"damage":32,"enemies":"3 Cultists","floor":21,"turns":5},{"damage":9,"enemies":"Colosseum Slavers","floor":31,"turns":1}],"seed_played":"4310096930234265839","potions_obtained":[{"floor":1.0,"key":"SteroidPotion"},{"floor":13.0,"key":"Explosive Potion"},{"floor":18.0,"key":"EssenceOfSteel"}],"is_trial":false,"path_per_floor":["M","$","?","M","M","R","M","R","T","R","E","M","E","?","R","B",null,"M","T","M","M","?","R","?","R","T","?","?","?","R","?"],"character_chosen":"IRONCLAD","items_purchased":["Rupture","Uppercut","Reaper"],"campfire_rested":1,"item_purchase_floors":[2,2,2],"current_hp_per_floor":[42,42,42,46,47,47,47,47,47,47,35,38,15,15,37,31,64,54,54,60,49,49,49,28,28,28,28,28,7,7,0,0],"gold":202,"neow_bonus":"TWO_FIFTY_GOLD","is_daily":false,"chose_seed":false,"campfire_upgraded":6,"win_rate":0.0,"timestamp":1610484767,"path_taken":["M","$","?","M","M","R","M","R","T","R","E","M","E","?","R","BOSS","M","?","M","M","?","R","?","R","T","?","?","?","R","?"],"items_purchased_type":["Card","Card","Card"],"build_version":"2020-12-22","purchased_purges":1,"victory":false,"max_hp_per_floor":[75,75,75,75,75,75,75,75,75,75,75,75,75,75,75,75,75,75,75,75,75,75,75,80,80,80,80,80,80,80,80,80],"card_choices":[{"not_picked":["Perfected Strike","Pommel Strike"],"picked":"Combust","floor":1.0},{"not_picked":["Clash","Thunderclap"],"picked":"Flame Barrier","floor":4.0},{"not_picked":["Clash","Clothesline"],"picked":"Thunderclap","floor":5.0},{"not_picked":["Twin Strike","Havoc"],"picked":"Bloodletting","floor":7.0},{"not_picked":["Shockwave","Rage"],"picked":"Double Tap","floor":11.0},{"not_picked":["Heavy Blade","Havoc"],"picked":"True Grit","floor":12.0},{"not_picked":["Armaments","Corruption"],"picked":"Ghostly Armor","floor":13.0},{"not_picked":["Fiend Fire","Exhume"],"picked":"Brutality","floor":16.0},{"not_picked":["Armaments","Clash"],"picked":"Sword Boomerang","floor":18.0},{"not_picked":["Clothesline","Reckless Charge"],"picked":"Rage","floor":20.0},{"not_picked":["Rupture","Burning Pact"],"picked":"Headbutt+1","floor":21}],"player_experience":904882,"relics_obtained":[{"floor":9.0,"key":"Happy Flower"},{"floor":11.0,"key":"Juzu Bracelet"},{"floor":13.0,"key":"StoneCalendar"},{"floor":19.0,"key":"Gremlin Horn"},{"floor":26,"key":"Red Skull"},{"floor":29,"key":"Enchiridion"}],"event_choices":[{"damage_healed":0.0,"max_hp_gain":0.0,"max_hp_loss":0.0,"gold_gain":0.0,"event_name":"Shining Light","player_choice":"Ignored","floor":3.0,"gold_loss":0.0,"damage_taken":0.0},{"damage_healed":0.0,"max_hp_gain":0.0,"max_hp_loss":0.0,"gold_gain":0.0,"event_name":"WeMeetAgain","player_choice":"Gave Potion","floor":14.0,"gold_loss":0.0,"damage_taken":0.0,"relics_obtained":["Pen Nib"]},{"damage_healed":0,"gold_gain":0,"player_choice":"Opened","damage_taken":0,"relics_obtained":["Kunai"],"max_hp_gain":0,"max_hp_loss":0,"event_name":"The Mausoleum","floor":22,"gold_loss":0,"cards_obtained":["Writhe"]},{"damage_healed":0,"gold_gain":0,"player_choice":"Shed Blood","damage_taken":26,"max_hp_gain":5,"max_hp_loss":0,"event_name":"Forgotten Altar","floor":24,"gold_loss":0},{"damage_healed":0,"gold_gain":0,"player_choice":"Obtained Relic","damage_taken":0,"relics_obtained":["Omamori"],"max_hp_gain":0,"max_hp_loss":0,"event_name":"Addict","floor":27,"gold_loss":85},{"damage_healed":0,"gold_gain":0,"player_choice":"Ignored","damage_taken":0,"max_hp_gain":0,"max_hp_loss":0,"event_name":"Ghosts","floor":28,"gold_loss":0},{"damage_healed":0,"gold_gain":0,"player_choice":"Obtained Book","damage_taken":21,"max_hp_gain":0,"max_hp_loss":0,"event_name":"Cursed Tome","floor":29,"gold_loss":0},{"damage_healed":0,"gold_gain":0,"player_choice":"Fight","damage_taken":0,"max_hp_gain":0,"max_hp_loss":0,"event_name":"Colosseum","floor":31,"gold_loss":0}],"is_beta":false,"boss_relics":[{"not_picked":["Runic Pyramid","Snecko Eye"],"picked":"Coffee Dripper"}],"items_purged_floors":[2],"is_endless":false,"potions_floor_spawned":[1,13,18],"killed_by":"Colosseum Slavers","ascension_level":20}}