{"host":"67w4bo1ws77yotej","time":1610489878,"event":{"mods":["AchievementEnabler","Arknights The Spire","Aspiration","BaseMod","Beaked The Cultist","BetterRewards","Conspire","Downfall","Ekko","Energized Spire","Friendly Minions","Gremlin Mod","Halation","Hero for Fun","Hubris","Infinite Spire","Kiyohime????","Minty Spire (QoL Compilation)","READ ME - Guardian Mod","READ ME - Snecko Mod","Spicy Shops","StSLib","The Forsaken","The Jungle","The Wild Card","TheHero","vexMod"],"gold_per_floor":[110,124,44,62,76,76,76,86,113,113,13,58,104,71,71,219,219,270,309,94,94,94,94,158,158,158,198,234,234,234,234,234,356,356,378,378,76,117,117,117,182,187,187],"floor_reached":42,"language":"ENG","playtime":3538,"items_purged":[],"score":436,"play_id":"b0a33523-6278-45b7-8376-8e2c5e90f883","local_time":"20210112231758","is_ascension_mode":false,"campfire_choices":[{"data":"Defragment","floor":6,"key":"SMITH"},{"data":"theWildCard:Sakuya","floor":10,"key":"SMITH"},{"data":"Loop","floor":15,"key":"SMITH"},{"floor":23,"key":"REST"},{"data":"Capacitor","floor":29,"key":"SMITH"},{"floor":32,"key":"REST"},{"data":"Conserve Battery","floor":40,"key":"SMITH"}],"circlet_count":0,"master_deck":["Strike_B","Defend_B","Defend_B","Zap","Dualcast","Conserve Battery+1","Glacier+1","Defragment+1","Rebound","theWildCard:Sakuya+1","Skim","conspire:SpireCoStock","conspire:SpireCoStock","Heatsinks","Loop+1","Electrodynamics","Ball Lightning","Capacitor+1","Self Repair","Turbo","FTL+1","Rip and Tear+1","Loop+1","Self Repair","Capacitor+1","Creative AI+1","hubris:Ukulele+1","BootSequence+1","theForsaken:PlagueCurse","Fission"],"relics":["FrozenCore","aspiration:Nostalgia","theForsaken:JudgementScales","halation:LostSnail","halation:IllGainedPizza","aspiration:SecretTechniqueScroll","Juzu Bracelet","conspire:IceCreamScoop","Astrolabe","aspiration:Stabinomicon","FaceOfCleric","aspiration:DSix","vexMod:PaidLearning","theForsaken:PlagueMask","infinitespire:ShieldingShard"],"acts_visited":["Exordium","TheCity","TheBeyond"],"potions_floor_usage":[16,16,24,28,33,33,38,38,38,41],"damage_taken":[{"damage":0,"enemies":"Cultist","floor":1,"turns":4},{"damage":0,"enemies":"Small Slimes","floor":2,"turns":4},{"damage":0,"enemies":"Jaw Worm","floor":4,"turns":5},{"damage":9,"enemies":"3 Louse","floor":5,"turns":4},{"damage":3,"enemies":"Exordium Wildlife","floor":8,"turns":4},{"damage":1,"enemies":"Exordium Thugs","floor":12,"turns":5},{"damage":1,"enemies":"3 Louse","floor":13,"turns":5},{"damage":8,"enemies":"The Guardian","floor":16,"turns":11},{"damage":35,"enemies":"conspire:FuzzyDice","floor":18,"turns":4},{"damage":17,"enemies":"Chosen","floor":19,"turns":5},{"damage":22,"enemies":"Book of Stabbing","floor":24,"turns":7},{"damage":5,"enemies":"Snecko","floor":27,"turns":5},{"damage":11,"enemies":"Cultist and Chosen","floor":28,"turns":5},{"damage":7,"enemies":"Champ","floor":33,"turns":8},{"damage":14,"enemies":"Orb Walker","floor":35,"turns":6},{"damage":18,"enemies":"3 Darklings","floor":38,"turns":6},{"damage":67,"enemies":"Reptomancer","floor":41,"turns":7},{"damage":26,"enemies":"Transient","floor":42,"turns":4}],"seed_played":"7450156512779832824","potions_obtained":[{"floor":2,"key":"FearPotion"},{"floor":12,"key":"infinitespire:BlackPotion"},{"floor":13,"key":"EssenceOfSteel"},{"floor":19,"key":"Slimebound:ThreeZeroPotion"},{"floor":27,"key":"SkillPotion"},{"floor":28,"key":"SkillPotion"},{"floor":38,"key":"LiquidMemories"}],"is_trial":false,"path_per_floor":["M","M","$","M","M","R","?","M","T","R","?","M","M","$","R","B",null,"M","M","$","?","AVR","R","E","?","T","M","M","R","?","?","R","B",null,"M","?","$","M","?","R","E","M"],"character_chosen":"DEFECT","items_purchased":["halation:LostSnail","Loop","Capacitor","Juzu Bracelet","vexMod:PaidLearning","ColorlessPotion","PowerPotion"],"campfire_rested":2,"item_purchase_floors":[3,14,20,20,37,37,37],"current_hp_per_floor":[75,75,75,75,66,66,66,63,63,63,63,62,61,61,61,53,75,40,23,23,23,23,45,30,30,30,33,37,37,37,37,60,54,78,79,79,79,76,76,76,24,0,0],"gold":187,"neow_bonus":"NOSTALGIA","is_daily":false,"chose_seed":false,"campfire_upgraded":5,"win_rate":0.0,"timestamp":1610489878,"path_taken":["M","M","$","M","M","R","?","M","T","R","?","?","M","$","R","BOSS","M","M","$","?","AVR","R","E","?","T","M","M","R","?","?","R","BOSS","M","?","$","M","?","R","E","M"],"items_purchased_type":["Relic","Card","Card","Relic","Relic","Potion","Potion"],"build_version":"2020-12-22","purchased_purges":0,"victory":false,"max_hp_per_floor":[75,75,75,75,75,75,75,75,75,75,75,75,75,75,75,75,75,75,75,75,75,75,75,75,75,75,76,77,77,77,77,77,78,78,79,79,79,80,80,80,81,81,81],"card_choices":[{"not_picked":["Gash","Doom and Gloom"],"picked":"Conserve Battery","floor":1},{"not_picked":["Leap","Self Repair"],"picked":"Glacier","floor":2},{"not_picked":["Go for the Eyes","Rebound"],"picked":"Defragment","floor":4},{"not_picked":["Darkness","Go for the Eyes"],"picked":"Rebound","floor":5},{"not_picked":["Sweeping Beam","Barrage"],"picked":"Skim","floor":8},{"not_picked":["Coolheaded","Beam Cell","Scrape"],"picked":"SKIP","floor":12},{"not_picked":["hubris:Ukulele","hubris:PowerSurge"],"picked":"Heatsinks","floor":13},{"not_picked":["Biased Cognition","Rainbow"],"picked":"Electrodynamics","floor":16},{"not_picked":["Hologram+1","Turbo","Conserve Battery"],"picked":"SKIP","floor":18},{"not_picked":["hubris:DoWhile","Storm"],"picked":"Ball Lightning","floor":19},{"not_picked":["Barrage","Consume","Compile Driver"],"picked":"SKIP","floor":24},{"not_picked":["Hologram","Stack"],"picked":"Self Repair","floor":27},{"not_picked":["Barrage+1","Redo"],"picked":"Capacitor+1","floor":28},{"not_picked":["Biased Cognition","Echo Form"],"picked":"Creative AI","floor":33},{"not_picked":["BootSequence+1","Doom and Gloom"],"picked":"hubris:Ukulele+1","floor":35},{"not_picked":["Beam Cell","Redo+1"],"picked":"BootSequence+1","floor":38},{"not_picked":["conspire:SharedLibrary","Redo+1"],"picked":"Fission","floor":41}],"player_experience":165897,"relics_obtained":[{"floor":9,"key":"halation:IllGainedPizza"},{"floor":24,"key":"aspiration:Stabinomicon"},{"floor":26,"key":"aspiration:DSix"},{"floor":41,"key":"infinitespire:ShieldingShard"}],"event_choices":[{"damage_healed":0,"gold_gain":0,"player_choice":"Invest 2","damage_taken":0,"max_hp_gain":0,"max_hp_loss":0,"event_name":"conspire:Investor","floor":11,"gold_loss":0},{"damage_healed":0,"gold_gain":0,"cards_transformed":["Defend_B","Strike_B"],"player_choice":"Became Test Subject","damage_taken":0,"max_hp_gain":0,"max_hp_loss":0,"event_name":"Drug Dealer","floor":21,"gold_loss":0,"cards_obtained":["Self Repair","Turbo"]},{"damage_healed":0,"gold_gain":0,"player_choice":"Trade","damage_taken":0,"relics_obtained":["FaceOfCleric"],"max_hp_gain":0,"max_hp_loss":0,"event_name":"FaceTrader","floor":25,"gold_loss":0},{"damage_healed":0,"gold_gain":0,"player_choice":"Ignored","damage_taken":0,"max_hp_gain":0,"max_hp_loss":0,"event_name":"Beggar","floor":31,"gold_loss":0},{"damage_healed":0,"gold_gain":0,"player_choice":"Ignored","damage_taken":0,"max_hp_gain":0,"max_hp_loss":0,"event_name":"SecretPortal","floor":36,"gold_loss":0},{"damage_healed":0,"gold_gain":0,"player_choice":"Obtain Plague Curse","damage_taken":0,"max_hp_gain":0,"max_hp_loss":0,"event_name":"Plague Doctor","floor":39,"gold_loss":0,"cards_obtained":["theForsaken:PlagueCurse"]}],"is_beta":false,"boss_relics":[{"not_picked":["hubris:RunicObelisk","energizedSpire:StickyHand"],"picked":"aspiration:SecretTechniqueScroll"},{"not_picked":["aspiration:BursterCore","Runic Pyramid"],"picked":"FrozenCore"}],"items_purged_floors":[],"is_endless":false,"potions_floor_spawned":[2,12,13,19,27,28,38],"killed_by":"Transient","ascension_level":0}}