{"host":"wha9hktbkslqvblg","time":1610432815,"event":{"mods":["BaseMod","Colored Map","Minty Spire (QoL Compilation)","Relic Stats","SuperFastMode","everything is the same but u backflip on backflip"],"gold_per_floor":[115,190,190,190,203,229,229,125,206,241,241,241,256,267,267,267,267],"floor_reached":16,"playtime":218,"items_purged":["Strike_R"],"score":266,"play_id":"1ae49dc9-4c9e-4b1d-81ce-365198e8551e","local_time":"20210112152655","is_ascension_mode":true,"campfire_choices":[{"data":"Body Slam","floor":7,"key":"SMITH"},{"data":"Shrug It Off","floor":11,"key":"SMITH"},{"data":"Impervious","floor":15,"key":"SMITH"}],"circlet_count":0,"master_deck":["AscendersBane","Strike_R","Strike_R","Strike_R","Strike_R","Defend_R","Defend_R","Defend_R+1","Defend_R+1","Bash","Body Slam+1","Shrug It Off+1","Impervious+1"],"relics":["Burning Blood","NeowsBlessing","Self Forming Clay","The Courier","White Beast Statue","Centennial Puzzle"],"acts_visited":["Exordium"],"potions_floor_usage":[10,13,16,16],"damage_taken":[{"damage":0,"enemies":"Small Slimes","floor":1,"turns":1},{"damage":0,"enemies":"2 Louse","floor":5,"turns":1},{"damage":0,"enemies":"3 Sentries","floor":6,"turns":2},{"damage":3,"enemies":"Gremlin Nob","floor":10,"turns":3},{"damage":1,"enemies":"Jaw Worm","floor":13,"turns":3},{"damage":0,"enemies":"2 Fungi Beasts","floor":14,"turns":3},{"damage":77,"enemies":"Hexaghost","floor":16,"turns":10}],"seed_played":"4884686742940572710","potions_obtained":[{"floor":5,"key":"Regen Potion"},{"floor":10,"key":"Fruit Juice"},{"floor":13,"key":"AttackPotion"}],"is_trial":false,"path_per_floor":["M","?","?","?","M","E","R","$","T","E","R","?","M","M","R","B"],"character_chosen":"IRONCLAD","items_purchased":["AttackPotion"],"campfire_rested":0,"item_purchase_floors":[8],"current_hp_per_floor":[74,63,40,29,35,41,41,41,41,44,44,44,54,60,60,0,0],"gold":267,"neow_bonus":"THREE_ENEMY_KILL","is_daily":false,"chose_seed":false,"campfire_upgraded":3,"win_rate":0.0,"timestamp":1610432815,"path_taken":["M","?","?","?","M","E","R","$","T","E","R","?","M","M","R","BOSS"],"items_purchased_type":["Potion"],"build_version":"2020-12-22","purchased_purges":1,"victory":false,"max_hp_per_floor":[75,75,75,75,75,75,75,75,75,75,75,75,80,80,80,80,80],"relic_stats":{"Centennial Puzzle":[6],"counters":[7,23],"Self Forming Clay":[48],"obtain_stats":[{"Centennial Puzzle":10,"NeowsBlessing":0,"Self Forming Clay":4,"The Courier":6,"Burning Blood":0,"White Beast Statue":9},{"Centennial Puzzle":4,"NeowsBlessing":0,"Self Forming Clay":1,"The Courier":3,"Burning Blood":0,"White Beast Statue":3},{"Centennial Puzzle":7,"NeowsBlessing":0,"Self Forming Clay":1,"The Courier":4,"Burning Blood":0,"White Beast Statue":4}],"Burning Blood":36},"card_choices":[{"not_picked":["Shrug It Off","Sword Boomerang"],"picked":"Body Slam","floor":1},{"not_picked":["Feel No Pain","Anger"],"picked":"Shrug It Off","floor":5},{"not_picked":["Fiend Fire","Thunderclap","Iron Wave"],"picked":"SKIP","floor":6},{"not_picked":["Sword Boomerang","Perfected Strike","Infernal Blade"],"picked":"SKIP","floor":10},{"not_picked":["Twin Strike","Warcry"],"picked":"Impervious","floor":13},{"not_picked":["Rupture","Spot Weakness","Thunderclap"],"picked":"SKIP","floor":14}],"player_experience":956790,"relics_obtained":[{"floor":6,"key":"The Courier"},{"floor":9,"key":"White Beast Statue"},{"floor":10,"key":"Centennial Puzzle"}],"event_choices":[{"damage_healed":0,"gold_gain":75,"player_choice":"Gather Gold","damage_taken":11,"max_hp_gain":0,"max_hp_loss":0,"event_name":"World of Goop","floor":2,"gold_loss":0},{"damage_healed":0,"gold_gain":0,"player_choice":"Entered Light","damage_taken":23,"max_hp_gain":0,"max_hp_loss":0,"event_name":"Shining Light","floor":3,"gold_loss":0,"cards_upgraded":["Defend_R","Defend_R"]},{"damage_healed":0,"gold_gain":0,"player_choice":"Success","damage_taken":11,"relics_obtained":["Self Forming Clay"],"max_hp_gain":0,"max_hp_loss":0,"event_name":"Scrap Ooze","floor":4,"gold_loss":0},{"damage_healed":0,"gold_gain":0,"player_choice":"Ignored","damage_taken":0,"max_hp_gain":0,"max_hp_loss":0,"event_name":"Liars Game","floor":12,"gold_loss":0}],"is_beta":false,"boss_relics":[],"items_purged_floors":[8],"is_endless":false,"potions_floor_spawned":[5,10,13,14],"killed_by":"Hexaghost","ascension_level":20}}