{"host":"rgyusf9batiqntnt","time":1610446483,"event":{"mods":["BaseMod","Colored Powertips","Downfall","Minty Spire (QoL Compilation)","Quick Restart","StSLib"],"gold_per_floor":[99,99,99,2,2,2,2,2,2,21,45,45,101,119,138,242,292,217,217,237,250,265,265,289,299,299,310,260,291,291,28,46,46,46,46],"floor_reached":33,"playtime":2621,"items_purged":[],"score":253,"play_id":"1fe9ac08-34cf-4223-b53c-0bf86d3d754b","local_time":"20210112204443","is_ascension_mode":false,"campfire_choices":[{"data":"Slimebound:Split","floor":1,"key":"SMITH"},{"floor":6,"key":"RECALL"},{"data":"Blind","floor":9,"key":"SMITH"},{"data":"Slimebound:CorrosiveSpit","floor":18,"key":"SMITH"},{"floor":26,"key":"REST"}],"circlet_count":0,"master_deck":["Slimebound:Strike_Slimebound","Slimebound:Strike_Slimebound","Slimebound:Tackle","Slimebound:Defend_Slimebound","Slimebound:Defend_Slimebound","Slimebound:Defend_Slimebound","Slimebound:Defend_Slimebound","Slimebound:Split+1","Slimebound:CorrosiveSpit+1","Slimebound:RejuvenatingLick","Slimebound:Repurpose","Slimebound:SamplingLick","Blind+1","Pain","Slimebound:ItLooksTasty+1","Slimebound:Overexert","Slimebound:Prepare","Slimebound:SplitBruiser","Slimebound:SplitLeeching","Slimebound:Overexert","Slimebound:SplitMire","Slimebound:Repurpose","Slimebound:DuplicatedForm","Slimebound:Gluttony","Slimebound:GoopSpray","Slimebound:LeechEnergy+1","Slimebound:SelfFormingGoo","Slimebound:AcidTongue","Slimebound:SplitLeeching","Slimebound:SplitBruiser"],"relics":["Slimebound:AbsorbEndCombat","downfall:HeartsMalice","Gremlin Horn","WarpedTongs","Odd Mushroom","Bronze Scales","Tiny House","downfall:HeartBlessingRed","Bag of Preparation","Anchor","Nilry\u0027s Codex","Matryoshka"],"acts_visited":["Exordium","TheCity"],"potions_floor_usage":[16,16,22,25,33,33,33],"damage_taken":[{"damage":0,"enemies":"Small Slimes","floor":2,"turns":1},{"damage":0,"enemies":"Cultist","floor":3,"turns":1},{"damage":0,"enemies":"downfall:FleeingMerchant","floor":4,"turns":1},{"damage":14,"enemies":"Jaw Worm","floor":10,"turns":5},{"damage":21,"enemies":"The Mushroom Lair","floor":11,"turns":4},{"damage":36,"enemies":"3 Sentries","floor":13,"turns":5},{"damage":15,"enemies":"3 Louse","floor":14,"turns":2},{"damage":16,"enemies":"Blue Slaver","floor":15,"turns":4},{"damage":31,"enemies":"downfall:Watcher","floor":16,"turns":5},{"damage":0,"enemies":"Chosen","floor":19,"turns":1},{"damage":23,"enemies":"Shell Parasite","floor":20,"turns":4},{"damage":45,"enemies":"Shelled Parasite and Fungi","floor":21,"turns":5},{"damage":28,"enemies":"Centurion and Healer","floor":22,"turns":5},{"damage":39,"enemies":"Snake Plant","floor":25,"turns":4},{"damage":48,"enemies":"Sentry and Sphere","floor":27,"turns":5},{"damage":35,"enemies":"Book of Stabbing","floor":29,"turns":4},{"damage":31,"enemies":"downfall:FleeingMerchant","floor":31,"turns":4},{"damage":52,"enemies":"Centurion and Healer","floor":32,"turns":5},{"damage":66,"enemies":"downfall:Silent","floor":33,"turns":6}],"seed_played":"5756493308477504064","potions_obtained":[{"floor":11,"key":"hexamod:EctoCoolerPotion"},{"floor":13,"key":"BlessingOfTheForge"},{"floor":14,"key":"FearPotion"},{"floor":15,"key":"PowerPotion"},{"floor":16,"key":"BlessingOfTheForge"},{"floor":17,"key":"ColorlessPotion"},{"floor":23,"key":"downfall:CursedFountainPotion"},{"floor":25,"key":"SteroidPotion"},{"floor":27,"key":"Guardian:BlockOnCardUsePotion"}],"is_trial":false,"path_per_floor":["R","M","M","$","?","R","T","?","R","M","?","?","?","M","M","B",null,"R","M","M","M","M","?","T","M","R","M","?","E","?","$","M","B"],"character_chosen":"SLIMEBOUND","items_purchased":["Blind","Matryoshka"],"campfire_rested":1,"item_purchase_floors":[4,31],"current_hp_per_floor":[60,60,60,60,60,60,60,60,60,60,55,55,39,34,34,25,65,65,65,62,47,35,35,35,31,50,51,65,55,39,45,38,0,0,0],"gold":46,"neow_bonus":"THREE_ENEMY_KILL","is_daily":false,"chose_seed":false,"campfire_upgraded":3,"win_rate":0.0,"timestamp":1610446483,"path_taken":["R","M","M","$","?","R","T","?","R","?","?","?","?","M","M","BOSS","R","M","M","M","M","?","T","M","R","?","?","E","?","?","M","BOSS"],"items_purchased_type":["Card","Relic"],"build_version":"2020-12-22","purchased_purges":0,"victory":false,"max_hp_per_floor":[60,60,60,60,60,60,60,60,60,60,60,60,60,60,60,60,65,65,65,65,65,65,65,65,65,65,65,65,65,65,65,65,65,65,65],"card_choices":[{"not_picked":["Slimebound:ViciousTackle","Slimebound:LivingWall"],"picked":"Slimebound:RejuvenatingLick","floor":2},{"not_picked":["Slimebound:ViciousTackle","Slimebound:Schlurp"],"picked":"Slimebound:Repurpose","floor":3},{"not_picked":["Slimebound:Schlurp","Slimebound:ComboTackle"],"picked":"Slimebound:SamplingLick","floor":4},{"not_picked":["Slimebound:Schlurp","Slimebound:LeechEnergy"],"picked":"Slimebound:ItLooksTasty","floor":10},{"not_picked":["Slimebound:SplitMire","Slimebound:HauntingLick"],"picked":"Slimebound:Overexert","floor":11},{"not_picked":["Slimebound:Grow","Slimebound:RollThrough"],"picked":"Slimebound:Prepare","floor":13},{"not_picked":["Slimebound:SamplingLick","Slimebound:SlimeSpikes"],"picked":"Slimebound:SplitBruiser","floor":14},{"not_picked":["Slimebound:SamplingLick","Slimebound:RollThrough"],"picked":"Slimebound:SplitLeeching","floor":15},{"not_picked":["Slimebound:Teamwork","Slimebound:PrepareCrush"],"picked":"Slimebound:Overexert","floor":16},{"not_picked":["Slimebound:ForwardTackle","Slimebound:SplitBruiser"],"picked":"Slimebound:SplitMire","floor":17},{"not_picked":["Slimebound:FinishingTackle","Slimebound:ComboTackle"],"picked":"Slimebound:Repurpose","floor":19},{"not_picked":["Slimebound:SlimeSpikes","Slimebound:Dissolve"],"picked":"Slimebound:DuplicatedForm","floor":20},{"not_picked":["Slimebound:Chomp+1","Slimebound:PressTheAttack"],"picked":"Slimebound:Gluttony","floor":21},{"not_picked":["Slimebound:Prepare","Slimebound:LeechingTouch+1"],"picked":"Slimebound:GoopSpray","floor":22},{"not_picked":["Slimebound:Gluttony","Slimebound:LeechingTouch+1"],"picked":"Slimebound:LeechEnergy+1","floor":25},{"not_picked":["Slimebound:LivingWall","Slimebound:SplitMire"],"picked":"Slimebound:SelfFormingGoo","floor":27},{"not_picked":["Slimebound:GrowthPunch","Slimebound:RollThrough"],"picked":"Slimebound:AcidTongue","floor":29},{"not_picked":["Slimebound:ViciousTackle","Slimebound:PressTheAttack"],"picked":"Slimebound:SplitLeeching","floor":31},{"not_picked":["Slimebound:SplitAcid","Slimebound:HauntingLick"],"picked":"Slimebound:SplitBruiser","floor":32}],"player_experience":64967,"relics_obtained":[{"floor":7,"key":"Gremlin Horn"},{"floor":11,"key":"Odd Mushroom"},{"floor":13,"key":"Bronze Scales"},{"floor":24,"key":"Bag of Preparation"},{"floor":29,"key":"Anchor"},{"floor":30,"key":"Nilry\u0027s Codex"}],"event_choices":[{"damage_healed":0,"gold_gain":0,"player_choice":"Rummage","damage_taken":0,"relics_obtained":["WarpedTongs"],"max_hp_gain":0,"max_hp_loss":0,"event_name":"Accursed Blacksmith","floor":8,"gold_loss":0,"cards_obtained":["Pain"]},{"damage_healed":0,"gold_gain":0,"player_choice":"Fought Mushrooms","damage_taken":0,"max_hp_gain":0,"max_hp_loss":0,"event_name":"Mushrooms","floor":11,"gold_loss":0}],"is_beta":false,"boss_relics":[{"not_picked":["Runic Dome","Calling Bell"],"picked":"Tiny House"}],"items_purged_floors":[],"is_endless":false,"potions_floor_spawned":[11,13,14,15,16,20,21,25,27],"killed_by":"downfall:Silent","ascension_level":0}}