{"host":"c97twqu0op5dg8i4","time":1610437043,"event":{"mods":["AchievementEnabler","BaseMod","Colored Map","Minty Spire (QoL Compilation)","Permanent Neow"],"gold_per_floor":[164,224,224,224,224,254,254,285,332,5,19,19,31,47,47,145,145,159,192,192,192,117,117,135,163,163,195,210,210,223,240,240,337,337,349,1348,606,616,838,838,864,185,211,211,211,211,236,236,236,236,236],"floor_reached":50,"playtime":2221,"items_purged":["Strike_P","Normality","Strike_P"],"score":871,"play_id":"f0fa4e45-df1d-44e4-aede-bd7a14812540","local_time":"20210112023723","is_ascension_mode":true,"campfire_choices":[{"data":"Vigilance","floor":7,"key":"SMITH"},{"floor":12,"key":"REST"},{"data":"TalkToTheHand","floor":15,"key":"SMITH"},{"floor":23,"key":"REST"},{"data":"Eruption","floor":32,"key":"SMITH"},{"data":"Judgement","floor":40,"key":"SMITH"},{"floor":44,"key":"REST"},{"floor":46,"key":"REST"},{"floor":49,"key":"REST"}],"circlet_count":0,"master_deck":["Strike_P+1","Strike_P+1","Defend_P","Defend_P+1","Defend_P","Defend_P","Eruption+1","Vigilance+1","Conclude","BattleHymn+1","EmptyMind","Dramatic Entrance","TalkToTheHand+1","BattleHymn","Perseverance","Judgement","Protect+1","Halt+1","DeceiveReality","TalkToTheHand","Eruption+1","EmptyBody","Judgement+1","Normality","Dramatic Entrance","EmptyBody+1","LikeWater+1"],"relics":["Tiny House","Blood Vial","Dream Catcher","Bird Faced Urn","Happy Flower","Bottled Lightning","SlaversCollar","Red Mask","MutagenicStrength","Frozen Egg 2","Whetstone","Centennial Puzzle","VioletLotus","Vajra","Sling","Lantern","White Beast Statue","Thread and Needle","Anchor","Juzu Bracelet"],"acts_visited":["Exordium","TheCity","TheBeyond"],"potions_floor_usage":[1,16,18,19,27,28,33,33,35,35,37,41,42,50,50],"damage_taken":[{"damage":6,"enemies":"Cultist","floor":1,"turns":3},{"damage":12,"enemies":"Lagavulin","floor":6,"turns":4},{"damage":32,"enemies":"Gremlin Nob","floor":8,"turns":3},{"damage":8,"enemies":"Small Slimes","floor":11,"turns":2},{"damage":0,"enemies":"2 Louse","floor":13,"turns":1},{"damage":2,"enemies":"Looter","floor":14,"turns":3},{"damage":0,"enemies":"Slime Boss","floor":16,"turns":7},{"damage":12,"enemies":"3 Byrds","floor":18,"turns":3},{"damage":58,"enemies":"Masked Bandits","floor":19,"turns":5},{"damage":15,"enemies":"2 Thieves","floor":24,"turns":4},{"damage":0,"enemies":"Gremlin Leader","floor":25,"turns":4},{"damage":3,"enemies":"Slavers","floor":27,"turns":4},{"damage":0,"enemies":"Centurion and Healer","floor":28,"turns":5},{"damage":0,"enemies":"Cultist and Chosen","floor":30,"turns":3},{"damage":2,"enemies":"Chosen and Byrds","floor":31,"turns":4},{"damage":85,"enemies":"Champ","floor":33,"turns":11},{"damage":13,"enemies":"3 Shapes","floor":35,"turns":3},{"damage":0,"enemies":"Orb Walker","floor":38,"turns":2},{"damage":67,"enemies":"Nemesis","floor":41,"turns":9},{"damage":41,"enemies":"Reptomancer","floor":47,"turns":5},{"damage":87,"enemies":"Time Eater","floor":50,"turns":8}],"seed_played":"6114678199863585305","potions_obtained":[{"floor":0,"key":"Explosive Potion"},{"floor":1,"key":"Fruit Juice"},{"floor":6,"key":"Dexterity Potion"},{"floor":13,"key":"FairyPotion"},{"floor":16,"key":"LiquidMemories"},{"floor":24,"key":"BottledMiracle"},{"floor":25,"key":"Fire Potion"},{"floor":27,"key":"Weak Potion"},{"floor":28,"key":"BlessingOfTheForge"},{"floor":33,"key":"EntropicBrew"},{"floor":38,"key":"AttackPotion"}],"is_trial":false,"path_per_floor":["M","?","?","?","?","E","R","E","T","$","M","R","M","M","R","B",null,"M","?","?","?","$","R","M","E","T","E","M","?","M","M","R","B",null,"M","?","$","M","?","R","E","$","T","R","?","R","E","?","R","B"],"character_chosen":"WATCHER","items_purchased":["Bottled Lightning","Dramatic Entrance","Vajra","Sling","Lantern","Fruit Juice","Dramatic Entrance","Thread and Needle","Fruit Juice","DistilledChaos","LikeWater+1"],"campfire_rested":5,"item_purchase_floors":[10,10,37,37,37,37,37,42,42,42,42],"current_hp_per_floor":[76,76,60,65,62,52,52,22,22,22,18,44,46,50,50,56,79,71,17,17,17,17,43,34,40,40,41,47,47,51,55,55,26,72,65,65,70,74,74,74,13,18,18,47,47,76,41,41,70,0,0],"gold":236,"neow_bonus":"BOSS_RELIC","is_daily":false,"chose_seed":false,"campfire_upgraded":4,"win_rate":0.0,"timestamp":1610437043,"path_taken":["M","?","?","?","?","E","R","E","T","?","M","R","?","M","R","BOSS","M","?","?","?","?","R","M","E","T","E","M","?","M","M","R","BOSS","M","?","$","M","?","R","E","?","T","R","?","R","E","?","R","BOSS"],"items_purchased_type":["Relic","Card","Relic","Relic","Relic","Potion","Card","Relic","Potion","Potion","Card"],"build_version":"2020-12-22","purchased_purges":3,"victory":false,"max_hp_per_floor":[82,82,82,87,87,87,87,87,87,87,87,87,87,87,87,87,87,87,87,87,87,87,87,87,87,87,87,87,87,87,87,87,87,87,87,87,92,92,92,92,92,97,97,97,97,97,97,97,97,97,97],"card_choices":[{"not_picked":["JustLucky","DeceiveReality"],"picked":"Conclude","floor":0},{"not_picked":["InnerPeace","FlyingSleeves"],"picked":"BattleHymn","floor":1},{"not_picked":["EmptyFist","FollowUp"],"picked":"EmptyMind","floor":6},{"not_picked":["Conclude","Indignation","SandsOfTime"],"picked":"SKIP","floor":8},{"not_picked":["Wallop","CutThroughFate"],"picked":"TalkToTheHand","floor":11},{"not_picked":["Pray","ThirdEye"],"picked":"BattleHymn","floor":13},{"not_picked":["FearNoEvil","EmptyMind"],"picked":"Perseverance","floor":14},{"not_picked":["DeusExMachina","Blasphemy"],"picked":"Judgement","floor":16},{"not_picked":["WheelKick","WindmillStrike"],"picked":"Protect+1","floor":18},{"not_picked":["FollowUp","SandsOfTime"],"picked":"Halt","floor":19},{"not_picked":["SashWhip","ReachHeaven"],"picked":"Halt+1","floor":24},{"not_picked":["SandsOfTime","Scrawl","CutThroughFate+1"],"picked":"SKIP","floor":25},{"not_picked":["WindmillStrike","ClearTheMind"],"picked":"DeceiveReality","floor":27},{"not_picked":["BowlingBash","Protect+1"],"picked":"TalkToTheHand","floor":28},{"not_picked":["JustLucky","Prostrate","Tantrum"],"picked":"SKIP","floor":30},{"not_picked":["WheelKick","FlyingSleeves"],"picked":"EmptyBody","floor":31},{"not_picked":["DeusExMachina","Alpha"],"picked":"Judgement","floor":33},{"not_picked":["Halt","DeceiveReality","Adaptation+1"],"picked":"SKIP","floor":35},{"not_picked":["PathToVictory+1","Perseverance"],"picked":"EmptyBody+1","floor":38},{"not_picked":["ThirdEye+1","Sanctity+1","Crescendo+1"],"picked":"SKIP","floor":41},{"not_picked":["BattleHymn+1","InnerPeace","Ragnarok"],"picked":"SKIP","floor":47}],"player_experience":231586,"relics_obtained":[{"floor":6,"key":"Dream Catcher"},{"floor":8,"key":"Bird Faced Urn"},{"floor":9,"key":"Happy Flower"},{"floor":19,"key":"Red Mask"},{"floor":25,"key":"Frozen Egg 2"},{"floor":26,"key":"Whetstone"},{"floor":27,"key":"Centennial Puzzle"},{"floor":41,"key":"White Beast Statue"},{"floor":43,"key":"Anchor"},{"floor":47,"key":"Juzu Bracelet"}],"event_choices":[{"damage_healed":0,"gold_gain":60,"player_choice":"Gained Gold","damage_taken":0,"max_hp_gain":0,"max_hp_loss":0,"event_name":"Golden Wing","floor":2,"gold_loss":0},{"damage_healed":0,"gold_gain":0,"player_choice":"Entered Light","damage_taken":16,"max_hp_gain":0,"max_hp_loss":0,"event_name":"Shining Light","floor":3,"gold_loss":0,"cards_upgraded":["BattleHymn","Eruption"]},{"damage_healed":0,"gold_gain":0,"player_choice":"Donut","damage_taken":0,"max_hp_gain":5,"max_hp_loss":0,"event_name":"Big Fish","floor":4,"gold_loss":0},{"damage_healed":0,"gold_gain":0,"player_choice":"Success","damage_taken":3,"relics_obtained":["Blood Vial"],"max_hp_gain":0,"max_hp_loss":0,"event_name":"Scrap Ooze","floor":5,"gold_loss":0},{"damage_healed":0,"gold_gain":0,"player_choice":"Fought Bandits","damage_taken":0,"max_hp_gain":0,"max_hp_loss":0,"event_name":"Masked Bandits","floor":19,"gold_loss":0},{"damage_healed":0,"gold_gain":0,"player_choice":"Inject Mutagens","damage_taken":0,"relics_obtained":["MutagenicStrength"],"max_hp_gain":0,"max_hp_loss":0,"event_name":"Drug Dealer","floor":20,"gold_loss":0},{"damage_healed":0,"gold_gain":0,"player_choice":"Ignored","damage_taken":0,"max_hp_gain":0,"max_hp_loss":0,"event_name":"Ghosts","floor":21,"gold_loss":0},{"damage_healed":0,"gold_gain":0,"player_choice":"1 cards matched","damage_taken":0,"max_hp_gain":0,"max_hp_loss":0,"event_name":"Match and Keep!","floor":29,"gold_loss":0,"cards_obtained":["Eruption"]},{"damage_healed":0,"gold_gain":999,"player_choice":"Gold","damage_taken":0,"max_hp_gain":0,"max_hp_loss":0,"event_name":"MindBloom","floor":36,"gold_loss":0,"cards_obtained":["Normality","Normality"]},{"damage_healed":0,"gold_gain":222,"player_choice":"Wore Mask","damage_taken":0,"max_hp_gain":0,"max_hp_loss":0,"event_name":"Tomb of Lord Red Mask","floor":39,"gold_loss":0},{"cards_removed":["Halt"],"damage_healed":0,"gold_gain":0,"player_choice":"Removed Skill","damage_taken":0,"max_hp_gain":0,"max_hp_loss":0,"event_name":"Falling","floor":45,"gold_loss":0},{"damage_healed":0,"gold_gain":0,"player_choice":"Memory 1","damage_taken":0,"max_hp_gain":0,"max_hp_loss":0,"event_name":"SensoryStone","floor":48,"gold_loss":0}],"is_beta":false,"boss_relics":[{"not_picked":["Velvet Choker","Philosopher\u0027s Stone"],"picked":"SlaversCollar"},{"not_picked":["SacredBark","Runic Dome"],"picked":"VioletLotus"}],"items_purged_floors":[22,37,42],"is_endless":false,"potions_floor_spawned":[1,6,13,14,16,24,25,27,28,31,33,38,47],"killed_by":"Time Eater","ascension_level":5}}