{"host":"ktoxvvst1mwxww91","time":1610437195,"event":{"mods":["BaseMod","Hermit","Minty Spire (QoL Compilation)","StSLib","The Blackbeard","The Hierophant","The Mystic","The Necromancer"],"gold_per_floor":[118,118,134,157,191,239,239,219,265,290,331,222,253,9,9,125,125,159,7,7,7,7,7,22,49,49,98,129,158,158,188,188,301,301,332,362,34,99,0,47,74,116,141,141,115,143,168,218,218,233,233,233,83,127,127,127,127],"floor_reached":55,"playtime":2937,"items_purged":["blackbeard:BlackbeardStrike","blackbeard:BlackbeardStrike","blackbeard:Cutlass","blackbeard:Spear"],"score":891,"play_id":"27576015-91a5-43bb-9e11-7ff60e9f3d7c","local_time":"20210112083955","is_ascension_mode":true,"campfire_choices":[{"data":"blackbeard:CannonballSupply","floor":15.0,"key":"SMITH"},{"data":"blackbeard:FinalBarrage","floor":23.0,"key":"SMITH"},{"data":"blackbeard:IntimidatingStrike","floor":30.0,"key":"SMITH"},{"data":"blackbeard:GoldenRain","floor":32,"key":"SMITH"},{"floor":49,"key":"RECALL"},{"data":"blackbeard:Parrot","floor":52,"key":"SMITH"}],"circlet_count":0,"master_deck":["blackbeard:BlackbeardStrike","blackbeard:IntimidatingStrike+1","blackbeard:BlackbeardDefend+1","blackbeard:BlackbeardDefend+1","blackbeard:BlackbeardDefend+1","blackbeard:BlackbeardDefend+1","blackbeard:FieryDefense","blackbeard:Shrapnel","blackbeard:CannonballSupply+1","blackbeard:CloakAndCannonball","blackbeard:GoldenDefense","blackbeard:Rum","blackbeard:FinalBarrage+1","CurseOfTheBell","blackbeard:PiratesWill+1","Necronomicurse","blackbeard:Spear","blackbeard:GoldenRain+1","blackbeard:Sword","blackbeard:FieryDefense","blackbeard:BeatUp+1","blackbeard:Parrot+1","blackbeard:CatONineTails+1","blackbeard:WiseDefense","blackbeard:Anchor+1","blackbeard:FieryDefense","blackbeard:PirateEarring","blackbeard:TacticalRetreat+1"],"relics":["blackbeard:LoadTheCannons","Vajra","blackbeard:TreasureChest","Nunchaku","War Paint","Sundial","Toy Ornithopter","Calling Bell","PreservedInsect","Pantograph","Pocketwatch","HandDrill","Necronomicon","Anchor","White Beast Statue","Art of War","blackbeard:Karategi","ClockworkSouvenir","WingedGreaves","Red Mask","Centennial Puzzle","Bird Faced Urn","Akabeko","Oddly Smooth Stone"],"acts_visited":["Exordium","TheCity","TheBeyond","TheEnding"],"potions_floor_usage":[31,33,40,40,41,48,48,50,55,55],"damage_taken":[{"damage":0.0,"enemies":"Jaw Worm","floor":1.0,"turns":5.0},{"damage":0.0,"enemies":"2 Louse","floor":3.0,"turns":1.0},{"damage":0.0,"enemies":"Cultist","floor":5.0,"turns":3.0},{"damage":23.0,"enemies":"Gremlin Nob","floor":6.0,"turns":4.0},{"damage":0.0,"enemies":"3 Louse","floor":10.0,"turns":3.0},{"damage":2.0,"enemies":"Lagavulin","floor":11.0,"turns":5.0},{"damage":2.0,"enemies":"Large Slime","floor":13.0,"turns":3.0},{"damage":4.0,"enemies":"The Guardian","floor":16.0,"turns":13.0},{"damage":9.0,"enemies":"Shell Parasite","floor":18.0,"turns":5.0},{"damage":0.0,"enemies":"2 Thieves","floor":24.0,"turns":1.0},{"damage":22.0,"enemies":"Chosen and Byrds","floor":25.0,"turns":7.0},{"damage":22.0,"enemies":"Book of Stabbing","floor":27.0,"turns":5.0},{"damage":0.0,"enemies":"Snake Plant","floor":28.0,"turns":4.0},{"damage":8.0,"enemies":"Centurion and Healer","floor":29.0,"turns":5.0},{"damage":2,"enemies":"Shelled Parasite and Fungi","floor":31,"turns":4},{"damage":43,"enemies":"Automaton","floor":33,"turns":8},{"damage":2,"enemies":"Orb Walker","floor":35,"turns":4},{"damage":0,"enemies":"3 Shapes","floor":36,"turns":1},{"damage":3,"enemies":"Mind Bloom Boss Battle","floor":38,"turns":5},{"damage":20,"enemies":"Reptomancer","floor":40,"turns":4},{"damage":0,"enemies":"Jaw Worm Horde","floor":41,"turns":3},{"damage":0,"enemies":"Giant Head","floor":42,"turns":5},{"damage":0,"enemies":"Maw","floor":46,"turns":6},{"damage":0,"enemies":"Sphere and 2 Shapes","floor":47,"turns":1},{"damage":6,"enemies":"Nemesis","floor":48,"turns":3},{"damage":49,"enemies":"Time Eater","floor":50,"turns":10},{"damage":0,"enemies":"Shield and Spear","floor":54,"turns":2},{"damage":88,"enemies":"The Heart","floor":55,"turns":8}],"seed_played":"8530748667644169363","potions_obtained":[{"floor":3.0,"key":"Strength Potion"},{"floor":6.0,"key":"PowerPotion"},{"floor":8.0,"key":"blackbeard:OrangeJuicePotion"},{"floor":10.0,"key":"SmokeBomb"},{"floor":11.0,"key":"SteroidPotion"},{"floor":27.0,"key":"blackbeard:RumPotion"},{"floor":28.0,"key":"Fruit Juice"},{"floor":29.0,"key":"Ancient Potion"},{"floor":31,"key":"LiquidBronze"},{"floor":33,"key":"blackbeard:OrangeJuicePotion"},{"floor":35,"key":"Swift Potion"},{"floor":36,"key":"Weak Potion"},{"floor":40,"key":"Fire Potion"},{"floor":41,"key":"blackbeard:RumPotion"},{"floor":42,"key":"DuplicationPotion"},{"floor":46,"key":"PowerPotion"},{"floor":48,"key":"Dexterity Potion"},{"floor":54,"key":"Strength Potion"}],"is_trial":false,"path_per_floor":["M","?","M","T","M","E","?","?","T","M","E","$","M","$","R","B",null,"M","$","?","?","$","R","M","M","T","E","M","M","R","M","R","B",null,"M","M","$","?","?","E","M","E","T","?","$","M","M","E","R","B",null,"R","$","E","B"],"character_chosen":"BLACKBEARD_CLASS","items_purchased":["blackbeard:Rum","Toy Ornithopter","HandDrill","blackbeard:WiseDefense","ClockworkSouvenir","blackbeard:FieryDefense"],"campfire_rested":0,"item_purchase_floors":[12,14,19,37,37,45],"current_hp_per_floor":[75,72,72,72,72,49,34,34,34,34,32,32,30,30,30,26,75,66,66,50,43,43,43,48,39,39,17,32,24,24,27,27,14,80,78,78,78,77,77,60,65,65,65,65,65,69,71,74,74,37,80,80,80,80,0,0,0],"gold":127,"neow_bonus":"REMOVE_CARD","is_daily":false,"chose_seed":false,"campfire_upgraded":5,"win_rate":0.0,"timestamp":1610437195,"path_taken":["M","?","M","?","M","E","?","?","T","?","E","$","M","$","R","BOSS","M","$","?","?","?","R","M","M","T","E","?","M","R","?","R","BOSS","M","M","$","?","?","E","M","E","T","?","$","M","M","E","R","BOSS","R","$","E","BOSS"],"items_purchased_type":["Card","Relic","Relic","Card","Relic","Card"],"build_version":"2020-12-22","purchased_purges":4,"victory":false,"max_hp_per_floor":[75,75,75,75,75,75,75,75,75,75,75,75,75,75,75,75,75,75,75,75,75,75,75,75,75,75,75,80,80,80,80,80,80,80,80,80,80,80,80,80,80,80,80,80,80,80,80,80,80,80,80,80,80,80,80,80,80],"card_choices":[{"not_picked":["blackbeard:Toast","blackbeard:ArmorUp"],"picked":"blackbeard:FieryDefense","floor":1.0},{"not_picked":["blackbeard:TacticalRetreat","blackbeard:WoodenLeg"],"picked":"blackbeard:Spear","floor":3.0},{"not_picked":["blackbeard:GoldenCannonball","blackbeard:FieryDefense"],"picked":"blackbeard:Shrapnel","floor":5.0},{"not_picked":["blackbeard:DeadlyArsenal","blackbeard:TacticalRetreat"],"picked":"blackbeard:CannonballSupply","floor":6.0},{"not_picked":["blackbeard:VengefulSpirit","blackbeard:BlindAttacks"],"picked":"blackbeard:CloakAndCannonball","floor":10.0},{"not_picked":["blackbeard:PirateEarring","blackbeard:Shrapnel"],"picked":"blackbeard:GoldenDefense","floor":11.0},{"not_picked":["blackbeard:DoubleBottom","blackbeard:Scrap","blackbeard:Sharpening"],"picked":"SKIP","floor":13.0},{"not_picked":["blackbeard:GoldenRain","blackbeard:Intoxication"],"picked":"blackbeard:FinalBarrage","floor":16.0},{"not_picked":["blackbeard:Shrapnel","blackbeard:GoldenStrike"],"picked":"blackbeard:PiratesWill+1","floor":18.0},{"not_picked":["blackbeard:RemoveScurvy","blackbeard:Sharpening"],"picked":"blackbeard:Spear","floor":25.0},{"not_picked":["blackbeard:AgileStrike","blackbeard:Spear"],"picked":"blackbeard:GoldenRain","floor":27.0},{"not_picked":["blackbeard:DeadlyArsenal+1","blackbeard:WoodenLeg"],"picked":"blackbeard:Sword","floor":28.0},{"not_picked":["blackbeard:PiratesWill","blackbeard:RearmingStrike"],"picked":"blackbeard:FieryDefense","floor":29.0},{"not_picked":["blackbeard:Sword","blackbeard:Provisioning"],"picked":"blackbeard:BeatUp+1","floor":31},{"not_picked":["blackbeard:WeaponMastery","blackbeard:Murder"],"picked":"blackbeard:Parrot","floor":33},{"not_picked":["blackbeard:RearmingStrike","blackbeard:TerrorOfTheSeas+1","blackbeard:Spear+1"],"picked":"SKIP","floor":35},{"not_picked":["blackbeard:DeadlyArsenal","blackbeard:Shrapnel+1"],"picked":"blackbeard:CatONineTails+1","floor":36},{"not_picked":["blackbeard:RearmingStrike","blackbeard:BeatUp"],"picked":"blackbeard:Anchor+1","floor":38},{"not_picked":["blackbeard:TacticalRetreat+1","blackbeard:PirateHook+1","blackbeard:ArmorUp"],"picked":"SKIP","floor":40},{"not_picked":["blackbeard:Upgrade+1","blackbeard:Sharpening","blackbeard:BlindAttacks+1"],"picked":"SKIP","floor":41},{"not_picked":["blackbeard:Fencing","blackbeard:DangerousBlow+1"],"picked":"blackbeard:FishingNets","floor":42},{"not_picked":["blackbeard:Sharpening","blackbeard:BuriedTreasure"],"picked":"blackbeard:PirateEarring","floor":46},{"not_picked":["blackbeard:GoldenStrike+1","blackbeard:DoubleCannonball+1","blackbeard:CannonballSupply"],"picked":"SKIP","floor":47},{"not_picked":["blackbeard:CannonballSupply","blackbeard:DeadlyArsenal"],"picked":"blackbeard:TacticalRetreat+1","floor":48},{"not_picked":["blackbeard:WoodenLeg+1","blackbeard:GoldenStrike+1","blackbeard:Murder"],"picked":"SKIP","floor":54}],"player_experience":1006222,"relics_obtained":[{"floor":4.0,"key":"blackbeard:TreasureChest"},{"floor":6.0,"key":"Nunchaku"},{"floor":9.0,"key":"War Paint"},{"floor":11.0,"key":"Sundial"},{"floor":17.0,"key":"PreservedInsect"},{"floor":17.0,"key":"Pantograph"},{"floor":17.0,"key":"Pocketwatch"},{"floor":20.0,"key":"Necronomicon"},{"floor":26.0,"key":"White Beast Statue"},{"floor":27.0,"key":"Art of War"},{"floor":38,"key":"WingedGreaves"},{"floor":40,"key":"Centennial Puzzle"},{"floor":42,"key":"Bird Faced Urn"},{"floor":48,"key":"Akabeko"},{"floor":54,"key":"Oddly Smooth Stone"}],"event_choices":[{"damage_healed":0.0,"max_hp_gain":0.0,"max_hp_loss":0.0,"gold_gain":0.0,"event_name":"Scrap Ooze","player_choice":"Success","floor":2.0,"gold_loss":0.0,"damage_taken":3.0,"relics_obtained":["Vajra"]},{"damage_healed":0.0,"max_hp_gain":0.0,"max_hp_loss":0.0,"gold_gain":0.0,"event_name":"Shining Light","player_choice":"Entered Light","floor":7.0,"gold_loss":0.0,"damage_taken":15.0,"cards_upgraded":["blackbeard:BlackbeardDefend","blackbeard:BlackbeardDefend"]},{"damage_healed":0.0,"max_hp_gain":0.0,"max_hp_loss":0.0,"gold_gain":0.0,"event_name":"The Woman in Blue","player_choice":"Bought 1 Potion","floor":8.0,"gold_loss":0.0,"damage_taken":0.0},{"damage_healed":0.0,"max_hp_gain":0.0,"max_hp_loss":0.0,"gold_gain":0.0,"event_name":"Cursed Tome","player_choice":"Obtained Book","floor":20.0,"gold_loss":0.0,"damage_taken":16.0},{"damage_healed":0.0,"max_hp_gain":0.0,"max_hp_loss":0.0,"gold_gain":0.0,"event_name":"blackbeard:ShipwreckEvent","player_choice":"Anchor","floor":21.0,"gold_loss":0.0,"damage_taken":0.0,"relics_obtained":["Anchor"]},{"damage_healed":0,"gold_gain":0,"player_choice":"Fight","damage_taken":0,"max_hp_gain":0,"max_hp_loss":0,"event_name":"MindBloom","floor":38,"gold_loss":0},{"damage_healed":0,"gold_gain":0,"player_choice":"Paid","damage_taken":0,"relics_obtained":["Red Mask"],"max_hp_gain":0,"max_hp_loss":0,"event_name":"Tomb of Lord Red Mask","floor":39,"gold_loss":99},{"cards_removed":["blackbeard:FishingNets"],"damage_healed":0,"gold_gain":0,"player_choice":"Removed Skill","damage_taken":0,"max_hp_gain":0,"max_hp_loss":0,"event_name":"Falling","floor":44,"gold_loss":0}],"is_beta":false,"boss_relics":[{"not_picked":["Busted Crown","Velvet Choker"],"picked":"Calling Bell"},{"not_picked":["Astrolabe","SacredBark"],"picked":"blackbeard:Karategi"}],"items_purged_floors":[12,14,37,53],"is_endless":false,"potions_floor_spawned":[3,6,10,11,24,27,28,29,31,33,35,36,38,40,41,42,46,47,48,54],"killed_by":"The Heart","ascension_level":2}}