{"host":"ucb2bgl3b4dpz2q7","time":1610425613,"event":{"mods":["Act Like it!","BaseMod","Custom Start","Gensokyo","Hallownest","Hermit","Koishi","Lobotomy","LobotomyExtend","Marisa£®ÏF”Í°°ƒß¿Ì…≥£©","Minty Spire (QoL Compilation)","Reimu£®≤©¿ˆ¡È√Œ£©","Remilia£®¿Ÿ√◊¿Ú—«£©","StSLib","The Administrix","The Bug Knight","The Servant 0.9.4","Waifu the Spire","Yakumo Yukari mod","Youmu£®ªÍ∆«—˝√Œ£©"],"gold_per_floor":[130,130,55,55,70,95,95,107,107,67,67,79,96,110,110,206,206,221,221,521,538,0,0,32,32,32],"floor_reached":25,"playtime":1224,"items_purged":["AT_purpleEX","Greed_TH"],"score":221,"play_id":"dcf9b4fc-585b-4c28-a911-48cc8c30ef49","local_time":"20210112122653","is_ascension_mode":false,"campfire_choices":[{"floor":7.0,"key":"REST"},{"floor":15.0,"key":"REST"},{"floor":23,"key":"REST"}],"circlet_count":0,"master_deck":["AT_purpleEX","AT_purpleEX","AT_purpleEX","Defend_purpleEX","Defend_purpleEX+1","Defend_purpleEX+1","Defend_purpleEX","Observe_purple_1","Observe_purple_2","Boundary_of_Extermination_purpleEX","Worldmountain_purple","Worldmountain_purple","Worldmountain_purple","DimensionStaggered_purple","Bait_Toxicbait_purple","PurpleNeedle_purple","Charmbait_purple","ContainerChange_purple","DimensionStaggered_purple+1","Nest_LightFlightworm_purple+1"],"relics":["Boundary_crack","Memoryfragments_purpleEX","RabbitCall","LetterFromLob","Dream Catcher","Nunchaku","Pear","PaintedHorse:ReiMu","ThegodofHakurei_purpleEX","Seventeenyearold_girl_Forever","Akabeko","Question Card","Girya"],"acts_visited":["Exordium","TheCity"],"potions_floor_usage":[],"damage_taken":[{"damage":0.0,"enemies":"2 Louse","floor":1.0,"turns":3.0},{"damage":8.0,"enemies":"Cultist","floor":5.0,"turns":5.0},{"damage":47.0,"enemies":"Lagavulin","floor":6.0,"turns":7.0},{"damage":7.0,"enemies":"Jaw Worm","floor":8.0,"turns":3.0},{"damage":1.0,"enemies":"Blue Slaver","floor":12.0,"turns":4.0},{"damage":0.0,"enemies":"Large Slime","floor":13.0,"turns":5.0},{"damage":0.0,"enemies":"Exordium Thugs","floor":14.0,"turns":3.0},{"damage":44.0,"enemies":"Hexaghost","floor":16.0,"turns":10.0},{"damage":22.0,"enemies":"2 Thieves","floor":18.0,"turns":3.0},{"damage":19,"enemies":"Shell Parasite","floor":21,"turns":5},{"damage":45,"enemies":"Slavers","floor":24,"turns":6},{"damage":15,"enemies":"Shelled Parasite and Fungi","floor":25,"turns":3}],"seed_played":"5054417438028631024","potions_obtained":[{"floor":1.0,"key":"GrandPatriotsElixir:ReiMu"},{"floor":8.0,"key":"ColorlessPotion"},{"floor":12.0,"key":"ZuzhouPotion:ReiMu"},{"floor":24,"key":"EntropicBrew"}],"is_trial":false,"path_per_floor":["M","?","$","?","M","E","R","M","T","?","T","M","M","M","R","B",null,"M","?","?","M","$","R","E","M"],"character_chosen":"Youkari","items_purchased":["Akabeko","Question Card"],"campfire_rested":3,"item_purchase_floors":[22,22],"current_hp_per_floor":[70,56,56,56,51,8,29,24,34,34,34,38,42,46,70,29,80,59,59,59,44,29,53,15,0,0],"gold":32,"neow_bonus":"","is_daily":false,"chose_seed":false,"campfire_upgraded":0,"win_rate":0.0,"timestamp":1610425613,"path_taken":["M","?","$","?","M","E","R","?","T","?","?","M","M","M","R","BOSS","M","?","?","M","$","R","E","M"],"items_purchased_type":["Relic","Relic"],"build_version":"2020-12-22","purchased_purges":2,"victory":false,"max_hp_per_floor":[70,70,70,70,70,70,70,70,80,80,80,80,80,80,80,80,80,80,80,80,80,80,80,82,82,82],"card_choices":[{"not_picked":["Erosivefilter_purple","DimensionStaggered_purple"],"picked":"Boundary_of_Extermination_purpleEX","floor":1.0},{"not_picked":["SfantasyHide_purple","WingOfChimera_purple"],"picked":"Worldmountain_purple","floor":5.0},{"not_picked":["Yakumo_Ran_purple","Mirror_FormAndEmptin_purple"],"picked":"Worldmountain_purple","floor":6.0},{"not_picked":["RuleDissolution_purple","StateErode_purple"],"picked":"Worldmountain_purple","floor":7.0},{"not_picked":["RealityDreamConfluencek_purple","Extrememeaning_purpleEX"],"picked":"DimensionStaggered_purple","floor":8.0},{"not_picked":["SfantasyHide_purple","Boundary_DreamRealityDamnation_purple"],"picked":"Bait_Toxicbait_purple","floor":12.0},{"not_picked":["Umbrella_purple","Fantasy_PerpetualMotionMachine_purple"],"picked":"PurpleNeedle_purple","floor":13.0},{"not_picked":["MonsterNeedle_purple","ExistenceContinue_purple"],"picked":"Charmbait_purple","floor":14.0},{"not_picked":["Human_Monster_Realm_purple","D_absorption_purple"],"picked":"ContainerChange_purple","floor":16.0},{"not_picked":["Mirror_FormAndEmptin_purple","RuleDissolution_purple+1","Extrememeaning_purpleEX"],"picked":"SKIP","floor":18.0},{"not_picked":["OmniscientAndOmnipotent_Monster_purple+1","Extrememeaning_purpleEX+1"],"picked":"DimensionStaggered_purple+1","floor":21},{"not_picked":["StateErode_purple","SfantasyHide_purple","RealityDreamConfluencek_purple"],"picked":"Nest_LightFlightworm_purple+1","floor":24}],"player_experience":611447,"relics_obtained":[{"floor":1.0,"key":"LetterFromLob"},{"floor":4.0,"key":"Dream Catcher"},{"floor":6.0,"key":"Nunchaku"},{"floor":9.0,"key":"Pear"},{"floor":11.0,"key":"ThegodofHakurei_purpleEX"},{"floor":24,"key":"Girya"}],"event_choices":[{"damage_healed":0.0,"max_hp_gain":0.0,"max_hp_loss":0.0,"gold_gain":0.0,"event_name":"Shining Light","player_choice":"Entered Light","floor":2.0,"gold_loss":0.0,"damage_taken":14.0,"cards_upgraded":["Defend_purpleEX","Defend_purpleEX"]},{"damage_healed":0.0,"max_hp_gain":0.0,"max_hp_loss":0.0,"gold_gain":0.0,"event_name":"Wheel of Change","player_choice":"Relic","floor":4.0,"gold_loss":0.0,"damage_taken":0.0},{"damage_healed":0.0,"max_hp_gain":0.0,"max_hp_loss":0.0,"gold_gain":0.0,"event_name":"yidonshenshe","player_choice":"»˚«Æ","floor":10.0,"gold_loss":40.0,"damage_taken":0.0,"relics_obtained":["PaintedHorse:ReiMu"]},{"damage_healed":0,"gold_gain":0,"player_choice":"Ignored","damage_taken":0,"max_hp_gain":0,"max_hp_loss":0,"event_name":"Cursed Tome","floor":19,"gold_loss":0}],"is_beta":false,"boss_relics":[{"not_picked":["Runic Dome","Coffee Dripper"],"picked":"Seventeenyearold_girl_Forever"}],"items_purged_floors":[3,22],"is_endless":false,"potions_floor_spawned":[1,8,12,24],"killed_by":"Shelled Parasite and Fungi","ascension_level":0}}