{"host":"raai0vtvcfkt8csp","time":1610481319,"event":{"mods":["2.2 Compatiblity","BaseMod","Beaked The Cultist","Block Reminder","Booster Modes","Clockwork Mod","DeckTracker","Defective Defect","Defuse TimeMaze Blight","Dio Mod","Evolution","GifTheSpireLib","Infinite Spire","Minty Spire (QoL Compilation)","Quick Restart","Random Character Button","Rare Cards Sparkle","StSLib","The Marked","Unceasing Turn Reminder"],"gold_per_floor":[123,135,147,172,184,196,239,251,263,306,93,103,103,138,138,242,542,571,599,25,25,25,25],"floor_reached":22,"language":"ENG","playtime":1239,"items_purged":[],"score":210,"play_id":"bf62a4ae-9f3d-40bf-884d-5a0f3b5ca8a0","local_time":"20210112205519","is_ascension_mode":true,"campfire_choices":[{"data":"theMarked:ContemptForTheProud","floor":6,"key":"SMITH"},{"floor":15,"key":"REST"}],"circlet_count":0,"master_deck":["theMarked:Strike","theMarked:Strike","theMarked:Strike","theMarked:Strike","theMarked:Strike","theMarked:Defend","theMarked:Defend","theMarked:Defend","theMarked:Defend","theMarked:SoldierOfQuellstein+1","theMarked:WardOff","theMarked:EmpowerWeapon+1","theMarked:KeepCalmAndFightOn","theMarked:Snap","theMarked:ContemptForTheProud+1","theMarked:Polarize","theMarked:MysticalArsenal","theMarked:Standoff","theMarked:Snap","theMarked:EmpowerWeapon","Decay","theMarked:ParalyzingBlade","theMarked:Abjuration","CurseOfTheBell","theMarked:ComboAttacks","theMarked:ComboAttacks","theMarked:Static+1"],"relics":["theMarked:ArtifactOfAir","EVO:Axolotl","MawBank","infinitespire:FocusingShard","infinitespire:Joker Card","Turnip","StrikeDummy","DollysMirror","Bottled Flame","Calling Bell","CeramicFish","Kunai","Old Coin","Incense Burner","Pantograph"],"acts_visited":["Exordium","TheCity"],"potions_floor_usage":[],"damage_taken":[{"damage":2,"enemies":"Small Slimes","floor":1,"turns":4},{"damage":0,"enemies":"2 Louse","floor":4,"turns":2},{"damage":15,"enemies":"Lagavulin","floor":7,"turns":8},{"damage":14,"enemies":"Gremlin Nob","floor":10,"turns":3},{"damage":0,"enemies":"Cultist","floor":12,"turns":2},{"damage":9,"enemies":"3 Sentries","floor":14,"turns":5},{"damage":40,"enemies":"Hexaghost","floor":16,"turns":9},{"damage":17,"enemies":"2 Thieves","floor":18,"turns":4},{"damage":27,"enemies":"3 Byrds","floor":19,"turns":6},{"damage":25,"enemies":"Centurion and Healer","floor":22,"turns":8}],"seed_played":"-6352281861092627999","potions_obtained":[{"floor":12,"key":"Block Potion"},{"floor":14,"key":"LiquidMemories"},{"floor":16,"key":"SmokeBomb"}],"is_trial":false,"path_per_floor":["M","?","?","M","?","R","E","?","T","E","$","M","?","E","R","B",null,"M","M","$","?","M"],"character_chosen":"THE_DEFAULT","items_purchased":["theMarked:Standoff","DollysMirror","Incense Burner","Pantograph","theMarked:Static"],"campfire_rested":1,"item_purchase_floors":[11,11,20,20,20],"current_hp_per_floor":[68,68,68,68,68,68,53,50,50,36,36,36,36,27,48,8,70,53,26,26,26,1,1],"gold":25,"neow_bonus":"RANDOM_COMMON_RELIC","is_daily":false,"chose_seed":false,"campfire_upgraded":1,"win_rate":0.0,"timestamp":1610481319,"path_taken":["M","?","?","?","?","R","E","?","T","E","$","M","?","E","R","BOSS","M","?","?","?","M"],"items_purchased_type":["Card","Relic","Relic","Relic","Card"],"build_version":"2020-12-22","purchased_purges":0,"victory":false,"max_hp_per_floor":[70,70,70,70,70,70,70,70,70,70,70,70,70,70,70,70,70,70,70,70,70,70,70],"card_choices":[{"not_picked":["theMarked:StartUp","theMarked:ResourceFulStrike"],"picked":"theMarked:WardOff","floor":1},{"not_picked":["theMarked:ChainLightning","theMarked:Frustration"],"picked":"theMarked:ContemptForTheProud","floor":4},{"not_picked":["theMarked:Frustration","theMarked:Aftermath"],"picked":"theMarked:Polarize","floor":7},{"not_picked":["theMarked:Improvise","theMarked:ParalyzingBlade"],"picked":"theMarked:MysticalArsenal","floor":10},{"not_picked":["theMarked:ResourceFulStrike","theMarked:HeightenedSenses"],"picked":"theMarked:EmpowerWeapon","floor":12},{"not_picked":["theMarked:ChainLightning","theMarked:BanishingWave"],"picked":"theMarked:ParalyzingBlade","floor":14},{"not_picked":["theMarked:DispelDoubt","theMarked:EternalStudent"],"picked":"theMarked:Abjuration","floor":16},{"not_picked":["theMarked:EmpowerWeapon","theMarked:ElectricStrings+1"],"picked":"theMarked:ComboAttacks","floor":18},{"not_picked":["theMarked:RepellingDischarge","theMarked:Convert"],"picked":"theMarked:ComboAttacks","floor":19}],"player_experience":870807,"relics_obtained":[{"floor":7,"key":"infinitespire:FocusingShard"},{"floor":9,"key":"Turnip"},{"floor":10,"key":"StrikeDummy"},{"floor":14,"key":"Bottled Flame"},{"floor":17,"key":"CeramicFish"},{"floor":17,"key":"Kunai"},{"floor":17,"key":"Old Coin"}],"event_choices":[{"damage_healed":0,"gold_gain":0,"player_choice":"3 cards matched","damage_taken":0,"max_hp_gain":0,"max_hp_loss":0,"event_name":"Match and Keep!","floor":3,"gold_loss":0,"cards_obtained":["theMarked:EmpowerWeapon","theMarked:KeepCalmAndFightOn","theMarked:Snap"]},{"damage_healed":0,"gold_gain":0,"player_choice":"Grow","damage_taken":0,"max_hp_gain":0,"max_hp_loss":0,"event_name":"Living Wall","floor":5,"gold_loss":0,"cards_upgraded":["theMarked:EmpowerWeapon"]},{"damage_healed":0,"gold_gain":0,"player_choice":"Success","damage_taken":3,"relics_obtained":["infinitespire:Joker Card"],"max_hp_gain":0,"max_hp_loss":0,"event_name":"Scrap Ooze","floor":8,"gold_loss":0},{"damage_healed":0,"gold_gain":0,"player_choice":"Cursed","damage_taken":0,"max_hp_gain":0,"max_hp_loss":0,"event_name":"Wheel of Change","floor":13,"gold_loss":0,"cards_obtained":["Decay"]},{"damage_healed":0,"gold_gain":0,"player_choice":"Upgraded","damage_taken":0,"max_hp_gain":0,"max_hp_loss":0,"event_name":"Upgrade Shrine","floor":21,"gold_loss":0,"cards_upgraded":["theMarked:Static"]}],"is_beta":false,"boss_relics":[{"not_picked":["SacredBark","Fusion Hammer"],"picked":"Calling Bell"}],"items_purged_floors":[],"is_endless":false,"potions_floor_spawned":[12,14,16],"killed_by":"Centurion and Healer","ascension_level":1}}