{"host":"1c52r9kaxdyo25eq","time":1610462033,"event":{"mods":["AchievementEnabler","BaseMod","Minty Spire (QoL Compilation)","Rare Cards Sparkle","SuperFastMode","everything is the same but u backflip on backflip"],"gold_per_floor":[99,99,99,99,99,99,99,99,99,99,99,99,99,99,99,99,99,99,47,47,2,2,2,2,2,2,2,2,2,2,2,2,2,2],"floor_reached":33,"playtime":857,"items_purged":[],"score":285,"play_id":"7ad21c9d-d683-4d84-9d5f-5e03ffeb2257","local_time":"20210112233353","is_ascension_mode":false,"campfire_choices":[{"data":"Fusion","floor":6.0,"key":"SMITH"},{"data":"Sunder","floor":12.0,"key":"SMITH"},{"data":"Dualcast","floor":15.0,"key":"SMITH"},{"data":"Coolheaded","floor":23.0,"key":"SMITH"},{"data":"Creative AI","floor":25.0,"key":"SMITH"},{"data":"Regret","floor":28,"key":"PURGE"},{"floor":32,"key":"REST"}],"circlet_count":0,"master_deck":["Strike_B","Strike_B","Strike_B","Strike_B","Defend_B","Defend_B","Defend_B","Zap","Dualcast+1","Skim","Go for the Eyes","Cold Snap","Fusion+1","Sunder+1","Creative AI+1","Darkness+1","Redo","Coolheaded+1","Aggregate+1","Leap+1"],"relics":["Ectoplasm","Anchor","Mango","Cursed Key","Art of War","Bottled Tornado","Peace Pipe"],"acts_visited":["Exordium","TheCity"],"potions_floor_usage":[33],"damage_taken":[{"damage":1.0,"enemies":"Cultist","floor":1.0,"turns":3.0},{"damage":6.0,"enemies":"Jaw Worm","floor":3.0,"turns":2.0},{"damage":0.0,"enemies":"2 Louse","floor":4.0,"turns":2.0},{"damage":9.0,"enemies":"Large Slime","floor":5.0,"turns":6.0},{"damage":39.0,"enemies":"Gremlin Nob","floor":7.0,"turns":5.0},{"damage":4.0,"enemies":"3 Louse","floor":11.0,"turns":3.0},{"damage":0.0,"enemies":"Lots of Slimes","floor":14.0,"turns":3.0},{"damage":20.0,"enemies":"Slime Boss","floor":16.0,"turns":8.0},{"damage":4.0,"enemies":"Chosen","floor":18.0,"turns":5.0},{"damage":20.0,"enemies":"2 Thieves","floor":21.0,"turns":4.0},{"damage":0.0,"enemies":"Snecko","floor":22.0,"turns":4.0},{"damage":20.0,"enemies":"Slavers","floor":24.0,"turns":4.0},{"damage":23,"enemies":"Book of Stabbing","floor":27,"turns":7},{"damage":12,"enemies":"Centurion and Healer","floor":31,"turns":4},{"damage":27,"enemies":"Champ","floor":33,"turns":9}],"seed_played":"7347909410934391264","potions_obtained":[{"floor":1.0,"key":"Weak Potion"},{"floor":14.0,"key":"Explosive Potion"},{"floor":16.0,"key":"PowerPotion"},{"floor":22.0,"key":"Dexterity Potion"},{"floor":27,"key":"SteroidPotion"}],"is_trial":false,"path_per_floor":["M","?","M","M","M","R","E","?","T","?","M","R","?","M","R","B",null,"M","$","?","M","M","R","E","R","T","E","R","?","$","M","R","B"],"character_chosen":"DEFECT","items_purchased":["Redo"],"campfire_rested":1,"item_purchase_floors":[19],"current_hp_per_floor":[74,74,68,68,59,59,20,34,34,34,30,30,30,30,30,10,89,85,85,85,65,65,65,45,45,45,22,22,22,22,10,36,9,9],"gold":2,"neow_bonus":"BOSS_RELIC","is_daily":false,"chose_seed":false,"campfire_upgraded":5,"win_rate":0.0,"timestamp":1610462033,"path_taken":["M","?","M","M","?","R","E","?","T","?","M","R","?","M","R","BOSS","M","$","?","?","M","R","E","R","T","E","R","?","?","M","R","BOSS"],"items_purchased_type":["Card"],"build_version":"2020-12-22","purchased_purges":0,"victory":false,"max_hp_per_floor":[75,75,75,75,75,75,75,89,89,89,89,89,89,89,89,89,89,89,89,89,89,89,89,89,89,89,89,89,89,89,89,89,89,89],"card_choices":[{"not_picked":["Genetic Algorithm","Barrage"],"picked":"Skim","floor":1.0},{"not_picked":["BootSequence","Streamline"],"picked":"Go for the Eyes","floor":3.0},{"not_picked":["Scrape","Leap"],"picked":"Cold Snap","floor":4.0},{"not_picked":["Turbo","Doom and Gloom"],"picked":"Fusion","floor":5.0},{"not_picked":["Hologram","Consume"],"picked":"Sunder","floor":7.0},{"not_picked":["Force Field","Go for the Eyes","Chill"],"picked":"SKIP","floor":11.0},{"not_picked":["Hologram","Leap","Reprogram"],"picked":"SKIP","floor":14.0},{"not_picked":["Buffer","Thunder Strike"],"picked":"Creative AI","floor":16.0},{"not_picked":["Redo","Stack+1"],"picked":"Darkness","floor":18.0},{"not_picked":["Genetic Algorithm+1","Barrage"],"picked":"Coolheaded","floor":21.0},{"not_picked":["Sweeping Beam","Conserve Battery"],"picked":"Aggregate+1","floor":22.0},{"not_picked":["Auto Shields","Sweeping Beam","Redo"],"picked":"SKIP","floor":24.0},{"not_picked":["Aggregate","Ball Lightning+1","Capacitor+1"],"picked":"SKIP","floor":27},{"not_picked":["Defragment","Leap+1","Ball Lightning+1"],"picked":"SKIP","floor":31},{"not_picked":["Defragment","Ball Lightning+1"],"picked":"Leap+1","floor":31}],"player_experience":581984,"relics_obtained":[{"floor":7.0,"key":"Anchor"},{"floor":24.0,"key":"Art of War"},{"floor":26,"key":"Bottled Tornado"},{"floor":27,"key":"Peace Pipe"}],"event_choices":[{"damage_healed":0.0,"max_hp_gain":0.0,"max_hp_loss":0.0,"gold_gain":100.0,"event_name":"Golden Shrine","player_choice":"Pray","floor":2.0,"gold_loss":0.0,"damage_taken":0.0},{"damage_healed":0.0,"max_hp_gain":0.0,"max_hp_loss":0.0,"gold_gain":30.0,"event_name":"Dead Adventurer","player_choice":"Searched \u00272\u0027 times","floor":8.0,"gold_loss":0.0,"damage_taken":0.0,"relics_obtained":["Mango"]},{"damage_healed":0.0,"max_hp_gain":0.0,"max_hp_loss":0.0,"gold_gain":0.0,"event_name":"Liars Game","player_choice":"Ignored","floor":10.0,"gold_loss":0.0,"damage_taken":0.0},{"cards_removed":["Defend_B"],"damage_healed":0.0,"max_hp_gain":0.0,"max_hp_loss":0.0,"gold_gain":0.0,"event_name":"Living Wall","player_choice":"Forget","floor":13.0,"gold_loss":0.0,"damage_taken":0.0},{"damage_healed":0.0,"max_hp_gain":0.0,"max_hp_loss":0.0,"gold_gain":0.0,"event_name":"Accursed Blacksmith","player_choice":"Forge","floor":20.0,"gold_loss":0.0,"damage_taken":0.0,"cards_upgraded":["Darkness"]},{"damage_healed":0,"gold_gain":0,"player_choice":"Ignored","damage_taken":0,"max_hp_gain":0,"max_hp_loss":0,"event_name":"NoteForYourself","floor":29,"gold_loss":0}],"is_beta":false,"boss_relics":[{"not_picked":["Philosopher\u0027s Stone","Runic Pyramid"],"picked":"Cursed Key"}],"items_purged_floors":[],"is_endless":false,"potions_floor_spawned":[1,4,14,16,22,27,31],"killed_by":"Champ","ascension_level":0}}