{"host":"r5cycnjhcbwgkpkf","time":1610492918,"event":{"mods":["2.2 Compatiblity","AchievementEnabler","BaseMod","Bestiary","Better Match","Better Note","Better Skull","Better Third Choice","BetterRewards","Colored Map","Colored Powertips","Downfall","Infinite Spire","Minty Spire (QoL Compilation)","Replay The Spire","Spicy Shops","StSLib"],"gold_per_floor":[111,61,61,61,76,76,116,116,116,116,130,130,145,158,158,282,282,303,252,252,252,270,304,304,2,2,21,37,37,70,70,70,194,194,213,237,137,137,168,180,192,192],"floor_reached":41,"language":"ENG","playtime":2365,"items_purged":["Parasite","Injury"],"score":876,"play_id":"0aeb6211-ca85-44e7-8e37-55f52ce7b853","local_time":"20210112150838","is_ascension_mode":true,"campfire_choices":[{"floor":6.0,"key":"REST"},{"data":"Dualcast","floor":6.0,"key":"SMITH"},{"floor":10.0,"key":"REST"},{"data":"Chill","floor":10.0,"key":"SMITH"},{"floor":12.0,"key":"REST"},{"data":"Seek","floor":12.0,"key":"SMITH"},{"data":"Ball Lightning","floor":15.0,"key":"SMITH"},{"floor":24.0,"key":"REST"},{"data":"Amplify","floor":24.0,"key":"SMITH"},{"floor":32.0,"key":"DIG"},{"floor":40,"key":"REST"},{"data":"Redo","floor":40,"key":"SMITH"}],"circlet_count":0,"master_deck":["Strike_B","Strike_B","Strike_B","Defend_B","Defend_B","Defend_B","Defend_B","Zap+1","Dualcast+1","Seek+1","Self Repair","Chill+1","Ball Lightning+1","Defragment+1","Panic Button","Amplify+1","Chill+1","Redo+1","ReplayTheSpireMod:Splinters","Machine Learning+1","Loop+1","Panic Button+1","Redo+1","Parasite"],"relics":["Cracked Core","infinitespire:Magic Flask","Cauldron","Replay:Frozen Program","Gremlin Food","Golden Idol","Frozen Egg 2","Vajra","Anchor","Tiny Chest","ClockworkSouvenir","Art of War","Mercury Hourglass","Geode","ReplayTheSpireMod:Shallot","infinitespire:Freezer","Inserter","MawBank"],"acts_visited":["Exordium","TheCity","TheBeyond"],"potions_floor_usage":[39],"damage_taken":[{"damage":7.0,"enemies":"2 Louse","floor":1.0,"turns":2.0},{"damage":0.0,"enemies":"Jaw Worm","floor":5.0,"turns":3.0},{"damage":32.0,"enemies":"Replay:BlueRogue","floor":7.0,"turns":7.0},{"damage":2.0,"enemies":"Small Slimes","floor":11.0,"turns":3.0},{"damage":0.0,"enemies":"Exordium Wildlife","floor":13.0,"turns":3.0},{"damage":0.0,"enemies":"2 Fungi Beasts","floor":14.0,"turns":3.0},{"damage":38.0,"enemies":"The Guardian","floor":16.0,"turns":9.0},{"damage":0.0,"enemies":"3 Byrds","floor":18.0,"turns":4.0},{"damage":0.0,"enemies":"Chosen","floor":22.0,"turns":4.0},{"damage":29.0,"enemies":"Replay:Snechameleon","floor":23.0,"turns":6.0},{"damage":20.0,"enemies":"3 Cultists","floor":27.0,"turns":5.0},{"damage":0.0,"enemies":"Sentry and Sphere","floor":28.0,"turns":3.0},{"damage":0.0,"enemies":"Gremlin Leader","floor":30.0,"turns":7.0},{"damage":53.0,"enemies":"Champ","floor":33.0,"turns":10.0},{"damage":9.0,"enemies":"Orb Walker","floor":35.0,"turns":3.0},{"damage":13.0,"enemies":"3 Shapes","floor":36.0,"turns":4.0},{"damage":14,"enemies":"Writhing Mass","floor":39,"turns":6},{"damage":91,"enemies":"Giant Head","floor":41,"turns":9}],"seed_played":"-5294175031499424774","potions_obtained":[{"floor":0.0,"key":"Explosive Potion"},{"floor":0.0,"key":"Dexterity Potion"},{"floor":0.0,"key":"Ancient Potion"},{"floor":13.0,"key":"Energy Potion"},{"floor":14.0,"key":"Fruit Juice"},{"floor":27.0,"key":"BlessingOfTheForge"},{"floor":35.0,"key":"AttackPotion"}],"is_trial":false,"path_per_floor":["M","?","?","?","M","R","E","?","T","R","M","R","M","M","R","B",null,"M","$","?","?","M","E","R","$","T","M","M","?","E","T","R_BF","B",null,"M","M","$","T","M","R","E"],"character_chosen":"DEFECT","items_purchased":["infinitespire:Magic Flask","Cauldron","Replay:Frozen Program","Gremlin Food","Seek","Redo","ClockworkSouvenir","Art of War"],"campfire_rested":5,"item_purchase_floors":[0,0,0,0,0,19,25,25],"current_hp_per_floor":[37,37,37,37,37,58,33,33,33,54,59,72,72,77,77,46,69,76,76,76,76,77,55,77,77,77,71,71,71,77,77,77,24,64,69,63,63,63,56,77,0,0],"gold":192,"neow_bonus":"","is_daily":false,"chose_seed":false,"campfire_upgraded":6,"win_rate":0.0,"timestamp":1610492918,"path_taken":["M","?","?","?","?","R","E","?","T","R","M","R","M","M","R","BOSS","M","$","?","?","M","E","R","?","T","M","M","?","E","?","R_BF","BOSS","M","M","$","?","M","R","E"],"items_purchased_type":["Relic","Relic","Relic","Relic","Card","Card","Relic","Relic"],"build_version":"2020-12-22","purchased_purges":2,"victory":false,"max_hp_per_floor":[72,72,72,72,72,72,72,72,72,72,72,72,72,77,77,77,77,77,77,77,77,77,77,77,77,77,77,77,77,77,77,77,77,77,77,77,77,77,77,77,77,77],"card_choices":[{"not_picked":["Leap","Go for the Eyes","Hologram"],"picked":"SKIP","floor":1.0},{"not_picked":["Conserve Battery","Redo"],"picked":"Self Repair","floor":5.0},{"not_picked":["Hologram","Leap"],"picked":"Chill","floor":7.0},{"not_picked":["Go for the Eyes","Leap"],"picked":"Ball Lightning","floor":11.0},{"not_picked":["Conserve Battery","Panic Button"],"picked":"Defragment+1","floor":13.0},{"not_picked":["Stack","Gash"],"picked":"Panic Button","floor":14.0},{"not_picked":["Creative AI+1","Fission"],"picked":"Amplify","floor":16.0},{"not_picked":["Turbo","Consume+1"],"picked":"Chill+1","floor":18.0},{"not_picked":["Stack","ReplayGash","Barrage"],"picked":"SKIP","floor":22.0},{"not_picked":["Reinforced Body","Recycle"],"picked":"Machine Learning+1","floor":23.0},{"not_picked":["Ball Lightning","Hologram","Steam"],"picked":"SKIP","floor":27.0},{"not_picked":["Turbo","Panic Button"],"picked":"Loop+1","floor":28.0},{"not_picked":["Turbo","Doom and Gloom","Blizzard"],"picked":"SKIP","floor":30.0},{"not_picked":["Barrage","Streamline+1"],"picked":"Panic Button+1","floor":35.0},{"not_picked":["ReplaySort+1","Stack+1"],"picked":"Redo+1","floor":36.0},{"not_picked":["Capacitor+1","Panic Button+1","Streamline"],"picked":"SKIP","floor":39}],"player_experience":419823,"relics_obtained":[{"floor":7.0,"key":"Frozen Egg 2"},{"floor":9.0,"key":"Vajra"},{"floor":23.0,"key":"Tiny Chest"},{"floor":26.0,"key":"Mercury Hourglass"},{"floor":30.0,"key":"Geode"},{"floor":31.0,"key":"ReplayTheSpireMod:Shallot"},{"floor":32.0,"key":"infinitespire:Freezer"},{"floor":38.0,"key":"MawBank"}],"event_choices":[{"cards_removed":["Strike_B"],"damage_healed":0.0,"max_hp_gain":0.0,"max_hp_loss":0.0,"gold_gain":0.0,"event_name":"The Cleric","player_choice":"Card Removal","floor":2.0,"gold_loss":50.0,"damage_taken":0.0},{"damage_healed":0.0,"max_hp_gain":0.0,"max_hp_loss":0.0,"gold_gain":0.0,"event_name":"Golden Idol","player_choice":"Take Wound","floor":3.0,"gold_loss":0.0,"damage_taken":0.0,"relics_obtained":["Golden Idol"],"cards_obtained":["Injury"]},{"damage_healed":0.0,"max_hp_gain":0.0,"max_hp_loss":0.0,"gold_gain":0.0,"event_name":"Accursed Blacksmith","player_choice":"Forge","floor":4.0,"gold_loss":0.0,"damage_taken":0.0,"cards_upgraded":["Zap"]},{"damage_healed":0.0,"max_hp_gain":0.0,"max_hp_loss":0.0,"gold_gain":0.0,"event_name":"Cursed Tome","player_choice":"Ignored","floor":21.0,"gold_loss":0.0,"damage_taken":0.0}],"is_beta":false,"boss_relics":[{"not_picked":["ReplayTheSpireMod:SealedPack","Replay:Ancient Bell","Replay:Drink Me"]},{"not_picked":["Pandora\u0027s Box","Abe\u0027s Treasure"],"picked":"Inserter"}],"items_purged_floors":[0,37],"is_endless":false,"potions_floor_spawned":[5,11,13,14,27,30,35],"killed_by":"Giant Head","ascension_level":9}}