{"host":"i0avyit1s6jb1siw","time":1610480013,"event":{"mods":["BaseMod","DeckTracker","Dota2Spire","Highlight Path","Minty Spire (QoL Compilation)","Quick Restart","StSLib","SuperFastMode"],"gold_per_floor":[109,109,127,15,33,64,84,102,151,185,198,198,198,222,222,299,299,312,329,341,266,266,299,299,299],"floor_reached":24,"language":"ENG","playtime":605,"items_purged":["Strike_G"],"score":456,"play_id":"acbfb0c0-2fd7-42e3-a70a-26ccc137e871","local_time":"20210112203333","is_ascension_mode":true,"campfire_choices":[{"data":"Terror","floor":12,"key":"SMITH"},{"data":"Predator","floor":15,"key":"SMITH"}],"circlet_count":0,"master_deck":["AscendersBane","Strike_G+1","Strike_G","Strike_G","Defend_G","Defend_G","Defend_G+1","Defend_G","Defend_G","Survivor","Neutralize","Dagger Throw","Predator+1","Terror+1","Masterful Stab","Storm of Steel","Cloak And Dagger+1"],"relics":["Ring of the Snake","NeowsBlessing","Meat on the Bone","Shuriken","Odd Mushroom","Dota2Spire:Bloodstone","Omamori"],"acts_visited":["Exordium","TheCity"],"potions_floor_usage":[6,10],"damage_taken":[{"damage":0,"enemies":"2 Louse","floor":1,"turns":2},{"damage":0,"enemies":"Cultist","floor":3,"turns":1},{"damage":0,"enemies":"Jaw Worm","floor":5,"turns":1},{"damage":22,"enemies":"3 Sentries","floor":6,"turns":9},{"damage":5,"enemies":"2 Fungi Beasts","floor":7,"turns":4},{"damage":3,"enemies":"Looter","floor":8,"turns":3},{"damage":6,"enemies":"Gremlin Nob","floor":10,"turns":3},{"damage":9,"enemies":"3 Louse","floor":11,"turns":3},{"damage":10,"enemies":"The Mushroom Lair","floor":14,"turns":4},{"damage":20,"enemies":"The Guardian","floor":16,"turns":12},{"damage":22,"enemies":"2 Thieves","floor":18,"turns":3},{"damage":13,"enemies":"3 Byrds","floor":19,"turns":6},{"damage":13,"enemies":"Snake Plant","floor":20,"turns":2},{"damage":13,"enemies":"Gremlin Leader","floor":23,"turns":6},{"damage":22,"enemies":"Snecko","floor":24,"turns":4}],"seed_played":"679696366407102957","potions_obtained":[{"floor":2,"key":"FairyPotion"},{"floor":2,"key":"CunningPotion"},{"floor":6,"key":"Weak Potion"},{"floor":7,"key":"FearPotion"},{"floor":11,"key":"SpeedPotion"},{"floor":16,"key":"Weak Potion"}],"is_trial":false,"path_per_floor":["M","?","M","$","M","E","M","M","T","E","M","R","?","?","R","B",null,"M","M","M","?","?","E","M"],"character_chosen":"THE_SILENT","items_purchased":["Predator"],"campfire_rested":0,"item_purchase_floors":[4],"current_hp_per_floor":[59,59,59,59,59,37,44,41,41,35,38,38,18,20,20,31,57,35,34,33,33,15,14,0,0],"gold":299,"neow_bonus":"THREE_ENEMY_KILL","is_daily":false,"chose_seed":false,"campfire_upgraded":2,"win_rate":0.0,"timestamp":1610480013,"path_taken":["M","?","M","$","?","E","M","M","T","E","M","R","?","?","R","BOSS","M","M","M","?","?","E","M"],"items_purchased_type":["Card"],"build_version":"2020-12-22","purchased_purges":1,"victory":false,"max_hp_per_floor":[66,66,66,66,66,66,66,66,66,66,66,66,66,66,66,66,66,66,66,66,66,71,71,71,71],"card_choices":[{"not_picked":["Quick Slash","Bane","Underhanded Strike"],"picked":"SKIP","floor":1},{"not_picked":["Tactician","Setup"],"picked":"Dagger Throw","floor":3},{"not_picked":["Quick Slash","Slice"],"picked":"Terror","floor":5},{"not_picked":["Backflip","Dagger Throw","Deadly Poison"],"picked":"SKIP","floor":6},{"not_picked":["Acrobatics","Dodge and Roll","PiercingWail"],"picked":"SKIP","floor":7},{"not_picked":["Concentrate","Blur","Quick Slash"],"picked":"SKIP","floor":8},{"not_picked":["Flying Knee","Slice"],"picked":"Masterful Stab","floor":10},{"not_picked":["Quick Slash","Skewer","Flying Knee"],"picked":"SKIP","floor":11},{"not_picked":["Corpse Explosion","Tools of the Trade"],"picked":"Storm of Steel","floor":16},{"not_picked":["Bouncing Flask","Terror"],"picked":"Cloak And Dagger+1","floor":18},{"not_picked":["Sucker Punch","Deflect","Dagger Throw+1"],"picked":"SKIP","floor":19},{"not_picked":["Quick Slash","Bouncing Flask","Expertise"],"picked":"SKIP","floor":20},{"not_picked":["Slice","Heel Hook","All Out Attack"],"picked":"SKIP","floor":23}],"player_experience":2219952,"relics_obtained":[{"floor":6,"key":"Meat on the Bone"},{"floor":10,"key":"Shuriken"},{"floor":14,"key":"Odd Mushroom"},{"floor":23,"key":"Omamori"}],"event_choices":[{"damage_healed":0,"gold_gain":0,"player_choice":"Got Potions","damage_taken":0,"max_hp_gain":0,"max_hp_loss":0,"event_name":"Lab","floor":2,"gold_loss":0},{"damage_healed":0,"gold_gain":0,"player_choice":"Entered Light","damage_taken":20,"max_hp_gain":0,"max_hp_loss":0,"event_name":"Shining Light","floor":13,"gold_loss":0,"cards_upgraded":["Defend_G","Strike_G"]},{"damage_healed":0,"gold_gain":0,"player_choice":"Fought Mushrooms","damage_taken":0,"max_hp_gain":0,"max_hp_loss":0,"event_name":"Mushrooms","floor":14,"gold_loss":0},{"cards_removed":["Strike_G"],"damage_healed":0,"gold_gain":0,"player_choice":"Gave Gold","damage_taken":0,"max_hp_gain":0,"max_hp_loss":0,"event_name":"Beggar","floor":21,"gold_loss":75},{"damage_healed":0,"gold_gain":0,"player_choice":"Shed Blood","damage_taken":23,"max_hp_gain":5,"max_hp_loss":0,"event_name":"Forgotten Altar","floor":22,"gold_loss":0}],"is_beta":false,"boss_relics":[{"not_picked":["Sozu","Fusion Hammer"],"picked":"Dota2Spire:Bloodstone"}],"items_purged_floors":[4],"is_endless":false,"potions_floor_spawned":[3,6,7,11,16,18],"killed_by":"Snecko","ascension_level":20}}