{"host":"c6u7e77myxvw4d0m","time":1610441425,"event":{"mods":["AchievementEnabler","BaseMod","Bestiary","Colored Map","Colored Powertips","Minty Spire (QoL Compilation)","Rare Cards Sparkle","Relic Stats","everything is the same but u backflip on backflip"],"gold_per_floor":[113,133,8,8,28,57,57,88,115,142,142,157,157,177,177,275,275,295,314,29,29,45,75,75,102,125,150,150,2,2,15,15,114,114,125,125,125,177,8,43,74,105,105,105,140,159,159,159,159,159,159,159,3,37,37],"floor_reached":56,"playtime":6847,"items_purged":["Strike_G","Strike_G"],"score":1971,"play_id":"bd4e5337-3c86-4943-9eae-610352c2850c","local_time":"20210112105025","is_ascension_mode":true,"campfire_choices":[{"data":"Riddle With Holes","floor":7,"key":"SMITH"},{"data":"Underhanded Strike","floor":11,"key":"SMITH"},{"floor":13,"key":"REST"},{"data":"Quick Slash","floor":15,"key":"SMITH"},{"data":"Corpse Explosion","floor":24,"key":"SMITH"},{"data":"Noxious Fumes","floor":28,"key":"SMITH"},{"data":"Leg Sweep","floor":32,"key":"SMITH"},{"data":"Adrenaline","floor":44,"key":"SMITH"},{"floor":49,"key":"RECALL"},{"data":"Wraith Form v2","floor":52,"key":"SMITH"}],"circlet_count":0,"master_deck":["AscendersBane","Defend_G+1","Defend_G","Defend_G+1","Defend_G","Defend_G","Survivor","Neutralize+1","Quick Slash+1","Riddle With Holes+1","Underhanded Strike+1","Leg Sweep+1","PiercingWail","Corpse Explosion+1","Infinite Blades+1","Phantasmal Killer+1","Phantasmal Killer+1","Masterful Stab+1","Noxious Fumes+1","Bandage Up","Catalyst+1","Backflip+1","Night Terror","PiercingWail","Cloak And Dagger+1","Wraith Form v2+1","Dagger Spray+1","Footwork+1","Adrenaline+1","Terror+1","Footwork+1","Predator+1","Caltrops+1","Magnetism+1","Dark Shackles","Mind Blast","Madness","Madness","Night Terror"],"relics":["Snecko Eye","Centennial Puzzle","War Paint","PreservedInsect","Matryoshka","Astrolabe","Lantern","Omamori","Oddly Smooth Stone","Eternal Feather","Bird Faced Urn","Anchor","Potion Belt","Question Card","Calling Bell","Bronze Scales","Frozen Egg 2","Peace Pipe","WingedGreaves","Orichalcum","Darkstone Periapt","Paper Crane","Meat on the Bone","Bag of Marbles","Happy Flower","Pen Nib"],"acts_visited":["Exordium","TheCity","TheBeyond","TheEnding"],"potions_floor_usage":[6,10,16,23,25,42,42,50,50,55],"damage_taken":[{"damage":5,"enemies":"Cultist","floor":1,"turns":5},{"damage":0,"enemies":"Small Slimes","floor":2,"turns":4},{"damage":0,"enemies":"Jaw Worm","floor":5,"turns":2},{"damage":15,"enemies":"Lagavulin","floor":6,"turns":6},{"damage":12,"enemies":"Gremlin Nob","floor":8,"turns":4},{"damage":2,"enemies":"3 Sentries","floor":10,"turns":6},{"damage":6,"enemies":"Exordium Thugs","floor":12,"turns":3},{"damage":1,"enemies":"2 Fungi Beasts","floor":14,"turns":3},{"damage":7,"enemies":"Slime Boss","floor":16,"turns":12},{"damage":4,"enemies":"3 Byrds","floor":18,"turns":3},{"damage":1,"enemies":"Chosen","floor":19,"turns":4},{"damage":9,"enemies":"Centurion and Healer","floor":22,"turns":4},{"damage":5,"enemies":"Book of Stabbing","floor":23,"turns":4},{"damage":13,"enemies":"Slavers","floor":25,"turns":2},{"damage":0,"enemies":"Gremlin Leader","floor":27,"turns":5},{"damage":29,"enemies":"Snecko","floor":31,"turns":5},{"damage":16,"enemies":"Champ","floor":33,"turns":7},{"damage":1,"enemies":"3 Shapes","floor":35,"turns":4},{"damage":21,"enemies":"2 Orb Walkers","floor":38,"turns":4},{"damage":2,"enemies":"Giant Head","floor":40,"turns":7},{"damage":4,"enemies":"Nemesis","floor":41,"turns":7},{"damage":18,"enemies":"Giant Head","floor":42,"turns":6},{"damage":21,"enemies":"Nemesis","floor":45,"turns":9},{"damage":0,"enemies":"3 Darklings","floor":46,"turns":3},{"damage":45,"enemies":"Awakened One","floor":50,"turns":21},{"damage":9,"enemies":"Shield and Spear","floor":54,"turns":5},{"damage":55,"enemies":"The Heart","floor":55,"turns":11}],"seed_played":"-9114556438919003213","potions_obtained":[{"floor":5,"key":"Weak Potion"},{"floor":8,"key":"Block Potion"},{"floor":10,"key":"DistilledChaos"},{"floor":14,"key":"Ancient Potion"},{"floor":18,"key":"SpeedPotion"},{"floor":23,"key":"PowerPotion"},{"floor":27,"key":"Ancient Potion"},{"floor":33,"key":"BlessingOfTheForge"},{"floor":46,"key":"LiquidMemories"}],"is_trial":false,"path_per_floor":["M","M","$","?","M","E","R","E","T","E","R","M","R","M","R","B",null,"M","M","$","?","M","E","R","E","T","E","R","$","T","M","R","B",null,"M","?","?","?","$","E","E","E","T","R","E","M","?","?","R","B",null,"R","$","E","B",null],"character_chosen":"THE_SILENT","items_purchased":["Block Potion","Lantern","Noxious Fumes","Anchor","Footwork+1","Poison Potion","Block Potion","Happy Flower"],"campfire_rested":1,"item_purchase_floors":[3,20,20,29,39,39,39,53],"current_hp_per_floor":[58,58,58,58,58,43,43,31,31,29,29,23,44,43,43,36,62,58,57,57,57,52,51,51,42,42,46,61,61,61,52,67,54,66,70,70,70,51,51,67,70,52,52,70,61,63,53,44,65,44,64,70,70,70,41],"gold":37,"neow_bonus":"BOSS_RELIC","is_daily":false,"chose_seed":false,"campfire_upgraded":8,"win_rate":0.0,"timestamp":1610441425,"path_taken":["M","M","?","?","M","E","R","E","T","E","R","?","R","M","R","BOSS","M","M","$","?","M","E","R","E","T","E","R","?","?","?","R","BOSS","M","?","?","?","$","E","E","E","T","R","E","M","?","?","R","BOSS","R","$","E","BOSS"],"items_purchased_type":["Potion","Relic","Card","Relic","Card","Potion","Potion","Relic"],"build_version":"2020-12-22","purchased_purges":2,"victory":true,"max_hp_per_floor":[70,70,70,70,70,70,70,70,70,70,70,70,70,70,70,70,70,70,70,70,70,70,70,70,70,70,70,70,70,70,70,70,70,70,70,70,70,70,70,70,70,70,70,70,70,70,70,70,70,70,70,70,70,70,70],"relic_stats":{"Darkstone Periapt":0,"Happy Flower":[5],"counters":[27,156],"Astrolabe":["Infinite Blades","Phantasmal Killer","Phantasmal Killer"],"Eternal Feather":75,"PreservedInsect":608,"Pen Nib":[1],"War Paint":["Defend_G","Defend_G"],"Orichalcum":[96],"Question Card":14,"Peace Pipe":0,"Centennial Puzzle":[63],"Bird Faced Urn":[81],"Bronze Scales":[403],"Snecko Eye":[306,267,316,259],"obtain_stats":[{"Darkstone Periapt":41,"Lantern":20,"Centennial Puzzle":6,"Matryoshka":10,"WingedGreaves":38,"Ring of the Snake":0,"Potion Belt":30,"Happy Flower":53,"Astrolabe":17,"Oddly Smooth Stone":25,"Eternal Feather":26,"PreservedInsect":9,"Pen Nib":54,"Omamori":23,"War Paint":8,"Frozen Egg 2":34,"Orichalcum":40,"Paper Crane":42,"Question Card":30,"Calling Bell":34,"Peace Pipe":34,"Anchor":29,"Bird Faced Urn":27,"Bronze Scales":34,"Snecko Eye":0,"Bag of Marbles":45,"Meat on the Bone":43},{"Darkstone Periapt":21,"Lantern":11,"Centennial Puzzle":4,"Matryoshka":6,"WingedGreaves":19,"Ring of the Snake":0,"Potion Belt":15,"Happy Flower":25,"Astrolabe":9,"Oddly Smooth Stone":14,"Eternal Feather":14,"PreservedInsect":5,"Pen Nib":26,"Omamori":13,"War Paint":5,"Frozen Egg 2":17,"Orichalcum":20,"Paper Crane":22,"Question Card":15,"Calling Bell":17,"Peace Pipe":17,"Anchor":15,"Bird Faced Urn":15,"Bronze Scales":17,"Snecko Eye":0,"Bag of Marbles":23,"Meat on the Bone":22},{"Darkstone Periapt":101,"Lantern":52,"Centennial Puzzle":17,"Matryoshka":27,"WingedGreaves":87,"Ring of the Snake":0,"Potion Belt":67,"Happy Flower":140,"Astrolabe":45,"Oddly Smooth Stone":62,"Eternal Feather":62,"PreservedInsect":21,"Pen Nib":145,"Omamori":60,"War Paint":21,"Frozen Egg 2":79,"Orichalcum":94,"Paper Crane":107,"Question Card":67,"Calling Bell":79,"Peace Pipe":79,"Anchor":67,"Bird Faced Urn":67,"Bronze Scales":79,"Snecko Eye":0,"Bag of Marbles":116,"Meat on the Bone":107}],"Meat on the Bone":12},"card_choices":[{"not_picked":["Slice","Tactician"],"picked":"Quick Slash","floor":1},{"not_picked":["PiercingWail","Masterful Stab"],"picked":"Riddle With Holes","floor":2},{"not_picked":["Dagger Spray","Cloak And Dagger"],"picked":"Underhanded Strike","floor":5},{"not_picked":["Poisoned Stab","Grand Finale"],"picked":"Leg Sweep","floor":6},{"not_picked":["Blur","Dodge and Roll"],"picked":"PiercingWail","floor":8},{"not_picked":["Setup","Slice","Underhanded Strike"],"picked":"SKIP","floor":10},{"not_picked":["Infinite Blades","Slice","Backstab"],"picked":"SKIP","floor":12},{"not_picked":["Flying Knee","Quick Slash","Slice"],"picked":"SKIP","floor":14},{"not_picked":["Adrenaline","Night Terror"],"picked":"Corpse Explosion","floor":16},{"not_picked":["Blade Dance","Heel Hook"],"picked":"Masterful Stab+1","floor":18},{"not_picked":["Outmaneuver","Poisoned Stab"],"picked":"Well Laid Plans+1","floor":19},{"not_picked":["Backflip","Accuracy"],"picked":"Catalyst+1","floor":22},{"not_picked":["Tactician","Acrobatics"],"picked":"Backflip+1","floor":23},{"not_picked":["Dagger Throw+1","Flying Knee"],"picked":"Night Terror","floor":25},{"not_picked":["Slice+1","Poisoned Stab"],"picked":"PiercingWail","floor":27},{"not_picked":["Flying Knee","Outmaneuver","Backflip"],"picked":"Cloak And Dagger+1","floor":31},{"not_picked":["Bullet Time","Unload","Envenom"],"picked":"Wraith Form v2","floor":33},{"not_picked":["Poisoned Stab","Deflect+1","Sucker Punch","Heel Hook"],"picked":"SKIP","floor":35},{"not_picked":["Escape Plan","Skewer+1","Backstab+1"],"picked":"Dagger Spray+1","floor":38},{"not_picked":["Bane","Leg Sweep+1","Flying Knee"],"picked":"Adrenaline","floor":40},{"not_picked":["Blade Dance","Accuracy+1","Sucker Punch+1"],"picked":"Terror+1","floor":41},{"not_picked":["Escape Plan+1","Bane","Quick Slash"],"picked":"Footwork+1","floor":42},{"not_picked":["Infinite Blades+1","Calculated Gamble+1","Blade Dance+1"],"picked":"Predator+1","floor":45},{"not_picked":["Blade Dance","Dodge and Roll+1","Leg Sweep"],"picked":"Caltrops+1","floor":46},{"not_picked":["Thinking Ahead","PanicButton","Deep Breath"],"picked":"Magnetism+1","floor":47},{"not_picked":["Deep Breath","Flash of Steel","Madness"],"picked":"Dark Shackles","floor":47},{"not_picked":["Swift Strike","Master of Strategy","Finesse"],"picked":"Mind Blast","floor":47},{"not_picked":["Deadly Poison","Outmaneuver","Masterful Stab+1"],"picked":"Night Terror","floor":54}],"player_experience":335993,"relics_obtained":[{"floor":6,"key":"Centennial Puzzle"},{"floor":8,"key":"War Paint"},{"floor":9,"key":"PreservedInsect"},{"floor":10,"key":"Matryoshka"},{"floor":23,"key":"Omamori"},{"floor":25,"key":"Oddly Smooth Stone"},{"floor":26,"key":"Eternal Feather"},{"floor":27,"key":"Bird Faced Urn"},{"floor":30,"key":"Potion Belt"},{"floor":30,"key":"Question Card"},{"floor":34,"key":"Bronze Scales"},{"floor":34,"key":"Frozen Egg 2"},{"floor":34,"key":"Peace Pipe"},{"floor":38,"key":"WingedGreaves"},{"floor":40,"key":"Orichalcum"},{"floor":41,"key":"Darkstone Periapt"},{"floor":42,"key":"Paper Crane"},{"floor":43,"key":"Meat on the Bone"},{"floor":45,"key":"Bag of Marbles"},{"floor":54,"key":"Pen Nib"}],"event_choices":[{"damage_healed":0,"gold_gain":0,"player_choice":"Upgraded","damage_taken":0,"max_hp_gain":0,"max_hp_loss":0,"event_name":"Upgrade Shrine","floor":4,"gold_loss":0,"cards_upgraded":["Neutralize"]},{"damage_healed":0,"gold_gain":0,"player_choice":"1 cards matched","damage_taken":0,"max_hp_gain":0,"max_hp_loss":0,"event_name":"Match and Keep!","floor":21,"gold_loss":0,"cards_obtained":["Bandage Up"]},{"cards_removed":["Well Laid Plans"],"damage_healed":0,"gold_gain":0,"player_choice":"Removed Power","damage_taken":0,"max_hp_gain":0,"max_hp_loss":0,"event_name":"Falling","floor":36,"gold_loss":0},{"damage_healed":0,"gold_gain":0,"player_choice":"Ignored","damage_taken":0,"max_hp_gain":0,"max_hp_loss":0,"event_name":"Tomb of Lord Red Mask","floor":37,"gold_loss":0},{"damage_healed":0,"gold_gain":0,"player_choice":"Fight","damage_taken":0,"max_hp_gain":0,"max_hp_loss":0,"event_name":"Mysterious Sphere","floor":38,"gold_loss":0},{"damage_healed":0,"gold_gain":0,"player_choice":"Memory 3","damage_taken":10,"max_hp_gain":0,"max_hp_loss":0,"event_name":"SensoryStone","floor":47,"gold_loss":0},{"damage_healed":0,"gold_gain":0,"player_choice":"Embrace Madness","damage_taken":9,"max_hp_gain":0,"max_hp_loss":0,"event_name":"Winding Halls","floor":48,"gold_loss":0,"cards_obtained":["Madness","Madness"]}],"is_beta":false,"boss_relics":[{"not_picked":["Philosopher\u0027s Stone","Tiny House"],"picked":"Astrolabe"},{"not_picked":["HoveringKite","SlaversCollar"],"picked":"Calling Bell"}],"items_purged_floors":[3,20],"is_endless":false,"potions_floor_spawned":[5,8,10,14,18,23,27,33,46],"ascension_level":11}}