{"host":"qxeepl7ydvsgmfdb","time":1610429486,"event":{"mods":["AchievementEnabler","BaseMod","Colored Powertips","Minty Spire (QoL Compilation)","Quick Restart","slay the spire mod where everything is the same but ironclad has a cowboy hat"],"gold_per_floor":[110,127,202,283,54,54,89,89,89,123,73,73,143,178,178,274,274,286,286,110,126,126,155,1,1,1,29,29,29,29],"floor_reached":29,"playtime":806,"items_purged":["Strike_G","Shame"],"score":358,"play_id":"1700f0ac-bb8f-41db-9416-9ed146f68f59","local_time":"20210112003126","is_ascension_mode":true,"campfire_choices":[{"data":"Backstab","floor":6.0,"key":"SMITH"},{"data":"Phantasmal Killer","floor":12.0,"key":"SMITH"},{"floor":15.0,"key":"REST"},{"floor":25.0,"key":"REST"}],"circlet_count":0,"master_deck":["Strike_G","Strike_G","Strike_G","Defend_G","Defend_G","Defend_G","Defend_G","Defend_G","Survivor","Neutralize","Cloak And Dagger","Dagger Spray","Backstab+1","Blade Dance","Catalyst","Noxious Fumes","Phantasmal Killer+1","Infinite Blades+1","Noxious Fumes","Poisoned Stab","Noxious Fumes"],"relics":["Ring of the Snake","NeowsBlessing","Paper Crane","Boot","Centennial Puzzle","Regal Pillow","Meat on the Bone","Philosopher\u0027s Stone","Gambling Chip","Juzu Bracelet","Membership Card","CaptainsWheel","Happy Flower"],"acts_visited":["Exordium","TheCity"],"potions_floor_usage":[29],"damage_taken":[{"damage":0.0,"enemies":"Cultist","floor":1.0,"turns":1.0},{"damage":0.0,"enemies":"Jaw Worm","floor":2.0,"turns":1.0},{"damage":0.0,"enemies":"3 Sentries","floor":7.0,"turns":1.0},{"damage":9.0,"enemies":"Gremlin Nob","floor":10.0,"turns":4.0},{"damage":13.0,"enemies":"Lagavulin","floor":14.0,"turns":6.0},{"damage":34.0,"enemies":"Hexaghost","floor":16.0,"turns":9.0},{"damage":0.0,"enemies":"3 Byrds","floor":18.0,"turns":4.0},{"damage":14.0,"enemies":"Shell Parasite","floor":21.0,"turns":4.0},{"damage":52.0,"enemies":"Slavers","floor":23.0,"turns":5.0},{"damage":45,"enemies":"Gremlin Leader","floor":27,"turns":5},{"damage":17,"enemies":"Slavers","floor":29,"turns":1}],"seed_played":"6960636789646080971","potions_obtained":[{"floor":7.0,"key":"ColorlessPotion"},{"floor":10.0,"key":"LiquidBronze"},{"floor":18.0,"key":"EssenceOfSteel"},{"floor":27,"key":"Poison Potion"}],"is_trial":false,"path_per_floor":["M","M","?","T","$","R","E","$","T","E","?","R","?","E","R","B",null,"M","?","$","M","?","E","$","R","T","E","?","E"],"character_chosen":"THE_SILENT","items_purchased":["Backstab","Blade Dance","Catalyst","Noxious Fumes","Membership Card"],"campfire_rested":2,"item_purchase_floors":[5,5,5,20,24],"current_hp_per_floor":[70,70,59,59,59,59,59,59,59,50,50,50,50,37,70,36,70,70,70,70,56,56,16,16,52,52,19,13,0,0],"gold":29,"neow_bonus":"THREE_ENEMY_KILL","is_daily":false,"chose_seed":false,"campfire_upgraded":2,"win_rate":0.0,"timestamp":1610429486,"path_taken":["M","?","?","?","?","R","E","$","T","E","?","R","?","E","R","BOSS","M","?","$","M","?","E","$","R","T","E","?","E"],"items_purchased_type":["Card","Card","Card","Card","Relic"],"build_version":"2020-12-22","purchased_purges":2,"victory":false,"max_hp_per_floor":[70,70,70,70,70,70,70,70,70,70,70,70,70,70,70,70,70,70,70,70,70,70,70,70,70,70,70,70,70,70],"card_choices":[{"not_picked":["Bane","Underhanded Strike"],"picked":"Cloak And Dagger","floor":1.0},{"not_picked":["Escape Plan","Outmaneuver"],"picked":"Dagger Spray","floor":2.0},{"not_picked":["Acrobatics","Prepared"],"picked":"Noxious Fumes","floor":7.0},{"not_picked":["Footwork","Flechettes"],"picked":"Phantasmal Killer","floor":10.0},{"not_picked":["Dodge and Roll","Dagger Spray","PiercingWail"],"picked":"SKIP","floor":14.0},{"not_picked":["Crippling Poison","Blur"],"picked":"Infinite Blades+1","floor":18.0},{"not_picked":["Distraction+1","Finisher+1"],"picked":"Poisoned Stab","floor":21.0},{"not_picked":["Backflip","Choke","Bane"],"picked":"SKIP","floor":23.0},{"not_picked":["Acrobatics","Masterful Stab"],"picked":"Noxious Fumes","floor":27}],"player_experience":123959,"relics_obtained":[{"floor":4.0,"key":"Paper Crane"},{"floor":7.0,"key":"Boot"},{"floor":9.0,"key":"Centennial Puzzle"},{"floor":10.0,"key":"Regal Pillow"},{"floor":14.0,"key":"Meat on the Bone"},{"floor":23.0,"key":"Juzu Bracelet"},{"floor":26.0,"key":"CaptainsWheel"},{"floor":27,"key":"Happy Flower"}],"event_choices":[{"damage_healed":0.0,"max_hp_gain":0.0,"max_hp_loss":0.0,"gold_gain":75.0,"event_name":"World of Goop","player_choice":"Gather Gold","floor":3.0,"gold_loss":0.0,"damage_taken":11.0},{"cards_removed":["Strike_G"],"damage_healed":0.0,"max_hp_gain":0.0,"max_hp_loss":0.0,"gold_gain":0.0,"event_name":"The Cleric","player_choice":"Card Removal","floor":11.0,"gold_loss":50.0,"damage_taken":0.0},{"damage_healed":0.0,"max_hp_gain":0.0,"max_hp_loss":0.0,"gold_gain":70.0,"event_name":"Golden Wing","player_choice":"Gained Gold","floor":13.0,"gold_loss":0.0,"damage_taken":0.0},{"damage_healed":0.0,"max_hp_gain":0.0,"max_hp_loss":0.0,"gold_gain":0.0,"event_name":"Addict","player_choice":"Stole Relic","floor":19.0,"gold_loss":0.0,"damage_taken":0.0,"relics_obtained":["Gambling Chip"],"cards_obtained":["Shame"]},{"damage_healed":0.0,"max_hp_gain":0.0,"max_hp_loss":0.0,"gold_gain":0.0,"event_name":"Vampires","player_choice":"Ignored","floor":22.0,"gold_loss":0.0,"damage_taken":0.0},{"damage_healed":0,"gold_gain":0,"player_choice":"","damage_taken":6,"max_hp_gain":0,"max_hp_loss":0,"event_name":"Knowing Skull","floor":28,"potions_obtained":[],"gold_loss":0,"cards_obtained":[]}],"is_beta":false,"boss_relics":[{"not_picked":["Pandora\u0027s Box","Velvet Choker"],"picked":"Philosopher\u0027s Stone"}],"items_purged_floors":[5,20],"is_endless":false,"potions_floor_spawned":[7,10,18,27],"killed_by":"Slavers","ascension_level":4}}