{"host":"840yoaz69lavfcgt","time":1610425700,"event":{"mods":["BaseMod","Colored Powertips","DeckTracker","Highlight Path","Minty Spire (QoL Compilation)","Synergy Search"],"gold_per_floor":[111,126,136,136,150,181,181,211,211,386,400,435,71,101,101,203,203,217,132,181,193,22,22,48,48,48,48,48,48,48,62,62,62,62],"floor_reached":33,"playtime":2290,"items_purged":[],"score":279,"play_id":"989a77fc-b903-45c1-8da2-aeece54a2cb4","local_time":"20210111232820","is_ascension_mode":false,"campfire_choices":[{"floor":7,"key":"REST"},{"floor":15,"key":"REST"},{"floor":23,"key":"REST"},{"floor":27,"key":"REST"},{"floor":29,"key":"REST"},{"floor":32,"key":"REST"}],"circlet_count":0,"master_deck":["Strike_P","Strike_P","Strike_P","Strike_P","Defend_P","Defend_P","Defend_P","Defend_P","Eruption","Vigilance","WaveOfTheHand+1","SashWhip","Halt","PathToVictory","Wireheading","PathToVictory+1","FollowUp","Consecrate","LessonLearned","Pray","Ragnarok","Consecrate","Wallop","ThirdEye","JustLucky","Meditate","Madness","Madness","Finesse","TalkToTheHand","WaveOfTheHand"],"relics":["PureWater","NeowsBlessing","Strawberry","Lantern","Boot","Sundial","Juzu Bracelet","Damaru","VioletLotus","Gremlin Horn","MawBank","Cauldron","Dream Catcher","Ornamental Fan"],"acts_visited":["Exordium","TheCity"],"potions_floor_usage":[8,12,12,12,16,16,16,18,24,24,28],"damage_taken":[{"damage":0,"enemies":"Jaw Worm","floor":1,"turns":1},{"damage":0,"enemies":"Cultist","floor":2,"turns":1},{"damage":0,"enemies":"Small Slimes","floor":3,"turns":1},{"damage":9,"enemies":"Exordium Thugs","floor":5,"turns":4},{"damage":23,"enemies":"Lagavulin","floor":6,"turns":8},{"damage":19,"enemies":"Gremlin Nob","floor":8,"turns":5},{"damage":9,"enemies":"Blue Slaver","floor":11,"turns":3},{"damage":27,"enemies":"3 Sentries","floor":12,"turns":9},{"damage":3,"enemies":"The Guardian","floor":16,"turns":8},{"damage":33,"enemies":"3 Byrds","floor":18,"turns":6},{"damage":35,"enemies":"Gremlin Leader","floor":24,"turns":7},{"damage":0,"enemies":"Masked Bandits","floor":28,"turns":2},{"damage":18,"enemies":"Shell Parasite","floor":31,"turns":7},{"damage":64,"enemies":"Collector","floor":33,"turns":5}],"seed_played":"3249571190473608311","potions_obtained":[{"floor":2,"key":"Dexterity Potion"},{"floor":3,"key":"BottledMiracle"},{"floor":6,"key":"StancePotion"},{"floor":11,"key":"EntropicBrew"},{"floor":12,"key":"BottledMiracle"},{"floor":16,"key":"Swift Potion"},{"floor":22,"key":"SmokeBomb"},{"floor":22,"key":"Fire Potion"},{"floor":22,"key":"AttackPotion"}],"is_trial":false,"path_per_floor":["M","M","M","?","M","E","R","E","T","?","M","E","$","?","R","B",null,"M","?","T","?","$","R","E","?","T","R","?","R","?","M","R","B"],"character_chosen":"WATCHER","items_purchased":["Juzu Bracelet","LessonLearned","Pray","Wallop","Cauldron"],"campfire_rested":6,"item_purchase_floors":[13,13,13,22,22],"current_hp_per_floor":[72,72,72,72,63,47,70,51,51,51,42,15,15,15,38,35,79,46,46,46,31,31,56,21,21,21,46,46,71,44,26,51,0,0],"gold":62,"neow_bonus":"THREE_ENEMY_KILL","is_daily":false,"chose_seed":false,"campfire_upgraded":0,"win_rate":0.0,"timestamp":1610425700,"path_taken":["M","M","M","?","?","E","R","E","T","?","M","E","$","?","R","BOSS","M","?","?","?","$","R","E","?","T","R","?","R","?","M","R","BOSS"],"items_purchased_type":["Relic","Card","Card","Card","Relic"],"build_version":"2020-12-22","purchased_purges":0,"victory":false,"max_hp_per_floor":[72,72,72,72,72,79,79,79,79,79,79,79,79,79,79,79,79,79,79,79,84,84,84,84,84,84,84,84,84,84,84,84,84,84],"card_choices":[{"not_picked":["Crescendo","LikeWater"],"picked":"WaveOfTheHand","floor":1},{"not_picked":["EmptyFist","FearNoEvil"],"picked":"SashWhip","floor":2},{"not_picked":["SignatureMove","Indignation"],"picked":"Halt","floor":3},{"not_picked":["WaveOfTheHand","Protect"],"picked":"PathToVictory","floor":5},{"not_picked":["Scrawl","FlurryOfBlows"],"picked":"Wireheading","floor":6},{"not_picked":["CutThroughFate","Protect"],"picked":"PathToVictory","floor":8},{"not_picked":["ClearTheMind","WheelKick"],"picked":"FollowUp","floor":11},{"not_picked":["Adaptation","Worship"],"picked":"Consecrate","floor":12},{"not_picked":["Blasphemy","ConjureBlade"],"picked":"Ragnarok","floor":16},{"not_picked":["Meditate+1","SandsOfTime","Consecrate"],"picked":"SKIP","floor":18},{"not_picked":["Meditate+1","SandsOfTime"],"picked":"Consecrate","floor":18},{"not_picked":["Sanctity+1","BattleHymn"],"picked":"ThirdEye","floor":24},{"not_picked":["SashWhip","CrushJoints"],"picked":"JustLucky","floor":27},{"not_picked":["FearNoEvil","BowlingBash"],"picked":"Meditate","floor":29},{"not_picked":["FlurryOfBlows+1","ConjureBlade"],"picked":"TalkToTheHand","floor":31},{"not_picked":["Crescendo","Halt"],"picked":"WaveOfTheHand","floor":32}],"player_experience":176394,"relics_obtained":[{"floor":6,"key":"Strawberry"},{"floor":8,"key":"Lantern"},{"floor":9,"key":"Boot"},{"floor":12,"key":"Sundial"},{"floor":20,"key":"MawBank"},{"floor":24,"key":"Dream Catcher"},{"floor":26,"key":"Ornamental Fan"}],"event_choices":[{"damage_healed":0,"gold_gain":0,"player_choice":"Upgraded","damage_taken":0,"max_hp_gain":0,"max_hp_loss":0,"event_name":"Upgrade Shrine","floor":4,"gold_loss":0,"cards_upgraded":["WaveOfTheHand"]},{"damage_healed":0,"gold_gain":175,"player_choice":"AGREE","damage_taken":0,"max_hp_gain":0,"max_hp_loss":0,"event_name":"Liars Game","floor":10,"gold_loss":0,"cards_obtained":["Doubt"]},{"damage_healed":0,"gold_gain":30,"player_choice":"Searched \u00273\u0027 times","damage_taken":0,"relics_obtained":["Damaru"],"max_hp_gain":0,"max_hp_loss":0,"event_name":"Dead Adventurer","floor":14,"gold_loss":0},{"damage_healed":0,"gold_gain":0,"player_choice":"Obtained Relic","damage_taken":0,"relics_obtained":["Gremlin Horn"],"max_hp_gain":0,"max_hp_loss":0,"event_name":"Addict","floor":19,"gold_loss":85},{"damage_healed":0,"gold_gain":0,"player_choice":"Shed Blood","damage_taken":20,"max_hp_gain":5,"max_hp_loss":0,"event_name":"Forgotten Altar","floor":21,"gold_loss":0},{"cards_removed":["Doubt"],"damage_healed":0,"gold_gain":0,"player_choice":"Elegance","damage_taken":0,"max_hp_gain":0,"max_hp_loss":0,"event_name":"Back to Basics","floor":25,"gold_loss":0},{"damage_healed":0,"gold_gain":0,"player_choice":"Fought Bandits","damage_taken":0,"max_hp_gain":0,"max_hp_loss":0,"event_name":"Masked Bandits","floor":28,"gold_loss":0},{"damage_healed":0,"gold_gain":0,"player_choice":"CARD CARD CARD ","damage_taken":27,"max_hp_gain":0,"max_hp_loss":0,"event_name":"Knowing Skull","floor":30,"potions_obtained":[],"gold_loss":0,"cards_obtained":["Madness","Madness","Finesse"]}],"is_beta":false,"boss_relics":[{"not_picked":["Calling Bell","Cursed Key"],"picked":"VioletLotus"}],"items_purged_floors":[],"is_endless":false,"potions_floor_spawned":[2,3,6,11,12,16,28],"killed_by":"Collector","ascension_level":0}}