{"host":"aaqofma31c3gm2hj","time":1610439973,"event":{"mods":["BaseMod","GungeonMod","Minty Spire (QoL Compilation)","Replay The Spire","Spicy Shops","StSLib"],"gold_per_floor":[13,30,42,42,42,42,62,62,89,89,89,89],"floor_reached":11,"playtime":191,"items_purged":[],"score":126,"play_id":"ff79a39b-5bc7-42b9-aec2-c14fded949e2","local_time":"20210112162613","is_ascension_mode":true,"campfire_choices":[{"data":"Whirlwind","floor":6,"key":"SMITH"},{"data":"Flex","floor":8,"key":"SMITH"},{"floor":10,"key":"RECALL"}],"circlet_count":0,"master_deck":["AscendersBane","Strike_R","Strike_R","Strike_R","Strike_R","Defend_R","Defend_R","Defend_R","Defend_R","Bash","Whirlwind+1","Flex+1"],"relics":["Burning Blood","Replay:Towering Pillar of Hats","DemoMod:LamentConfigurum"],"acts_visited":["Exordium"],"potions_floor_usage":[],"damage_taken":[{"damage":8,"enemies":"Cultist","floor":1,"turns":5},{"damage":7,"enemies":"Small Slimes","floor":2,"turns":4},{"damage":13,"enemies":"Jaw Worm","floor":3,"turns":6},{"damage":7,"enemies":"Exordium Thugs","floor":7,"turns":3},{"damage":0,"enemies":"Lagavulin","floor":11,"turns":3}],"seed_played":"2126939901104236906","potions_obtained":[{"floor":2,"key":"GamblersBrew"},{"floor":7,"key":"Elixir"}],"is_trial":false,"path_per_floor":["M","M","M","?","?","R","M","R","T","R","E"],"character_chosen":"IRONCLAD","items_purchased":[],"campfire_rested":0,"item_purchase_floors":[],"current_hp_per_floor":[66,65,58,58,58,58,57,57,57,57,57,57],"gold":89,"neow_bonus":"ONE_RARE_RELIC","is_daily":false,"chose_seed":false,"campfire_upgraded":2,"win_rate":0.0,"timestamp":1610439973,"path_taken":["M","M","M","?","?","R","M","R","T","R","E"],"items_purchased_type":[],"build_version":"2020-12-22","purchased_purges":0,"victory":false,"max_hp_per_floor":[75,75,75,75,75,75,75,75,75,75,75,75],"card_choices":[{"not_picked":["Replay:Undeath\u0027s Touch","Iron Wave","Perfected Strike"],"picked":"SKIP","floor":1},{"not_picked":["Entrench","Combust"],"picked":"Whirlwind","floor":2},{"not_picked":["Thunderclap","Heavy Blade"],"picked":"Flex","floor":3},{"not_picked":["Cleave","Life Link","Body Slam"],"picked":"SKIP","floor":7}],"player_experience":588923,"relics_obtained":[{"floor":9,"key":"DemoMod:LamentConfigurum"}],"event_choices":[{"damage_healed":0,"gold_gain":0,"player_choice":"Leave","damage_taken":0,"max_hp_gain":0,"max_hp_loss":0,"event_name":"The Cleric","floor":4,"gold_loss":0},{"cards_removed":["Strike_R"],"damage_healed":0,"gold_gain":0,"player_choice":"Offered Basic","damage_taken":0,"max_hp_gain":0,"max_hp_loss":0,"event_name":"Bonfire Elementals","floor":5,"gold_loss":0}],"is_beta":false,"boss_relics":[],"items_purged_floors":[],"is_endless":false,"potions_floor_spawned":[2,7],"killed_by":"Lagavulin","ascension_level":20}}