{"host":"lxihx0b6awoz2w1j","time":1610411050,"event":{"mods":["Aspiration","BaseMod","Better Third Choice","CapriCore","Colored Powertips","Downfall","Hermit","Hubris","Infinite Spire","JesterMod","Luminous","Marisa????????","Melee Mod","Minty Spire (QoL Compilation)","Prisma Mod","Quick Restart","Relic Stats","Replay The Spire","Shade Mod","Spicy Shops","StSLib","The Alterego","The Blue Laboratory","The Cursed","The Disciple","The Forsaken","The Immortal","The Jungle","The Marked","The Runesmith","The Senshi","The Servant 0.9.4","Waifu the Spire"],"gold_per_floor":[109,33,46,66,81,81,81,115,115,135,135,151,176,195,195,290,390,409,427,427,445,463,463,492,492,492,519,216,226,445,445,445,550,550,565,715,765,781,781,808,808,824,824,859,887,887,909,404,404,404],"floor_reached":51,"playtime":2731,"items_purged":["Replay:Hysterical Blindness"],"score":1015,"play_id":"5e51f9fd-d575-4c4c-9511-7613ef02c6af","local_time":"20210112012410","is_ascension_mode":true,"campfire_choices":[{"floor":6.0,"key":"REST"},{"data":"LikeWater","floor":11.0,"key":"SMITH"},{"data":"BattleHymn","floor":15.0,"key":"SMITH"},{"floor":23.0,"key":"REST"},{"data":"TalkToTheHand","floor":25.0,"key":"SMITH"},{"data":"MentalFortress","floor":32.0,"key":"SMITH"},{"data":"MasterReality","floor":41.0,"key":"SMITH"},{"floor":49.0,"key":"DIG"}],"circlet_count":0,"master_deck":["Strike_P+1","Strike_P","Strike_P","Strike_P","Defend_P","Defend_P","Defend_P","Defend_P","Eruption+1","Vigilance","ClearTheMind","LikeWater+1","FlurryOfBlows","Judgement","EmptyFist","Crescendo","CarveReality","Pray","BattleHymn+1","PathToVictory","Devotion","Prostrate","MentalFortress+1","infinitespire:Fortify","BowlingBash+1","Consecrate","TalkToTheHand+1","PathToVictory+1","LikeWater+1","Swivel","Replay:Vibes","Sanctity","TalkToTheHand+1","MasterReality+1","LikeWater","infinitespire:FinalStrike","SashWhip+1","Worship","SandsOfTime","FlurryOfBlows+1","Pray","SandsOfTime+1","FlurryOfBlows+1","PathToVictory","CrushJoints+1"],"relics":["PureWater","aspiration:Nostalgia","PrismaMod:PrismaRuby","Whetstone","Thread and Needle","hubris:SphereOfDissonance","Mango","Replay:Grab Bag","infinitespire:Cupcake","Replay:Wanted Poster","SlaversCollar","TheAbacus","aspiration:SecretTechniqueScroll","ReplayTheSpireMod:TigerMarble","Onion Ring","Replay:WaspNest","Matryoshka","Replay:Rubber Ducky","hubris:ScarierMask","ReplayTheSpireMod:CursedCoin","infinitespire:Joker Card","Chameleon Ring","CeramicFish","Ornamental Fan","Replay:Mystery Machine","Molten Egg 2","HandDrill","Replay:Wax Seal"],"acts_visited":["Exordium","TheCity","TheBeyond"],"potions_floor_usage":[],"damage_taken":[{"damage":3.0,"enemies":"Jaw Worm","floor":1.0,"turns":4.0},{"damage":3.0,"enemies":"2 Louse","floor":3.0,"turns":3.0},{"damage":0.0,"enemies":"Cultist","floor":4.0,"turns":3.0},{"damage":12.0,"enemies":"2 Fungi Beasts","floor":5.0,"turns":3.0},{"damage":10.0,"enemies":"Gremlin Nob","floor":8.0,"turns":5.0},{"damage":0.0,"enemies":"Exordium Thugs","floor":10.0,"turns":1.0},{"damage":1.0,"enemies":"Red Slaver","floor":12.0,"turns":2.0},{"damage":0.0,"enemies":"3 Sentries","floor":13.0,"turns":4.0},{"damage":0.0,"enemies":"3 Louse","floor":14.0,"turns":2.0},{"damage":4.0,"enemies":"Fading Forest","floor":16.0,"turns":11.0},{"damage":1.0,"enemies":"Shell Parasite","floor":18.0,"turns":3.0},{"damage":9.0,"enemies":"3 Byrds","floor":19.0,"turns":4.0},{"damage":11.0,"enemies":"Snake Plant","floor":21.0,"turns":2.0},{"damage":7.0,"enemies":"Centurion and Healer","floor":22.0,"turns":3.0},{"damage":0.0,"enemies":"Book of Stabbing","floor":24.0,"turns":2.0},{"damage":7.0,"enemies":"Replay:Snechameleon","floor":27.0,"turns":4.0},{"damage":1.0,"enemies":"3 Cultists","floor":29.0,"turns":3.0},{"damage":5.0,"enemies":"Champ","floor":33.0,"turns":8.0},{"damage":0.0,"enemies":"3 Darklings","floor":35.0,"turns":2.0},{"damage":0.0,"enemies":"Mind Bloom Boss Battle","floor":37.0,"turns":2.0},{"damage":0.0,"enemies":"Orb Walker","floor":38.0,"turns":3.0},{"damage":0.0,"enemies":"R_Hoarder","floor":40.0,"turns":3.0},{"damage":0.0,"enemies":"Transient","floor":42.0,"turns":5.0},{"damage":0.0,"enemies":"Giant Head","floor":44.0,"turns":7.0},{"damage":2.0,"enemies":"Spire Growth","floor":45.0,"turns":4.0},{"damage":0.0,"enemies":"Maw","floor":47.0,"turns":5.0},{"damage":21,"enemies":"Donu and Deca","floor":50,"turns":5}],"seed_played":"3147598883509339578","potions_obtained":[{"floor":3.0,"key":"blueLaboratory:SavagePotion"},{"floor":4.0,"key":"blueLaboratory:AbyssPotion"},{"floor":5.0,"key":"Toxic Potion"},{"floor":14.0,"key":"blueLaboratory:BottleOfVodka"},{"floor":21.0,"key":"blueLaboratory:LouseDecoction"},{"floor":35.0,"key":"blueLaboratory:BottleOfRum"},{"floor":38.0,"key":"blueLaboratory:FruitPunch"},{"floor":40.0,"key":"Explosive Potion"},{"floor":47.0,"key":"BlessingOfTheForge"}],"is_trial":false,"path_per_floor":["M","$","M","M","M","R","?","E","T","M","R","M","E","M","R","B",null,"M","M","AVR","M","M","R","E","R","T","E","$","M","?","?","R","B",null,"M","AVR","?","M","?","E","R","M","T","E","M","?","M","$","R","B",null],"character_chosen":"WATCHER","items_purchased":["LikeWater","LikeWater+1","Matryoshka","Molten Egg 2","PathToVictory","CrushJoints+1","HandDrill"],"campfire_rested":2,"item_purchase_floors":[2,28,28,48,48,48,48],"current_hp_per_floor":[69,69,66,66,54,72,72,62,62,62,62,61,75,75,75,71,86,85,76,76,65,58,83,83,83,83,76,76,75,75,75,75,70,86,86,86,86,86,86,86,86,89,89,89,87,85,85,85,85,64],"gold":404,"neow_bonus":"NOSTALGIA","is_daily":false,"chose_seed":false,"campfire_upgraded":5,"win_rate":0.0,"timestamp":1610411050,"path_taken":["M","$","M","M","M","R","?","E","T","M","R","M","E","M","R","BOSS","M","M","AVR","M","M","R","E","R","T","E","$","M","?","?","R","BOSS","M","AVR","?","M","?","E","R","M","T","E","M","?","?","?","R","BOSS"],"items_purchased_type":["Card","Card","Relic","Relic","Card","Card","Relic"],"build_version":"2020-12-22","purchased_purges":1,"victory":true,"max_hp_per_floor":[72,72,72,72,72,72,72,72,72,72,72,72,86,86,86,86,86,86,86,86,86,86,86,86,86,86,86,86,86,86,86,86,86,86,86,86,86,86,86,86,86,89,89,89,89,85,85,85,85,85],"relic_stats":{"TheAbacus":[6],"counters":[27,103],"Ornamental Fan":[60],"CeramicFish":45,"HandDrill":[4],"Whetstone":["Eruption","Strike_P"],"obtain_stats":[{"CeramicFish":43,"Mango":13,"Whetstone":7,"Replay:Mystery Machine":44,"Replay:Rubber Ducky":30,"Replay:Wanted Poster":17,"PrismaMod:PrismaRuby":0,"TheAbacus":20,"Matryoshka":28,"Chameleon Ring":40,"hubris:ScarierMask":34,"HandDrill":48,"Replay:Wax Seal":49,"aspiration:Nostalgia":0,"ReplayTheSpireMod:CursedCoin":36,"Replay:Grab Bag":17,"hubris:SphereOfDissonance":9,"Thread and Needle":8,"Replay:WaspNest":27,"infinitespire:Joker Card":37,"aspiration:SecretTechniqueScroll":20,"SlaversCollar":17,"Ornamental Fan":43,"Onion Ring":26,"Molten Egg 2":48,"ReplayTheSpireMod:TigerMarble":24,"PureWater":0,"infinitespire:Cupcake":17},{"CeramicFish":23,"Mango":8,"Whetstone":4,"Replay:Mystery Machine":24,"Replay:Rubber Ducky":17,"Replay:Wanted Poster":10,"PrismaMod:PrismaRuby":0,"TheAbacus":12,"Matryoshka":16,"Chameleon Ring":22,"hubris:ScarierMask":18,"HandDrill":26,"Replay:Wax Seal":26,"aspiration:Nostalgia":0,"ReplayTheSpireMod:CursedCoin":19,"Replay:Grab Bag":10,"hubris:SphereOfDissonance":5,"Thread and Needle":5,"Replay:WaspNest":16,"infinitespire:Joker Card":20,"aspiration:SecretTechniqueScroll":12,"SlaversCollar":10,"Ornamental Fan":23,"Onion Ring":15,"Molten Egg 2":26,"ReplayTheSpireMod:TigerMarble":15,"PureWater":0,"infinitespire:Cupcake":10},{"CeramicFish":82,"Mango":25,"Whetstone":13,"Replay:Mystery Machine":89,"Replay:Rubber Ducky":59,"Replay:Wanted Poster":38,"PrismaMod:PrismaRuby":0,"TheAbacus":45,"Matryoshka":56,"Chameleon Ring":77,"hubris:ScarierMask":67,"HandDrill":98,"Replay:Wax Seal":98,"aspiration:Nostalgia":0,"ReplayTheSpireMod:CursedCoin":69,"Replay:Grab Bag":38,"hubris:SphereOfDissonance":18,"Thread and Needle":18,"Replay:WaspNest":56,"infinitespire:Joker Card":71,"aspiration:SecretTechniqueScroll":45,"SlaversCollar":38,"Ornamental Fan":82,"Onion Ring":52,"Molten Egg 2":98,"ReplayTheSpireMod:TigerMarble":52,"PureWater":0,"infinitespire:Cupcake":38}]},"card_choices":[{"not_picked":["Replay:ManipulateFuture","CrushJoints"],"picked":"ClearTheMind","floor":1.0},{"not_picked":["Replay:Anticipation","FollowUp"],"picked":"FlurryOfBlows","floor":3.0},{"not_picked":["Crescendo","Halt"],"picked":"Judgement","floor":4.0},{"not_picked":["Collect","Replay:Hum"],"picked":"EmptyFist","floor":5.0},{"not_picked":["Halt","CutThroughFate"],"picked":"Crescendo","floor":8.0},{"not_picked":["ClearTheMind","Worship"],"picked":"CarveReality","floor":10.0},{"not_picked":["ClearTheMind","Omniscience"],"picked":"Pray","floor":12.0},{"not_picked":["FollowUp","Study"],"picked":"BattleHymn","floor":13.0},{"not_picked":["Crescendo","Weave"],"picked":"PathToVictory","floor":14.0},{"not_picked":["Ragnarok","Scrawl"],"picked":"Devotion","floor":16.0},{"not_picked":["FlyingSleeves","Pray"],"picked":"Prostrate","floor":18.0},{"not_picked":["Weave","Consecrate"],"picked":"MentalFortress","floor":19.0},{"not_picked":["Devotion","FlyingSleeves+1"],"picked":"BowlingBash+1","floor":21.0},{"not_picked":["CutThroughFate","CarveReality+1"],"picked":"Consecrate","floor":22.0},{"not_picked":["ThirdEye","Replay:AtTheReady"],"picked":"TalkToTheHand","floor":24.0},{"not_picked":["Protect","CrushJoints"],"picked":"PathToVictory+1","floor":27.0},{"not_picked":["PathToVictory","Consecrate"],"picked":"Swivel","floor":29.0},{"not_picked":["EmptyBody+1","Swivel"],"picked":"Replay:Vibes","floor":30.0},{"not_picked":["SignatureMove","PathToVictory"],"picked":"Sanctity","floor":30.0},{"not_picked":["Replay:LoomingThreat","Replay:AllIn"],"picked":"MasterReality","floor":33.0},{"not_picked":["DeceiveReality","SashWhip"],"picked":"LikeWater","floor":35.0},{"not_picked":["EmptyFist+1","FollowUp"],"picked":"SashWhip+1","floor":37.0},{"not_picked":["FollowUp+1","SashWhip+1"],"picked":"Worship","floor":38.0},{"not_picked":["LikeWater+1","JustLucky"],"picked":"SandsOfTime","floor":40.0},{"not_picked":["Replay:AtTheReady","Protect"],"picked":"FlurryOfBlows+1","floor":42.0},{"not_picked":["Evaluate","Sanctity"],"picked":"Pray","floor":44.0},{"not_picked":["CutThroughFate","WaveOfTheHand"],"picked":"SandsOfTime+1","floor":45.0},{"not_picked":["Fasting2+1","Alpha"],"picked":"FlurryOfBlows+1","floor":47.0}],"player_experience":576870,"relics_obtained":[{"floor":7.0,"key":"Whetstone"},{"floor":8.0,"key":"Thread and Needle"},{"floor":9.0,"key":"hubris:SphereOfDissonance"},{"floor":13.0,"key":"Mango"},{"floor":24.0,"key":"ReplayTheSpireMod:TigerMarble"},{"floor":26.0,"key":"Onion Ring"},{"floor":27.0,"key":"Replay:WaspNest"},{"floor":30.0,"key":"Replay:Rubber Ducky"},{"floor":37.0,"key":"infinitespire:Joker Card"},{"floor":40.0,"key":"Chameleon Ring"},{"floor":43.0,"key":"CeramicFish"},{"floor":43.0,"key":"Ornamental Fan"},{"floor":44.0,"key":"Replay:Mystery Machine"},{"floor":49.0,"key":"Replay:Wax Seal"}],"event_choices":[{"damage_healed":0.0,"max_hp_gain":0.0,"max_hp_loss":0.0,"gold_gain":0.0,"event_name":"Duplicator","player_choice":"Copied","floor":31.0,"gold_loss":0.0,"damage_taken":0.0,"cards_obtained":["TalkToTheHand"]},{"damage_healed":0.0,"max_hp_gain":0.0,"max_hp_loss":0.0,"gold_gain":0.0,"event_name":"MindBloom","player_choice":"Fight","floor":37.0,"gold_loss":0.0,"damage_taken":0.0},{"damage_healed":0.0,"max_hp_gain":0.0,"max_hp_loss":0.0,"gold_gain":0.0,"event_name":"Tomb of Lord Red Mask","player_choice":"Ignored","floor":39.0,"gold_loss":0.0,"damage_taken":0.0},{"damage_healed":0.0,"max_hp_gain":0.0,"max_hp_loss":4.0,"gold_gain":0.0,"event_name":"Winding Halls","player_choice":"Max HP","floor":46.0,"gold_loss":0.0,"damage_taken":0.0}],"is_beta":false,"boss_relics":[{"not_picked":["Cursed Key","ReplayTheSpireMod:SealedPack"],"picked":"Replay:Grab Bag"},{"not_picked":["ReplayTheSpireMod:Onyx Gauntlets","Coffee Dripper"],"picked":"infinitespire:Cupcake"},{"not_picked":["Runic Dome","Replay:Bronze Core"],"picked":"Replay:Wanted Poster"},{"not_picked":["Replay:Drink Me","hubris:BlackHole"],"picked":"SlaversCollar"},{"not_picked":["Black Star","jesterMod:MachoBrace"],"picked":"hubris:ScarierMask"}],"items_purged_floors":[36],"is_endless":false,"potions_floor_spawned":[3,4,5,12,14,18,21,24,29,33,35,38,40,47],"ascension_level":2}}