{"host":"cjhtzh7tp54jdfyv","time":1610438231,"event":{"mods":["AchievementEnabler","BaseMod","Colored Map","Colored Powertips","Curses Come First","DeckTracker","Filter the Spire","Minty Spire (QoL Compilation)","RNG Fix","Relic Sorter","Relic Stats","StSLib","UnlockEverythingMod","ojb\u0027s Better Paths Mod","ojb\u0027s Info Mod"],"gold_per_floor":[116,41,6,23,42,42,71,71,71,71,105,105,124,144,144,222,222,242,271,196,18,31,59,69,96,96,128,146,160,170,197,197,273,273,286,296,313,109,109,134,356,389,412,412,448,460,460,507,507,507,507,507,507,48,82,82],"floor_reached":57,"playtime":4297,"items_purged":["Defend_P","Defend_P","Defend_P","Strike_P"],"score":3470,"play_id":"d08c2d20-6c14-4bf4-be66-bd6fd3fac113","local_time":"20210112025711","is_ascension_mode":true,"campfire_choices":[{"data":"Eruption","floor":6,"key":"SMITH"},{"data":"FlyingSleeves","floor":8,"key":"SMITH"},{"data":"FearNoEvil","floor":10,"key":"SMITH"},{"data":"Strike_P","floor":12,"key":"SMITH"},{"data":"ForeignInfluence","floor":15,"key":"SMITH"},{"data":"CrushJoints","floor":32,"key":"SMITH"},{"floor":49,"key":"RECALL"},{"data":"TalkToTheHand","floor":53,"key":"SMITH"}],"circlet_count":0,"master_deck":["AscendersBane","Strike_P+1","Strike_P+1","Eruption+1","Vigilance","FlyingSleeves+1","FearNoEvil+1","ForeignInfluence+1","FlurryOfBlows+1","Omniscience","Sanctity","Adaptation+1","CrushJoints+1","Halt+1","EmptyMind","Halt+1","Adaptation+1","Adaptation+1","Scrawl","Vengeance","TalkToTheHand+1","InnerPeace","Wireheading+1"],"relics":["Black Star","Pen Nib","InkBottle","Bottled Flame","Frozen Egg 2","StrikeDummy","Blood Vial","Coffee Dripper","Red Mask","Vajra","Singing Bowl","Orichalcum","Kunai","Shuriken","Bag of Preparation","Eternal Feather","Akabeko","Sozu","Potion Belt","CeramicFish","Toy Ornithopter","Ancient Tea Set","Omamori","Regal Pillow","Art of War","Anchor","HornCleat","Membership Card","TeardropLocket","Oddly Smooth Stone","Strawberry","Whetstone"],"acts_visited":["Exordium","TheCity","TheBeyond","TheEnding"],"potions_floor_usage":[7,25,33,56],"damage_taken":[{"damage":9,"enemies":"2 Louse","floor":1,"turns":3},{"damage":0,"enemies":"Jaw Worm","floor":4,"turns":2},{"damage":0,"enemies":"Cultist","floor":5,"turns":3},{"damage":17,"enemies":"Gremlin Nob","floor":7,"turns":4},{"damage":17,"enemies":"3 Sentries","floor":11,"turns":4},{"damage":0,"enemies":"Exordium Wildlife","floor":13,"turns":3},{"damage":0,"enemies":"Looter","floor":14,"turns":1},{"damage":26,"enemies":"Hexaghost","floor":16,"turns":6},{"damage":6,"enemies":"2 Thieves","floor":18,"turns":3},{"damage":0,"enemies":"Masked Bandits","floor":19,"turns":2},{"damage":0,"enemies":"Spheric Guardian","floor":22,"turns":1},{"damage":0,"enemies":"Gremlin Leader","floor":23,"turns":4},{"damage":0,"enemies":"Snecko","floor":24,"turns":2},{"damage":0,"enemies":"Book of Stabbing","floor":25,"turns":2},{"damage":0,"enemies":"Slavers","floor":27,"turns":2},{"damage":0,"enemies":"Snake Plant","floor":28,"turns":1},{"damage":0,"enemies":"Cultist and Chosen","floor":29,"turns":2},{"damage":0,"enemies":"Chosen and Byrds","floor":30,"turns":3},{"damage":15,"enemies":"Book of Stabbing","floor":31,"turns":3},{"damage":0,"enemies":"Collector","floor":33,"turns":2},{"damage":0,"enemies":"3 Darklings","floor":35,"turns":2},{"damage":0,"enemies":"Orb Walker","floor":36,"turns":1},{"damage":0,"enemies":"Transient","floor":37,"turns":4},{"damage":0,"enemies":"Reptomancer","floor":40,"turns":2},{"damage":0,"enemies":"Nemesis","floor":42,"turns":4},{"damage":0,"enemies":"Reptomancer","floor":45,"turns":2},{"damage":8,"enemies":"Writhing Mass","floor":46,"turns":4},{"damage":0,"enemies":"Nemesis","floor":48,"turns":3},{"damage":8,"enemies":"Donu and Deca","floor":50,"turns":4},{"damage":8,"enemies":"Time Eater","floor":51,"turns":4},{"damage":0,"enemies":"Shield and Spear","floor":55,"turns":3},{"damage":54,"enemies":"The Heart","floor":56,"turns":6}],"seed_played":"4450415127375215783","potions_obtained":[{"floor":5,"key":"Weak Potion"},{"floor":11,"key":"Fire Potion"},{"floor":13,"key":"SteroidPotion"},{"floor":19,"key":"FearPotion"},{"floor":28,"key":"Weak Potion"},{"floor":31,"key":"DistilledChaos"}],"is_trial":false,"path_per_floor":["M","$","?","M","M","R","E","R","T","R","E","R","M","M","R","B",null,"M","?","?","$","M","E","M","E","T","E","M","M","M","E","R","B",null,"M","M","M","$","?","E","?","E","T","T","E","M","?","E","R","B","B",null,"R","$","E","B",null],"character_chosen":"WATCHER","items_purchased":["Adaptation+1","TalkToTheHand","Membership Card","TeardropLocket","Oddly Smooth Stone","Wireheading+1"],"campfire_rested":0,"item_purchase_floors":[21,38,54,54,54,54],"current_hp_per_floor":[52,52,68,68,68,68,51,51,51,51,34,34,36,38,38,14,55,51,53,53,53,55,57,59,61,61,65,69,73,74,59,71,73,74,76,78,78,78,74,78,78,82,82,82,82,76,76,80,86,78,72,83,86,86,95,46],"gold":82,"neow_bonus":"BOSS_RELIC","is_daily":false,"chose_seed":false,"campfire_upgraded":7,"win_rate":0.0,"timestamp":1610438231,"path_taken":["M","$","?","M","M","R","E","R","T","R","E","R","M","M","R","BOSS","M","?","?","$","M","E","M","E","T","E","M","M","M","E","R","BOSS","M","M","M","$","?","E","?","E","T","?","E","M","?","E","R","BOSS","BOSS","R","$","E","BOSS"],"items_purchased_type":["Card","Card","Relic","Relic","Relic","Card"],"build_version":"2020-12-22","purchased_purges":4,"victory":true,"max_hp_per_floor":[68,68,68,68,68,68,68,68,68,68,68,68,68,68,68,68,68,68,68,68,68,68,68,68,68,68,70,72,74,74,74,74,74,74,76,78,78,78,78,80,80,82,82,82,82,84,84,86,86,86,86,86,86,86,95,95],"relic_stats":{"Regal Pillow":0,"Singing Bowl":20,"counters":[32,92],"CeramicFish":18,"Eternal Feather":21,"Pen Nib":[19],"Bag of Preparation":[34],"Whetstone":["FlurryOfBlows","Strike_P"],"Orichalcum":[12],"Blood Vial":35,"Sozu":5,"Shuriken":[62],"Black Star":11,"Art of War":[1],"Kunai":[62],"obtain_stats":[{"Regal Pillow":45,"Singing Bowl":23,"CeramicFish":40,"Vajra":23,"Bag of Preparation":27,"TeardropLocket":54,"Whetstone":55,"Ancient Tea Set":42,"Blood Vial":11,"Sozu":34,"HornCleat":48,"Strawberry":55,"Red Mask":19,"Kunai":25,"InkBottle":7,"Potion Belt":40,"Oddly Smooth Stone":54,"Eternal Feather":27,"Pen Nib":31,"Omamori":44,"Frozen Egg 2":9,"Orichalcum":25,"Akabeko":31,"Bottled Flame":7,"Anchor":48,"Shuriken":26,"Black Star":0,"Coffee Dripper":17,"Art of War":45,"Membership Card":54,"PureWater":0,"StrikeDummy":11,"Toy Ornithopter":42},{"Regal Pillow":26,"Singing Bowl":12,"CeramicFish":24,"Vajra":12,"Bag of Preparation":15,"TeardropLocket":30,"Whetstone":31,"Ancient Tea Set":25,"Blood Vial":5,"Sozu":20,"HornCleat":28,"Strawberry":31,"Red Mask":10,"Kunai":14,"InkBottle":4,"Potion Belt":24,"Oddly Smooth Stone":30,"Eternal Feather":15,"Pen Nib":19,"Omamori":25,"Frozen Egg 2":4,"Orichalcum":14,"Akabeko":19,"Bottled Flame":4,"Anchor":28,"Shuriken":14,"Black Star":0,"Coffee Dripper":8,"Art of War":26,"Membership Card":30,"PureWater":0,"StrikeDummy":5,"Toy Ornithopter":25},{"Regal Pillow":68,"Singing Bowl":36,"CeramicFish":62,"Vajra":36,"Bag of Preparation":42,"TeardropLocket":83,"Whetstone":86,"Ancient Tea Set":66,"Blood Vial":16,"Sozu":53,"HornCleat":75,"Strawberry":86,"Red Mask":31,"Kunai":40,"InkBottle":12,"Potion Belt":62,"Oddly Smooth Stone":83,"Eternal Feather":42,"Pen Nib":51,"Omamori":66,"Frozen Egg 2":12,"Orichalcum":40,"Akabeko":51,"Bottled Flame":12,"Anchor":75,"Shuriken":40,"Black Star":0,"Coffee Dripper":26,"Art of War":68,"Membership Card":83,"PureWater":0,"StrikeDummy":16,"Toy Ornithopter":66}],"InkBottle":[54],"Toy Ornithopter":5},"card_choices":[{"not_picked":["Consecrate","DeceiveReality"],"picked":"FlyingSleeves","floor":1},{"not_picked":["EmptyFist","CutThroughFate"],"picked":"FearNoEvil","floor":4},{"not_picked":["Protect","EmptyBody","WheelKick"],"picked":"SKIP","floor":5},{"not_picked":["Crescendo","Devotion","MentalFortress"],"picked":"SKIP","floor":7},{"not_picked":["EmptyFist","CarveReality","Perseverance"],"picked":"SKIP","floor":11},{"not_picked":["WindmillStrike","BowlingBash"],"picked":"ForeignInfluence","floor":13},{"not_picked":["ThirdEye","BowlingBash"],"picked":"FlurryOfBlows","floor":14},{"not_picked":["Judgement","Ragnarok"],"picked":"Omniscience","floor":16},{"not_picked":["CrushJoints","Halt"],"picked":"Sanctity","floor":18},{"not_picked":["Collect","Crescendo"],"picked":"CrushJoints","floor":22},{"not_picked":["BowlingBash","Swivel"],"picked":"Halt+1","floor":23},{"not_picked":["Weave","DeceiveReality"],"picked":"EmptyMind","floor":24},{"not_picked":["WindmillStrike","Blasphemy"],"picked":"Halt+1","floor":25},{"not_picked":["CrushJoints","EmptyBody","FollowUp+1"],"picked":"Singing Bowl","floor":27},{"not_picked":["Study+1","Vengeance","FlyingSleeves"],"picked":"Singing Bowl","floor":28},{"not_picked":["CrushJoints+1","Protect","Consecrate"],"picked":"Singing Bowl","floor":29},{"not_picked":["Alpha","MentalFortress+1"],"picked":"Adaptation+1","floor":30},{"not_picked":["Meditate","Wireheading+1"],"picked":"Adaptation+1","floor":31},{"not_picked":["Establishment+1","DevaForm+1"],"picked":"Scrawl","floor":33},{"not_picked":["DeceiveReality+1","Nirvana+1","Perseverance+1"],"picked":"Singing Bowl","floor":35},{"not_picked":["CutThroughFate","WindmillStrike","Wallop"],"picked":"Singing Bowl","floor":36},{"not_picked":["ClearTheMind+1","Consecrate+1"],"picked":"Vengeance","floor":37},{"not_picked":["BowlingBash","Halt","FollowUp+1"],"picked":"Singing Bowl","floor":40},{"not_picked":["LikeWater+1","Weave","FlurryOfBlows"],"picked":"Singing Bowl","floor":42},{"not_picked":["Indignation","Wallop"],"picked":"InnerPeace","floor":45},{"not_picked":["EmptyMind","Meditate","Wallop+1"],"picked":"Singing Bowl","floor":46},{"not_picked":["ThirdEye","BowlingBash","SpiritShield"],"picked":"Singing Bowl","floor":48},{"not_picked":["Prostrate","Pray","PathToVictory"],"picked":"Singing Bowl","floor":55}],"player_experience":4472996,"relics_obtained":[{"floor":7,"key":"InkBottle"},{"floor":7,"key":"Bottled Flame"},{"floor":9,"key":"Frozen Egg 2"},{"floor":11,"key":"StrikeDummy"},{"floor":11,"key":"Blood Vial"},{"floor":19,"key":"Red Mask"},{"floor":23,"key":"Vajra"},{"floor":23,"key":"Singing Bowl"},{"floor":25,"key":"Orichalcum"},{"floor":25,"key":"Kunai"},{"floor":26,"key":"Shuriken"},{"floor":27,"key":"Bag of Preparation"},{"floor":27,"key":"Eternal Feather"},{"floor":31,"key":"Pen Nib"},{"floor":31,"key":"Akabeko"},{"floor":40,"key":"Potion Belt"},{"floor":40,"key":"CeramicFish"},{"floor":42,"key":"Toy Ornithopter"},{"floor":42,"key":"Ancient Tea Set"},{"floor":44,"key":"Omamori"},{"floor":45,"key":"Regal Pillow"},{"floor":45,"key":"Art of War"},{"floor":48,"key":"Anchor"},{"floor":48,"key":"HornCleat"},{"floor":55,"key":"Strawberry"},{"floor":55,"key":"Whetstone"}],"event_choices":[{"damage_healed":17,"gold_gain":0,"player_choice":"Healed","damage_taken":0,"max_hp_gain":0,"max_hp_loss":0,"event_name":"The Cleric","floor":3,"gold_loss":35},{"damage_healed":0,"gold_gain":0,"player_choice":"Fought Bandits","damage_taken":0,"max_hp_gain":0,"max_hp_loss":0,"event_name":"Masked Bandits","floor":19,"gold_loss":0},{"cards_removed":["Defend_P"],"damage_healed":0,"gold_gain":0,"player_choice":"Gave Gold","damage_taken":0,"max_hp_gain":0,"max_hp_loss":0,"event_name":"Beggar","floor":20,"gold_loss":75},{"damage_healed":0,"gold_gain":0,"player_choice":"Bought 0 Potions","damage_taken":0,"max_hp_gain":0,"max_hp_loss":0,"event_name":"The Woman in Blue","floor":39,"gold_loss":0},{"damage_healed":0,"gold_gain":222,"player_choice":"Wore Mask","damage_taken":0,"max_hp_gain":0,"max_hp_loss":0,"event_name":"Tomb of Lord Red Mask","floor":41,"gold_loss":0},{"cards_removed":["Strike_P"],"damage_healed":0,"gold_gain":0,"player_choice":"Offered Basic","damage_taken":0,"max_hp_gain":0,"max_hp_loss":0,"event_name":"Bonfire Elementals","floor":47,"gold_loss":0}],"is_beta":false,"boss_relics":[{"not_picked":["Snecko Eye","Velvet Choker"],"picked":"Coffee Dripper"},{"not_picked":["Fusion Hammer","Cursed Key"],"picked":"Sozu"}],"items_purged_floors":[2,21,38,54],"is_endless":false,"potions_floor_spawned":[5,11,13,19,22,28,31,35,36,37,45,46],"ascension_level":20}}