{"host":"poshtwjux72eqzmy","time":1610420303,"event":{"mods":["BaseMod","Bestiary","Block Reminder","Downfall","Highlight Path","Minty Spire (QoL Compilation)","Relic Stats","StSLib","ojb\u0027s Info Mod"],"gold_per_floor":[99,114,289,350,368,405,432,357,380,405,441,469,394,406,423,423,423,423],"floor_reached":16,"playtime":1338,"items_purged":[],"score":114,"play_id":"6817fec0-e890-4cd7-b6ad-74b48fe84480","local_time":"20210112045823","is_ascension_mode":false,"campfire_choices":[{"floor":1,"key":"RECALL"},{"data":"hexamod:Float","floor":8,"key":"SMITH"},{"data":"hexamod:CatchUp","floor":13,"key":"SMITH"}],"circlet_count":0,"master_deck":["hexamod:Strike","hexamod:Strike","hexamod:Strike","hexamod:Strike","hexamod:Defend","hexamod:Defend","hexamod:Defend","hexamod:Defend","hexamod:Sear","hexamod:Float+1","hexamod:RadiantFlame","Doubt","hexamod:SecondSeal","hexamod:DynamicBlow","hexamod:SpectersWail","hexamod:ThermalTransfer","hexamod:SpectersWail","hexamod:CatchUp+1","hexamod:HeatCrush","hexamod:VolcanoVisage"],"relics":["hexamod:SpiritBrand","Letter Opener","Art of War","Orichalcum","downfall:HeartBlessingRed","Bag of Marbles","downfall:HeartBlessingGreen"],"acts_visited":["Exordium"],"potions_floor_usage":[6,9,11,11],"damage_taken":[{"damage":0,"enemies":"2 Louse","floor":2,"turns":3},{"damage":31,"enemies":"3 Sentries","floor":4,"turns":11},{"damage":0,"enemies":"Small Slimes","floor":5,"turns":3},{"damage":23,"enemies":"Gremlin Nob","floor":6,"turns":6},{"damage":3,"enemies":"Jaw Worm","floor":9,"turns":4},{"damage":4,"enemies":"Large Slime","floor":10,"turns":3},{"damage":2,"enemies":"3 Sentries","floor":11,"turns":5},{"damage":2,"enemies":"Lots of Slimes","floor":12,"turns":3},{"damage":0,"enemies":"2 Fungi Beasts","floor":14,"turns":1},{"damage":7,"enemies":"Red Slaver","floor":15,"turns":2},{"damage":8,"enemies":"downfall:Silent","floor":16,"turns":2}],"seed_played":"-7518263372359233587","potions_obtained":[{"floor":4,"key":"Block Potion"},{"floor":5,"key":"PowerPotion"},{"floor":9,"key":"GamblersBrew"},{"floor":10,"key":"hexamod:EctoCoolerPotion"}],"is_trial":false,"path_per_floor":["R","M","?","?","M","E","T","R","M","M","E","M","R","M","M","B"],"character_chosen":"THE_SPIRIT","items_purchased":[],"campfire_rested":0,"item_purchase_floors":[],"current_hp_per_floor":[77,77,77,46,46,23,23,23,20,16,14,12,12,12,5,0,0,0],"gold":423,"neow_bonus":"TEN_PERCENT_HP_BONUS","is_daily":false,"chose_seed":false,"campfire_upgraded":2,"win_rate":0.0,"timestamp":1610420303,"path_taken":["R","M","?","?","M","E","T","R","M","M","E","M","R","M","M","BOSS"],"items_purchased_type":[],"build_version":"2020-12-22","purchased_purges":0,"victory":false,"max_hp_per_floor":[77,77,77,77,77,77,77,77,77,77,77,77,77,77,77,77,77,77],"relic_stats":{"counters":[11,43],"Art of War":[2],"Letter Opener":[50],"Orichalcum":[6],"obtain_stats":[{"downfall:HeartBlessingRed":8,"downfall:HeartBlessingGreen":13,"Art of War":6,"Bag of Marbles":11,"Letter Opener":4,"Orichalcum":7,"hexamod:SpiritBrand":0},{"downfall:HeartBlessingRed":4,"downfall:HeartBlessingGreen":8,"Art of War":4,"Bag of Marbles":7,"Letter Opener":1,"Orichalcum":4,"hexamod:SpiritBrand":0},{"downfall:HeartBlessingRed":23,"downfall:HeartBlessingGreen":38,"Art of War":23,"Bag of Marbles":35,"Letter Opener":3,"Orichalcum":23,"hexamod:SpiritBrand":0}]},"card_choices":[{"not_picked":["hexamod:GhostShield","hexamod:ThermalTransfer"],"picked":"hexamod:RadiantFlame","floor":2},{"not_picked":["hexamod:CatchUp","hexamod:NecessarySacrifice"],"picked":"hexamod:SecondSeal","floor":4},{"not_picked":["hexamod:InspiringFlames","hexamod:Rewind"],"picked":"hexamod:DynamicBlow","floor":5},{"not_picked":["hexamod:GhostLash","hexamod:SwordOfDarkness"],"picked":"hexamod:SpectersWail","floor":6},{"not_picked":["hexamod:BacktrackSmack","hexamod:NightmareStrike","hexamod:ThermalTransfer"],"picked":"SKIP","floor":9},{"not_picked":["hexamod:BacktrackSmack","hexamod:NightmareStrike","hexamod:ThermalTransfer"],"picked":"SKIP","floor":9},{"not_picked":["hexamod:BurningTouch","hexamod:InspiringFlames"],"picked":"hexamod:ThermalTransfer","floor":10},{"not_picked":["hexamod:NightmareGuise","hexamod:BacktrackSmack"],"picked":"hexamod:SpectersWail","floor":11},{"not_picked":["hexamod:EtherealExpedition","hexamod:GhostLash"],"picked":"hexamod:CatchUp","floor":12},{"not_picked":["hexamod:Hexaguard","hexamod:EtherealExpedition"],"picked":"hexamod:HeatCrush","floor":14},{"not_picked":["hexamod:SecondSeal","hexamod:CatchUp"],"picked":"hexamod:VolcanoVisage","floor":15}],"player_experience":1076682,"relics_obtained":[{"floor":6,"key":"Art of War"},{"floor":7,"key":"Orichalcum"},{"floor":11,"key":"Bag of Marbles"}],"event_choices":[],"is_beta":false,"boss_relics":[],"items_purged_floors":[],"is_endless":false,"potions_floor_spawned":[4,5,9,10],"killed_by":"downfall:Silent","ascension_level":0}}