{"host":"Ruben","time":1610471963,"event":{"mods":["AchievementEnabler","Aspiration","BaseMod","Better Altar","Better Match","Better Note","Better Sensory Stone","Better Skull","Better Third Choice","BetterRewards","Colored Map","Conspire","Downfall","GifTheSpireLib","Highlight Path","Hubris","Mimic Mod","Minty Spire (QoL Compilation)","Permanent Neow","Replay The Spire","Shop Mod","Spicy Shops","StSLib","Stuff the Spire","everything is the same but u backflip on backflip","slay the spire mod where everything is the same but ironclad has a cowboy hat"],"gold_per_floor":[117,129,145,158,158,158,187,187,187,63,63,95,109,9,9,108,108,128,128,403,422,392,317,317,317],"floor_reached":24,"playtime":1425,"items_purged":["Regret","hubris:Despair"],"score":229,"play_id":"87f244d3-3412-4bd5-82da-f27f798c87ce","local_time":"20210112181923","is_ascension_mode":false,"campfire_choices":[{"data":"Static Discharge","floor":6,"key":"SMITH"},{"floor":11,"key":"REST"},{"floor":15,"key":"REST"}],"circlet_count":0,"master_deck":["Strike_B","Strike_B","Strike_B","Defend_B","Defend_B+1","Defend_B","Defend_B","Zap","Dualcast","Coolheaded+1","Static Discharge+1","Gash","Lockon","Gash","Hologram","Rebound","hubris:SpecializedCircuitry","Go for the Eyes","Genetic Algorithm"],"relics":["Cursed Key","War Paint","StuffTheSpire:RedRose","Solar Panel","Replay:Ringing Soul","StuffTheSpire:ModemDavis","Gremlin Food","StuffTheSpire:Gunfinga"],"acts_visited":["Exordium","TheCity"],"potions_floor_usage":[16,16,24,24,24],"damage_taken":[{"damage":7,"enemies":"2 Louse","floor":1,"turns":2},{"damage":0,"enemies":"conspire:RoseBush","floor":2,"turns":3},{"damage":0,"enemies":"Jaw Worm","floor":3,"turns":4},{"damage":2,"enemies":"Blue Slaver","floor":4,"turns":3},{"damage":25,"enemies":"3 Sentries","floor":7,"turns":5},{"damage":24,"enemies":"Gremlin Nob","floor":12,"turns":4},{"damage":12,"enemies":"2 Fungi Beasts","floor":13,"turns":3},{"damage":21,"enemies":"Fading Forest","floor":16,"turns":11},{"damage":25,"enemies":"Spheric Guardian","floor":18,"turns":4},{"damage":23,"enemies":"Shell Parasite","floor":21,"turns":3},{"damage":13,"enemies":"Replay:Snechameleon","floor":24,"turns":3}],"seed_played":"6834362038050976121","potions_obtained":[{"floor":1,"key":"EssenceOfSteel"},{"floor":13,"key":"champ:CounterPotion"},{"floor":16,"key":"Dexterity Potion"},{"floor":21,"key":"Regen Potion"},{"floor":22,"key":"Cursed Concoction"},{"floor":22,"key":"Slimebound:ThreeZeroPotion"}],"is_trial":false,"path_per_floor":["M","M","M","M","?","R","E","?","T","$","R","E","M","$","R","B",null,"M","?","?","M","?","?","E"],"character_chosen":"DEFECT","items_purchased":["Gash"],"campfire_rested":2,"item_purchase_floors":[10],"current_hp_per_floor":[68,68,68,66,66,66,41,41,41,41,63,48,43,43,67,77,84,62,21,24,8,8,8,0,0],"gold":317,"neow_bonus":"BOSS_RELIC","is_daily":false,"chose_seed":false,"campfire_upgraded":1,"win_rate":0.0,"timestamp":1610471963,"path_taken":["M","M","M","M","?","R","E","?","T","$","R","E","M","$","R","BOSS","M","?","?","M","?","?","E"],"items_purchased_type":["Card"],"build_version":"2020-12-18","purchased_purges":2,"victory":false,"max_hp_per_floor":[75,75,75,75,75,75,75,75,75,75,75,78,81,81,81,84,84,87,87,90,93,93,93,93,93],"card_choices":[{"not_picked":["Consume","Steam"],"picked":"Coolheaded","floor":1},{"not_picked":["Heatsinks","Coolheaded"],"picked":"Static Discharge","floor":2},{"not_picked":["Beam Cell","Redo"],"picked":"Gash","floor":3},{"not_picked":["Panic Button","Coolheaded","Barrage"],"picked":"SKIP","floor":4},{"not_picked":["Chill","ReplayTheSpireMod:Reroute Power"],"picked":"Lockon","floor":7},{"not_picked":["Conserve Battery","ReplayTheSpireMod:Repulse"],"picked":"Hologram","floor":12},{"not_picked":["ReplayTheSpireMod:Omega Cannon","Hologram"],"picked":"Rebound","floor":13},{"not_picked":["StuffTheSpire:Purify","Mirror Shield"],"picked":"hubris:SpecializedCircuitry","floor":16},{"not_picked":["Stack","StuffTheSpire:LoadUp"],"picked":"Go for the Eyes","floor":18},{"not_picked":["Streamline","Beam Cell"],"picked":"Genetic Algorithm","floor":21}],"player_experience":237805,"relics_obtained":[{"floor":7,"key":"War Paint"},{"floor":9,"key":"Solar Panel"},{"floor":12,"key":"Replay:Ringing Soul"}],"event_choices":[{"cards_removed":["Strike_B"],"damage_healed":0,"gold_gain":0,"player_choice":"Forget","damage_taken":0,"max_hp_gain":0,"max_hp_loss":0,"event_name":"Living Wall","floor":5,"gold_loss":0},{"damage_healed":0,"gold_gain":0,"player_choice":"RE RE ","damage_taken":45,"relics_obtained":["Gremlin Food","StuffTheSpire:Gunfinga"],"max_hp_gain":0,"max_hp_loss":0,"event_name":"betterSkull:BetterSkull","floor":19,"gold_loss":0,"cards_upgraded":[]},{"damage_healed":0,"gold_gain":275,"player_choice":"Desecrate","damage_taken":0,"max_hp_gain":0,"max_hp_loss":0,"event_name":"Golden Shrine","floor":20,"gold_loss":0,"cards_obtained":["Regret"]},{"damage_healed":0,"gold_gain":0,"player_choice":"Bought 2 Potions","damage_taken":0,"max_hp_gain":0,"max_hp_loss":0,"event_name":"The Woman in Blue","floor":22,"gold_loss":0},{"cards_removed":["Regret"],"damage_healed":0,"gold_gain":0,"player_choice":"Gave Gold","damage_taken":0,"max_hp_gain":0,"max_hp_loss":0,"event_name":"Beggar","floor":23,"gold_loss":75}],"is_beta":true,"boss_relics":[{"not_picked":["hubris:VirtuousBlindfold","conspire:SeveredTorchhead"],"picked":"StuffTheSpire:ModemDavis"}],"items_purged_floors":[10,14],"is_endless":false,"potions_floor_spawned":[1,13,16,21],"killed_by":"Replay:Snechameleon","ascension_level":0}}