{"host":"0tiuc76yumknr6qf","time":1610481733,"event":{"mods":["BaseMod","Colored Map","Highlight Path","Minty Spire (QoL Compilation)","StSLib","The Necromancer"],"gold_per_floor":[111,111,36,51,65,65,140,140,210,221,75,75,75,75,75,176,176,186,186,201,116,135,135,165,165,165,65,82,82,102,102,102,102,102],"floor_reached":33,"playtime":753,"items_purged":["Defend_G","Defend_G"],"score":278,"play_id":"76447ef7-bebd-4621-9ec4-5b54c84b3cd3","local_time":"20210112140213","is_ascension_mode":false,"campfire_choices":[{"data":"Dagger Spray","floor":6,"key":"SMITH"},{"data":"Masterful Stab","floor":8,"key":"SMITH"},{"data":"Finisher","floor":12,"key":"SMITH"},{"floor":15,"key":"REST"},{"floor":23,"key":"REST"},{"floor":25,"key":"REST"},{"floor":32,"key":"REST"}],"circlet_count":0,"master_deck":["Survivor","Neutralize","Masterful Stab+1","Dagger Spray+1","Finisher+1","Footwork+1","Reflex+1","Bane+1","Skewer","Bite","Bite","Bite","Bite","Bite"],"relics":["SacredBark","Ninja Scroll","Chemical X","Orichalcum","Astrolabe","Tiny Chest","Pear","Letter Opener"],"acts_visited":["Exordium","TheCity"],"potions_floor_usage":[16,24,33],"damage_taken":[{"damage":5,"enemies":"2 Louse","floor":1,"turns":3},{"damage":0,"enemies":"Jaw Worm","floor":4,"turns":3},{"damage":0,"enemies":"Small Slimes","floor":5,"turns":3},{"damage":12,"enemies":"Exordium Thugs","floor":10,"turns":3},{"damage":10,"enemies":"Slime Boss","floor":16,"turns":5},{"damage":17,"enemies":"Shell Parasite","floor":18,"turns":4},{"damage":4,"enemies":"2 Thieves","floor":20,"turns":2},{"damage":11,"enemies":"Chosen and Byrds","floor":22,"turns":4},{"damage":36,"enemies":"Gremlin Leader","floor":24,"turns":6},{"damage":1,"enemies":"Centurion and Healer","floor":28,"turns":4},{"damage":24,"enemies":"Snake Plant","floor":30,"turns":4},{"damage":83,"enemies":"Collector","floor":33,"turns":6}],"seed_played":"-8323642022594932964","potions_obtained":[{"floor":4,"key":"SteroidPotion"},{"floor":10,"key":"LiquidMemories"},{"floor":22,"key":"ColorlessPotion"},{"floor":28,"key":"AttackPotion"},{"floor":30,"key":"SpeedPotion"}],"is_trial":false,"path_per_floor":["M","?","$","M","M","R","?","R","T","M","$","R","?","?","R","B",null,"M","?","M","?","M","R","E","R","T","$","M","?","M","$","R","B"],"character_chosen":"THE_SILENT","items_purchased":["Chemical X"],"campfire_rested":4,"item_purchase_floors":[11],"current_hp_per_floor":[65,51,51,51,51,51,40,40,40,28,28,28,28,28,49,39,70,53,47,43,43,32,53,27,51,51,51,50,50,36,36,52,0,0],"gold":102,"neow_bonus":"BOSS_RELIC","is_daily":false,"chose_seed":false,"campfire_upgraded":3,"win_rate":0.0,"timestamp":1610481733,"path_taken":["M","?","$","M","M","R","?","R","T","M","$","R","?","?","R","BOSS","M","?","?","?","M","R","E","R","T","$","M","?","M","$","R","BOSS"],"items_purchased_type":["Relic"],"build_version":"2020-12-22","purchased_purges":2,"victory":false,"max_hp_per_floor":[70,70,70,70,70,70,70,70,70,70,70,70,70,70,70,70,70,70,70,70,70,70,70,80,80,80,80,80,56,56,56,56,56,56],"card_choices":[{"not_picked":["Slice","Infinite Blades"],"picked":"Masterful Stab","floor":1},{"not_picked":["Bane","Caltrops","Prepared"],"picked":"SKIP","floor":4},{"not_picked":["Cloak And Dagger","Deadly Poison"],"picked":"Dagger Spray","floor":5},{"not_picked":["Masterful Stab","Underhanded Strike"],"picked":"Finisher","floor":10},{"not_picked":["Dagger Spray","Sucker Punch","Underhanded Strike"],"picked":"SKIP","floor":18},{"not_picked":["Outmaneuver+1","Cloak And Dagger","Tools of the Trade"],"picked":"SKIP","floor":20},{"not_picked":["Dagger Spray","Flying Knee"],"picked":"Skewer","floor":22},{"not_picked":["Flying Knee","Eviscerate","Endless Agony"],"picked":"SKIP","floor":24},{"not_picked":["Calculated Gamble","Dagger Throw+1","Blade Dance"],"picked":"SKIP","floor":28},{"not_picked":["Leg Sweep","Riddle With Holes","Expertise"],"picked":"SKIP","floor":30}],"player_experience":1987088,"relics_obtained":[{"floor":9,"key":"Ninja Scroll"},{"floor":24,"key":"Pear"},{"floor":26,"key":"Letter Opener"}],"event_choices":[{"damage_healed":0,"gold_gain":0,"player_choice":"Entered Light","damage_taken":14,"max_hp_gain":0,"max_hp_loss":0,"event_name":"Shining Light","floor":2,"gold_loss":0,"cards_upgraded":["Strike_G","Strike_G"]},{"damage_healed":0,"gold_gain":75,"player_choice":"Gather Gold","damage_taken":11,"max_hp_gain":0,"max_hp_loss":0,"event_name":"World of Goop","floor":7,"gold_loss":0},{"damage_healed":0,"gold_gain":0,"player_choice":"Ignored","damage_taken":0,"max_hp_gain":0,"max_hp_loss":0,"event_name":"Golden Idol","floor":13,"gold_loss":0},{"damage_healed":0,"gold_gain":0,"player_choice":"Gave Potion","damage_taken":0,"relics_obtained":["Orichalcum"],"max_hp_gain":0,"max_hp_loss":0,"event_name":"WeMeetAgain","floor":14,"gold_loss":0},{"damage_healed":0,"gold_gain":0,"player_choice":"","damage_taken":6,"max_hp_gain":0,"max_hp_loss":0,"event_name":"Knowing Skull","floor":19,"potions_obtained":[],"gold_loss":0,"cards_obtained":[]},{"damage_healed":0,"gold_gain":0,"player_choice":"Obtained Relic","damage_taken":0,"relics_obtained":["Tiny Chest"],"max_hp_gain":0,"max_hp_loss":0,"event_name":"Addict","floor":21,"gold_loss":85},{"damage_healed":0,"gold_gain":0,"player_choice":"Became a vampire","damage_taken":0,"max_hp_gain":0,"max_hp_loss":24,"event_name":"Vampires","floor":29,"gold_loss":0,"cards_obtained":["Bite","Bite","Bite","Bite","Bite"]}],"is_beta":false,"boss_relics":[{"not_picked":["Ectoplasm","Philosopher\u0027s Stone"],"picked":"Astrolabe"}],"items_purged_floors":[3,27],"is_endless":false,"potions_floor_spawned":[4,10,22,28,30],"killed_by":"Collector","ascension_level":0}}