{"host":"aaqofma31c3gm2hj","time":1610440553,"event":{"mods":["BaseMod","GungeonMod","Minty Spire (QoL Compilation)","Replay The Spire","Spicy Shops","StSLib"],"gold_per_floor":[109,184,184,184,200,243,266,266,266,280,314,78,78,22,22,118,118,136,180,180,196,196,196],"floor_reached":22,"playtime":362,"items_purged":["Defend_P"],"score":430,"play_id":"0efb0cdd-ee38-48cc-b5b4-eb35424baa18","local_time":"20210112163553","is_ascension_mode":true,"campfire_choices":[{"data":"Eruption","floor":8.0,"key":"SMITH"},{"data":"Conclude","floor":13.0,"key":"SMITH"},{"data":"FlurryOfBlows","floor":15.0,"key":"SMITH"}],"circlet_count":0,"master_deck":["AscendersBane","Strike_P","Strike_P","Strike_P","Strike_P","Defend_P","Defend_P","Eruption+1","Vigilance","Conclude+1","BowlingBash","FlurryOfBlows+1","Adaptation","Adaptation","DevaForm","Swivel"],"relics":["HolyWater","NeowsBlessing","Golden Idol","Replay:Bottled Steam","Anchor","DemoMod:GreenGuonStone","Pet Ghost","Bag of Preparation","Red Mask","DemoMod:GlassGuonStoneRelic"],"acts_visited":["Exordium","TheCity"],"potions_floor_usage":[21],"damage_taken":[{"damage":0.0,"enemies":"Small Slimes","floor":1.0,"turns":1.0},{"damage":0.0,"enemies":"2 Louse","floor":5.0,"turns":2.0},{"damage":0.0,"enemies":"3 Sentries","floor":6.0,"turns":1.0},{"damage":0.0,"enemies":"Jaw Worm","floor":10.0,"turns":4.0},{"damage":11.0,"enemies":"Gremlin Nob","floor":11.0,"turns":3.0},{"damage":33.0,"enemies":"Hexaghost","floor":16.0,"turns":6.0},{"damage":0.0,"enemies":"Spheric Guardian","floor":18.0,"turns":2.0},{"damage":9,"enemies":"Masked Bandits","floor":19,"turns":3},{"damage":0,"enemies":"Chosen","floor":21,"turns":3}],"seed_played":"7771284728046630662","potions_obtained":[{"floor":1.0,"key":"Elixir"},{"floor":10.0,"key":"Fire Potion"},{"floor":16.0,"key":"DistilledChaos"},{"floor":18.0,"key":"Block Potion"}],"is_trial":false,"path_per_floor":["M","?","?","?","M","E","T","R","T","M","E","$","R","$","R","B",null,"M","?","?","M","?"],"character_chosen":"WATCHER","items_purchased":["Bag of Preparation","Adaptation"],"campfire_rested":0,"item_purchase_floors":[12,14],"current_hp_per_floor":[61,50,55,55,55,55,55,55,55,55,44,44,44,44,44,11,52,52,43,43,43,43,43],"gold":196,"neow_bonus":"THREE_ENEMY_KILL","is_daily":false,"chose_seed":false,"campfire_upgraded":3,"win_rate":0.0,"timestamp":1610440553,"path_taken":["M","?","?","?","M","E","?","R","T","?","E","$","R","?","R","BOSS","M","?","?","?","?"],"items_purchased_type":["Relic","Card"],"build_version":"2020-12-22","purchased_purges":1,"victory":false,"max_hp_per_floor":[68,68,73,66,66,66,66,66,66,66,66,66,66,66,66,66,66,66,66,66,66,66,66],"card_choices":[{"not_picked":["EmptyBody","Protect","ThirdEye"],"picked":"SKIP","floor":1.0},{"not_picked":["ClearTheMind","Replay:ManipulateFuture"],"picked":"Conclude","floor":5.0},{"not_picked":["SashWhip","ThirdEye"],"picked":"BowlingBash","floor":6.0},{"not_picked":["SignatureMove","WaveOfTheHand","Replay:AtTheReady"],"picked":"SKIP","floor":10.0},{"not_picked":["CrushJoints","ThirdEye"],"picked":"FlurryOfBlows","floor":11.0},{"not_picked":["Wish","Judgement"],"picked":"DevaForm","floor":16.0},{"not_picked":["ThirdEye+1","BattleHymn","Consecrate"],"picked":"SKIP","floor":18.0},{"not_picked":["FollowUp","Prostrate","Halt"],"picked":"SKIP","floor":21}],"player_experience":589270,"relics_obtained":[{"floor":6.0,"key":"Replay:Bottled Steam"},{"floor":7.0,"key":"Anchor"},{"floor":9.0,"key":"DemoMod:GreenGuonStone"},{"floor":11.0,"key":"Pet Ghost"},{"floor":19,"key":"Red Mask"}],"event_choices":[{"damage_healed":0.0,"max_hp_gain":0.0,"max_hp_loss":0.0,"gold_gain":75.0,"event_name":"World of Goop","player_choice":"Gather Gold","floor":2.0,"gold_loss":0.0,"damage_taken":11.0},{"damage_healed":0.0,"max_hp_gain":5.0,"max_hp_loss":0.0,"gold_gain":0.0,"event_name":"Big Fish","player_choice":"Donut","floor":3.0,"gold_loss":0.0,"damage_taken":0.0},{"damage_healed":0.0,"max_hp_gain":0.0,"max_hp_loss":7.0,"gold_gain":0.0,"event_name":"Golden Idol","player_choice":"Lose Max HP","floor":4.0,"gold_loss":0.0,"damage_taken":0.0,"relics_obtained":["Golden Idol"]},{"damage_healed":0,"gold_gain":0,"player_choice":"Fought Bandits","damage_taken":0,"max_hp_gain":0,"max_hp_loss":0,"event_name":"Masked Bandits","floor":19,"gold_loss":0},{"damage_healed":0,"gold_gain":0,"cards_transformed":["Defend_P"],"player_choice":"Transformed","damage_taken":0,"max_hp_gain":0,"max_hp_loss":0,"event_name":"Transmorgrifier","floor":20,"gold_loss":0,"cards_obtained":["Swivel"]}],"is_beta":false,"boss_relics":[{"not_picked":["SacredBark","Fusion Hammer"],"picked":"HolyWater"}],"items_purged_floors":[12],"is_endless":false,"potions_floor_spawned":[1,10,16,18],"ascension_level":20}}