{"host":"873t0y8ybyo38pfq","time":1610457549,"event":{"mods":["BaseMod","Bestiary","Colored Map","Colored Powertips","Highlight Path","Minty Spire (QoL Compilation)","Quick Restart","RNG Fix","Rare Cards Sparkle","Relic Stats","StSLib"],"gold_per_floor":[367,292,292,90,90,115,133,133,186,200,200,200,214,214,214],"floor_reached":14,"playtime":404,"items_purged":["Strike_B"],"score":176,"play_id":"1f6a4415-f2a0-41cf-8994-409a119e82bb","local_time":"20210112081909","is_ascension_mode":true,"campfire_choices":[{"floor":8,"key":"REST"},{"data":"Rainbow","floor":12,"key":"SMITH"}],"circlet_count":0,"master_deck":["AscendersBane","Strike_B","Strike_B","Defend_B","Defend_B","Defend_B","Defend_B","Zap+1","Dualcast","Capacitor","Rainbow+1","Defragment","Conserve Battery","Cold Snap","Leap"],"relics":["Cracked Core","Bird Faced Urn"],"acts_visited":["Exordium"],"potions_floor_usage":[],"damage_taken":[{"damage":9,"enemies":"Jaw Worm","floor":1,"turns":3},{"damage":49,"enemies":"3 Sentries","floor":6,"turns":11},{"damage":0,"enemies":"2 Louse","floor":7,"turns":4},{"damage":7,"enemies":"Small Slimes","floor":10,"turns":4},{"damage":1,"enemies":"Blue Slaver","floor":13,"turns":5},{"damage":4,"enemies":"Gremlin Nob","floor":14,"turns":3}],"seed_played":"1434617163913829201","potions_obtained":[{"floor":1,"key":"Ancient Potion"},{"floor":6,"key":"Ancient Potion"},{"floor":7,"key":"SpeedPotion"}],"is_trial":false,"path_per_floor":["M","$","?","$","?","E","M","R","T","M","?","R","M","E"],"character_chosen":"DEFECT","items_purchased":["Capacitor","Rainbow"],"campfire_rested":1,"item_purchase_floors":[4,4],"current_hp_per_floor":[55,55,55,55,55,6,10,29,29,26,26,26,29,29,29],"gold":214,"neow_bonus":"TWO_FIFTY_GOLD","is_daily":false,"chose_seed":false,"campfire_upgraded":1,"win_rate":0.0,"timestamp":1610457549,"path_taken":["M","$","?","$","?","E","M","R","T","M","?","R","?","E"],"items_purchased_type":["Card","Card"],"build_version":"2020-12-22","purchased_purges":1,"victory":false,"max_hp_per_floor":[64,64,64,64,64,64,64,64,64,64,64,64,64,64,64],"relic_stats":{"counters":[6,30],"Bird Faced Urn":[16],"obtain_stats":[{"Bird Faced Urn":6,"Cracked Core":0},{"Bird Faced Urn":2,"Cracked Core":0},{"Bird Faced Urn":14,"Cracked Core":0}]},"card_choices":[{"not_picked":["Undo","Hologram","Auto Shields"],"picked":"SKIP","floor":1},{"not_picked":["Doom and Gloom","Capacitor"],"picked":"Defragment","floor":6},{"not_picked":["Steam","Beam Cell"],"picked":"Conserve Battery","floor":7},{"not_picked":["Leap","Beam Cell"],"picked":"Cold Snap","floor":10},{"not_picked":["Reprogram","Beam Cell"],"picked":"Leap","floor":13}],"player_experience":1594575,"relics_obtained":[{"floor":6,"key":"Bird Faced Urn"}],"event_choices":[{"damage_healed":0,"gold_gain":0,"player_choice":"Grow","damage_taken":0,"max_hp_gain":0,"max_hp_loss":0,"event_name":"Living Wall","floor":3,"gold_loss":0,"cards_upgraded":["Zap"]},{"damage_healed":0,"gold_gain":0,"player_choice":"Ignored","damage_taken":0,"max_hp_gain":0,"max_hp_loss":0,"event_name":"Liars Game","floor":5,"gold_loss":0},{"cards_removed":["Strike_B"],"damage_healed":0,"gold_gain":0,"player_choice":"Purged","damage_taken":0,"max_hp_gain":0,"max_hp_loss":0,"event_name":"Purifier","floor":11,"gold_loss":0}],"is_beta":false,"boss_relics":[],"items_purged_floors":[2],"is_endless":false,"potions_floor_spawned":[1,6,7],"killed_by":"Gremlin Nob","ascension_level":20}}