{"host":"ELF","time":1610443368,"event":{"mods":["BaseMod","Minty Spire (QoL Compilation)"],"gold_per_floor":[118,168,186,201,215,246,246,273,273,273,273,285,285,295,295,374,374,393,368,368,383,383,383],"floor_reached":22,"playtime":5609,"items_purged":[],"score":411,"play_id":"1768cf04-d264-4050-99b4-39e34f64564e","local_time":"20210112032248","is_ascension_mode":true,"campfire_choices":[{"floor":7.0,"key":"REST"},{"floor":13.0,"key":"REST"},{"floor":15.0,"key":"REST"}],"circlet_count":0,"master_deck":["AscendersBane","Defend_B","Defend_B","Defend_B","Defend_B","Zap","Dualcast","Genetic Algorithm","Streamline","Glacier","Gash","Biased Cognition","Genetic Algorithm+1","Cold Snap","BootSequence+1","Fission+1","Auto Shields+1","Fusion+1","Bite","Bite","Bite","Bite","Bite","Self Repair"],"relics":["Cracked Core","NeowsBlessing","Blood Vial","Toxic Egg 2","Pocketwatch","Inserter"],"acts_visited":["Exordium","TheCity"],"potions_floor_usage":[],"damage_taken":[{"damage":0.0,"enemies":"Cultist","floor":1.0,"turns":1.0},{"damage":0.0,"enemies":"2 Louse","floor":3.0,"turns":1.0},{"damage":0.0,"enemies":"Jaw Worm","floor":4.0,"turns":1.0},{"damage":13.0,"enemies":"Exordium Thugs","floor":5.0,"turns":4.0},{"damage":40.0,"enemies":"Lagavulin","floor":6.0,"turns":7.0},{"damage":22.0,"enemies":"Gremlin Nob","floor":8.0,"turns":4.0},{"damage":1.0,"enemies":"Large Slime","floor":12.0,"turns":7.0},{"damage":7.0,"enemies":"Looter","floor":14.0,"turns":4.0},{"damage":38.0,"enemies":"The Guardian","floor":16.0,"turns":15.0},{"damage":8.0,"enemies":"Spheric Guardian","floor":18.0,"turns":8.0},{"damage":13.0,"enemies":"2 Thieves","floor":19.0,"turns":5.0},{"damage":44.0,"enemies":"Snake Plant","floor":21.0,"turns":7.0},{"damage":28,"enemies":"Masked Bandits","floor":22,"turns":3}],"seed_played":"-8785076608114007949","potions_obtained":[{"floor":1.0,"key":"SteroidPotion"},{"floor":5.0,"key":"LiquidMemories"},{"floor":6.0,"key":"PotionOfCapacity"},{"floor":18.0,"key":"SpeedPotion"}],"is_trial":false,"path_per_floor":["M","?","M","M","M","E","R","E","T","?","T","M","R","M","R","B",null,"M","M","?","M","?"],"character_chosen":"DEFECT","items_purchased":[],"campfire_rested":3,"item_purchase_floors":[],"current_hp_per_floor":[64,64,64,64,51,11,32,12,12,12,12,13,34,29,50,14,57,51,40,40,14,0,0],"gold":383,"neow_bonus":"THREE_ENEMY_KILL","is_daily":false,"chose_seed":false,"campfire_upgraded":0,"win_rate":0.0,"timestamp":1610443368,"path_taken":["M","?","?","?","M","E","R","E","T","?","?","M","R","M","R","BOSS","M","M","?","M","?"],"items_purchased_type":[],"build_version":"2020-12-18","purchased_purges":0,"victory":false,"max_hp_per_floor":[71,71,71,71,71,71,71,71,71,71,71,71,71,71,71,71,71,71,71,49,49,49,49],"card_choices":[{"not_picked":["Sweeping Beam","Rebound"],"picked":"Genetic Algorithm","floor":1.0},{"not_picked":["Redo","Coolheaded"],"picked":"Streamline","floor":3.0},{"not_picked":["Barrage","Beam Cell"],"picked":"Glacier","floor":4.0},{"not_picked":["Skim","Scrape"],"picked":"Gash","floor":5.0},{"not_picked":["Stack","Consume"],"picked":"Biased Cognition","floor":6.0},{"not_picked":["Scrape","Sweeping Beam"],"picked":"Genetic Algorithm+1","floor":8.0},{"not_picked":["Storm","Sweeping Beam"],"picked":"Cold Snap","floor":12.0},{"not_picked":["Storm","Conserve Battery+1"],"picked":"BootSequence+1","floor":14.0},{"not_picked":["Multi-Cast+1","Amplify+1"],"picked":"Fission+1","floor":16.0},{"not_picked":["Go for the Eyes","Leap+1"],"picked":"Auto Shields+1","floor":18.0},{"not_picked":["Streamline","Compile Driver"],"picked":"Fusion+1","floor":19.0},{"not_picked":["Turbo+1","Go for the Eyes"],"picked":"Self Repair","floor":21.0}],"player_experience":3186160,"relics_obtained":[{"floor":6.0,"key":"Blood Vial"},{"floor":8.0,"key":"Toxic Egg 2"},{"floor":11.0,"key":"Pocketwatch"}],"event_choices":[{"damage_healed":0.0,"max_hp_gain":0.0,"max_hp_loss":0.0,"gold_gain":50.0,"event_name":"Golden Shrine","player_choice":"Pray","floor":2.0,"gold_loss":0.0,"damage_taken":0.0},{"damage_healed":0.0,"max_hp_gain":0.0,"max_hp_loss":0.0,"gold_gain":0.0,"event_name":"Dead Adventurer","player_choice":"Searched \u00270\u0027 times","floor":10.0,"gold_loss":0.0,"damage_taken":0.0},{"damage_healed":0.0,"max_hp_gain":0.0,"max_hp_loss":22.0,"gold_gain":0.0,"event_name":"Vampires","player_choice":"Became a vampire","floor":20.0,"gold_loss":0.0,"damage_taken":0.0,"cards_obtained":["Bite","Bite","Bite","Bite","Bite"]},{"damage_healed":0,"gold_gain":0,"player_choice":"Fought Bandits","damage_taken":0,"max_hp_gain":0,"max_hp_loss":0,"event_name":"Masked Bandits","floor":22,"gold_loss":0}],"is_beta":true,"boss_relics":[{"not_picked":["Ectoplasm","Sozu"],"picked":"Inserter"}],"items_purged_floors":[],"is_endless":false,"potions_floor_spawned":[1,5,6,18],"killed_by":"Masked Bandits","ascension_level":19}}