{"host":"pvf7uj918he10jir","time":1610427647,"event":{"mods":["AchievementEnabler","BaseMod","Colored Map","Colored Powertips","Highlight Path","Minty Spire (QoL Compilation)","Relic Stats","Slay the Relics Exporter","everything is the same but u backflip on backflip"],"gold_per_floor":[109,20,20,37,11,11,43,61,87,19,19,87,114,176,188,297,309,331,353,415,415],"floor_reached":20,"playtime":1409,"items_purged":[],"score":248,"play_id":"00a9d6b8-d4b0-4ad8-84e3-ee3de5efca56","local_time":"20210112000047","is_ascension_mode":true,"campfire_choices":[{"data":"Defragment","floor":6,"key":"SMITH"},{"data":"Zap","floor":11,"key":"SMITH"},{"floor":15,"key":"REST"}],"circlet_count":0,"master_deck":["Strike_B","Strike_B","Strike_B","Strike_B","Defend_B","Defend_B","Defend_B","Defend_B","Zap+1","Dualcast","Defragment+1","Heatsinks","Conserve Battery","Capacitor","Sweeping Beam","Heatsinks","Biased Cognition","Creative AI"],"relics":["Cracked Core","NeowsBlessing","SsserpentHead","Happy Flower","Bag of Marbles","MawBank","Black Star"],"acts_visited":["Exordium","TheCity"],"potions_floor_usage":[12,12,12,16,16],"damage_taken":[{"damage":0,"enemies":"Cultist","floor":1,"turns":1},{"damage":0,"enemies":"2 Louse","floor":4,"turns":1},{"damage":0,"enemies":"Gremlin Nob","floor":7,"turns":1},{"damage":2,"enemies":"Jaw Worm","floor":8,"turns":3},{"damage":23,"enemies":"Gremlin Gang","floor":12,"turns":3},{"damage":40,"enemies":"3 Sentries","floor":13,"turns":9},{"damage":25,"enemies":"Slime Boss","floor":16,"turns":7},{"damage":24,"enemies":"Shell Parasite","floor":18,"turns":8},{"damage":25,"enemies":"Spheric Guardian","floor":19,"turns":4},{"damage":36,"enemies":"Shelled Parasite and Fungi","floor":20,"turns":2}],"seed_played":"-3045832101691852091","potions_obtained":[{"floor":1,"key":"EntropicBrew"},{"floor":7,"key":"SneckoOil"}],"is_trial":false,"path_per_floor":["M","$","?","M","$","R","E","M","T","$","R","M","E","?","R","B",null,"M","M","M"],"character_chosen":"DEFECT","items_purchased":["Heatsinks","Conserve Battery","Sweeping Beam","Heatsinks"],"campfire_rested":1,"item_purchase_floors":[2,2,5,10],"current_hp_per_floor":[75,75,75,75,75,75,75,73,73,73,73,50,10,10,32,7,75,51,26,0,0],"gold":415,"neow_bonus":"THREE_ENEMY_KILL","is_daily":false,"chose_seed":false,"campfire_upgraded":2,"win_rate":0.0,"timestamp":1610427647,"path_taken":["M","?","?","M","$","R","E","M","T","$","R","?","E","?","R","BOSS","M","M","?"],"items_purchased_type":["Card","Card","Card","Card"],"build_version":"2020-12-22","purchased_purges":0,"victory":false,"max_hp_per_floor":[75,75,75,75,75,75,75,75,75,75,75,75,75,75,75,75,75,75,75,75,75],"relic_stats":{"SsserpentHead":150,"Happy Flower":[12],"counters":[10,39],"Black Star":0,"MawBank":84,"obtain_stats":[{"SsserpentHead":3,"NeowsBlessing":0,"Happy Flower":7,"Bag of Marbles":9,"Black Star":17,"Cracked Core":0,"MawBank":13},{"SsserpentHead":1,"NeowsBlessing":0,"Happy Flower":3,"Bag of Marbles":4,"Black Star":7,"Cracked Core":0,"MawBank":6},{"SsserpentHead":1,"NeowsBlessing":0,"Happy Flower":3,"Bag of Marbles":6,"Black Star":25,"Cracked Core":0,"MawBank":18}]},"card_choices":[{"not_picked":["Force Field","Compile Driver"],"picked":"Defragment","floor":1},{"not_picked":["Rebound","Leap"],"picked":"Capacitor","floor":4},{"not_picked":["Conserve Battery","Rainbow","Coolheaded"],"picked":"SKIP","floor":7},{"not_picked":["Stack","Redo","Rebound"],"picked":"SKIP","floor":8},{"not_picked":["Steam","Hologram","Chill"],"picked":"SKIP","floor":12},{"not_picked":["Coolheaded","Streamline"],"picked":"Biased Cognition","floor":13},{"not_picked":["Biased Cognition","Hyperbeam"],"picked":"Creative AI","floor":16},{"not_picked":["Stack","Rebound","Streamline"],"picked":"SKIP","floor":18},{"not_picked":["Melter","Go for the Eyes+1","Cold Snap+1"],"picked":"SKIP","floor":19}],"player_experience":141093,"relics_obtained":[{"floor":7,"key":"Happy Flower"},{"floor":9,"key":"Bag of Marbles"},{"floor":13,"key":"MawBank"}],"event_choices":[{"damage_healed":0,"gold_gain":0,"player_choice":"Trade","damage_taken":0,"relics_obtained":["SsserpentHead"],"max_hp_gain":0,"max_hp_loss":0,"event_name":"FaceTrader","floor":3,"gold_loss":0},{"damage_healed":0,"gold_gain":0,"player_choice":"0 cards matched","damage_taken":0,"max_hp_gain":0,"max_hp_loss":0,"event_name":"Match and Keep!","floor":14,"gold_loss":0,"cards_obtained":[]}],"is_beta":false,"boss_relics":[{"not_picked":["Inserter","Pandora\u0027s Box"],"picked":"Black Star"}],"items_purged_floors":[],"is_endless":false,"potions_floor_spawned":[1,7],"killed_by":"Shelled Parasite and Fungi","ascension_level":4}}