{"host":"gxfwlvk9al6s9931","time":1610494863,"event":{"mods":["2.2 Compatiblity","BaseMod","Colored Powertips","Downfall","Friendly Minions","Minty Spire (QoL Compilation)","StSLib"],"gold_per_floor":[99,115,115,135,153,153,153,153,181,193,205,205,221,127,138,238,238,238,250,250,250,250],"floor_reached":20,"language":"ENG","playtime":1709,"items_purged":[],"score":176,"play_id":"9c2cf3ca-54e2-417a-aa97-3a64367f5532","local_time":"20210112154103","is_ascension_mode":false,"campfire_choices":[{"data":"Slimebound:Split","floor":1.0,"key":"SMITH"},{"data":"Slimebound:Grow","floor":8.0,"key":"SMITH"},{"floor":12.0,"key":"RECALL"},{"data":"Slimebound:LeadByExample","floor":18,"key":"SMITH"}],"circlet_count":0,"master_deck":["Slimebound:Strike_Slimebound","Slimebound:Strike_Slimebound","Slimebound:Strike_Slimebound","Slimebound:Tackle","Slimebound:Defend_Slimebound","Slimebound:Defend_Slimebound","Slimebound:Defend_Slimebound","Slimebound:Defend_Slimebound","Slimebound:Split+1","Slimebound:CorrosiveSpit","Slimebound:Grow+1","Slimebound:Darklings","Slimebound:RejuvenatingLick","Slimebound:LeadByExample+1","Slimebound:Prepare","Slimebound:OneTwoCombo","Slimebound:SamplingLick+1"],"relics":["Slimebound:AbsorbEndCombat","Matryoshka","Lantern","Cursed Key"],"acts_visited":["Exordium","TheCity"],"potions_floor_usage":[],"damage_taken":[{"damage":9.0,"enemies":"Cultist","floor":2.0,"turns":4.0},{"damage":13.0,"enemies":"Small Slimes","floor":4.0,"turns":4.0},{"damage":17.0,"enemies":"Jaw Worm","floor":5.0,"turns":3.0},{"damage":19.0,"enemies":"Lagavulin","floor":9.0,"turns":6.0},{"damage":20.0,"enemies":"Exordium Thugs","floor":10.0,"turns":5.0},{"damage":42.0,"enemies":"Gremlin Gang","floor":11.0,"turns":4.0},{"damage":23.0,"enemies":"2 Fungi Beasts","floor":13.0,"turns":3.0},{"damage":25.0,"enemies":"downfall:FleeingMerchant","floor":14.0,"turns":4.0},{"damage":22.0,"enemies":"Large Slime","floor":15.0,"turns":5.0},{"damage":87.0,"enemies":"downfall:Ironclad","floor":16.0,"turns":13.0},{"damage":36,"enemies":"Spheric Guardian","floor":19,"turns":4},{"damage":3,"enemies":"3 Byrds","floor":20,"turns":1}],"seed_played":"-4204892622289655395","potions_obtained":[{"floor":0.0,"key":"sneckomod:MuddlingPotion"},{"floor":0.0,"key":"FairyPotion"},{"floor":0.0,"key":"SneckoOil"},{"floor":2.0,"key":"CultistPotion"},{"floor":3.0,"key":"EssenceOfSteel"},{"floor":9.0,"key":"DuplicationPotion"}],"is_trial":false,"path_per_floor":["R","M","?","M","M","?","T","R","E","M","M","R","M","$","M","B",null,"R","M","M"],"character_chosen":"SLIMEBOUND","items_purchased":["Slimebound:LeadByExample"],"campfire_rested":0,"item_purchase_floors":[14],"current_hp_per_floor":[60,60,60,59,54,59,59,59,56,48,24,24,21,18,24,24,65,65,43,40,40,40],"gold":250,"neow_bonus":"THREE_SMALL_POTIONS","is_daily":false,"chose_seed":false,"campfire_upgraded":3,"win_rate":0.0,"timestamp":1610494863,"path_taken":["R","M","?","M","?","?","T","R","E","M","M","R","M","$","M","BOSS","R","M","M"],"items_purchased_type":["Card"],"build_version":"2020-12-22","purchased_purges":0,"victory":false,"max_hp_per_floor":[60,60,60,60,60,65,65,65,65,65,65,65,65,65,65,65,65,65,65,65,65,65],"card_choices":[{"not_picked":["Slimebound:PressTheAttack","Slimebound:GoopTackle","Slimebound:RejuvenatingLick"],"picked":"SKIP","floor":2.0},{"not_picked":["Slimebound:GoopSpray","Slimebound:Schlurp"],"picked":"Slimebound:Grow","floor":4.0},{"not_picked":["Slimebound:DivideAndConquer","Slimebound:PressTheAttack","Slimebound:SlimeBrawl"],"picked":"SKIP","floor":5.0},{"not_picked":["Slimebound:Schlurp","Slimebound:GrowthPunch","Slimebound:LeechingTouch"],"picked":"SKIP","floor":9.0},{"not_picked":["Slimebound:Schlurp","Slimebound:PressTheAttack"],"picked":"Slimebound:Darklings","floor":10.0},{"not_picked":["Slimebound:BestDefense","Slimebound:LeechEnergy","Slimebound:GoopSpray"],"picked":"SKIP","floor":11.0},{"not_picked":["Slimebound:ViciousTackle","Slimebound:FinishingTackle"],"picked":"Slimebound:RejuvenatingLick","floor":13.0},{"not_picked":["Slimebound:GoopTackle","Slimebound:ViciousTackle","Slimebound:SlimeBrawl"],"picked":"SKIP","floor":14.0},{"not_picked":["Slimebound:Chomp","Slimebound:SlimeBarrage"],"picked":"Slimebound:Prepare","floor":15.0},{"not_picked":["Slimebound:MassFeed","Slimebound:SlimeSlap"],"picked":"Slimebound:OneTwoCombo","floor":16.0},{"not_picked":["Slimebound:GoopSpray+1","Slimebound:FinishingTackle"],"picked":"Slimebound:SamplingLick+1","floor":19}],"player_experience":279959,"relics_obtained":[{"floor":7.0,"key":"Matryoshka"},{"floor":9.0,"key":"Lantern"}],"event_choices":[{"damage_healed":0.0,"max_hp_gain":0.0,"max_hp_loss":0.0,"gold_gain":0.0,"event_name":"Lab","player_choice":"Got Potions","floor":3.0,"gold_loss":0.0,"damage_taken":0.0},{"damage_healed":0.0,"max_hp_gain":5.0,"max_hp_loss":0.0,"gold_gain":0.0,"event_name":"Big Fish","player_choice":"Donut","floor":6.0,"gold_loss":0.0,"damage_taken":0.0}],"is_beta":false,"boss_relics":[{"not_picked":["downfall:Hecktoplasm","Snecko Eye"],"picked":"Cursed Key"}],"items_purged_floors":[],"is_endless":false,"potions_floor_spawned":[2,9,10,11,15],"killed_by":"3 Byrds","ascension_level":0}}