{"host":"ixenv8b8actib82w","time":1610491653,"event":{"mods":["100% Spire Juice","Act Like it!","BaseMod","Conspire","Downfall","Energized Spire","Hermit","Minty Spire (QoL Compilation)","Replay The Spire","Spicy Shops","StSLib","The Blackbeard","The Gatherer","The Hierophant","The Marked","vexMod"],"gold_per_floor":[109,109,123,48,48,48,83,102,183,183,203,203,221,446,446,549,549,563,107,7,19,54,119,119,167,190,190,212,212,263,298,298,298,298,298],"floor_reached":33,"language":"ZHS","playtime":1543,"items_purged":["CommonCold","blackbeard:BlackbeardStrike"],"score":360,"play_id":"b2a7f1a5-83ce-4966-9dd2-0a9f46bfff1a","local_time":"20210113064733","is_ascension_mode":false,"campfire_choices":[{"data":"blackbeard:Cutlass","floor":6,"key":"SMITH"},{"data":"blackbeard:Fencing","floor":10,"key":"SMITH"},{"data":"blackbeard:RemoveScurvy","floor":12,"key":"SMITH"},{"data":"blackbeard:GoldenStrike","floor":15,"key":"SMITH"},{"data":"blackbeard:ReapersScythe","floor":29,"key":"SMITH"}],"circlet_count":0,"master_deck":["blackbeard:BlackbeardStrike","blackbeard:BlackbeardStrike","blackbeard:BlackbeardStrike","blackbeard:IntimidatingStrike","blackbeard:BlackbeardDefend","blackbeard:BlackbeardDefend","blackbeard:BlackbeardDefend","blackbeard:BlackbeardDefend","blackbeard:Cutlass+1","blackbeard:PirateEarring","blackbeard:Fencing+1","expansioncontent:Flail","blackbeard:BrownPants","blackbeard:UndeadForm","blackbeard:RemoveScurvy+1","blackbeard:GoldenStrike+1","blackbeard:ReapersScythe+1","blackbeard:CatONineTails","blackbeard:SmithingHammer","blackbeard:VampiricScepter","blackbeard:Bandana+1","blackbeard:GoldenStrike","blackbeard:Sharpening","blackbeard:GoldenDefense","blackbeard:WeaponProficiency+1","blackbeard:SwordDance+1","blackbeard:CatONineTails","blackbeard:WiseDefense+1"],"relics":["blackbeard:LoadTheCannons","NeowsBlessing","ReplayTheSpireMod:Ring of Exchange","ReplayTheSpireMod:Ring of Addiction","SacredBark","Chameleon Ring","Ice Cream","Replay:Bottled Steam","Happy Flower","conspire:TreasureMap","blackbeard:PowderCan","Replay:Ringing Soul","Eternal Feather","Regal Pillow","vexMod:FocusSash","Potion Belt"],"acts_visited":["Exordium","TheCity"],"potions_floor_usage":[7,13,16,22,22,23,23,28,30,30,33,33],"damage_taken":[{"damage":0,"enemies":"Jaw Worm","floor":1,"turns":1},{"damage":0,"enemies":"2 Louse","floor":3,"turns":1},{"damage":0,"enemies":"Replay:BlueRogue","floor":7,"turns":1},{"damage":0,"enemies":"Cultist","floor":8,"turns":2},{"damage":8,"enemies":"conspire:2 RoseBushes","floor":11,"turns":4},{"damage":0,"enemies":"3 Louse","floor":13,"turns":2},{"damage":0,"enemies":"Slime Boss","floor":16,"turns":3},{"damage":20,"enemies":"3 Byrds","floor":18,"turns":6},{"damage":17,"enemies":"Chosen","floor":21,"turns":6},{"damage":10,"enemies":"Centurion and Healer","floor":22,"turns":5},{"damage":8,"enemies":"Gremlin Leader","floor":23,"turns":7},{"damage":16,"enemies":"Snake Plant","floor":28,"turns":4},{"damage":33,"enemies":"conspire:SneckoGhost","floor":30,"turns":6},{"damage":32,"enemies":"3 Cultists","floor":31,"turns":8},{"damage":75,"enemies":"Automaton","floor":33,"turns":8}],"seed_played":"5057584552651800830","potions_obtained":[{"floor":2,"key":"blackbeard:RumPotion"},{"floor":2,"key":"SpeedPotion"},{"floor":2,"key":"SpeedPotion"},{"floor":8,"key":"SteroidPotion"},{"floor":13,"key":"Guardian:BlockOnCardUsePotion"},{"floor":21,"key":"Regen Potion"},{"floor":22,"key":"Weak Potion"},{"floor":24,"key":"Milkshake"},{"floor":24,"key":"LiquidBronze"},{"floor":28,"key":"LiquidMemories"},{"floor":31,"key":"Languid Potion"},{"floor":32,"key":"Block Potion"},{"floor":32,"key":"SmokeBomb"}],"is_trial":false,"path_per_floor":["M","?","M","$","?","R","E","M","T","R","M","R","M","?","R","B",null,"M","$","?","M","M","E","R","?","T","T","M","R","E","M","R","B"],"character_chosen":"BLACKBEARD_CLASS","items_purchased":["blackbeard:PowderCan","blackbeard:SmithingHammer"],"campfire_rested":0,"item_purchase_floors":[19,19],"current_hp_per_floor":[75,75,75,75,75,73,73,73,73,73,63,63,71,71,71,71,71,56,56,56,47,65,60,60,63,63,63,64,76,63,42,57,0,0,0],"gold":298,"neow_bonus":"THREE_ENEMY_KILL","is_daily":false,"chose_seed":false,"campfire_upgraded":5,"win_rate":0.0,"timestamp":1610491653,"path_taken":["M","?","M","$","?","R","E","M","T","R","?","R","M","?","R","BOSS","M","$","?","M","M","E","R","?","T","?","M","R","E","M","R","BOSS"],"items_purchased_type":["Relic","Card"],"build_version":"2020-12-22","purchased_purges":2,"victory":false,"max_hp_per_floor":[75,75,75,75,75,73,73,73,73,73,71,71,71,71,71,71,71,71,71,69,69,69,72,72,75,75,73,76,76,79,82,82,82,82,82],"card_choices":[{"not_picked":["blackbeard:BlindAttacks","blackbeard:TacticalRetreat"],"picked":"blackbeard:PirateEarring","floor":1},{"not_picked":["blackbeard:ChaoticDefense","blackbeard:CloakAndCannonball"],"picked":"blackbeard:Fencing","floor":3},{"not_picked":["blackbeard:Toast","blackbeard:FieryDefense","blackbeard:BrownPants"],"picked":"SKIP","floor":7},{"not_picked":["blackbeard:VengefulSpirit","blackbeard:Toast"],"picked":"blackbeard:UndeadForm","floor":8},{"not_picked":["blackbeard:JollyRoger","blackbeard:Sharpening"],"picked":"blackbeard:RemoveScurvy","floor":11},{"not_picked":["blackbeard:Fencing","blackbeard:FieryDefense"],"picked":"blackbeard:GoldenStrike","floor":13},{"not_picked":["blackbeard:Salvager","blackbeard:PirateStrength"],"picked":"blackbeard:ReapersScythe","floor":16},{"not_picked":["blackbeard:Toast+1","blackbeard:WiseDefense"],"picked":"blackbeard:CatONineTails","floor":18},{"not_picked":["blackbeard:CloakAndCannonball","blackbeard:WiseDefense"],"picked":"blackbeard:Bandana+1","floor":21},{"not_picked":["blackbeard:Toast","blackbeard:SwordDance"],"picked":"blackbeard:GoldenStrike","floor":22},{"not_picked":["blackbeard:Bandana","blackbeard:BeatUp"],"picked":"blackbeard:Sharpening","floor":23},{"not_picked":["blackbeard:Sword","blackbeard:FieryDefense"],"picked":"blackbeard:GoldenDefense","floor":25},{"not_picked":["blackbeard:Murder","blackbeard:InfiniteBarrage"],"picked":"blackbeard:WeaponProficiency+1","floor":25},{"not_picked":["blackbeard:TacticalRetreat+1","blackbeard:BeatUp+1"],"picked":"blackbeard:SwordDance+1","floor":28},{"not_picked":["blackbeard:WiseDefense+1","blackbeard:RearmingStrike"],"picked":"blackbeard:CatONineTails","floor":30},{"not_picked":["blackbeard:JollyRoger","blackbeard:TacticalRetreat"],"picked":"blackbeard:WiseDefense+1","floor":31}],"player_experience":187356,"relics_obtained":[{"floor":2,"key":"ReplayTheSpireMod:Ring of Exchange"},{"floor":2,"key":"ReplayTheSpireMod:Ring of Addiction"},{"floor":2,"key":"SacredBark"},{"floor":2,"key":"Chameleon Ring"},{"floor":7,"key":"Ice Cream"},{"floor":9,"key":"Replay:Bottled Steam"},{"floor":23,"key":"Replay:Ringing Soul"},{"floor":25,"key":"Eternal Feather"},{"floor":26,"key":"Regal Pillow"},{"floor":27,"key":"vexMod:FocusSash"},{"floor":30,"key":"Potion Belt"}],"event_choices":[{"damage_healed":0,"gold_gain":0,"player_choice":"2 cards matched","damage_taken":0,"max_hp_gain":0,"max_hp_loss":0,"event_name":"Match and Keep!","floor":5,"gold_loss":0,"cards_obtained":["expansioncontent:Flail","blackbeard:BrownPants"]},{"damage_healed":0,"gold_gain":225,"player_choice":"YARR","damage_taken":0,"relics_obtained":["Happy Flower"],"max_hp_gain":0,"max_hp_loss":0,"event_name":"blackbeard:Ssssserpent","floor":14,"gold_loss":0},{"damage_healed":0,"gold_gain":0,"player_choice":"Bought Vampiric Scepter","damage_taken":0,"max_hp_gain":0,"max_hp_loss":0,"event_name":"blackbeard:Vampires","floor":20,"gold_loss":125,"cards_obtained":["blackbeard:VampiricScepter"]}],"is_beta":false,"boss_relics":[{"not_picked":["OrangePellets","Busted Crown"],"picked":"conspire:TreasureMap"}],"items_purged_floors":[4,19],"is_endless":false,"potions_floor_spawned":[8,11,13,21,22,28,31],"killed_by":"Automaton","ascension_level":0}}