{"host":"bq4pt811tk9yrmjl","time":1610491146,"event":{"mods":["AchievementEnabler","BaseMod","Colored Map","Colored Powertips","Defuse TimeMaze Blight","Hermit","Minty Spire (QoL Compilation)","StSLib","SuperFastMode"],"gold_per_floor":[116,116,43,118,118,152,152,178,178,178,193,208,208,208,208,305,305,316,172,191,44,44,44,73,120,120,120,120],"floor_reached":27,"language":"ENG","playtime":512,"items_purged":[],"score":352,"play_id":"7fce84f6-e101-48f5-b399-0d75c3772ffb","local_time":"20210112203906","is_ascension_mode":true,"campfire_choices":[{"floor":7.0,"key":"REST"},{"floor":13.0,"key":"RECALL"},{"floor":15.0,"key":"REST"},{"data":"hermit:Determination","floor":23.0,"key":"SMITH"}],"circlet_count":0,"master_deck":["hermit:Strike_Hermit","hermit:Strike_Hermit","hermit:Strike_Hermit","hermit:Strike_Hermit","hermit:Defend_Hermit","hermit:Defend_Hermit","hermit:Defend_Hermit","hermit:Defend_Hermit","hermit:Snapshot+1","hermit:Covet","hermit:Desperado","hermit:Determination+1","hermit:Brawl+1"],"relics":["hermit:Momento","NeowsBlessing","Ancient Tea Set","Torii","Vajra","StrikeDummy","Busted Crown","Oddly Smooth Stone","Juzu Bracelet","Sundial","Omamori","Eternal Feather"],"acts_visited":["Exordium","TheCity"],"potions_floor_usage":[],"damage_taken":[{"damage":0.0,"enemies":"Small Slimes","floor":1.0,"turns":1.0},{"damage":0.0,"enemies":"Lagavulin","floor":6.0,"turns":1.0},{"damage":0.0,"enemies":"Gremlin Nob","floor":8.0,"turns":1.0},{"damage":7.0,"enemies":"Jaw Worm","floor":11.0,"turns":4.0},{"damage":0.0,"enemies":"2 Louse","floor":12.0,"turns":2.0},{"damage":0.0,"enemies":"Slime Boss","floor":16.0,"turns":6.0},{"damage":1.0,"enemies":"Chosen","floor":18.0,"turns":4.0},{"damage":7.0,"enemies":"2 Thieves","floor":20.0,"turns":4.0},{"damage":34,"enemies":"Gremlin Leader","floor":24,"turns":5},{"damage":42,"enemies":"Book of Stabbing","floor":27,"turns":4}],"seed_played":"-1491300745485913493","potions_obtained":[{"floor":6.0,"key":"Block Potion"},{"floor":8.0,"key":"BlessingOfTheForge"},{"floor":11.0,"key":"Swift Potion"},{"floor":18.0,"key":"BlessingOfTheForge"}],"is_trial":false,"path_per_floor":["M","?","$","?","T","E","R","E","T","$","M","M","R","?","R","B",null,"M","$","M","$","?","R","E","T","T","E"],"character_chosen":"HERMIT","items_purchased":["hermit:Determination","Oddly Smooth Stone","Juzu Bracelet"],"campfire_rested":2,"item_purchase_floors":[3,19,21],"current_hp_per_floor":[75,50,50,39,39,39,61,61,61,61,54,54,54,39,61,61,75,74,74,67,67,67,67,33,33,33,0,0],"gold":120,"neow_bonus":"THREE_ENEMY_KILL","is_daily":false,"chose_seed":false,"campfire_upgraded":1,"win_rate":0.0,"timestamp":1610491146,"path_taken":["M","?","$","?","?","E","R","E","T","$","?","M","R","?","R","BOSS","M","$","M","$","?","R","E","?","T","E"],"items_purchased_type":["Card","Relic","Relic"],"build_version":"2020-12-22","purchased_purges":0,"victory":false,"max_hp_per_floor":[75,75,75,75,75,75,75,75,75,75,75,75,75,75,75,75,75,75,75,75,75,75,75,75,75,75,75,75],"card_choices":[{"not_picked":["hermit:Feint","hermit:Snipe"],"picked":"hermit:Desperado","floor":1.0},{"not_picked":["hermit:Desperado","hermit:Misfire","hermit:HighCaliber"],"picked":"SKIP","floor":6.0},{"not_picked":["hermit:Purgatory","hermit:Determination"],"picked":"hermit:Brawl","floor":8.0},{"not_picked":["hermit:Desperado","hermit:LowProfile","hermit:TakeCover"],"picked":"SKIP","floor":11.0},{"not_picked":["hermit:Glare","hermit:CalledShot","hermit:Midnight"],"picked":"SKIP","floor":12.0},{"not_picked":["hermit:WideOpen"],"picked":"SKIP","floor":18.0},{"not_picked":["hermit:BodyArmor"],"picked":"SKIP","floor":20.0},{"not_picked":["hermit:CalledShot"],"picked":"SKIP","floor":24}],"player_experience":154774,"relics_obtained":[{"floor":6.0,"key":"Torii"},{"floor":8.0,"key":"Vajra"},{"floor":9.0,"key":"StrikeDummy"},{"floor":24,"key":"Sundial"},{"floor":25,"key":"Omamori"},{"floor":26,"key":"Eternal Feather"}],"event_choices":[{"damage_healed":0.0,"max_hp_gain":0.0,"max_hp_loss":0.0,"gold_gain":0.0,"event_name":"Scrap Ooze","player_choice":"Success","floor":2.0,"gold_loss":0.0,"damage_taken":25.0,"relics_obtained":["Ancient Tea Set"]},{"damage_healed":0.0,"max_hp_gain":0.0,"max_hp_loss":0.0,"gold_gain":75.0,"event_name":"World of Goop","player_choice":"Gather Gold","floor":4.0,"gold_loss":0.0,"damage_taken":11.0},{"damage_healed":0.0,"max_hp_gain":0.0,"max_hp_loss":0.0,"gold_gain":0.0,"event_name":"Shining Light","player_choice":"Entered Light","floor":14.0,"gold_loss":0.0,"damage_taken":15.0,"cards_upgraded":["hermit:Brawl","hermit:Snapshot"]},{"damage_healed":0.0,"max_hp_gain":0.0,"max_hp_loss":0.0,"gold_gain":0.0,"event_name":"Ghosts","player_choice":"Ignored","floor":22.0,"gold_loss":0.0,"damage_taken":0.0}],"is_beta":false,"boss_relics":[{"not_picked":["Ectoplasm","Snecko Eye"],"picked":"Busted Crown"}],"items_purged_floors":[],"is_endless":false,"potions_floor_spawned":[6,8,11,18],"killed_by":"Book of Stabbing","ascension_level":1}}