{"host":"0pl361p0raiipqb8","time":1610477697,"event":{"mods":["BaseMod","Downfall","Googly Eyes","Marisa????????","Minty Spire (QoL Compilation)","Replay The Spire","StSLib"],"gold_per_floor":[117,133,133,8,200,233,233,262,287,287,300,311,322,341,341,446,446,462,472,472,472,486,516,516,46,73,105,105,137,187,212,212,327,327,355,355,295,2,34,88,120,165,192,227,277,277,277,312,312,320,320],"floor_reached":50,"playtime":5727,"items_purged":[],"score":828,"play_id":"0f361551-8535-4e14-b6ee-ddea6292b67d","local_time":"20210112215457","is_ascension_mode":true,"campfire_choices":[{"floor":7,"key":"REST"},{"data":"Eruption","floor":10,"key":"SMITH"},{"floor":15,"key":"REST"},{"floor":24,"key":"REST"},{"floor":32,"key":"REST"},{"floor":47,"key":"REST"},{"floor":49,"key":"REST"}],"circlet_count":0,"master_deck":["Strike_P+1","Strike_P+1","Strike_P+1","Strike_P+1","Defend_P+1","Eruption+1","Vigilance","JustLucky","Sanctity","Protect","FollowUp","Consecrate","SandsOfTime","DeceiveReality+1","Alpha","EmptyBody","LikeWater","Wireheading","Halt","Vault","TalkToTheHand+1","Replay:Vibes+1","RitualDagger","EmptyFist","CrushJoints","expansioncontent:Collect","MentalFortress","Omniscience","SashWhip+1","Consecrate","Slimebound:Icky","Brilliance","Worship","Blasphemy","SpiritShield","Guardian:Aged","Overencumbered","Study","SandsOfTime","Consecrate+1","Languid","CutThroughFate+1","Swivel+1","CutThroughFate+1","Establishment","ReplayTheSpireMod:Splinters","ClearTheMind","BattleHymn+1"],"relics":["PureWater","NeowsBlessing","Smiling Mask","ReplayTheSpireMod:Ninjato","War Paint","Sozu","Oddly Smooth Stone","TungstenRod","Ancient Tea Set","Strawberry","Replay:Bottled Eggs","Mango","Ring of Peace","Ring of Greed","Replay:Bandana","Replay:Wax Seal","Replay:Bronze Core","Anchor","ReplayTheSpireMod:CursedCoin","Damaru","Thread and Needle","MealTicket","Orichalcum"],"acts_visited":["Exordium","TheCity","TheBeyond"],"potions_floor_usage":[16,22,31,45],"damage_taken":[{"damage":0,"enemies":"Small Slimes","floor":1,"turns":1},{"damage":0,"enemies":"Cultist","floor":2,"turns":1},{"damage":0,"enemies":"3 Sentries","floor":6,"turns":2},{"damage":22,"enemies":"Lagavulin","floor":8,"turns":6},{"damage":1,"enemies":"Jaw Worm","floor":11,"turns":2},{"damage":0,"enemies":"3 Louse","floor":12,"turns":3},{"damage":2,"enemies":"Looter","floor":13,"turns":3},{"damage":4,"enemies":"Blue Slaver","floor":14,"turns":4},{"damage":32,"enemies":"Hexaghost","floor":16,"turns":7},{"damage":0,"enemies":"Spheric Guardian","floor":18,"turns":3},{"damage":0,"enemies":"Shell Parasite","floor":19,"turns":3},{"damage":8,"enemies":"Snake Plant","floor":22,"turns":4},{"damage":12,"enemies":"Replay:Snechameleon","floor":23,"turns":6},{"damage":21,"enemies":"Slavers","floor":27,"turns":4},{"damage":8,"enemies":"Replay:Snechameleon","floor":29,"turns":6},{"damage":3,"enemies":"Shelled Parasite and Fungi","floor":31,"turns":6},{"damage":30,"enemies":"Automaton","floor":33,"turns":8},{"damage":0,"enemies":"Orb Walker","floor":35,"turns":5},{"damage":4,"enemies":"3 Shapes","floor":39,"turns":4},{"damage":0,"enemies":"R_Hoarder","floor":40,"turns":5},{"damage":11,"enemies":"Maw","floor":41,"turns":6},{"damage":67,"enemies":"Nemesis","floor":42,"turns":7},{"damage":0,"enemies":"Spire Growth","floor":44,"turns":6},{"damage":7,"enemies":"Sphere and 2 Shapes","floor":45,"turns":4},{"damage":0,"enemies":"Maw","floor":48,"turns":6},{"damage":67,"enemies":"Time Eater","floor":50,"turns":14}],"seed_played":"5943368173571532098","potions_obtained":[{"floor":11,"key":"Explosive Potion"},{"floor":13,"key":"DistilledChaos"},{"floor":14,"key":"Adrenaline Potion"},{"floor":16,"key":"Strength Potion"}],"is_trial":false,"path_per_floor":["M","M","?","$","?","E","R","E","T","R","M","M","M","M","R","B",null,"M","M","?","?","M","E","R","$","T","E","T","E","?","M","R","B",null,"M","?","?","$","M","E","M","E","T","M","M","?","R","M","R","B"],"character_chosen":"WATCHER","items_purchased":["Protect","FollowUp","Consecrate","expansioncontent:Collect","MentalFortress","TungstenRod","Anchor","ReplayTheSpireMod:CursedCoin","Damaru","Study","SandsOfTime"],"campfire_rested":6,"item_purchase_floors":[4,4,4,25,25,25,38,38,38,38,38],"current_hp_per_floor":[72,72,72,72,54,54,72,50,50,50,49,49,47,43,64,32,72,72,72,59,53,45,33,56,56,56,42,42,48,48,45,74,44,98,98,98,98,98,94,94,83,16,16,16,9,9,38,38,67,0,0],"gold":320,"neow_bonus":"THREE_ENEMY_KILL","is_daily":false,"chose_seed":false,"campfire_upgraded":1,"win_rate":0.0,"timestamp":1610477697,"path_taken":["M","M","?","?","?","E","R","E","T","R","M","M","M","M","R","BOSS","M","M","?","?","M","E","R","$","T","E","?","E","?","M","R","BOSS","M","?","?","$","M","E","M","E","T","?","M","?","R","M","R","BOSS"],"items_purchased_type":["Card","Card","Card","Card","Card","Relic","Relic","Relic","Relic","Card","Card"],"build_version":"2020-12-22","purchased_purges":0,"victory":false,"max_hp_per_floor":[72,72,72,72,72,72,72,72,72,72,72,72,72,72,72,72,72,72,72,77,77,77,77,77,77,77,84,84,98,98,98,98,98,98,98,98,98,98,98,98,98,98,98,98,98,98,98,98,98,98,98],"card_choices":[{"not_picked":["Crescendo","BowlingBash"],"picked":"JustLucky","floor":1},{"not_picked":["CrushJoints","JustLucky"],"picked":"Sanctity","floor":2},{"not_picked":["Halt","FlurryOfBlows"],"picked":"SandsOfTime","floor":5},{"not_picked":["Ragnarok","Perseverance"],"picked":"DeceiveReality","floor":6},{"not_picked":["Protect","Crescendo"],"picked":"Alpha","floor":8},{"not_picked":["Replay:BluntJabs","CrushJoints"],"picked":"EmptyBody","floor":11},{"not_picked":["Crescendo","FollowUp"],"picked":"LikeWater","floor":12},{"not_picked":["Evaluate","Replay:Anticipation"],"picked":"Wireheading","floor":13},{"not_picked":["FlyingSleeves","Replay:ManipulateFuture"],"picked":"Halt","floor":14},{"not_picked":["MasterReality","Alpha"],"picked":"Vault","floor":16},{"not_picked":["Replay:Anticipation+1","BowlingBash+1"],"picked":"TalkToTheHand+1","floor":18},{"not_picked":["BowlingBash","SashWhip"],"picked":"Replay:Vibes+1","floor":19},{"not_picked":["CrushJoints","ForeignInfluence"],"picked":"EmptyFist","floor":22},{"not_picked":["Replay:Vibes+1","ClearTheMind"],"picked":"CrushJoints","floor":23},{"not_picked":["WaveOfTheHand","ForeignInfluence+1"],"picked":"Omniscience","floor":27},{"not_picked":["Fasting2","PathToVictory"],"picked":"SashWhip+1","floor":29},{"not_picked":["SignatureMove","Wireheading"],"picked":"Consecrate","floor":31},{"not_picked":["Blasphemy","SpiritShield"],"picked":"Brilliance","floor":33},{"not_picked":["CrushJoints","SashWhip+1"],"picked":"Worship","floor":35},{"not_picked":["FlurryOfBlows","Alpha"],"picked":"Consecrate+1","floor":39},{"not_picked":["Consecrate","Swivel"],"picked":"CutThroughFate+1","floor":40},{"not_picked":["Replay:AtTheReady","MentalFortress+1"],"picked":"Swivel+1","floor":41},{"not_picked":["ForeignInfluence","Consecrate"],"picked":"CutThroughFate+1","floor":42},{"not_picked":["Replay:ManipulateFuture+1","Pray+1"],"picked":"Establishment","floor":44},{"not_picked":["SignatureMove","Wireheading+1"],"picked":"ClearTheMind","floor":45},{"not_picked":["Consecrate+1","FollowUp"],"picked":"BattleHymn+1","floor":48}],"player_experience":213106,"relics_obtained":[{"floor":6,"key":"Smiling Mask"},{"floor":8,"key":"ReplayTheSpireMod:Ninjato"},{"floor":9,"key":"War Paint"},{"floor":23,"key":"Oddly Smooth Stone"},{"floor":26,"key":"Ancient Tea Set"},{"floor":27,"key":"Strawberry"},{"floor":28,"key":"Replay:Bottled Eggs"},{"floor":29,"key":"Mango"},{"floor":30,"key":"Ring of Peace"},{"floor":30,"key":"Ring of Greed"},{"floor":30,"key":"Replay:Bandana"},{"floor":30,"key":"Replay:Wax Seal"},{"floor":40,"key":"Thread and Needle"},{"floor":42,"key":"MealTicket"},{"floor":43,"key":"Orichalcum"}],"event_choices":[{"damage_healed":0,"gold_gain":0,"player_choice":"Bought 0 Potions","damage_taken":0,"max_hp_gain":0,"max_hp_loss":0,"event_name":"The Woman in Blue","floor":3,"gold_loss":0},{"damage_healed":0,"gold_gain":0,"player_choice":"Shed Blood","damage_taken":18,"max_hp_gain":5,"max_hp_loss":0,"event_name":"Forgotten Altar","floor":20,"gold_loss":0},{"damage_healed":0,"gold_gain":0,"player_choice":"Joined the Cult","damage_taken":6,"max_hp_gain":0,"max_hp_loss":0,"event_name":"Nest","floor":21,"gold_loss":0,"cards_obtained":["RitualDagger"]},{"cards_removed":["Defend_P"],"damage_healed":0,"gold_gain":0,"player_choice":"Removed Skill","damage_taken":0,"max_hp_gain":0,"max_hp_loss":0,"event_name":"Falling","floor":36,"gold_loss":0},{"damage_healed":0,"gold_gain":0,"cards_transformed":["Defend_P","Defend_P"],"player_choice":"Transformed Cards","damage_taken":0,"max_hp_gain":0,"max_hp_loss":0,"event_name":"Designer","floor":37,"gold_loss":60,"cards_obtained":["Blasphemy","SpiritShield"]},{"damage_healed":0,"gold_gain":0,"player_choice":"Ignored","damage_taken":0,"max_hp_gain":0,"max_hp_loss":0,"event_name":"SecretPortal","floor":46,"gold_loss":0}],"is_beta":false,"boss_relics":[{"not_picked":["HolyWater","Philosopher\u0027s Stone"],"picked":"Sozu"},{"not_picked":["Empty Cage","VioletLotus"],"picked":"Replay:Bronze Core"}],"items_purged_floors":[],"is_endless":false,"potions_floor_spawned":[11,13,14,16,18,27,31,33,39,44],"killed_by":"Time Eater","ascension_level":1}}