{"host":"ff4g3thpm8pmsxyp","time":1610489815,"event":{"mods":["AchievementEnabler","BaseMod","Colored Map","DeckTracker","Highlight Path","Minty Spire (QoL Compilation)","Permanent Neow","Rare Cards Sparkle","Relic Stats","StSLib","SuperFastMode"],"gold_per_floor":[360,102,102,115,115,115,143,154,154,181,195,195,195,207,207,307,307,307],"floor_reached":17,"language":"ENG","playtime":1416,"items_purged":["Regret"],"score":228,"play_id":"6ac0def0-c7c1-4490-bbc5-b2baa0116888","local_time":"20210112171655","is_ascension_mode":true,"campfire_choices":[{"data":"Apotheosis","floor":6,"key":"SMITH"},{"data":"Scrawl","floor":13,"key":"SMITH"},{"data":"Eruption","floor":15,"key":"SMITH"}],"circlet_count":0,"master_deck":["Strike_P","Strike_P","Strike_P","Defend_P","Defend_P","Defend_P","Defend_P","Eruption+1","Vigilance","ThirdEye","Apotheosis+1","SpiritShield","EmptyFist","FollowUp","FollowUp","Wallop","Scrawl+1","DeusExMachina","CurseOfTheBell"],"relics":["PureWater","Orichalcum","Oddly Smooth Stone","Ice Cream","StrikeDummy","Calling Bell","Bag of Marbles","Girya","Blue Candle"],"acts_visited":["Exordium","TheCity"],"potions_floor_usage":[],"damage_taken":[{"damage":0,"enemies":"2 Louse","floor":1,"turns":1},{"damage":2,"enemies":"Jaw Worm","floor":4,"turns":5},{"damage":6,"enemies":"3 Sentries","floor":7,"turns":12},{"damage":0,"enemies":"Small Slimes","floor":8,"turns":4},{"damage":0,"enemies":"Lagavulin","floor":10,"turns":7},{"damage":0,"enemies":"3 Louse","floor":11,"turns":2},{"damage":2,"enemies":"Looter","floor":14,"turns":3},{"damage":26,"enemies":"The Guardian","floor":16,"turns":11}],"seed_played":"4493666653548209345","potions_obtained":[{"floor":4,"key":"Swift Potion"},{"floor":7,"key":"EntropicBrew"},{"floor":8,"key":"BlessingOfTheForge"},{"floor":11,"key":"Fire Potion"}],"is_trial":false,"path_per_floor":["M","$","?","M","T","R","E","M","T","E","M","?","R","M","R","B",null],"character_chosen":"WATCHER","items_purchased":["Apotheosis"],"campfire_rested":0,"item_purchase_floors":[2],"current_hp_per_floor":[72,72,72,70,70,70,64,64,64,64,64,64,64,62,62,36,72,72],"gold":307,"neow_bonus":"TWO_FIFTY_GOLD","is_daily":false,"chose_seed":false,"campfire_upgraded":3,"win_rate":0.0,"timestamp":1610489815,"path_taken":["M","$","?","M","?","R","E","M","T","E","M","?","R","M","R","BOSS"],"items_purchased_type":["Card"],"build_version":"2020-12-22","purchased_purges":1,"victory":false,"max_hp_per_floor":[72,72,72,72,72,72,72,72,72,72,72,72,72,72,72,72,72,72],"relic_stats":{"counters":[8,45],"Blue Candle":[0],"Orichalcum":[24],"obtain_stats":[{"Ice Cream":9,"Calling Bell":17,"Girya":17,"Blue Candle":17,"Oddly Smooth Stone":7,"Bag of Marbles":17,"PureWater":0,"Orichalcum":5,"StrikeDummy":10},{"Ice Cream":4,"Calling Bell":8,"Girya":8,"Blue Candle":8,"Oddly Smooth Stone":3,"Bag of Marbles":8,"PureWater":0,"Orichalcum":2,"StrikeDummy":5},{"Ice Cream":22,"Calling Bell":45,"Girya":45,"Blue Candle":45,"Oddly Smooth Stone":18,"Bag of Marbles":45,"PureWater":0,"Orichalcum":6,"StrikeDummy":29}]},"card_choices":[{"not_picked":["ForeignInfluence","FlurryOfBlows"],"picked":"ThirdEye","floor":1},{"not_picked":["Evaluate","TalkToTheHand"],"picked":"EmptyFist","floor":4},{"not_picked":["CrushJoints","PathToVictory"],"picked":"FollowUp","floor":7},{"not_picked":["EmptyBody","SashWhip"],"picked":"FollowUp","floor":8},{"not_picked":["WheelKick","Sanctity"],"picked":"Wallop","floor":10},{"not_picked":["CutThroughFate","JustLucky"],"picked":"Scrawl","floor":11},{"not_picked":["EmptyBody","FlyingSleeves","Pray"],"picked":"SKIP","floor":14},{"not_picked":["Brilliance","MasterReality"],"picked":"DeusExMachina","floor":16}],"player_experience":265277,"relics_obtained":[{"floor":5,"key":"Orichalcum"},{"floor":7,"key":"Oddly Smooth Stone"},{"floor":9,"key":"Ice Cream"},{"floor":10,"key":"StrikeDummy"},{"floor":17,"key":"Bag of Marbles"},{"floor":17,"key":"Girya"},{"floor":17,"key":"Blue Candle"}],"event_choices":[{"damage_healed":0,"gold_gain":0,"cards_transformed":["Strike_P"],"player_choice":"Change","damage_taken":0,"max_hp_gain":0,"max_hp_loss":0,"event_name":"Living Wall","floor":3,"gold_loss":0,"cards_obtained":["SpiritShield"]},{"damage_healed":0,"gold_gain":0,"player_choice":"Ignored","damage_taken":0,"max_hp_gain":0,"max_hp_loss":0,"event_name":"Liars Game","floor":12,"gold_loss":0}],"is_beta":false,"boss_relics":[{"not_picked":["Black Star","Astrolabe"],"picked":"Calling Bell"}],"items_purged_floors":[2],"is_endless":false,"potions_floor_spawned":[4,7,8,11,16],"ascension_level":4}}