{"host":"6swbl1yqdi8v28pk","time":1610410476,"event":{"mods":["AchievementEnabler","BaseMod","Colored Map","Minty Spire (QoL Compilation)","Quick Restart"],"gold_per_floor":[116,133,133,133,133,133,153,153,206,206,262,289,309,290,290,290,290],"floor_reached":16,"playtime":533,"items_purged":[],"score":100,"play_id":"41cc50d9-847f-489a-8547-4acfa87a7ebc","local_time":"20210111181436","is_ascension_mode":false,"campfire_choices":[{"data":"Bash","floor":6,"key":"SMITH"},{"floor":8,"key":"REST"},{"data":"Defend_R","floor":10,"key":"SMITH"},{"data":"Body Slam","floor":15,"key":"SMITH"}],"circlet_count":0,"master_deck":["Strike_R+1","Strike_R","Strike_R","Strike_R","Strike_R","Defend_R+1","Defend_R","Defend_R+1","Defend_R","Bash+1","Entrench+1","Iron Wave+1","Inflame","Double Tap","Shrug It Off","Body Slam+1"],"relics":["SacredBark","Juzu Bracelet","WingedGreaves","InkBottle"],"acts_visited":["Exordium"],"potions_floor_usage":[12,13,13],"damage_taken":[{"damage":5,"enemies":"Cultist","floor":1,"turns":4},{"damage":8,"enemies":"Small Slimes","floor":2,"turns":4},{"damage":0,"enemies":"Jaw Worm","floor":7,"turns":4},{"damage":53,"enemies":"Lagavulin Event","floor":11,"turns":9},{"damage":13,"enemies":"Lagavulin","floor":12,"turns":11},{"damage":0,"enemies":"Large Slime","floor":13,"turns":4},{"damage":4,"enemies":"Exordium Thugs","floor":14,"turns":7},{"damage":9,"enemies":"Slime Boss","floor":16,"turns":3}],"seed_played":"5558183298499985235","potions_obtained":[{"floor":1,"key":"SteroidPotion"},{"floor":11,"key":"ColorlessPotion"},{"floor":12,"key":"EssenceOfSteel"},{"floor":13,"key":"Fire Potion"}],"is_trial":false,"path_per_floor":["M","M","?","?","?","R","M","R","T","R","?","E","M","M","R","B"],"character_chosen":"IRONCLAD","items_purchased":[],"campfire_rested":1,"item_purchase_floors":[],"current_hp_per_floor":[75,67,51,51,51,51,51,75,75,75,22,9,9,5,5,0,0],"gold":290,"neow_bonus":"BOSS_RELIC","is_daily":false,"chose_seed":false,"campfire_upgraded":3,"win_rate":0.0,"timestamp":1610410476,"path_taken":["M","?","?","?","?","R","M","R","T","R","?","E","M","M","R","BOSS"],"items_purchased_type":[],"build_version":"2020-12-22","purchased_purges":0,"victory":false,"max_hp_per_floor":[80,80,80,80,80,80,80,80,80,80,80,80,80,80,80,80,80],"card_choices":[{"not_picked":["Combust","Burning Pact"],"picked":"Entrench","floor":1},{"not_picked":["Dropkick","Warcry"],"picked":"Iron Wave","floor":2},{"not_picked":["Twin Strike","Clash","Reckless Charge"],"picked":"SKIP","floor":7},{"not_picked":["Clothesline","Heavy Blade"],"picked":"Inflame","floor":11},{"not_picked":["Dual Wield","Havoc"],"picked":"Double Tap","floor":12},{"not_picked":["Flex","Headbutt"],"picked":"Shrug It Off","floor":13},{"not_picked":["Ghostly Armor","Shrug It Off"],"picked":"Body Slam","floor":14}],"player_experience":117013,"relics_obtained":[{"floor":9,"key":"Juzu Bracelet"},{"floor":12,"key":"InkBottle"}],"event_choices":[{"damage_healed":0,"gold_gain":0,"player_choice":"Entered Light","damage_taken":16,"max_hp_gain":0,"max_hp_loss":0,"event_name":"Shining Light","floor":3,"gold_loss":0,"cards_upgraded":["Strike_R","Defend_R"]},{"damage_healed":0,"gold_gain":0,"player_choice":"Grow","damage_taken":0,"max_hp_gain":0,"max_hp_loss":0,"event_name":"Living Wall","floor":4,"gold_loss":0,"cards_upgraded":["Entrench"]},{"damage_healed":0,"gold_gain":0,"player_choice":"Upgraded","damage_taken":0,"max_hp_gain":0,"max_hp_loss":0,"event_name":"Upgrade Shrine","floor":5,"gold_loss":0,"cards_upgraded":["Iron Wave"]},{"damage_healed":0,"gold_gain":0,"player_choice":"Searched \u00273\u0027 times","damage_taken":0,"relics_obtained":["WingedGreaves"],"max_hp_gain":0,"max_hp_loss":0,"event_name":"Dead Adventurer","floor":11,"gold_loss":0}],"is_beta":false,"boss_relics":[],"items_purged_floors":[],"is_endless":false,"potions_floor_spawned":[1,11,12,13],"killed_by":"Slime Boss","ascension_level":0}}