{"host":"l15sdf2mmi0nobpi","time":1610424216,"event":{"mods":["100% Spire Juice","BaseMod","Highlight Path","Minty Spire (QoL Compilation)","Quick Restart","StSLib","¡¾¹¦ÄÜMod¡¿Neow½±Àø"],"gold_per_floor":[119,132,146,163,179,206,206,233,309,309,324,357,374,384,384,486,486,497,422,268,281,308,308,334,334,334,360,260,289,83,95,95,199,199,215,231,246,246,261,293,322,351,351,377,408,408,408,108,108,108,108,108,56,88,88],"floor_reached":56,"playtime":2496,"items_purged":["Moonworks:Strike","Moonworks:Strike","Moonworks:x16BigRocket","Moonworks:Ambush"],"score":1559,"play_id":"d3ccdf3d-2fa1-41fd-995f-9977c4a42592","local_time":"20210112120336","is_ascension_mode":true,"campfire_choices":[{"data":"Moonworks:JonathanRush","floor":7.0,"key":"SMITH"},{"data":"Moonworks:OutOfAmmo","floor":10.0,"key":"SMITH"},{"data":"Moonworks:JonathanRush","floor":15.0,"key":"SMITH"},{"floor":23.0,"key":"RECALL"},{"floor":32.0,"key":"REST"},{"floor":46.0,"key":"REST"},{"floor":49,"key":"REST"},{"floor":52,"key":"REST"}],"circlet_count":0,"master_deck":["Moonworks:Defend","Moonworks:Defend","Moonworks:Defend","Moonworks:LongDistanceShot","Moonworks:StarBlastingFuse","Moonworks:RedAndBlue","Moonworks:WindyEnchantment","Moonworks:LulusLuckyEgg","Moonworks:MiracleRedBeanIceCream","Moonworks:JonathanRush+1","Moonworks:OutOfAmmo+1","Moonworks:JonathanRush+1","Moonworks:GoAway","Moonworks:TreasureThief","Moonworks:JonathanRush","Moonworks:RedAndBlue+1","Moonworks:JonathanRush","Moonworks:JonathanRush","Moonworks:TreasureThief","Moonworks:DeployBits+1","Moonworks:CloudOfSeagulls+1","Moonworks:LuckyCharm","Moonworks:JonathanRush+1","Moonworks:HolyNight","Moonworks:HolyNight","Moonworks:BindingChains+1"],"relics":["Moonworks:BrokenBomb","Moonworks:Homemark","Moonworks:LittleGull","TungstenRod","Eternal Feather","Lizard Tail","Fusion Hammer","Red Mask","Akabeko","Enchiridion","Unceasing Top","WingedGreaves","Cursed Key","PreservedInsect","Meat on the Bone","Nunchaku","Boot","Happy Flower","DollysMirror","Du-Vu Doll"],"acts_visited":["Exordium","TheCity","TheBeyond","TheEnding"],"potions_floor_usage":[54,55,55],"damage_taken":[{"damage":0.0,"enemies":"Cultist","floor":1.0,"turns":2.0},{"damage":0.0,"enemies":"Small Slimes","floor":2.0,"turns":3.0},{"damage":2.0,"enemies":"2 Louse","floor":3.0,"turns":3.0},{"damage":0.0,"enemies":"Red Slaver","floor":4.0,"turns":4.0},{"damage":3.0,"enemies":"Large Slime","floor":5.0,"turns":5.0},{"damage":0.0,"enemies":"Gremlin Nob","floor":6.0,"turns":3.0},{"damage":18.0,"enemies":"Lagavulin","floor":8.0,"turns":4.0},{"damage":4.0,"enemies":"Looter","floor":11.0,"turns":2.0},{"damage":7.0,"enemies":"Gremlin Nob","floor":12.0,"turns":3.0},{"damage":6.0,"enemies":"Lots of Slimes","floor":13.0,"turns":3.0},{"damage":2.0,"enemies":"Red Slaver","floor":14.0,"turns":3.0},{"damage":10.0,"enemies":"Slime Boss","floor":16.0,"turns":9.0},{"damage":3.0,"enemies":"2 Thieves","floor":18.0,"turns":4.0},{"damage":0.0,"enemies":"Chosen","floor":21.0,"turns":4.0},{"damage":8.0,"enemies":"Masked Bandits","floor":22.0,"turns":4.0},{"damage":8.0,"enemies":"Gremlin Leader","floor":24.0,"turns":6.0},{"damage":22.0,"enemies":"Slavers","floor":27.0,"turns":5.0},{"damage":3.0,"enemies":"Book of Stabbing","floor":29.0,"turns":4.0},{"damage":11.0,"enemies":"Shelled Parasite and Fungi","floor":31.0,"turns":4.0},{"damage":12.0,"enemies":"Champ","floor":33.0,"turns":7.0},{"damage":0.0,"enemies":"Orb Walker","floor":35.0,"turns":3.0},{"damage":0.0,"enemies":"3 Shapes","floor":36.0,"turns":3.0},{"damage":0.0,"enemies":"Spire Growth","floor":37.0,"turns":4.0},{"damage":8.0,"enemies":"Maw","floor":39.0,"turns":5.0},{"damage":0.0,"enemies":"Giant Head","floor":40.0,"turns":6.0},{"damage":0.0,"enemies":"Reptomancer","floor":41.0,"turns":4.0},{"damage":1.0,"enemies":"Giant Head","floor":42.0,"turns":4.0},{"damage":0.0,"enemies":"Nemesis","floor":44.0,"turns":3.0},{"damage":0.0,"enemies":"Giant Head","floor":45.0,"turns":3.0},{"damage":12,"enemies":"Time Eater","floor":50,"turns":5},{"damage":48,"enemies":"Shield and Spear","floor":54,"turns":5},{"damage":76,"enemies":"The Heart","floor":55,"turns":8}],"seed_played":"2909571502955668988","potions_obtained":[{"floor":2.0,"key":"Weak Potion"},{"floor":6.0,"key":"Regen Potion"},{"floor":8.0,"key":"GamblersBrew"},{"floor":12.0,"key":"SpeedPotion"},{"floor":27.0,"key":"LiquidMemories"},{"floor":33.0,"key":"AttackPotion"},{"floor":39.0,"key":"Explosive Potion"},{"floor":40.0,"key":"LiquidBronze"},{"floor":42.0,"key":"LiquidMemories"}],"is_trial":false,"path_per_floor":["M","M","M","M","M","E","R","E","T","R","M","E","M","M","R","B",null,"M","?","$","M","?","R","E","?","T","E","$","E","$","M","R","B",null,"M","M","M","?","M","E","E","E","T","E","E","R","?","$","R","B",null,"R","$","E","B",null],"character_chosen":"THE_STARBREAKER","items_purchased":["Moonworks:x16BigRocket","Moonworks:TreasureThief","DollysMirror","PowerPotion"],"campfire_rested":4,"item_purchase_floors":[20,30,48,53],"current_hp_per_floor":[42,42,40,40,37,42,42,29,29,38,39,37,36,34,43,38,60,60,60,60,60,56,60,57,45,45,44,44,46,46,35,59,47,59,59,59,59,69,61,66,69,69,69,69,69,69,69,69,69,57,69,69,69,38,28],"gold":88,"neow_bonus":"TRANSFORM_TWO_CARDS","is_daily":false,"chose_seed":false,"campfire_upgraded":3,"win_rate":0.0,"timestamp":1610424216,"path_taken":["M","M","?","M","M","E","R","E","T","R","M","E","M","M","R","BOSS","M","?","$","M","?","R","E","?","T","E","$","E","$","M","R","BOSS","M","M","M","?","?","E","E","E","T","E","E","R","?","$","R","BOSS","R","$","E","BOSS"],"items_purchased_type":["Card","Card","Relic","Potion"],"build_version":"2020-12-22","purchased_purges":4,"victory":true,"max_hp_per_floor":[60,60,60,60,60,60,60,60,60,60,60,60,60,60,60,60,60,60,60,60,60,60,60,60,60,60,59,59,59,59,59,59,59,59,59,59,59,69,69,69,69,69,69,69,69,69,69,69,69,69,69,69,69,69,69],"card_choices":[{"not_picked":["Moonworks:Assault","Moonworks:Dash"],"picked":"Moonworks:RedAndBlue","floor":1.0},{"not_picked":["Moonworks:BigMagnum","Moonworks:CompletionReward"],"picked":"Moonworks:WindyEnchantment","floor":2.0},{"not_picked":["Moonworks:ImOnFire","Moonworks:Dash","Moonworks:IndiscriminateFireSupport"],"picked":"SKIP","floor":3.0},{"not_picked":["Moonworks:Assault","Moonworks:SelfDestruct"],"picked":"Moonworks:LulusLuckyEgg","floor":4.0},{"not_picked":["Moonworks:SakisCookie","Moonworks:WindyEnchantment"],"picked":"Moonworks:MiracleRedBeanIceCream","floor":5.0},{"not_picked":["Moonworks:ImOnFire","Moonworks:Dash"],"picked":"Moonworks:JonathanRush","floor":6.0},{"not_picked":["Moonworks:BigBangBell","Moonworks:ReproductionOfRecords"],"picked":"Moonworks:OutOfAmmo","floor":8.0},{"not_picked":["Moonworks:ImOnFire","Moonworks:EvilSpyWorkPreparation"],"picked":"Moonworks:JonathanRush","floor":11.0},{"not_picked":["Moonworks:AnotherUltimateWeapon","Moonworks:FinalSurgery","Moonworks:TreasureThief"],"picked":"SKIP","floor":12.0},{"not_picked":["Moonworks:CompletionReward","Moonworks:LulusLuckyEgg","Moonworks:NicePresent"],"picked":"SKIP","floor":13.0},{"not_picked":["Moonworks:IndiscriminateFireSupport","Moonworks:Assault","Moonworks:DeployBits"],"picked":"SKIP","floor":14.0},{"not_picked":["Moonworks:PlushieMaster","Moonworks:Blazing"],"picked":"Moonworks:GoAway","floor":16.0},{"not_picked":["Moonworks:DeployBits","Moonworks:SakisCookie"],"picked":"Moonworks:TreasureThief","floor":18.0},{"not_picked":["Moonworks:ImOnFire","Moonworks:TacticalRetreat"],"picked":"Moonworks:JonathanRush","floor":21.0},{"not_picked":["Moonworks:RagingMadness+1","Moonworks:MixPhenomenon"],"picked":"Moonworks:RedAndBlue+1","floor":24.0},{"not_picked":["Moonworks:IndiscriminateFireSupport+1","Moonworks:NicePresent"],"picked":"Moonworks:JonathanRush","floor":27.0},{"not_picked":["Moonworks:CastOff+1","Moonworks:EvilSpyWorkPreparation+1"],"picked":"Moonworks:JonathanRush","floor":29.0},{"not_picked":["Moonworks:CastOff","Moonworks:ImOnFire","Moonworks:BindingChains"],"picked":"SKIP","floor":31.0},{"not_picked":["Moonworks:CloudOfSeagulls","Moonworks:UnpaidWork+1"],"picked":"Moonworks:DeployBits+1","floor":35.0},{"not_picked":["Moonworks:EvilSpyWorkPreparation","Moonworks:Bloodlust"],"picked":"Moonworks:CloudOfSeagulls+1","floor":36.0},{"not_picked":["Moonworks:SakisCookie+1","Moonworks:BigMagnum","Moonworks:DeployBits+1"],"picked":"SKIP","floor":37.0},{"not_picked":["Moonworks:UnpaidWork+1","Moonworks:IntelligenceOfficer+1","Moonworks:ImmovableObject+1"],"picked":"SKIP","floor":39.0},{"not_picked":["Moonworks:UnpaidWork","Moonworks:EvilSpyWorkPreparation+1","Moonworks:ForcedRevival+1"],"picked":"SKIP","floor":40.0},{"not_picked":["Moonworks:SubspaceTunnel","Moonworks:MiracleRedBeanIceCream+1"],"picked":"Moonworks:LuckyCharm","floor":41.0},{"not_picked":["Moonworks:EvilSpyWorkPreparation","Moonworks:CloudOfSeagulls","Moonworks:MixPhenomenon+1"],"picked":"SKIP","floor":42.0},{"not_picked":["Moonworks:EvilSpyWorkPreparation","Moonworks:CloudOfSeagulls","Moonworks:MixPhenomenon+1"],"picked":"SKIP","floor":42.0},{"not_picked":["Moonworks:Assault+1","Moonworks:Wanted"],"picked":"Moonworks:JonathanRush+1","floor":44.0},{"not_picked":["Moonworks:IndiscriminateFireSupport+1","Moonworks:Heat300Percent+1","Moonworks:AnotherUltimateWeapon"],"picked":"SKIP","floor":45.0},{"not_picked":["Moonworks:SealedMemories","Moonworks:IndiscriminateFireSupport"],"picked":"Moonworks:BindingChains+1","floor":54}],"player_experience":462326,"relics_obtained":[{"floor":6.0,"key":"Moonworks:LittleGull"},{"floor":8.0,"key":"TungstenRod"},{"floor":9.0,"key":"Eternal Feather"},{"floor":12.0,"key":"Lizard Tail"},{"floor":22.0,"key":"Red Mask"},{"floor":24.0,"key":"Akabeko"},{"floor":25.0,"key":"Enchiridion"},{"floor":27.0,"key":"Unceasing Top"},{"floor":29.0,"key":"WingedGreaves"},{"floor":40.0,"key":"PreservedInsect"},{"floor":41.0,"key":"Meat on the Bone"},{"floor":42.0,"key":"Nunchaku"},{"floor":44.0,"key":"Boot"},{"floor":45.0,"key":"Happy Flower"},{"floor":54,"key":"Du-Vu Doll"}],"event_choices":[{"cards_removed":["Moonworks:Strike"],"damage_healed":0.0,"max_hp_gain":0.0,"max_hp_loss":0.0,"gold_gain":0.0,"event_name":"Beggar","player_choice":"Gave Gold","floor":19.0,"gold_loss":75.0,"damage_taken":0.0},{"damage_healed":0.0,"max_hp_gain":0.0,"max_hp_loss":0.0,"gold_gain":0.0,"event_name":"Masked Bandits","player_choice":"Fought Bandits","floor":22.0,"gold_loss":0.0,"damage_taken":0.0},{"damage_healed":0.0,"max_hp_gain":0.0,"max_hp_loss":0.0,"gold_gain":0.0,"event_name":"Cursed Tome","player_choice":"Obtained Book","floor":25.0,"gold_loss":0.0,"damage_taken":16.0},{"cards_removed":["Moonworks:Accelerator"],"damage_healed":0.0,"max_hp_gain":10.0,"max_hp_loss":0.0,"gold_gain":0.0,"event_name":"Bonfire Elementals","player_choice":"Offered Rare","floor":38.0,"gold_loss":0.0,"damage_taken":0.0},{"damage_healed":0,"gold_gain":0,"player_choice":"1 cards matched","damage_taken":0,"max_hp_gain":0,"max_hp_loss":0,"event_name":"Match and Keep!","floor":47,"gold_loss":0,"cards_obtained":["Moonworks:HolyNight"]}],"is_beta":false,"boss_relics":[{"not_picked":["Astrolabe","SlaversCollar"],"picked":"Fusion Hammer"},{"not_picked":["Philosopher\u0027s Stone","Sozu"],"picked":"Cursed Key"}],"items_purged_floors":[20,28,30,48],"is_endless":false,"potions_floor_spawned":[2,6,8,11,12,14,21,27,29,33,39,40,42],"ascension_level":1}}