{"host":"vumwfieg2b2mnrfl","time":1610418641,"event":{"mods":["AchievementEnabler","BaseMod","Minty Spire (QoL Compilation)","Rare Cards Sparkle","Relic Stats"],"gold_per_floor":[109,57,22,34,54,85,85,85,85,129,129,129,204,227,227,348,348,348,348,348,348,348,348,348,348,348,348,348,167,167,167,167,167,167,167,167,167,167],"floor_reached":37,"playtime":1334,"items_purged":[],"score":596,"play_id":"b393f1c9-cab7-47e8-8817-561bf044f560","local_time":"20210111203041","is_ascension_mode":true,"campfire_choices":[{"floor":7,"key":"REST"},{"floor":11,"key":"REST"},{"data":"Streamline","floor":15,"key":"SMITH"},{"data":"Loop","floor":23,"key":"SMITH"},{"data":"Self Repair","floor":27,"key":"SMITH"},{"data":"Blizzard","floor":32,"key":"SMITH"}],"circlet_count":0,"master_deck":["AscendersBane","Strike_B","Strike_B","Strike_B","Strike_B","Defend_B","Defend_B","Defend_B","Defend_B","Zap","Dualcast","Cold Snap","Cold Snap","Rebound","Compile Driver","Ball Lightning","Machine Learning","Streamline+1","Electrodynamics","Self Repair+1","Loop+1","Coolheaded","Coolheaded","Blizzard+1","Glacier","Seek","Self Repair"],"relics":["Cracked Core","Torii","Kunai","Golden Idol","Blood Vial","DataDisk","CaptainsWheel","Ectoplasm","Red Mask","Art of War","Anchor","Vajra","Regal Pillow","Sozu"],"acts_visited":["Exordium","TheCity","TheBeyond"],"potions_floor_usage":[16,19,25,33,33,33,33,37],"damage_taken":[{"damage":2,"enemies":"2 Louse","floor":1,"turns":3},{"damage":0,"enemies":"Small Slimes","floor":4,"turns":2},{"damage":0,"enemies":"Jaw Worm","floor":5,"turns":3},{"damage":31,"enemies":"Gremlin Nob","floor":6,"turns":5},{"damage":27,"enemies":"Lagavulin","floor":10,"turns":7},{"damage":0,"enemies":"Blue Slaver","floor":14,"turns":3},{"damage":18,"enemies":"Hexaghost","floor":16,"turns":12},{"damage":11,"enemies":"3 Byrds","floor":18,"turns":3},{"damage":9,"enemies":"Masked Bandits","floor":19,"turns":2},{"damage":2,"enemies":"Shell Parasite","floor":21,"turns":5},{"damage":17,"enemies":"Slavers","floor":24,"turns":2},{"damage":9,"enemies":"3 Cultists","floor":25,"turns":5},{"damage":0,"enemies":"Centurion and Healer","floor":30,"turns":5},{"damage":9,"enemies":"Snake Plant","floor":31,"turns":4},{"damage":35,"enemies":"Automaton","floor":33,"turns":11},{"damage":12,"enemies":"3 Shapes","floor":35,"turns":3},{"damage":16,"enemies":"Orb Walker","floor":36,"turns":3},{"damage":66,"enemies":"Writhing Mass","floor":37,"turns":8}],"seed_played":"-5103768103678715166","potions_obtained":[{"floor":10,"key":"BlessingOfTheForge"},{"floor":14,"key":"SpeedPotion"},{"floor":16,"key":"Weak Potion"},{"floor":18,"key":"Weak Potion"},{"floor":19,"key":"EntropicBrew"},{"floor":25,"key":"DistilledChaos"},{"floor":31,"key":"PowerPotion"},{"floor":33,"key":"Fire Potion"}],"is_trial":false,"path_per_floor":["M","$","?","M","M","E","R","?","T","E","R","?","?","M","R","B",null,"M","?","?","M","?","R","E","M","T","R","T","$","M","M","R","B",null,"M","M","M"],"character_chosen":"DEFECT","items_purchased":["Cold Snap","Glacier","Regal Pillow"],"campfire_rested":2,"item_purchase_floors":[2,29,29],"current_hp_per_floor":[48,48,66,66,66,35,57,39,39,14,36,36,25,27,27,11,59,50,43,43,50,50,50,35,35,35,35,35,35,47,50,50,27,63,63,59,0,0],"gold":167,"neow_bonus":"ONE_RARE_RELIC","is_daily":false,"chose_seed":false,"campfire_upgraded":4,"win_rate":0.0,"timestamp":1610418641,"path_taken":["M","$","?","M","M","E","R","?","T","E","R","?","?","M","R","BOSS","M","?","?","?","?","R","E","M","T","R","?","?","M","M","R","BOSS","M","M","M"],"items_purchased_type":["Card","Card","Relic"],"build_version":"2020-12-22","purchased_purges":0,"victory":false,"max_hp_per_floor":[75,75,75,75,75,75,75,75,75,75,75,75,75,75,75,75,75,75,75,75,75,75,75,75,75,75,75,75,75,75,75,75,75,75,75,75,75,75],"relic_stats":{"Blood Vial":28,"Sozu":2,"Regal Pillow":0,"Torii":39,"counters":[18,86],"Golden Idol":110,"Ectoplasm":431,"Art of War":[2],"Kunai":[23],"obtain_stats":[{"Regal Pillow":29,"Torii":0,"Golden Idol":8,"Vajra":28,"Blood Vial":9,"Sozu":34,"DataDisk":10,"CaptainsWheel":12,"Anchor":26,"Ectoplasm":17,"Red Mask":19,"Art of War":24,"Kunai":6,"Cracked Core":0},{"Regal Pillow":12,"Torii":0,"Golden Idol":4,"Vajra":12,"Blood Vial":4,"Sozu":15,"DataDisk":5,"CaptainsWheel":5,"Anchor":12,"Ectoplasm":7,"Red Mask":9,"Art of War":11,"Kunai":4,"Cracked Core":0},{"Regal Pillow":52,"Torii":0,"Golden Idol":13,"Vajra":52,"Blood Vial":13,"Sozu":72,"DataDisk":20,"CaptainsWheel":20,"Anchor":52,"Ectoplasm":35,"Red Mask":40,"Art of War":47,"Kunai":13,"Cracked Core":0}]},"card_choices":[{"not_picked":["Aggregate","Beam Cell"],"picked":"Cold Snap","floor":1},{"not_picked":["Barrage","Gash"],"picked":"Rebound","floor":4},{"not_picked":["Reprogram","Go for the Eyes"],"picked":"Compile Driver","floor":5},{"not_picked":["Compile Driver","Undo"],"picked":"Ball Lightning","floor":6},{"not_picked":["Compile Driver","Barrage"],"picked":"Machine Learning","floor":10},{"not_picked":["Steam","Double Energy"],"picked":"Streamline","floor":14},{"not_picked":["Fission","Creative AI"],"picked":"Electrodynamics","floor":16},{"not_picked":["Steam+1","Chaos","Streamline+1"],"picked":"SKIP","floor":18},{"not_picked":["Heatsinks+1","Barrage"],"picked":"Self Repair","floor":19},{"not_picked":["Leap","Beam Cell"],"picked":"Loop","floor":21},{"not_picked":["White Noise","Barrage"],"picked":"Coolheaded","floor":24},{"not_picked":["Go for the Eyes","Barrage"],"picked":"Blizzard","floor":25},{"not_picked":["FTL","Streamline+1","Compile Driver"],"picked":"SKIP","floor":30},{"not_picked":["Coolheaded","Go for the Eyes","Compile Driver"],"picked":"SKIP","floor":31},{"not_picked":["Buffer","All For One"],"picked":"Seek","floor":33},{"not_picked":["Fusion","Darkness+1","Leap+1"],"picked":"SKIP","floor":35},{"not_picked":["White Noise+1","Cold Snap+1"],"picked":"Self Repair","floor":36}],"player_experience":407133,"relics_obtained":[{"floor":6,"key":"Kunai"},{"floor":9,"key":"Blood Vial"},{"floor":10,"key":"DataDisk"},{"floor":19,"key":"Red Mask"},{"floor":24,"key":"Art of War"},{"floor":26,"key":"Anchor"},{"floor":28,"key":"Vajra"}],"event_choices":[{"damage_healed":18,"gold_gain":0,"player_choice":"Healed","damage_taken":0,"max_hp_gain":0,"max_hp_loss":0,"event_name":"The Cleric","floor":3,"gold_loss":35},{"damage_healed":0,"gold_gain":0,"player_choice":"Take Damage","damage_taken":18,"relics_obtained":["Golden Idol"],"max_hp_gain":0,"max_hp_loss":0,"event_name":"Golden Idol","floor":8,"gold_loss":0},{"damage_healed":0,"gold_gain":0,"player_choice":"Box","damage_taken":0,"relics_obtained":["CaptainsWheel"],"max_hp_gain":0,"max_hp_loss":0,"event_name":"Big Fish","floor":12,"gold_loss":0,"cards_obtained":["Regret"]},{"damage_healed":0,"gold_gain":75,"player_choice":"Gather Gold","damage_taken":11,"max_hp_gain":0,"max_hp_loss":0,"event_name":"World of Goop","floor":13,"gold_loss":0},{"damage_healed":0,"gold_gain":0,"player_choice":"Fought Bandits","damage_taken":0,"max_hp_gain":0,"max_hp_loss":0,"event_name":"Masked Bandits","floor":19,"gold_loss":0},{"cards_removed":["Regret"],"damage_healed":0,"gold_gain":0,"player_choice":"Removed Curses","damage_taken":0,"max_hp_gain":0,"max_hp_loss":0,"event_name":"Fountain of Cleansing","floor":20,"gold_loss":0},{"damage_healed":0,"gold_gain":0,"player_choice":"Read","damage_taken":0,"max_hp_gain":0,"max_hp_loss":0,"event_name":"The Library","floor":22,"gold_loss":0,"cards_obtained":["Coolheaded"]}],"is_beta":false,"boss_relics":[{"not_picked":["Runic Pyramid","Busted Crown"],"picked":"Ectoplasm"},{"not_picked":["Cursed Key","Runic Dome"],"picked":"Sozu"}],"items_purged_floors":[],"is_endless":false,"potions_floor_spawned":[10,14,16,18,19,25,31,33,35,36],"killed_by":"Writhing Mass","ascension_level":10}}