{"host":"25beq07qjecnigqh","time":1610451104,"event":{"mods":["BaseMod","Minty Spire (QoL Compilation)"],"gold_per_floor":[119,138,138,149,167,167,194,23,48,75,97,97,110,56,56,155,155,165,165,184,200,216,216,216],"floor_reached":23,"playtime":1726,"items_purged":[],"score":238,"play_id":"44c7b8fe-283d-472d-a84c-7ac44e135ac7","local_time":"20210112193144","is_ascension_mode":true,"campfire_choices":[{"data":"Dropkick","floor":6,"key":"SMITH"},{"floor":12,"key":"REST"},{"data":"Dual Wield","floor":15,"key":"SMITH"}],"circlet_count":0,"master_deck":["Strike_R","Strike_R","Strike_R","Strike_R","Strike_R","Defend_R","Defend_R","Defend_R","Defend_R","Bash","Flex","Dropkick+1","Battle Trance","Flex","Pummel","Clash","Dual Wield+1","Infernal Blade","Ghostly Armor","Flex","Flex","Feed","Armaments","Clash+1","Clash"],"relics":["Burning Blood","NeowsBlessing","Pen Nib","Boot","Ancient Tea Set","Bottled Lightning","Odd Mushroom","Sozu"],"acts_visited":["Exordium","TheCity"],"potions_floor_usage":[7,10,11,16,16],"damage_taken":[{"damage":0,"enemies":"Small Slimes","floor":1,"turns":1},{"damage":0,"enemies":"2 Louse","floor":2,"turns":1},{"damage":0,"enemies":"Cultist","floor":4,"turns":1},{"damage":11,"enemies":"3 Louse","floor":5,"turns":5},{"damage":40,"enemies":"3 Sentries","floor":7,"turns":7},{"damage":11,"enemies":"Lagavulin","floor":10,"turns":4},{"damage":7,"enemies":"The Mushroom Lair","floor":11,"turns":3},{"damage":0,"enemies":"2 Fungi Beasts","floor":13,"turns":2},{"damage":21,"enemies":"Hexaghost","floor":16,"turns":7},{"damage":34,"enemies":"Spheric Guardian","floor":18,"turns":6},{"damage":22,"enemies":"3 Byrds","floor":20,"turns":4},{"damage":38,"enemies":"Snecko","floor":21,"turns":6},{"damage":23,"enemies":"Centurion and Healer","floor":22,"turns":4},{"damage":19,"enemies":"Gremlin Leader","floor":23,"turns":3}],"seed_played":"7567904940788371524","potions_obtained":[{"floor":4,"key":"DuplicationPotion"},{"floor":5,"key":"Dexterity Potion"},{"floor":10,"key":"Fire Potion"},{"floor":11,"key":"Fire Potion"},{"floor":13,"key":"PowerPotion"}],"is_trial":false,"path_per_floor":["M","M","?","M","M","R","E","$","T","E","?","R","M","$","R","B",null,"M","?","M","M","M","E"],"character_chosen":"IRONCLAD","items_purchased":["Clash","Dual Wield","Infernal Blade","Flex"],"campfire_rested":1,"item_purchase_floors":[8,8,8,14],"current_hp_per_floor":[80,80,55,61,56,56,22,22,22,17,16,40,46,46,46,31,80,52,80,64,32,18,0,0],"gold":216,"neow_bonus":"THREE_ENEMY_KILL","is_daily":false,"chose_seed":false,"campfire_upgraded":2,"win_rate":0.0,"timestamp":1610451104,"path_taken":["M","M","?","M","M","R","E","$","T","E","?","R","M","$","R","BOSS","M","?","M","?","M","E"],"items_purchased_type":["Card","Card","Card","Card"],"build_version":"2020-12-22","purchased_purges":0,"victory":false,"max_hp_per_floor":[80,80,80,80,80,80,80,80,80,80,80,80,80,80,80,80,80,80,80,80,80,83,83,83],"card_choices":[{"not_picked":["Warcry","Bloodletting"],"picked":"Flex","floor":1},{"not_picked":["Bloodletting","Armaments"],"picked":"Dropkick","floor":2},{"not_picked":["Dark Embrace","Clothesline"],"picked":"Battle Trance","floor":4},{"not_picked":["Sword Boomerang","Thunderclap"],"picked":"Flex","floor":5},{"not_picked":["Pommel Strike","Perfected Strike"],"picked":"Pummel","floor":7},{"not_picked":["Clothesline","Barricade","Heavy Blade"],"picked":"SKIP","floor":10},{"not_picked":["True Grit","Disarm"],"picked":"Ghostly Armor","floor":11},{"not_picked":["Headbutt","Power Through"],"picked":"Flex","floor":13},{"not_picked":["Impervious","Demon Form"],"picked":"Feed","floor":16},{"not_picked":["Fire Breathing","Pummel+1"],"picked":"Rupture","floor":18},{"not_picked":["Wild Strike","True Grit"],"picked":"Armaments","floor":20},{"not_picked":["Heavy Blade+1","Pommel Strike+1"],"picked":"Clash+1","floor":21},{"not_picked":["Metallicize","Twin Strike"],"picked":"Clash","floor":22}],"player_experience":32632,"relics_obtained":[{"floor":7,"key":"Boot"},{"floor":9,"key":"Ancient Tea Set"},{"floor":10,"key":"Bottled Lightning"},{"floor":11,"key":"Odd Mushroom"}],"event_choices":[{"damage_healed":0,"gold_gain":0,"player_choice":"Success","damage_taken":25,"relics_obtained":["Pen Nib"],"max_hp_gain":0,"max_hp_loss":0,"event_name":"Scrap Ooze","floor":3,"gold_loss":0},{"damage_healed":0,"gold_gain":0,"player_choice":"Fought Mushrooms","damage_taken":0,"max_hp_gain":0,"max_hp_loss":0,"event_name":"Mushrooms","floor":11,"gold_loss":0},{"cards_removed":["Rupture"],"damage_healed":28,"gold_gain":0,"player_choice":"Offered Uncommon","damage_taken":0,"max_hp_gain":0,"max_hp_loss":0,"event_name":"Bonfire Elementals","floor":19,"gold_loss":0}],"is_beta":false,"boss_relics":[{"not_picked":["Tiny House","Calling Bell"],"picked":"Sozu"}],"items_purged_floors":[],"is_endless":false,"potions_floor_spawned":[4,5,10,11,13,20,22],"killed_by":"Gremlin Leader","ascension_level":1}}