{"host":"l97fnvmr74b5xfzs","time":1610475324,"event":{"mods":["AchievementEnabler","BaseMod","Better Third Choice","Downfall","Evolution","Minty Spire (QoL Compilation)","Relic Stats","StSLib"],"gold_per_floor":[99,114,129,144,144,159,159,189,204,204,219,219,234,8,23,23,23],"floor_reached":16,"playtime":1968,"items_purged":["Regret"],"score":156,"play_id":"ba5097fb-958c-42b5-9d79-a66e8c275980","local_time":"20210112131524","daily_mods":["downfall:ChampStances","downfall:Jewelcrafting","downfall:ExchangeController"],"is_ascension_mode":false,"campfire_choices":[],"circlet_count":0,"master_deck":["sneckomod:Strike","sneckomod:Strike","sneckomod:Strike","sneckomod:Defend","sneckomod:Defend","sneckomod:Defend+1","sneckomod:TailWhip","sneckomod:SnekBite","sneckomod:Unknown+1","sneckomod:Unknown","Guardian:ExploitGems","Guardian:ExploitGems","sneckomod:DiceCrush+1","sneckomod:Unknown2Cost","sneckomod:UnknownUncommonPower","sneckomod:IronFang","sneckomod:Unknown0Cost","sneckomod:IronFang","Guardian:Gem_Red","Guardian:Gem_Synthetic","sneckomod:UnknownClassSLIMEBOUND","sneckomod:ImprovisedGuard","sneckomod:ImprovisedGuard","sneckomod:CheapStock","sneckomod:UnknownClassGUARDIAN","sneckomod:ImprovisedAttack"],"relics":["sneckomod:SneckoSoul","EVO:Axolotl","Guardian:PickAxe","champ:ChampStancesModRelic","downfall:NeowBlessing_Player","Orichalcum","The Courier","downfall:ShatteredFragment"],"acts_visited":["Exordium"],"potions_floor_usage":[],"damage_taken":[{"damage":7,"enemies":"Cultist","floor":2,"turns":3},{"damage":11,"enemies":"2 Louse","floor":3,"turns":3},{"damage":4,"enemies":"Jaw Worm","floor":4,"turns":6},{"damage":23,"enemies":"Gremlin Gang","floor":6,"turns":6},{"damage":63,"enemies":"Lagavulin","floor":8,"turns":10},{"damage":15,"enemies":"Large Slime","floor":9,"turns":5},{"damage":8,"enemies":"Red Slaver","floor":11,"turns":3},{"damage":21,"enemies":"Exordium Thugs","floor":13,"turns":3},{"damage":14,"enemies":"downfall:FleeingMerchant","floor":14,"turns":4},{"damage":9,"enemies":"3 Louse","floor":15,"turns":3},{"damage":26,"enemies":"downfall:Silent","floor":16,"turns":4}],"seed_played":"-5514344210177769252","potions_obtained":[{"floor":2,"key":"DuplicationPotion"},{"floor":3,"key":"BlessingOfTheForge"},{"floor":6,"key":"Weak Potion"},{"floor":6,"key":"Explosive Potion"},{"floor":9,"key":"GamblersBrew"}],"is_trial":false,"path_per_floor":["R","M","M","M","?","M","T","E","M","R","M","?","M","$","M","B"],"character_chosen":"THE_SNECKO","items_purchased":["sneckomod:CheapStock","sneckomod:UnknownClassGUARDIAN","sneckomod:ImprovisedAttack"],"campfire_rested":0,"item_purchase_floors":[14,14,14],"current_hp_per_floor":[190,189,182,181,181,158,158,96,81,81,74,53,36,32,23,0,0],"gold":23,"neow_bonus":"","is_daily":true,"chose_seed":false,"campfire_upgraded":0,"win_rate":0.0,"timestamp":1610475324,"path_taken":["R","M","?","M","?","M","T","E","M","R","M","?","M","$","M","BOSS"],"items_purchased_type":["Card","Card","Card"],"build_version":"2020-12-22","purchased_purges":1,"victory":false,"max_hp_per_floor":[190,190,191,192,192,192,192,193,193,193,194,194,194,195,195,195,195],"relic_stats":{"counters":[11,50],"Orichalcum":[84],"obtain_stats":[{"Guardian:PickAxe":0,"champ:ChampStancesModRelic":0,"downfall:ShatteredFragment":12,"downfall:NeowBlessing_Player":0,"The Courier":8,"EVO:Axolotl":0,"Orichalcum":7,"sneckomod:SneckoSoul":0},{"Guardian:PickAxe":0,"champ:ChampStancesModRelic":0,"downfall:ShatteredFragment":7,"downfall:NeowBlessing_Player":0,"The Courier":5,"EVO:Axolotl":0,"Orichalcum":4,"sneckomod:SneckoSoul":0},{"Guardian:PickAxe":0,"champ:ChampStancesModRelic":0,"downfall:ShatteredFragment":36,"downfall:NeowBlessing_Player":0,"The Courier":28,"EVO:Axolotl":0,"Orichalcum":18,"sneckomod:SneckoSoul":0}]},"card_choices":[{"not_picked":["sneckomod:UnknownClassBLUE","sneckomod:MasterEye"],"picked":"sneckomod:DiceCrush","floor":2},{"not_picked":["sneckomod:SnakeSap","sneckomod:DiceCrush"],"picked":"sneckomod:Unknown2Cost","floor":3},{"not_picked":["sneckomod:UnknownVulnerable","sneckomod:QuickBite"],"picked":"sneckomod:UnknownUncommonPower","floor":4},{"not_picked":["sneckomod:DefensiveFlair","sneckomod:UnknownClassRED"],"picked":"sneckomod:IronFang","floor":6},{"not_picked":["sneckomod:UnknownWeak","sneckomod:QuickMove"],"picked":"sneckomod:Unknown0Cost","floor":8},{"not_picked":["sneckomod:QuickMove","sneckomod:UnknownCommonSkill"],"picked":"sneckomod:IronFang","floor":9},{"not_picked":["sneckomod:Mudshield","sneckomod:RainOfDice"],"picked":"sneckomod:UnknownClassSLIMEBOUND","floor":11},{"not_picked":["sneckomod:UnknownWeak","sneckomod:Unknown0Cost"],"picked":"sneckomod:ImprovisedGuard","floor":13},{"not_picked":["sneckomod:SoulDraw","sneckomod:SoulRoll"],"picked":"sneckomod:ImprovisedGuard","floor":14},{"not_picked":["sneckomod:WideSting","sneckomod:RainOfDice","sneckomod:UnknownCommonSkill"],"picked":"SKIP","floor":15}],"player_experience":290174,"relics_obtained":[{"floor":7,"key":"Orichalcum"},{"floor":8,"key":"The Courier"}],"event_choices":[],"is_beta":false,"boss_relics":[],"items_purged_floors":[14],"is_endless":false,"potions_floor_spawned":[2,3,6,9],"killed_by":"downfall:Silent","ascension_level":0}}