{"host":"tnsigirk6wurdark","time":1610490705,"event":{"mods":["BaseMod","Colored Map","Colored Powertips","Highlight Path","Minty Spire (QoL Compilation)","Quick Restart","Relic Sorter","StSLib","Synergy Search"],"gold_per_floor":[114,45,56,56,75,107,127,127,127,127,147,147,220,233,233,307,307,318,44,70,70,120,120,120],"floor_reached":23,"language":"ENG","playtime":1079,"items_purged":[],"score":331,"play_id":"84bd8605-1651-4df5-90ac-8eeee3bf02a7","local_time":"20210112223145","is_ascension_mode":true,"campfire_choices":[{"floor":10,"key":"REST"},{"data":"Deadly Poison","floor":12,"key":"SMITH"},{"data":"Deadly Poison","floor":15,"key":"SMITH"}],"circlet_count":0,"master_deck":["AscendersBane","Strike_G","Strike_G","Strike_G","Defend_G","Defend_G","Defend_G","Defend_G","Defend_G","Survivor","Neutralize","Slice","Infinite Blades","Dagger Throw","PiercingWail","Deadly Poison+1","Deadly Poison+1","PiercingWail","Die Die Die","Quick Slash","Infinite Blades+1"],"relics":["Empty Cage","Bird Faced Urn","Gremlin Horn","Frozen Egg 2","Black Star","PreservedInsect","Juzu Bracelet"],"acts_visited":["Exordium","TheCity"],"potions_floor_usage":[6,6,7,16,16,23],"damage_taken":[{"damage":3,"enemies":"Cultist","floor":1,"turns":6},{"damage":0,"enemies":"2 Louse","floor":3,"turns":4},{"damage":0,"enemies":"Jaw Worm","floor":5,"turns":3},{"damage":21,"enemies":"3 Sentries","floor":6,"turns":12},{"damage":6,"enemies":"Lots of Slimes","floor":7,"turns":9},{"damage":3,"enemies":"2 Fungi Beasts","floor":11,"turns":4},{"damage":1,"enemies":"Looter","floor":14,"turns":3},{"damage":26,"enemies":"Slime Boss","floor":16,"turns":13},{"damage":38,"enemies":"Spheric Guardian","floor":18,"turns":6},{"damage":28,"enemies":"Book of Stabbing","floor":23,"turns":3}],"seed_played":"1691326903606190867","potions_obtained":[{"floor":1,"key":"Swift Potion"},{"floor":3,"key":"SneckoOil"},{"floor":6,"key":"Dexterity Potion"},{"floor":7,"key":"SteroidPotion"},{"floor":14,"key":"ColorlessPotion"}],"is_trial":false,"path_per_floor":["M","$","M","$","M","E","M","?","T","R","M","R","T","M","R","B",null,"M","$","T","?","?","E"],"character_chosen":"THE_SILENT","items_purchased":["Infinite Blades","Infinite Blades+1","PreservedInsect","Dexterity Potion"],"campfire_rested":1,"item_purchase_floors":[2,19,19,19],"current_hp_per_floor":[56,56,56,56,56,35,31,31,31,50,47,47,47,46,46,22,55,19,19,19,19,19,0,0],"gold":120,"neow_bonus":"BOSS_RELIC","is_daily":false,"chose_seed":false,"campfire_upgraded":2,"win_rate":0.0,"timestamp":1610490705,"path_taken":["M","$","?","?","M","E","M","?","T","R","M","R","?","M","R","BOSS","M","$","?","?","?","E"],"items_purchased_type":["Card","Card","Relic","Potion"],"build_version":"2020-12-22","purchased_purges":0,"victory":false,"max_hp_per_floor":[66,66,66,66,66,66,66,66,66,66,66,66,66,66,66,66,66,66,66,66,66,66,66,66],"card_choices":[{"not_picked":["Leg Sweep","Deflect"],"picked":"Slice","floor":1},{"not_picked":["Well Laid Plans","Blade Dance"],"picked":"Dagger Throw","floor":3},{"not_picked":["Outmaneuver","Underhanded Strike"],"picked":"PiercingWail","floor":5},{"not_picked":["Storm of Steel","Prepared","Catalyst"],"picked":"SKIP","floor":6},{"not_picked":["Acrobatics","Outmaneuver"],"picked":"Deadly Poison","floor":7},{"not_picked":["Finisher","Riddle With Holes"],"picked":"Deadly Poison","floor":11},{"not_picked":["Cloak And Dagger","Deflect"],"picked":"PiercingWail","floor":14},{"not_picked":["Phantasmal Killer","Glass Knife"],"picked":"Die Die Die","floor":16},{"not_picked":["Underhanded Strike+1","Crippling Poison"],"picked":"Quick Slash","floor":18}],"player_experience":695690,"relics_obtained":[{"floor":6,"key":"Bird Faced Urn"},{"floor":9,"key":"Gremlin Horn"},{"floor":13,"key":"Frozen Egg 2"},{"floor":20,"key":"Juzu Bracelet"}],"event_choices":[{"damage_healed":0,"gold_gain":0,"player_choice":"Ignored","damage_taken":0,"max_hp_gain":0,"max_hp_loss":0,"event_name":"Shining Light","floor":8,"gold_loss":0},{"damage_healed":0,"gold_gain":0,"player_choice":"Ignored","damage_taken":0,"max_hp_gain":0,"max_hp_loss":0,"event_name":"Vampires","floor":21,"gold_loss":0},{"damage_healed":0,"gold_gain":100,"player_choice":"Bet on Murderer","damage_taken":0,"max_hp_gain":0,"max_hp_loss":0,"event_name":"The Joust","floor":22,"gold_loss":50}],"is_beta":false,"boss_relics":[{"not_picked":["WristBlade","Astrolabe"],"picked":"Black Star"}],"items_purged_floors":[],"is_endless":false,"potions_floor_spawned":[1,3,6,7,14],"killed_by":"Book of Stabbing","ascension_level":15}}