{"host":"Connor","time":1610483671,"event":{"mods":["Aspiration","BaseMod","Downfall","Hubris","Marisa????????","Minty Spire (QoL Compilation)","Replay The Spire","StSLib","The Cursed","The Jungle","The Servant 0.9.4"],"gold_per_floor":[10,160,177,11,24,49,124,124,124],"floor_reached":8,"language":"ENG","playtime":243,"items_purged":[],"score":109,"play_id":"6cb36243-a79f-45a0-9055-a7b2e7a7eea5","local_time":"20210112123431","is_ascension_mode":true,"campfire_choices":[],"circlet_count":0,"master_deck":["AscendersBane","Strike_R","Strike_R","Strike_R","Strike_R","Strike_R","Defend_R","Defend_R","Defend_R","Defend_R","Bash","Eclipse","Havoc","Doubt","Reaper","Uppercut","Searing Blow"],"relics":["Burning Blood","aspiration:Nostalgia","Sizzling Blood","Juzu Bracelet"],"acts_visited":["Exordium"],"potions_floor_usage":[5,6,6,6],"damage_taken":[{"damage":9,"enemies":"Jaw Worm","floor":1,"turns":3},{"damage":4,"enemies":"Small Slimes","floor":3,"turns":4},{"damage":7,"enemies":"Cultist","floor":5,"turns":4},{"damage":20,"enemies":"Lagavulin","floor":6,"turns":4},{"damage":70,"enemies":"3 Sentries","floor":8,"turns":8}],"seed_played":"4885702099868871408","potions_obtained":[{"floor":3,"key":"Explosive Potion"},{"floor":5,"key":"EntropicBrew"}],"is_trial":false,"path_per_floor":["M","?","M","$","M","E","?","E"],"character_chosen":"IRONCLAD","items_purchased":["aspiration:Nostalgia"],"campfire_rested":0,"item_purchase_floors":[4],"current_hp_per_floor":[65,65,67,71,77,67,56,0,0],"gold":124,"neow_bonus":"THREE_RARE_CARDS","is_daily":false,"chose_seed":false,"campfire_upgraded":0,"win_rate":0.0,"timestamp":1610483671,"path_taken":["M","?","M","$","M","E","?","E"],"items_purchased_type":["Relic"],"build_version":"2020-12-18","purchased_purges":0,"victory":false,"max_hp_per_floor":[75,75,75,79,79,79,79,79,79],"card_choices":[{"not_picked":["Reaper","hubris:StunningStrike"],"picked":"Eclipse","floor":0},{"not_picked":["Wild Strike","Thunderclap"],"picked":"Havoc","floor":1},{"not_picked":["Run Through","Shrug It Off"],"picked":"Reaper","floor":3},{"not_picked":["Wild Strike","Clothesline"],"picked":"Uppercut","floor":5},{"not_picked":["Run Through","Havoc"],"picked":"Searing Blow","floor":6}],"player_experience":615563,"relics_obtained":[{"floor":6,"key":"Juzu Bracelet"}],"event_choices":[{"damage_healed":0,"gold_gain":150,"player_choice":"AGREE","damage_taken":0,"max_hp_gain":0,"max_hp_loss":0,"event_name":"Liars Game","floor":2,"gold_loss":0,"cards_obtained":["Doubt"]},{"damage_healed":0,"gold_gain":75,"player_choice":"Gather Gold","damage_taken":11,"max_hp_gain":0,"max_hp_loss":0,"event_name":"World of Goop","floor":7,"gold_loss":0}],"is_beta":true,"boss_relics":[],"items_purged_floors":[],"is_endless":false,"potions_floor_spawned":[3,5],"killed_by":"3 Sentries","ascension_level":19}}