{"host":"gg","time":1610425730,"event":{"mods":["BaseMod","Colored Map","Googly Eyes","Minty Spire (QoL Compilation)","Permanent Neow","Relic Stats","The IronCluck"],"gold_per_floor":[109,384,30,45,61,88,107,107,107,436,450,174,249,64,64,64,64],"floor_reached":16,"playtime":923,"items_purged":["Regret"],"score":270,"play_id":"18f82745-96c9-490c-bc6a-d6e883a9e8d6","local_time":"20210111202850","is_ascension_mode":true,"campfire_choices":[{"data":"FollowUp","floor":8,"key":"SMITH"},{"floor":15,"key":"DIG"}],"circlet_count":0,"master_deck":["AscendersBane","Strike_P","Strike_P","Strike_P","Strike_P","Defend_P","Defend_P","Defend_P","Defend_P","Eruption","Vigilance","EmptyFist","JustLucky","FollowUp+1","Wallop","CarveReality","Tantrum","Dark Shackles"],"relics":["Philosopher\u0027s Stone","Gremlin Horn","Shovel","TungstenRod","Old Coin","Shuriken","Regal Pillow"],"acts_visited":["Exordium"],"potions_floor_usage":[6],"damage_taken":[{"damage":0,"enemies":"Jaw Worm","floor":1,"turns":3},{"damage":0,"enemies":"Cultist","floor":4,"turns":3},{"damage":2,"enemies":"Small Slimes","floor":5,"turns":4},{"damage":29,"enemies":"3 Sentries","floor":6,"turns":7},{"damage":0,"enemies":"2 Fungi Beasts","floor":7,"turns":2},{"damage":0,"enemies":"Gremlin Nob","floor":10,"turns":3},{"damage":0,"enemies":"Large Slime","floor":11,"turns":3},{"damage":25,"enemies":"The Guardian","floor":16,"turns":2}],"seed_played":"-2850764390407599887","potions_obtained":[{"floor":5,"key":"LiquidMemories"},{"floor":11,"key":"LiquidBronze"}],"is_trial":false,"path_per_floor":["M","?","$","M","M","E","M","R","T","E","M","$","?","$","R","B"],"character_chosen":"WATCHER","items_purchased":["Gremlin Horn","Shuriken","Tantrum","Dark Shackles"],"campfire_rested":0,"item_purchase_floors":[3,12,14,14],"current_hp_per_floor":[61,61,61,61,59,30,30,30,30,30,30,30,20,20,20,0,0],"gold":64,"neow_bonus":"BOSS_RELIC","is_daily":false,"chose_seed":false,"campfire_upgraded":1,"win_rate":0.0,"timestamp":1610425730,"path_taken":["M","?","$","M","?","E","M","R","T","E","?","$","?","$","R","BOSS"],"items_purchased_type":["Relic","Relic","Card","Card"],"build_version":"2020-12-18","purchased_purges":1,"victory":false,"max_hp_per_floor":[68,68,68,68,68,68,68,68,68,68,68,68,68,68,68,68,68],"relic_stats":{"Regal Pillow":0,"Shovel":1,"Gremlin Horn":[5,5],"counters":[8,27],"Shuriken":[0],"obtain_stats":[{"Regal Pillow":15,"Shovel":6,"Gremlin Horn":3,"Shuriken":12,"Philosopher\u0027s Stone":0,"PureWater":0,"TungstenRod":9,"Old Coin":10},{"Regal Pillow":7,"Shovel":4,"Gremlin Horn":1,"Shuriken":7,"Philosopher\u0027s Stone":0,"PureWater":0,"TungstenRod":5,"Old Coin":6},{"Regal Pillow":25,"Shovel":17,"Gremlin Horn":3,"Shuriken":25,"Philosopher\u0027s Stone":0,"PureWater":0,"TungstenRod":19,"Old Coin":22}],"TungstenRod":2},"card_choices":[{"not_picked":["ClearTheMind","LikeWater"],"picked":"EmptyFist","floor":1},{"not_picked":["ThirdEye","Evaluate","Protect"],"picked":"SKIP","floor":4},{"not_picked":["Establishment","Perseverance"],"picked":"JustLucky","floor":5},{"not_picked":["BattleHymn","FlyingSleeves"],"picked":"FollowUp","floor":6},{"not_picked":["FlurryOfBlows","Pray"],"picked":"Wallop","floor":7},{"not_picked":["Evaluate","Consecrate"],"picked":"CarveReality","floor":10}],"player_experience":1176102,"relics_obtained":[{"floor":6,"key":"Shovel"},{"floor":9,"key":"TungstenRod"},{"floor":10,"key":"Old Coin"},{"floor":15,"key":"Regal Pillow"}],"event_choices":[{"damage_healed":0,"gold_gain":275,"player_choice":"Desecrate","damage_taken":0,"max_hp_gain":0,"max_hp_loss":0,"event_name":"Golden Shrine","floor":2,"gold_loss":0,"cards_obtained":["Regret"]},{"damage_healed":0,"gold_gain":75,"player_choice":"Gather Gold","damage_taken":11,"max_hp_gain":0,"max_hp_loss":0,"event_name":"World of Goop","floor":13,"gold_loss":0}],"is_beta":true,"boss_relics":[],"items_purged_floors":[3],"is_endless":false,"potions_floor_spawned":[5,11],"killed_by":"The Guardian","ascension_level":20}}