{"host":"jfbo3eu2ui08ej1u","time":1610421190,"event":{"mods":["2.2 Compatiblity","AchievementEnabler","Act Like it!","Aspiration","BaseMod","Better Altar","Better Match","Better Note","Better Sensory Stone","Better Skull","Better Third Choice","Block Reminder","Colored Map","Colored Powertips","Conspire","DeckTracker","Displayed Cursed Tome","Downfall","Energized Spire","Fox Events","GifTheSpireLib","Hermit","Hubris","Infinite Spire","Marked Mod","Minty Spire (QoL Compilation)","Pale of the Ancients","Quick Restart","RRrroohrrRGHHhhh!!","Relic Filter","Reorder Act Four","Replay The Spire","Shop Mod","Spicy Shops","StSLib","Stuff the Spire","The Blue Laboratory","The Disciple","The Forsaken","The Hierophant","The Marked","Uncapped","Unceasing Turn Reminder","Wandering Minibosses"],"gold_per_floor":[99,118,136,146,34,65,65,79,92,109,34,34,47,47,60,60,60,60],"floor_reached":16,"playtime":876,"items_purged":[],"score":111,"play_id":"9933f9a5-1d85-4c14-933c-3e21f631b196","local_time":"20210111221310","is_ascension_mode":true,"campfire_choices":[{"data":"Slimebound:Strike_Slimebound","floor":1,"key":"PURGE"},{"floor":11,"key":"REST"}],"circlet_count":0,"master_deck":["Slimebound:Strike_Slimebound","Slimebound:Strike_Slimebound","Slimebound:Tackle","Slimebound:Defend_Slimebound","Slimebound:Defend_Slimebound","Slimebound:Defend_Slimebound","Slimebound:Defend_Slimebound","Slimebound:Split","Slimebound:CorrosiveSpit","Slimebound:SplitBruiser","Slimebound:SplitLeeching","Slimebound:PressTheAttack","Slimebound:Prepare","Replay:SS_hec_1","Slimebound:FirmFortitude","Slimebound:SplitAcid","Slimebound:ProtectTheBoss","Slimebound:ForwardTackle","Slimebound:SlimeBarrage","Slimebound:Teamwork"],"relics":["Slimebound:AbsorbEndCombat","ReplayFunnel","downfall:HeartBlessingGreen","hubris:SlimyHat"],"acts_visited":["Exordium"],"potions_floor_usage":[9],"damage_taken":[{"damage":8,"enemies":"conspire:RoseBush","floor":2,"turns":3},{"damage":8,"enemies":"Small Slimes","floor":3,"turns":2},{"damage":14,"enemies":"Jaw Worm","floor":4,"turns":6},{"damage":13,"enemies":"downfall:FleeingMerchant","floor":5,"turns":4},{"damage":33,"enemies":"Gremlin Nob","floor":6,"turns":5},{"damage":32,"enemies":"Lots of Slimes","floor":8,"turns":4},{"damage":15,"enemies":"2 Fungi Beasts","floor":9,"turns":2},{"damage":12,"enemies":"Blue Slaver","floor":10,"turns":4},{"damage":12,"enemies":"3 Louse","floor":13,"turns":4},{"damage":20,"enemies":"Lots of Slimes","floor":15,"turns":2},{"damage":30,"enemies":"downfall:Defect","floor":16,"turns":8}],"seed_played":"-3041076562405777170","potions_obtained":[{"floor":2,"key":"blueLaboratory:BubblePotion"},{"floor":4,"key":"Doom Potion"},{"floor":6,"key":"blueLaboratory:AbyssPotion"},{"floor":10,"key":"blueLaboratory:TrueEctoplasm"}],"is_trial":false,"path_per_floor":["R_BF","M","M","M","$","E","T","M","M","M","R","?","M","?","M","B"],"character_chosen":"SLIMEBOUND","items_purchased":["Replay:SS_hec_1"],"campfire_rested":1,"item_purchase_floors":[5],"current_hp_per_floor":[60,60,60,60,60,39,39,19,12,16,34,34,34,34,26,0,0,0],"gold":60,"neow_bonus":"THREE_CARDS","is_daily":false,"chose_seed":false,"campfire_upgraded":0,"win_rate":0.0,"timestamp":1610421190,"path_taken":["R_BF","M","M","M","$","E","T","M","M","M","R","?","M","?","M","BOSS"],"items_purchased_type":["Card"],"build_version":"2020-12-22","purchased_purges":0,"victory":false,"max_hp_per_floor":[60,60,60,60,60,60,60,60,60,60,60,60,60,60,60,60,60,60],"card_choices":[{"not_picked":["Slimebound:AcidTongue","Slimebound:ComboTackle"],"picked":"Slimebound:SplitBruiser","floor":0},{"not_picked":["Slimebound:LeechingTouch","Slimebound:Prepare"],"picked":"Slimebound:SplitLeeching","floor":2},{"not_picked":["Slimebound:Schlurp","Slimebound:HauntingLick"],"picked":"Slimebound:PressTheAttack","floor":3},{"not_picked":["Slimebound:BestDefense","Slimebound:GoopTackle","Slimebound:GoopSpray"],"picked":"SKIP","floor":4},{"not_picked":["Slimebound:ViciousTackle","Slimebound:Dissolve"],"picked":"Slimebound:Prepare","floor":5},{"not_picked":["Slimebound:DouseInSlime","Slimebound:Equalize"],"picked":"Slimebound:FirmFortitude","floor":6},{"not_picked":["Slimebound:GoopSpray","Slimebound:RollThrough"],"picked":"Slimebound:SplitAcid","floor":8},{"not_picked":["Slimebound:SplitMire","Slimebound:LeechEnergy"],"picked":"Slimebound:ProtectTheBoss","floor":9},{"not_picked":["Slimebound:GoopSpray","Slimebound:ComboTackle"],"picked":"Slimebound:ForwardTackle","floor":10},{"not_picked":["Slimebound:FirmFortitude","Slimebound:SplitAcid"],"picked":"Slimebound:SlimeBarrage","floor":13},{"not_picked":["Slimebound:SplitLeeching","Slimebound:Schlurp"],"picked":"Slimebound:Teamwork","floor":15}],"player_experience":1213796,"relics_obtained":[{"floor":6,"key":"ReplayFunnel"}],"event_choices":[],"is_beta":false,"boss_relics":[],"items_purged_floors":[],"is_endless":false,"potions_floor_spawned":[2,4,6,10,13],"killed_by":"downfall:Defect","ascension_level":1}}