{"host":"ilhhjx796p2x2wmd","time":1610442983,"event":{"mods":["AchievementEnabler","BaseMod","BetterRewards","Colored Map","Colored Powertips","DeckTracker","Highlight Path","Minty Spire (QoL Compilation)","Permanent Neow","Rare Cards Sparkle","Shop Mod"],"gold_per_floor":[112,37,57,76,90,118,118,118,118,118,137,162,162,189,189,294,294,294,294,94,94,9,9,9,9,9,9,9,9,9,9,9,9,9,9,9,9,9,9,9,9,9,9,9,9,9,9,9,9,9],"floor_reached":51,"playtime":2426,"items_purged":["Doubt"],"score":998,"play_id":"9db9702b-affa-4771-8ea7-b22bb4d65ccd","local_time":"20210112181623","is_ascension_mode":true,"campfire_choices":[{"data":"Armaments","floor":8.0,"key":"SMITH"},{"data":"Bash","floor":10.0,"key":"SMITH"},{"data":"Heavy Blade","floor":15.0,"key":"SMITH"},{"data":"Berserk","floor":23.0,"key":"SMITH"},{"data":"Double Tap","floor":27.0,"key":"SMITH"},{"data":"Offering","floor":29.0,"key":"SMITH"},{"floor":32.0,"key":"REST"},{"floor":41,"key":"REST"},{"floor":47,"key":"REST"},{"data":"True Grit","floor":49,"key":"SMITH"}],"circlet_count":0,"master_deck":["Strike_R","Strike_R","Strike_R","Strike_R","Defend_R","Defend_R","Defend_R","Bash+1","Bludgeon","Perfected Strike","Spot Weakness","Armaments+1","Flame Barrier","Heavy Blade+1","Inflame","Offering+1","Double Tap+1","Inflame","Berserk+1","Clothesline","Shrug It Off","Heavy Blade+1","Bash","Finesse","Impervious","Pommel Strike+1","Armaments+1","Evolve+1","Double Tap","CurseOfTheBell","Infernal Blade","Inflame+1","True Grit+1","Berserk+1","Master of Strategy","Impatience","Pummel"],"relics":["Burning Blood","Pear","Champion Belt","Unceasing Top","Happy Flower","Turnip","Ectoplasm","Vajra","Anchor","Pocketwatch","Centennial Puzzle","Toy Ornithopter","TungstenRod","Calling Bell","Bag of Preparation","Frozen Egg 2","Charon\u0027s Ashes","Magic Flower","Gremlin Horn","Letter Opener","Orichalcum","Bird Faced Urn"],"acts_visited":["Exordium","TheCity","TheBeyond"],"potions_floor_usage":[44,48,48,48],"damage_taken":[{"damage":7.0,"enemies":"Small Slimes","floor":1.0,"turns":2.0},{"damage":6.0,"enemies":"Cultist","floor":3.0,"turns":3.0},{"damage":0.0,"enemies":"2 Louse","floor":4.0,"turns":2.0},{"damage":35.0,"enemies":"Lots of Slimes","floor":5.0,"turns":5.0},{"damage":35.0,"enemies":"Lagavulin","floor":6.0,"turns":4.0},{"damage":0.0,"enemies":"Exordium Wildlife","floor":11.0,"turns":3.0},{"damage":15.0,"enemies":"3 Sentries","floor":12.0,"turns":5.0},{"damage":32.0,"enemies":"Lagavulin","floor":14.0,"turns":5.0},{"damage":27.0,"enemies":"Hexaghost","floor":16.0,"turns":6.0},{"damage":6.0,"enemies":"Spheric Guardian","floor":18.0,"turns":2.0},{"damage":19.0,"enemies":"Shell Parasite","floor":21.0,"turns":3.0},{"damage":8.0,"enemies":"Gremlin Leader","floor":25.0,"turns":3.0},{"damage":25.0,"enemies":"Slavers","floor":28.0,"turns":4.0},{"damage":6.0,"enemies":"Gremlin Leader","floor":30.0,"turns":3.0},{"damage":0.0,"enemies":"Cultist and Chosen","floor":31.0,"turns":3.0},{"damage":29.0,"enemies":"Champ","floor":33.0,"turns":6.0},{"damage":0.0,"enemies":"3 Darklings","floor":35.0,"turns":4.0},{"damage":15.0,"enemies":"3 Shapes","floor":36.0,"turns":4.0},{"damage":30.0,"enemies":"Mind Bloom Boss Battle","floor":37.0,"turns":4.0},{"damage":0.0,"enemies":"Jaw Worm Horde","floor":38.0,"turns":2.0},{"damage":68,"enemies":"Giant Head","floor":40,"turns":7},{"damage":18,"enemies":"Sphere and 2 Shapes","floor":42,"turns":4},{"damage":26,"enemies":"Nemesis","floor":44,"turns":5},{"damage":5,"enemies":"Transient","floor":46,"turns":5},{"damage":9,"enemies":"2 Orb Walkers","floor":48,"turns":2},{"damage":74,"enemies":"Time Eater","floor":50,"turns":9}],"seed_played":"4782539250587435394","potions_obtained":[{"floor":4.0,"key":"CultistPotion"},{"floor":6.0,"key":"FairyPotion"},{"floor":11.0,"key":"AttackPotion"},{"floor":16.0,"key":"SmokeBomb"},{"floor":21.0,"key":"Weak Potion"},{"floor":30.0,"key":"HeartOfIron"},{"floor":31.0,"key":"SkillPotion"},{"floor":40,"key":"Weak Potion"},{"floor":44,"key":"Weak Potion"},{"floor":46,"key":"DistilledChaos"}],"is_trial":false,"path_per_floor":["M","$","M","M","M","E","?","R","T","R","M","E","?","E","R","B",null,"M","?","$","M","?","R","?","E","T","R","E","R","E","M","R","B",null,"M","M","?","M","?","E","R","M","T","E","?","M","R","?","R","B",null],"character_chosen":"IRONCLAD","items_purchased":["Vajra","Shrug It Off"],"campfire_rested":3,"item_purchase_floors":[20,20],"current_hp_per_floor":[79,79,79,80,51,32,29,29,29,29,35,26,26,33,33,12,90,90,72,72,59,59,59,59,57,57,57,38,38,38,44,72,49,95,95,86,67,84,84,25,53,44,44,35,31,35,63,87,87,37],"gold":9,"neow_bonus":"THREE_RARE_CARDS","is_daily":false,"chose_seed":false,"campfire_upgraded":7,"win_rate":0.0,"timestamp":1610442983,"path_taken":["M","$","M","M","M","E","?","R","T","R","M","E","?","E","R","BOSS","M","?","$","M","?","R","?","E","T","R","E","R","E","M","R","BOSS","M","M","?","M","?","E","R","?","T","E","?","M","R","?","R","BOSS"],"items_purchased_type":["Relic","Card"],"build_version":"2020-12-22","purchased_purges":1,"victory":true,"max_hp_per_floor":[80,80,80,80,80,90,90,90,90,90,90,90,90,90,90,90,90,90,95,95,95,95,95,95,95,95,95,95,95,95,95,95,95,95,95,95,95,95,95,95,95,95,95,95,95,95,95,95,95,95],"card_choices":[{"not_picked":["Impervious","Berserk"],"picked":"Bludgeon","floor":0.0},{"not_picked":["True Grit","Cleave"],"picked":"Perfected Strike","floor":1.0},{"not_picked":["Clothesline","Warcry"],"picked":"Spot Weakness","floor":3.0},{"not_picked":["Heavy Blade","Clash"],"picked":"Armaments","floor":4.0},{"not_picked":["Metallicize","Seeing Red"],"picked":"Flame Barrier","floor":5.0},{"not_picked":["Second Wind","Armaments"],"picked":"Heavy Blade","floor":6.0},{"not_picked":["Heavy Blade","Sever Soul"],"picked":"Inflame","floor":11.0},{"not_picked":["Twin Strike","Wild Strike"],"picked":"Offering","floor":12.0},{"not_picked":["Anger","Heavy Blade"],"picked":"Inflame","floor":14.0},{"not_picked":["Reaper","Barricade"],"picked":"Berserk","floor":16.0},{"not_picked":["Flex","Body Slam"],"picked":"Clothesline","floor":18.0},{"not_picked":["Infernal Blade","Rampage+1"],"picked":"Heavy Blade+1","floor":21.0},{"not_picked":["Sword Boomerang","Body Slam+1"],"picked":"Impervious","floor":25.0},{"not_picked":["Flex","Searing Blow"],"picked":"Pommel Strike+1","floor":28.0},{"not_picked":["Cleave","Perfected Strike"],"picked":"Armaments+1","floor":30.0},{"not_picked":["Sword Boomerang","Armaments"],"picked":"Evolve+1","floor":31.0},{"not_picked":["Brutality","Corruption"],"picked":"Double Tap","floor":33.0},{"not_picked":["Headbutt","Heavy Blade"],"picked":"Infernal Blade","floor":35.0},{"not_picked":["Twin Strike","Carnage","Perfected Strike"],"picked":"SKIP","floor":36.0},{"not_picked":["Reckless Charge+1","Perfected Strike+1"],"picked":"Inflame+1","floor":40},{"not_picked":["Bloodletting+1","Twin Strike"],"picked":"True Grit","floor":42},{"not_picked":["Cleave+1","True Grit+1"],"picked":"Berserk+1","floor":44},{"not_picked":["Madness","Secret Weapon"],"picked":"Master of Strategy","floor":45},{"not_picked":["Enlightenment","Blind"],"picked":"Impatience","floor":45},{"not_picked":["Thunderclap","Second Wind"],"picked":"Pummel","floor":46}],"player_experience":291978,"relics_obtained":[{"floor":6.0,"key":"Pear"},{"floor":9.0,"key":"Unceasing Top"},{"floor":12.0,"key":"Happy Flower"},{"floor":14.0,"key":"Turnip"},{"floor":25.0,"key":"Pocketwatch"},{"floor":26.0,"key":"Centennial Puzzle"},{"floor":28.0,"key":"Toy Ornithopter"},{"floor":30.0,"key":"TungstenRod"},{"floor":34.0,"key":"Bag of Preparation"},{"floor":34.0,"key":"Frozen Egg 2"},{"floor":34.0,"key":"Charon\u0027s Ashes"},{"floor":37.0,"key":"Magic Flower"},{"floor":40,"key":"Gremlin Horn"},{"floor":43,"key":"Letter Opener"},{"floor":44,"key":"Orichalcum"},{"floor":48,"key":"Bird Faced Urn"}],"event_choices":[{"damage_healed":0.0,"max_hp_gain":0.0,"max_hp_loss":0.0,"gold_gain":0.0,"event_name":"Scrap Ooze","player_choice":"Success","floor":7.0,"gold_loss":0.0,"damage_taken":3.0,"relics_obtained":["Champion Belt"]},{"damage_healed":0.0,"max_hp_gain":0.0,"max_hp_loss":0.0,"gold_gain":0.0,"cards_transformed":["Defend_R"],"event_name":"Transmorgrifier","player_choice":"Transformed","floor":13.0,"gold_loss":0.0,"damage_taken":0.0,"cards_obtained":["Double Tap"]},{"damage_healed":0.0,"max_hp_gain":5.0,"max_hp_loss":0.0,"gold_gain":0.0,"event_name":"Forgotten Altar","player_choice":"Shed Blood","floor":19.0,"gold_loss":0.0,"damage_taken":23.0},{"damage_healed":0.0,"max_hp_gain":0.0,"max_hp_loss":0.0,"gold_gain":0.0,"event_name":"Addict","player_choice":"Obtained Relic","floor":22.0,"gold_loss":85.0,"damage_taken":0.0,"relics_obtained":["Anchor"]},{"damage_healed":0.0,"max_hp_gain":0.0,"max_hp_loss":0.0,"gold_gain":0.0,"event_name":"Match and Keep!","player_choice":"2 cards matched","floor":24.0,"gold_loss":0.0,"damage_taken":0.0,"cards_obtained":["Bash","Finesse"]},{"damage_healed":0.0,"max_hp_gain":0.0,"max_hp_loss":0.0,"gold_gain":0.0,"event_name":"MindBloom","player_choice":"Fight","floor":37.0,"gold_loss":0.0,"damage_taken":0.0},{"cards_removed":["Strike_R"],"damage_healed":0,"gold_gain":0,"player_choice":"Offered Basic","damage_taken":0,"max_hp_gain":0,"max_hp_loss":0,"event_name":"Bonfire Elementals","floor":39,"gold_loss":0},{"damage_healed":0,"gold_gain":0,"player_choice":"Memory 2","damage_taken":5,"max_hp_gain":0,"max_hp_loss":0,"event_name":"SensoryStone","floor":45,"gold_loss":0},{"damage_healed":0,"gold_gain":0,"player_choice":"Fight","damage_taken":0,"max_hp_gain":0,"max_hp_loss":0,"event_name":"Mysterious Sphere","floor":48,"gold_loss":0}],"is_beta":false,"boss_relics":[{"not_picked":["Philosopher\u0027s Stone","Runic Cube"],"picked":"Ectoplasm"},{"not_picked":["Cursed Key","Tiny House"],"picked":"Calling Bell"}],"items_purged_floors":[2],"is_endless":false,"potions_floor_spawned":[4,6,11,16,21,30,31,33,36,40,44,46],"ascension_level":3}}