{"host":"6swbl1yqdi8v28pk","time":1610409940,"event":{"mods":["AchievementEnabler","BaseMod","Colored Map","Minty Spire (QoL Compilation)","Quick Restart"],"gold_per_floor":[116,133,13,30,47,47,79,91,91,91,105,105,124,141,141,241,241,256,75,92,109,128,128,128],"floor_reached":23,"playtime":1034,"items_purged":["Strike_R","Strike_R"],"score":199,"play_id":"f59d0e69-3de4-42cb-b0cf-282feef88ca8","local_time":"20210111180540","is_ascension_mode":false,"campfire_choices":[{"data":"Clothesline","floor":6,"key":"SMITH"},{"data":"Iron Wave","floor":10,"key":"SMITH"},{"floor":15,"key":"REST"}],"circlet_count":0,"master_deck":["Strike_R","Strike_R","Defend_R","Defend_R","Defend_R","Defend_R","Bash","Hemokinesis","Iron Wave+1","Clothesline+1","Rampage","True Grit","Juggernaut","Blood for Blood+1","Ghostly Armor"],"relics":["Burning Blood","Magic Flower","Sundial","Orichalcum","Snecko Eye"],"acts_visited":["Exordium","TheCity"],"potions_floor_usage":[7,16,16,16,21,23],"damage_taken":[{"damage":3,"enemies":"Cultist","floor":1,"turns":5},{"damage":3,"enemies":"Jaw Worm","floor":2,"turns":4},{"damage":2,"enemies":"Small Slimes","floor":4,"turns":3},{"damage":26,"enemies":"Gremlin Gang","floor":5,"turns":5},{"damage":15,"enemies":"Gremlin Nob","floor":7,"turns":4},{"damage":14,"enemies":"Exordium Wildlife","floor":8,"turns":5},{"damage":7,"enemies":"Red Slaver","floor":11,"turns":3},{"damage":2,"enemies":"3 Louse","floor":13,"turns":3},{"damage":5,"enemies":"Exordium Wildlife","floor":14,"turns":5},{"damage":75,"enemies":"Slime Boss","floor":16,"turns":14},{"damage":2,"enemies":"Spheric Guardian","floor":18,"turns":3},{"damage":10,"enemies":"2 Thieves","floor":20,"turns":4},{"damage":0,"enemies":"Snake Plant","floor":21,"turns":2},{"damage":26,"enemies":"3 Cultists","floor":22,"turns":6},{"damage":64,"enemies":"Gremlin Leader","floor":23,"turns":5}],"seed_played":"8595554306556549149","potions_obtained":[{"floor":5,"key":"Swift Potion"},{"floor":7,"key":"BloodPotion"},{"floor":13,"key":"EntropicBrew"},{"floor":16,"key":"FearPotion"}],"is_trial":false,"path_per_floor":["M","M","$","M","M","R","E","M","T","R","M","?","M","M","R","B",null,"M","$","M","M","M","E"],"character_chosen":"IRONCLAD","items_purchased":["Clothesline","Ghostly Armor"],"campfire_rested":1,"item_purchase_floors":[3,19],"current_hp_per_floor":[62,68,68,75,58,58,52,47,47,47,49,49,56,60,80,38,80,80,80,79,80,63,0,0],"gold":128,"neow_bonus":"ONE_RARE_RELIC","is_daily":false,"chose_seed":false,"campfire_upgraded":2,"win_rate":0.0,"timestamp":1610409940,"path_taken":["M","M","$","M","M","R","E","?","T","R","M","?","M","M","R","BOSS","M","$","M","M","M","E"],"items_purchased_type":["Card","Card"],"build_version":"2020-12-22","purchased_purges":2,"victory":false,"max_hp_per_floor":[80,80,80,80,80,80,80,80,80,80,80,80,80,80,80,80,80,80,80,80,80,80,80,80],"card_choices":[{"not_picked":["Sword Boomerang","Bloodletting"],"picked":"Hemokinesis","floor":1},{"not_picked":["Armaments","Spot Weakness"],"picked":"Iron Wave","floor":2},{"not_picked":["Clash","Second Wind","Spot Weakness"],"picked":"SKIP","floor":4},{"not_picked":["Infernal Blade","Twin Strike"],"picked":"Rampage","floor":5},{"not_picked":["Blood for Blood","Anger","Clash"],"picked":"SKIP","floor":7},{"not_picked":["Flex","Wild Strike","Iron Wave"],"picked":"SKIP","floor":8},{"not_picked":["Fiend Fire","Evolve"],"picked":"True Grit","floor":11},{"not_picked":["Havoc","True Grit","Power Through"],"picked":"SKIP","floor":13},{"not_picked":["Entrench","Clash","Thunderclap"],"picked":"SKIP","floor":14},{"not_picked":["Immolate","Brutality"],"picked":"Juggernaut","floor":16},{"not_picked":["Headbutt","Bloodletting"],"picked":"Blood for Blood+1","floor":18},{"not_picked":["Dual Wield","Pommel Strike","Wild Strike"],"picked":"SKIP","floor":20},{"not_picked":["Flex","Pummel+1","Intimidate"],"picked":"SKIP","floor":21},{"not_picked":["Carnage","True Grit","Thunderclap"],"picked":"SKIP","floor":22}],"player_experience":117013,"relics_obtained":[{"floor":7,"key":"Sundial"},{"floor":9,"key":"Orichalcum"}],"event_choices":[{"cards_removed":["Strike_R"],"damage_healed":0,"gold_gain":0,"player_choice":"Forget","damage_taken":0,"max_hp_gain":0,"max_hp_loss":0,"event_name":"Living Wall","floor":12,"gold_loss":0}],"is_beta":false,"boss_relics":[{"not_picked":["Runic Pyramid","Calling Bell"],"picked":"Snecko Eye"}],"items_purged_floors":[3,19],"is_endless":false,"potions_floor_spawned":[5,7,13,16,18],"killed_by":"Gremlin Leader","ascension_level":0}}