{"host":"1a3cjta80tad0aqj","time":1610429322,"event":{"mods":["2.2 Compatiblity","AchievementEnabler","BaseMod","Colored Map","DeckTracker","KOR Keyword Fix","Keyboard Shortcuts","Minty Spire (QoL Compilation)","Permanent Neow","Quick Restart","Random Character Button","StSLib","SuperFastMode","everything is the same but u backflip on backflip"],"gold_per_floor":[210,228,246,121,71,98,114,114,139,139,164,239,256,15,15,120,120,133,153,153,153,105,130,149,149,176,187,204,234,246,282,282,383,383,407,263,263,288,313,313,335,335,382,382,393,393,428,4,4,4,4],"floor_reached":50,"playtime":2342,"items_purged":["Defend_R","Defend_R","Defend_R"],"score":567,"play_id":"d5c7140c-bb36-4693-af49-5b0c1455e2f9","local_time":"20210112142842","is_ascension_mode":false,"campfire_choices":[{"data":"Bash","floor":10.0,"key":"SMITH"},{"data":"Perfected Strike","floor":15.0,"key":"SMITH"},{"floor":25.0,"key":"REST"},{"floor":32.0,"key":"REST"},{"data":"Armaments","floor":40.0,"key":"SMITH"},{"floor":42.0,"key":"REST"},{"floor":49.0,"key":"REST"}],"circlet_count":0,"master_deck":["Strike_R","Strike_R","Strike_R","Strike_R","Strike_R","Bash+1","Shrug It Off","Anger","Shrug It Off","Wild Strike","Wild Strike","Perfected Strike+1","Cleave","Armaments+1","Warcry","Armaments+1","Anger+1","Flex+1","Thunderclap+1","Twin Strike","Wild Strike+1","Shrug It Off","Twin Strike+1","Twin Strike+1","Perfected Strike+1","Pommel Strike+1"],"relics":["Burning Blood","Anchor","Art of War","Regal Pillow","Eternal Feather","Sozu","TungstenRod","Omamori","Centennial Puzzle","CeramicFish","SlaversCollar","Strawberry","Meat on the Bone","Ice Cream"],"acts_visited":["Exordium","TheCity","TheBeyond"],"potions_floor_usage":[50],"damage_taken":[{"damage":1.0,"enemies":"Cultist","floor":1.0,"turns":4.0},{"damage":5.0,"enemies":"Small Slimes","floor":2.0,"turns":5.0},{"damage":5.0,"enemies":"2 Louse","floor":3.0,"turns":2.0},{"damage":14.0,"enemies":"Gremlin Nob","floor":6.0,"turns":3.0},{"damage":2.0,"enemies":"Looter","floor":7.0,"turns":3.0},{"damage":26.0,"enemies":"3 Sentries","floor":11.0,"turns":8.0},{"damage":2.0,"enemies":"Exordium Thugs","floor":13.0,"turns":3.0},{"damage":54.0,"enemies":"Hexaghost","floor":16.0,"turns":10.0},{"damage":5.0,"enemies":"Shell Parasite","floor":18.0,"turns":3.0},{"damage":13.0,"enemies":"3 Byrds","floor":19.0,"turns":4.0},{"damage":44.0,"enemies":"Gremlin Leader","floor":23.0,"turns":5.0},{"damage":30.0,"enemies":"3 Cultists","floor":24.0,"turns":6.0},{"damage":15.0,"enemies":"Shelled Parasite and Fungi","floor":27.0,"turns":5.0},{"damage":3.0,"enemies":"Centurion and Healer","floor":28.0,"turns":5.0},{"damage":26.0,"enemies":"Book of Stabbing","floor":29.0,"turns":5.0},{"damage":1.0,"enemies":"3 Cultists","floor":30.0,"turns":5.0},{"damage":38.0,"enemies":"Gremlin Leader","floor":31.0,"turns":6.0},{"damage":57.0,"enemies":"Champ","floor":33.0,"turns":9.0},{"damage":0.0,"enemies":"3 Shapes","floor":35.0,"turns":3.0},{"damage":0.0,"enemies":"Orb Walker","floor":38.0,"turns":2.0},{"damage":56.0,"enemies":"Maw","floor":39.0,"turns":8.0},{"damage":23.0,"enemies":"Writhing Mass","floor":41.0,"turns":6.0},{"damage":5.0,"enemies":"Sphere and 2 Shapes","floor":45.0,"turns":4.0},{"damage":72.0,"enemies":"Giant Head","floor":47.0,"turns":7.0},{"damage":96,"enemies":"Awakened One","floor":50,"turns":8}],"seed_played":"239362931542361570","potions_obtained":[{"floor":3.0,"key":"ElixirPotion"},{"floor":16.0,"key":"Regen Potion"}],"is_trial":false,"path_per_floor":["M","M","M","$","?","E","M","?","T","R","E","?","M","$","R","B",null,"M","M","?","?","$","E","M","R","T","M","M","E","M","E","R","B",null,"M","$","?","M","M","R","M","R","T","?","M","?","E","$","R","B"],"character_chosen":"IRONCLAD","items_purchased":["Fire Potion","Eternal Feather","Warcry","Shrug It Off","Ice Cream"],"campfire_rested":4,"item_purchase_floors":[4,14,22,36,48],"current_hp_per_floor":[80,80,80,80,80,72,76,76,76,76,56,45,49,49,55,7,80,80,73,73,58,58,20,11,60,60,51,54,34,39,7,59,8,85,85,85,85,85,35,50,33,85,92,87,87,87,21,21,77,0,0],"gold":4,"neow_bonus":"HUNDRED_GOLD","is_daily":false,"chose_seed":false,"campfire_upgraded":3,"win_rate":0.0,"timestamp":1610429322,"path_taken":["M","M","M","$","?","E","M","?","T","R","E","?","M","$","R","BOSS","M","M","?","?","$","E","?","R","T","M","M","E","M","E","R","BOSS","M","$","?","M","M","R","M","R","T","?","M","?","E","$","R","BOSS"],"items_purchased_type":["Potion","Relic","Card","Card","Relic"],"build_version":"2020-12-22","purchased_purges":3,"victory":false,"max_hp_per_floor":[80,80,80,80,80,80,80,80,80,80,80,80,80,80,80,80,80,80,80,80,85,85,85,85,85,85,85,85,85,85,85,85,85,85,85,85,85,85,85,85,85,85,92,87,87,87,87,87,87,87,87],"card_choices":[{"not_picked":["Iron Wave","Body Slam"],"picked":"Shrug It Off","floor":1.0},{"not_picked":["Dual Wield","Iron Wave"],"picked":"Anger","floor":2.0},{"not_picked":["Clothesline","Combust"],"picked":"Shrug It Off","floor":3.0},{"not_picked":["Headbutt","Flex"],"picked":"Wild Strike","floor":6.0},{"not_picked":["Flame Barrier","Pummel"],"picked":"Wild Strike","floor":7.0},{"not_picked":["Seeing Red","Rupture"],"picked":"Perfected Strike","floor":11.0},{"not_picked":["Carnage","Bloodletting","Combust"],"picked":"SKIP","floor":13.0},{"not_picked":["Body Slam","Sword Boomerang"],"picked":"Cleave","floor":18.0},{"not_picked":["Burning Pact","Sever Soul"],"picked":"Armaments","floor":19.0},{"not_picked":["Heavy Blade","Brutality"],"picked":"Armaments+1","floor":23.0},{"not_picked":["Sword Boomerang","Thunderclap","Reckless Charge"],"picked":"SKIP","floor":24.0},{"not_picked":["Shockwave","Clothesline"],"picked":"Anger+1","floor":27.0},{"not_picked":["Spot Weakness","Clash","Thunderclap"],"picked":"SKIP","floor":28.0},{"not_picked":["Power Through+1","Pummel"],"picked":"Flex+1","floor":29.0},{"not_picked":["Rampage+1","Entrench"],"picked":"Thunderclap+1","floor":30.0},{"not_picked":["Wild Strike","Heavy Blade+1"],"picked":"Twin Strike","floor":31.0},{"not_picked":["Heavy Blade+1","Intimidate+1"],"picked":"Wild Strike+1","floor":35.0},{"not_picked":["Pummel","Cleave"],"picked":"Twin Strike+1","floor":38.0},{"not_picked":["Clothesline","Iron Wave+1"],"picked":"Twin Strike+1","floor":39.0},{"not_picked":["Disarm","Metallicize"],"picked":"Perfected Strike+1","floor":41.0},{"not_picked":["Shockwave","Reckless Charge+1","Uppercut+1"],"picked":"SKIP","floor":45.0},{"not_picked":["Shockwave","Reckless Charge+1","Uppercut+1"],"picked":"SKIP","floor":45.0},{"not_picked":["Iron Wave","Twin Strike+1"],"picked":"Pommel Strike+1","floor":47.0}],"player_experience":311601,"relics_obtained":[{"floor":6.0,"key":"Anchor"},{"floor":9.0,"key":"Art of War"},{"floor":11.0,"key":"Regal Pillow"},{"floor":23.0,"key":"TungstenRod"},{"floor":26.0,"key":"Omamori"},{"floor":29.0,"key":"Centennial Puzzle"},{"floor":31.0,"key":"CeramicFish"},{"floor":43.0,"key":"Strawberry"},{"floor":47.0,"key":"Meat on the Bone"}],"event_choices":[{"cards_removed":["Defend_R"],"damage_healed":0.0,"max_hp_gain":0.0,"max_hp_loss":0.0,"gold_gain":0.0,"event_name":"The Cleric","player_choice":"Card Removal","floor":5.0,"gold_loss":50.0,"damage_taken":0.0},{"damage_healed":0.0,"max_hp_gain":0.0,"max_hp_loss":0.0,"gold_gain":0.0,"event_name":"Liars Game","player_choice":"Ignored","floor":8.0,"gold_loss":0.0,"damage_taken":0.0},{"damage_healed":0.0,"max_hp_gain":0.0,"max_hp_loss":0.0,"gold_gain":75.0,"event_name":"World of Goop","player_choice":"Gather Gold","floor":12.0,"gold_loss":0.0,"damage_taken":11.0},{"damage_healed":0.0,"max_hp_gain":0.0,"max_hp_loss":0.0,"gold_gain":0.0,"event_name":"Vampires","player_choice":"Ignored","floor":20.0,"gold_loss":0.0,"damage_taken":0.0},{"damage_healed":0.0,"max_hp_gain":5.0,"max_hp_loss":0.0,"gold_gain":0.0,"event_name":"Forgotten Altar","player_choice":"Shed Blood","floor":21.0,"gold_loss":0.0,"damage_taken":20.0},{"damage_healed":0.0,"max_hp_gain":0.0,"max_hp_loss":0.0,"gold_gain":0.0,"event_name":"Mysterious Sphere","player_choice":"Ignored","floor":37.0,"gold_loss":0.0,"damage_taken":0.0},{"damage_healed":0.0,"max_hp_gain":0.0,"max_hp_loss":5.0,"gold_gain":0.0,"event_name":"Winding Halls","player_choice":"Max HP","floor":44.0,"gold_loss":0.0,"damage_taken":0.0},{"damage_healed":0.0,"max_hp_gain":0.0,"max_hp_loss":0.0,"gold_gain":0.0,"event_name":"Transmorgrifier","player_choice":"Ignored","floor":46.0,"gold_loss":0.0,"damage_taken":0.0}],"is_beta":false,"boss_relics":[{"not_picked":["Coffee Dripper","Pandora\u0027s Box"],"picked":"Sozu"},{"not_picked":["Empty Cage","Tiny House"],"picked":"SlaversCollar"}],"items_purged_floors":[4,36,48],"is_endless":false,"potions_floor_spawned":[3,16,19,23,30,31,35,41,45],"killed_by":"Awakened One","ascension_level":0}}