{"host":"i0avyit1s6jb1siw","time":1610472204,"event":{"mods":["BaseMod","DeckTracker","Dota2Spire","Highlight Path","Minty Spire (QoL Compilation)","Quick Restart","StSLib","SuperFastMode"],"gold_per_floor":[115,131,131,131,150,150,186,186,186,205,220,236,279,302,302,400,400,419,286,307,326,340,340,340,240,287,287,311,311,342,367,367,458,458,482,505,518,518,518],"floor_reached":38,"playtime":1176,"items_purged":["Quick Slash","Quick Slash"],"score":920,"play_id":"b4b2b4f9-3872-41f4-8e52-92e5d8e1e149","local_time":"20210112182324","is_ascension_mode":true,"campfire_choices":[{"data":"Flechettes","floor":6.0,"key":"SMITH"},{"floor":15,"key":"REST"},{"floor":23,"key":"REST"},{"data":"Cloak And Dagger","floor":27,"key":"SMITH"},{"data":"Burst","floor":32,"key":"SMITH"}],"circlet_count":0,"master_deck":["AscendersBane","Survivor","Neutralize","Flechettes+1","Blade Dance+1","Cloak And Dagger+1","Malaise","Blade Dance","Well Laid Plans","Adrenaline","Phantasmal Killer","Storm of Steel","Glass Knife+1","Finisher","Venomology","Cloak And Dagger+1","PiercingWail","Dodge and Roll","Burst+1","Footwork","After Image","Doppelganger+1","Glass Knife+1","Tools of the Trade+1","Leg Sweep","Accuracy"],"relics":["Ring of the Snake","NeowsBlessing","Golden Idol","Mercury Hourglass","Shuriken","Toy Ornithopter","Nloth\u0027s Gift","Whetstone","Gremlin Horn","Anchor","Lantern","Astrolabe"],"acts_visited":["Exordium","TheCity","TheBeyond"],"potions_floor_usage":[14,15,28,30,33,33],"damage_taken":[{"damage":0.0,"enemies":"Cultist","floor":1.0,"turns":1.0},{"damage":0.0,"enemies":"Small Slimes","floor":2.0,"turns":1.0},{"damage":0.0,"enemies":"2 Louse","floor":5.0,"turns":2.0},{"damage":30.0,"enemies":"Gremlin Nob","floor":7.0,"turns":4.0},{"damage":5.0,"enemies":"Gremlin Gang","floor":10.0,"turns":3.0},{"damage":4.0,"enemies":"3 Louse","floor":11.0,"turns":3.0},{"damage":0.0,"enemies":"Exordium Thugs","floor":12.0,"turns":3.0},{"damage":11.0,"enemies":"Lagavulin","floor":13.0,"turns":4.0},{"damage":6,"enemies":"Exordium Wildlife","floor":14,"turns":3},{"damage":7,"enemies":"Slime Boss","floor":16,"turns":6},{"damage":0,"enemies":"Chosen","floor":18,"turns":2},{"damage":21,"enemies":"2 Thieves","floor":20,"turns":3},{"damage":15,"enemies":"Chosen and Byrds","floor":21,"turns":5},{"damage":10,"enemies":"Snake Plant","floor":22,"turns":2},{"damage":7,"enemies":"3 Cultists","floor":28,"turns":4},{"damage":0,"enemies":"Gremlin Leader","floor":30,"turns":2},{"damage":17,"enemies":"Champ","floor":33,"turns":7},{"damage":30,"enemies":"3 Shapes","floor":35,"turns":4},{"damage":7,"enemies":"3 Darklings","floor":36,"turns":3},{"damage":0,"enemies":"Sphere and 2 Shapes","floor":37,"turns":2},{"damage":18,"enemies":"Spire Growth","floor":38,"turns":2}],"seed_played":"7443794238054551933","potions_obtained":[{"floor":5.0,"key":"AttackPotion"},{"floor":7.0,"key":"Block Potion"},{"floor":11.0,"key":"GamblersBrew"},{"floor":13.0,"key":"Energy Potion"},{"floor":14,"key":"Fruit Juice"},{"floor":18,"key":"PowerPotion"},{"floor":30,"key":"EssenceOfSteel"}],"is_trial":false,"path_per_floor":["M","M","?","?","M","R","E","?","T","M","M","M","E","M","R","B",null,"M","$","M","M","M","R","?","$","T","R","M","T","E","T","R","B",null,"M","M","M","M"],"character_chosen":"THE_SILENT","items_purchased":["Cloak And Dagger"],"campfire_rested":2,"item_purchase_floors":[19],"current_hp_per_floor":[59,59,59,59,59,59,29,29,29,24,20,20,9,8,37,30,56,56,56,35,20,10,29,29,29,29,29,27,27,32,32,32,25,55,25,18,18,0,0],"gold":518,"neow_bonus":"THREE_ENEMY_KILL","is_daily":false,"chose_seed":false,"campfire_upgraded":3,"win_rate":0.0,"timestamp":1610472204,"path_taken":["M","?","?","?","M","R","E","?","T","M","M","M","E","M","R","BOSS","M","$","M","?","M","R","?","$","T","R","?","?","E","?","R","BOSS","M","?","M","M"],"items_purchased_type":["Card"],"build_version":"2020-12-22","purchased_purges":2,"victory":false,"max_hp_per_floor":[66,66,60,60,60,60,60,60,60,60,60,60,60,60,65,65,65,65,65,65,65,65,65,65,65,65,65,65,65,65,65,65,65,65,65,65,65,65,65],"card_choices":[{"not_picked":["Underhanded Strike","Flying Knee"],"picked":"Flechettes","floor":1.0},{"not_picked":["Deflect","Underhanded Strike"],"picked":"Blade Dance","floor":2.0},{"not_picked":["Slice","Endless Agony"],"picked":"Cloak And Dagger","floor":5.0},{"not_picked":["Outmaneuver","Eviscerate"],"picked":"Malaise","floor":7.0},{"not_picked":["Underhanded Strike","Quick Slash","Outmaneuver"],"picked":"SKIP","floor":10.0},{"not_picked":["Catalyst","Riddle With Holes"],"picked":"Blade Dance","floor":11.0},{"not_picked":["Poisoned Stab","Unload","Dagger Throw"],"picked":"SKIP","floor":12.0},{"not_picked":["Bouncing Flask","Noxious Fumes","Skewer"],"picked":"SKIP","floor":13.0},{"not_picked":["Catalyst","PiercingWail"],"picked":"Well Laid Plans","floor":14},{"not_picked":["Glass Knife","Envenom"],"picked":"Adrenaline","floor":16},{"not_picked":["Blade Dance","PiercingWail","Distraction"],"picked":"SKIP","floor":18},{"not_picked":["Eviscerate+1","Deadly Poison"],"picked":"PiercingWail","floor":20},{"not_picked":["Slice","Sucker Punch"],"picked":"Dodge and Roll","floor":21},{"not_picked":["Blade Dance","Concentrate"],"picked":"Burst","floor":22},{"not_picked":["Bane","Quick Slash","Dodge and Roll"],"picked":"SKIP","floor":28},{"not_picked":["Concentrate","Riddle With Holes"],"picked":"Footwork","floor":30},{"not_picked":["Glass Knife","Malaise"],"picked":"After Image","floor":33},{"not_picked":["Blade Dance+1","Underhanded Strike","Dodge and Roll"],"picked":"SKIP","floor":35},{"not_picked":["Riddle With Holes","Underhanded Strike"],"picked":"Leg Sweep","floor":36},{"not_picked":["Dagger Spray","Malaise"],"picked":"Accuracy","floor":37}],"player_experience":2218695,"relics_obtained":[{"floor":7.0,"key":"Mercury Hourglass"},{"floor":9.0,"key":"Shuriken"},{"floor":13.0,"key":"Toy Ornithopter"},{"floor":26,"key":"Whetstone"},{"floor":29,"key":"Gremlin Horn"},{"floor":30,"key":"Anchor"},{"floor":31,"key":"Lantern"}],"event_choices":[{"damage_healed":0.0,"max_hp_gain":0.0,"max_hp_loss":6.0,"gold_gain":0.0,"event_name":"Golden Idol","player_choice":"Lose Max HP","floor":3.0,"gold_loss":0.0,"damage_taken":0.0,"relics_obtained":["Golden Idol"]},{"damage_healed":0.0,"max_hp_gain":0.0,"max_hp_loss":0.0,"gold_gain":0.0,"event_name":"Living Wall","player_choice":"Grow","floor":4.0,"gold_loss":0.0,"damage_taken":0.0,"cards_upgraded":["Blade Dance"]},{"damage_healed":0.0,"max_hp_gain":0.0,"max_hp_loss":0.0,"gold_gain":0.0,"event_name":"Upgrade Shrine","player_choice":"Upgraded","floor":8.0,"gold_loss":0.0,"damage_taken":0.0,"cards_upgraded":["Cloak And Dagger"]},{"damage_healed":0,"gold_gain":0,"player_choice":"Traded Relic","damage_taken":0,"relics_obtained":["Nloth\u0027s Gift"],"max_hp_gain":0,"max_hp_loss":0,"event_name":"N\u0027loth","floor":24,"relics_lost":["Pandora\u0027s Box"],"gold_loss":0}],"is_beta":false,"boss_relics":[{"not_picked":["Runic Dome","SlaversCollar"],"picked":"Pandora\u0027s Box"},{"not_picked":["Empty Cage","Calling Bell"],"picked":"Astrolabe"}],"items_purged_floors":[19,25],"is_endless":false,"potions_floor_spawned":[5,7,11,13,14,18,28,30,33,35],"killed_by":"Spire Growth","ascension_level":20}}