{"host":"wqsqub3crsxqknzv","time":1610452271,"event":{"mods":["BaseMod","Colored Powertips","Downfall","Minty Spire (QoL Compilation)","StSLib","WarShipGirlsR/????R mod"],"gold_per_floor":[99,99,99,99,109,109,133,152,164,164,164,164,114,129,146,242,242,192,205,217,236,236,236,236,236],"floor_reached":23,"playtime":851,"items_purged":[],"score":181,"play_id":"d42c52f1-e91b-489b-8334-fbc8d540ee72","local_time":"20210112135111","is_ascension_mode":false,"campfire_choices":[{"data":"Slimebound:Split","floor":1,"key":"SMITH"},{"data":"Slimebound:Overexert","floor":10,"key":"SMITH"},{"data":"Slimebound:RollThrough","floor":13,"key":"SMITH"},{"data":"Slimebound:MassRepurpose","floor":18,"key":"SMITH"}],"circlet_count":0,"master_deck":["Slimebound:Strike_Slimebound","Slimebound:Strike_Slimebound","Slimebound:Strike_Slimebound+1","Slimebound:Tackle","Slimebound:Defend_Slimebound","Slimebound:Defend_Slimebound+1","Slimebound:Defend_Slimebound","Slimebound:Defend_Slimebound+1","Slimebound:Split+1","Slimebound:CorrosiveSpit","Slimebound:FirmFortitude+1","Slimebound:RollThrough+1","Slimebound:ComboTackle+1","Slimebound:Overexert+1","Regret","Slimebound:LeechingTouch","Slimebound:SlimeBarrage+1","Slimebound:LeadByExample","Slimebound:MassRepurpose+1","Slimebound:MassFeed","Slimebound:FlameTackle","Slimebound:GrowthPunch","Slimebound:SplitBruiser+1","Slimebound:CheckThePlaybook","Slimebound:Icky"],"relics":["Slimebound:AbsorbEndCombat","downfall:HeartsMalice","War Paint","Slimebound:GreedOozeRelic","Philosopher\u0027s Stone"],"acts_visited":["Exordium","TheCity"],"potions_floor_usage":[9,16,16,23,23],"damage_taken":[{"damage":0,"enemies":"2 Louse","floor":2,"turns":1},{"damage":0,"enemies":"Jaw Worm","floor":3,"turns":1},{"damage":0,"enemies":"Cultist","floor":4,"turns":1},{"damage":17,"enemies":"2 Fungi Beasts","floor":5,"turns":3},{"damage":10,"enemies":"Blue Slaver","floor":8,"turns":4},{"damage":20,"enemies":"Large Slime","floor":9,"turns":4},{"damage":3,"enemies":"Exordium Wildlife","floor":14,"turns":3},{"damage":22,"enemies":"Exordium Thugs","floor":15,"turns":3},{"damage":31,"enemies":"downfall:Watcher","floor":16,"turns":6},{"damage":0,"enemies":"Chosen","floor":19,"turns":3},{"damage":27,"enemies":"Centurion and Healer","floor":20,"turns":5},{"damage":5,"enemies":"Cultist and Chosen","floor":21,"turns":4},{"damage":56,"enemies":"Slavers","floor":23,"turns":3}],"seed_played":"-8955230657297201475","potions_obtained":[{"floor":5,"key":"hexamod:EctoCoolerPotion"},{"floor":8,"key":"Weak Potion"},{"floor":9,"key":"DistilledChaos"},{"floor":14,"key":"Block Potion"},{"floor":20,"key":"SmokeBomb"},{"floor":21,"key":"Swift Potion"}],"is_trial":false,"path_per_floor":["R","M","M","M","M","?","T","M","M","R","?","?","R","M","M","B",null,"R","M","M","M","?","E"],"character_chosen":"SLIMEBOUND","items_purchased":[],"campfire_rested":0,"item_purchase_floors":[],"current_hp_per_floor":[60,60,60,60,53,53,53,53,43,43,43,43,43,40,26,13,60,60,60,51,52,52,0,0,0],"gold":236,"neow_bonus":"THREE_ENEMY_KILL","is_daily":false,"chose_seed":false,"campfire_upgraded":4,"win_rate":0.0,"timestamp":1610452271,"path_taken":["R","M","M","M","M","?","T","M","M","R","?","?","R","?","M","BOSS","R","M","M","M","?","E"],"items_purchased_type":[],"build_version":"2020-11-29","purchased_purges":0,"victory":false,"max_hp_per_floor":[60,60,60,60,60,60,60,60,60,60,60,60,60,60,60,60,60,60,60,60,60,60,60,60,60],"card_choices":[{"not_picked":["Slimebound:Prepare","Slimebound:SplitLeeching"],"picked":"Slimebound:FirmFortitude","floor":2},{"not_picked":["Slimebound:ComboTackle","Slimebound:LeechEnergy"],"picked":"Slimebound:RollThrough","floor":3},{"not_picked":["Slimebound:SplitLeeching","Slimebound:SplitAcid"],"picked":"Slimebound:ComboTackle","floor":4},{"not_picked":["Slimebound:ViciousTackle","Slimebound:ComboTackle"],"picked":"Slimebound:Overexert","floor":5},{"not_picked":["Slimebound:ComboTackle","Slimebound:SlimeBrawl"],"picked":"Slimebound:LeechingTouch","floor":8},{"not_picked":["Slimebound:PressTheAttack","Slimebound:RollThrough"],"picked":"Slimebound:SlimeBarrage","floor":9},{"not_picked":["Slimebound:GrowthPunch","Slimebound:SlimeSpikes"],"picked":"Slimebound:LeadByExample","floor":14},{"not_picked":["Slimebound:GoopSpray","Slimebound:GoopTackle"],"picked":"Slimebound:MassRepurpose","floor":15},{"not_picked":["Slimebound:SlimeSlap","Slimebound:WasteNot"],"picked":"Slimebound:MassFeed","floor":16},{"not_picked":["Slimebound:ViciousTackle+1","Slimebound:Equalize+1"],"picked":"Slimebound:FlameTackle","floor":19},{"not_picked":["Slimebound:GoopSpray","Slimebound:ViciousTackle"],"picked":"Slimebound:GrowthPunch","floor":20},{"not_picked":["Slimebound:SplitLeeching","Slimebound:GrowthPunch"],"picked":"Slimebound:SplitBruiser+1","floor":21}],"player_experience":11902,"relics_obtained":[{"floor":7,"key":"War Paint"}],"event_choices":[{"damage_healed":0,"gold_gain":0,"player_choice":"Upgraded","damage_taken":0,"max_hp_gain":0,"max_hp_loss":0,"event_name":"Upgrade Shrine","floor":12,"gold_loss":0,"cards_upgraded":["Slimebound:SlimeBarrage"]}],"is_beta":false,"boss_relics":[{"not_picked":["Astrolabe","Fusion Hammer"],"picked":"Philosopher\u0027s Stone"}],"items_purged_floors":[],"is_endless":false,"potions_floor_spawned":[5,8,9,14,20,21],"killed_by":"Slavers","ascension_level":0}}