{"host":"2se5dq1do2gp0x9k","time":1610431904,"event":{"mods":["AchievementEnabler","BaseMod","Block Reminder","Colored Map","Colored Powertips","Minty Spire (QoL Compilation)","Relic Stats","StSLib","SuperFastMode"],"gold_per_floor":[109,128,142,64,78,78,108,108,108,142,142,142,159,184,184,258,258,274,274,293,138,154,154,154],"floor_reached":23,"playtime":1156,"items_purged":["Pain"],"score":470,"play_id":"a42cc866-0575-4b0c-bf49-272a8a3707d3","local_time":"20210111221144","is_ascension_mode":true,"campfire_choices":[{"data":"ForeignInfluence","floor":6.0,"key":"SMITH"},{"floor":8.0,"key":"REST"},{"data":"ForeignInfluence","floor":12,"key":"SMITH"},{"floor":15,"key":"REST"}],"circlet_count":0,"master_deck":["AscendersBane","Strike_P+1","Strike_P","Defend_P","Defend_P","Defend_P","Eruption","Vigilance","ForeignInfluence+1","Omniscience","CutThroughFate","EmptyFist","CrushJoints","ForeignInfluence+1","Sanctity","Sanctity","JustLucky+1","LessonLearned","Halt","ThirdEye","JustLucky","DeusExMachina"],"relics":["PureWater","TeardropLocket","Singing Bowl","InkBottle","WarpedTongs","Bronze Scales","Black Star"],"acts_visited":["Exordium","TheCity"],"potions_floor_usage":[23],"damage_taken":[{"damage":0.0,"enemies":"Cultist","floor":1.0,"turns":2.0},{"damage":0.0,"enemies":"Small Slimes","floor":2.0,"turns":2.0},{"damage":0.0,"enemies":"Jaw Worm","floor":3.0,"turns":2.0},{"damage":15.0,"enemies":"Large Slime","floor":5.0,"turns":6.0},{"damage":17.0,"enemies":"3 Sentries","floor":7.0,"turns":6.0},{"damage":0.0,"enemies":"Lagavulin","floor":10.0,"turns":2.0},{"damage":11,"enemies":"Exordium Thugs","floor":13,"turns":4},{"damage":2,"enemies":"Gremlin Nob","floor":14,"turns":2},{"damage":35,"enemies":"The Guardian","floor":16,"turns":10},{"damage":16,"enemies":"Chosen","floor":18,"turns":7},{"damage":12,"enemies":"2 Thieves","floor":20,"turns":4},{"damage":0,"enemies":"3 Cultists","floor":22,"turns":4},{"damage":32,"enemies":"Gremlin Leader","floor":23,"turns":3}],"seed_played":"-5257068721228652613","potions_obtained":[{"floor":2.0,"key":"ColorlessPotion"},{"floor":3.0,"key":"Swift Potion"},{"floor":14,"key":"SkillPotion"},{"floor":22,"key":"FearPotion"}],"is_trial":false,"path_per_floor":["M","M","M","$","M","R","E","R","T","E","?","R","M","E","R","B",null,"M","?","M","$","M","E"],"character_chosen":"WATCHER","items_purchased":["ForeignInfluence","ThirdEye","JustLucky"],"campfire_rested":2,"item_purchase_floors":[4,21,21],"current_hp_per_floor":[43,43,43,43,28,28,11,31,31,33,33,33,24,24,46,13,60,44,44,32,32,32,0,0],"gold":154,"neow_bonus":"TRANSFORM_TWO_CARDS","is_daily":false,"chose_seed":false,"campfire_upgraded":2,"win_rate":0.0,"timestamp":1610431904,"path_taken":["M","M","?","$","M","R","E","R","T","E","?","R","?","E","R","BOSS","M","?","M","$","M","E"],"items_purchased_type":["Card","Card","Card"],"build_version":"2020-12-22","purchased_purges":1,"victory":false,"max_hp_per_floor":[68,68,68,68,68,68,68,68,68,70,70,70,72,74,74,76,76,76,76,76,76,76,76,76],"relic_stats":{"Singing Bowl":8,"counters":[13,54],"Bronze Scales":[87],"Black Star":0,"obtain_stats":[{"Singing Bowl":9,"Bronze Scales":14,"Black Star":17,"TeardropLocket":7,"PureWater":0,"InkBottle":10,"WarpedTongs":11},{"Singing Bowl":5,"Bronze Scales":8,"Black Star":9,"TeardropLocket":5,"PureWater":0,"InkBottle":6,"WarpedTongs":6},{"Singing Bowl":18,"Bronze Scales":26,"Black Star":36,"TeardropLocket":18,"PureWater":0,"InkBottle":20,"WarpedTongs":20}],"InkBottle":[13],"WarpedTongs":[34]},"card_choices":[{"not_picked":["Meditate","SashWhip"],"picked":"CutThroughFate","floor":1.0},{"not_picked":["PathToVictory","FlyingSleeves"],"picked":"EmptyFist","floor":2.0},{"not_picked":["SignatureMove","Swivel"],"picked":"CrushJoints","floor":3.0},{"not_picked":["EmptyBody","Prostrate"],"picked":"Sanctity","floor":5.0},{"not_picked":["Prostrate","FollowUp"],"picked":"Sanctity","floor":7.0},{"not_picked":["Brilliance","PathToVictory","Consecrate"],"picked":"Singing Bowl","floor":10.0},{"not_picked":["Adaptation","ClearTheMind","JustLucky"],"picked":"Singing Bowl","floor":13},{"not_picked":["ClearTheMind","BowlingBash","EmptyBody"],"picked":"Singing Bowl","floor":14},{"not_picked":["Alpha","Wish","Brilliance"],"picked":"Singing Bowl","floor":16},{"not_picked":["Pray","Study"],"picked":"JustLucky","floor":18},{"not_picked":["BowlingBash","Prostrate"],"picked":"Halt","floor":20},{"not_picked":["JustLucky","ClearTheMind"],"picked":"DeusExMachina","floor":22}],"player_experience":3841444,"relics_obtained":[{"floor":7.0,"key":"TeardropLocket"},{"floor":9.0,"key":"Singing Bowl"},{"floor":10.0,"key":"InkBottle"},{"floor":14,"key":"Bronze Scales"}],"event_choices":[{"damage_healed":0.0,"max_hp_gain":0.0,"max_hp_loss":0.0,"gold_gain":0.0,"event_name":"Accursed Blacksmith","player_choice":"Rummage","floor":11.0,"gold_loss":0.0,"damage_taken":0.0,"relics_obtained":["WarpedTongs"],"cards_obtained":["Pain"]},{"damage_healed":0,"gold_gain":0,"cards_transformed":["Strike_P"],"player_choice":"Transformed","damage_taken":0,"max_hp_gain":0,"max_hp_loss":0,"event_name":"Transmorgrifier","floor":19,"gold_loss":0,"cards_obtained":["LessonLearned"]}],"is_beta":false,"boss_relics":[{"not_picked":["Runic Dome","Tiny House"],"picked":"Black Star"}],"items_purged_floors":[21],"is_endless":false,"potions_floor_spawned":[2,3,14,22],"killed_by":"Gremlin Leader","ascension_level":16}}