{"host":"sc0o2qwpf9j16a4i","time":1610465416,"event":{"mods":["AchievementEnabler","BaseMod","BetterRewards","Block Reminder","Colored Map","Colored Powertips","Custom Start","Highlight Path","Minty Spire (QoL Compilation)","Relic Stats"],"gold_per_floor":[109,125,125,51,66,66,96,111,111,145,155,171,171,15,15,91,91,111,127,177,177,187,222,222,222,222],"floor_reached":25,"playtime":583,"items_purged":["Strike_R"],"score":466,"play_id":"13588215-9204-4ca5-a71b-51786afe6892","local_time":"20210112173016","is_ascension_mode":true,"campfire_choices":[{"data":"Spot Weakness","floor":6.0,"key":"SMITH"},{"data":"Armaments","floor":13.0,"key":"SMITH"},{"floor":15.0,"key":"REST"},{"data":"Reaper","floor":24,"key":"SMITH"}],"circlet_count":0,"master_deck":["AscendersBane","Strike_R","Strike_R","Strike_R","Strike_R","Defend_R","Defend_R","Defend_R","Defend_R","Bash","Heavy Blade","Spot Weakness+1","Immolate","Flame Barrier","Armaments+1","Thunderclap","True Grit","Havoc","Dropkick","Whirlwind","Fiend Fire","Reaper+1","Whirlwind+1","Sentinel","Dual Wield+1","Dark Embrace+1"],"relics":["Burning Blood","Meat on the Bone","Dream Catcher","PreservedInsect","Potion Belt","Coffee Dripper","Blood Vial"],"acts_visited":["Exordium","TheCity"],"potions_floor_usage":[23,25,25],"damage_taken":[{"damage":8.0,"enemies":"Cultist","floor":1.0,"turns":5.0},{"damage":14.0,"enemies":"Jaw Worm","floor":2.0,"turns":4.0},{"damage":8.0,"enemies":"Small Slimes","floor":5.0,"turns":2.0},{"damage":50.0,"enemies":"Lagavulin","floor":7.0,"turns":9.0},{"damage":12.0,"enemies":"3 Louse","floor":8.0,"turns":4.0},{"damage":10.0,"enemies":"3 Sentries","floor":10.0,"turns":2.0},{"damage":1.0,"enemies":"Large Slime","floor":11.0,"turns":5.0},{"damage":16.0,"enemies":"Red Slaver","floor":12.0,"turns":5.0},{"damage":69.0,"enemies":"Slime Boss","floor":16.0,"turns":12.0},{"damage":20.0,"enemies":"Chosen","floor":18.0,"turns":5.0},{"damage":26.0,"enemies":"Shell Parasite","floor":19.0,"turns":3.0},{"damage":0.0,"enemies":"3 Cultists","floor":22.0,"turns":2.0},{"damage":52,"enemies":"Slavers","floor":23,"turns":4},{"damage":23,"enemies":"Book of Stabbing","floor":25,"turns":4}],"seed_played":"-3784432924793470327","potions_obtained":[{"floor":2.0,"key":"ElixirPotion"},{"floor":7.0,"key":"Regen Potion"},{"floor":10.0,"key":"ColorlessPotion"},{"floor":18.0,"key":"ElixirPotion"},{"floor":19.0,"key":"DistilledChaos"}],"is_trial":false,"path_per_floor":["M","M","T","$","M","R","E","M","T","E","M","M","R","$","R","B",null,"M","M","?","?","M","E","R","E"],"character_chosen":"IRONCLAD","items_purchased":["Immolate","Whirlwind"],"campfire_rested":1,"item_purchase_floors":[4,14],"current_hp_per_floor":[73,65,65,65,63,63,31,37,37,50,55,57,57,57,81,30,69,55,47,47,23,53,19,19,0,0],"gold":222,"neow_bonus":"TEN_PERCENT_HP_BONUS","is_daily":false,"chose_seed":false,"campfire_upgraded":3,"win_rate":0.0,"timestamp":1610465416,"path_taken":["M","M","?","$","M","R","E","?","T","E","M","M","R","?","R","BOSS","M","M","?","?","M","E","R","E"],"items_purchased_type":["Card","Card"],"build_version":"2020-12-22","purchased_purges":1,"victory":false,"max_hp_per_floor":[82,82,82,82,82,82,82,82,82,82,82,82,82,82,82,82,82,82,82,82,87,87,87,87,87,87],"relic_stats":{"Blood Vial":2,"Dream Catcher":1,"counters":[14,66],"PreservedInsect":116,"obtain_stats":[{"Potion Belt":10,"Blood Vial":23,"Dream Catcher":7,"PreservedInsect":9,"Coffee Dripper":17,"Burning Blood":0,"Meat on the Bone":3},{"Potion Belt":6,"Blood Vial":13,"Dream Catcher":4,"PreservedInsect":5,"Coffee Dripper":9,"Burning Blood":0,"Meat on the Bone":2},{"Potion Belt":26,"Blood Vial":62,"Dream Catcher":20,"PreservedInsect":24,"Coffee Dripper":48,"Burning Blood":0,"Meat on the Bone":9}],"Burning Blood":78,"Meat on the Bone":96},"card_choices":[{"not_picked":["Clash","Disarm"],"picked":"Heavy Blade","floor":1.0},{"not_picked":["Clothesline","Headbutt"],"picked":"Spot Weakness","floor":2.0},{"not_picked":["Body Slam","Dropkick"],"picked":"Flame Barrier","floor":5.0},{"not_picked":["Twin Strike","Anger"],"picked":"Armaments","floor":7.0},{"not_picked":["Warcry","Perfected Strike"],"picked":"Thunderclap","floor":8.0},{"not_picked":["Havoc","Twin Strike"],"picked":"True Grit","floor":10.0},{"not_picked":["Seeing Red","Cleave"],"picked":"Havoc","floor":11.0},{"not_picked":["Second Wind","Reckless Charge"],"picked":"Dropkick","floor":12.0},{"not_picked":["Rampage","Body Slam"],"picked":"Fiend Fire","floor":15.0},{"not_picked":["Limit Break","Bludgeon"],"picked":"Reaper","floor":16.0},{"not_picked":["Body Slam","Pommel Strike"],"picked":"Whirlwind+1","floor":18.0},{"not_picked":["Cleave","Heavy Blade"],"picked":"Sentinel","floor":19.0},{"not_picked":["Sever Soul","Metallicize"],"picked":"Dual Wield+1","floor":22.0},{"not_picked":["Anger+1","Pummel+1"],"picked":"Dark Embrace+1","floor":23}],"player_experience":603616,"relics_obtained":[{"floor":3.0,"key":"Meat on the Bone"},{"floor":7.0,"key":"Dream Catcher"},{"floor":9.0,"key":"PreservedInsect"},{"floor":10.0,"key":"Potion Belt"},{"floor":23,"key":"Blood Vial"}],"event_choices":[{"damage_healed":0.0,"max_hp_gain":0.0,"max_hp_loss":0.0,"gold_gain":50.0,"event_name":"Nest","player_choice":"Stole From Cult","floor":20.0,"gold_loss":0.0,"damage_taken":0.0},{"damage_healed":0.0,"max_hp_gain":5.0,"max_hp_loss":0.0,"gold_gain":0.0,"event_name":"Forgotten Altar","player_choice":"Shed Blood","floor":21.0,"gold_loss":0.0,"damage_taken":29.0}],"is_beta":false,"boss_relics":[{"not_picked":["Calling Bell","Black Star"],"picked":"Coffee Dripper"}],"items_purged_floors":[14],"is_endless":false,"potions_floor_spawned":[2,7,10,18,19],"killed_by":"Book of Stabbing","ascension_level":20}}