{"host":"3a1ypf1irl30q4k8","time":1610452694,"event":{"mods":["AchievementEnabler","BaseMod","Bestiary","Colored Map","Minty Spire (QoL Compilation)","Relic Stats"],"gold_per_floor":[118,118,131,131,144,144,187,187,187,10,10,45,22,68,80,212,224,251,263,275,308,24,24,65,90,90,124,124,140,140,171,171,295,295,319,333,347,410,410,410,444,444,492,492,492,492,516,31,31,31,31,31,5,5,5],"floor_reached":56,"playtime":3539,"items_purged":["Strike_G","Defend_G"],"score":1347,"play_id":"545b7581-f866-4d8e-a54c-f0c929fc15eb","local_time":"20210112115814","is_ascension_mode":true,"campfire_choices":[{"data":"Neutralize","floor":6.0,"key":"SMITH"},{"data":"Dagger Throw","floor":8.0,"key":"SMITH"},{"data":"Dash","floor":15.0,"key":"SMITH"},{"data":"Crippling Poison","floor":23.0,"key":"SMITH"},{"data":"Envenom","floor":30,"key":"SMITH"},{"data":"Venomology","floor":32,"key":"SMITH"},{"data":"Panache","floor":40,"key":"SMITH"},{"floor":42,"key":"RECALL"},{"data":"Die Die Die","floor":44,"key":"SMITH"},{"data":"Madness","floor":46,"key":"SMITH"},{"data":"Dash","floor":49,"key":"SMITH"},{"data":"Footwork","floor":52,"key":"SMITH"}],"circlet_count":0,"master_deck":["Defend_G","Defend_G","Defend_G","Defend_G","Survivor+1","Neutralize+1","Dash+1","Dagger Spray+1","Dagger Throw+1","Endless Agony","PiercingWail","Footwork+1","Venomology+1","Unload+1","Distraction+1","Finisher+1","Crippling Poison+1","Necronomicurse","PiercingWail","Tactician","Quick Slash+1","PiercingWail","Envenom+1","PiercingWail+1","Die Die Die+1","Deflect+1","Distraction","Bane+1","Flash of Steel","Panache+1","Madness+1","Dash+1","Apotheosis","Deflect"],"relics":["Ring of the Snake","Golden Idol","Du-Vu Doll","Eternal Feather","MawBank","Smiling Mask","Astrolabe","Necronomicon","Blood Vial","ClockworkSouvenir","Mummified Hand","Lantern","Dead Branch","Toy Ornithopter","Busted Crown","Thread and Needle","Bottled Lightning","Membership Card","Pantograph"],"acts_visited":["Exordium","TheCity","TheBeyond","TheEnding"],"potions_floor_usage":[27,27,29,31,31,33,37,38,38,38,47,50,50,54,54,55,55],"damage_taken":[{"damage":3.0,"enemies":"Jaw Worm","floor":1.0,"turns":4.0},{"damage":1.0,"enemies":"2 Louse","floor":3.0,"turns":3.0},{"damage":0.0,"enemies":"Cultist","floor":5.0,"turns":3.0},{"damage":4.0,"enemies":"Gremlin Nob","floor":7.0,"turns":3.0},{"damage":17.0,"enemies":"Lagavulin","floor":12.0,"turns":7.0},{"damage":10.0,"enemies":"Gremlin Nob","floor":14.0,"turns":4.0},{"damage":17.0,"enemies":"The Guardian","floor":16.0,"turns":18.0},{"damage":2.0,"enemies":"Chosen","floor":18.0,"turns":4.0},{"damage":0.0,"enemies":"Shell Parasite","floor":21.0,"turns":4.0},{"damage":2.0,"enemies":"Book of Stabbing","floor":24.0,"turns":7.0},{"damage":0.0,"enemies":"3 Cultists","floor":25.0,"turns":5.0},{"damage":0,"enemies":"Gremlin Leader","floor":27,"turns":4},{"damage":1,"enemies":"Shelled Parasite and Fungi","floor":29,"turns":4},{"damage":0,"enemies":"Book of Stabbing","floor":31,"turns":4},{"damage":27,"enemies":"Collector","floor":33,"turns":8},{"damage":0,"enemies":"3 Darklings","floor":35,"turns":3},{"damage":13,"enemies":"Orb Walker","floor":36,"turns":3},{"damage":0,"enemies":"Sphere and 2 Shapes","floor":37,"turns":3},{"damage":0,"enemies":"Mind Bloom Boss Battle","floor":38,"turns":6},{"damage":0,"enemies":"Reptomancer","floor":41,"turns":3},{"damage":0,"enemies":"Spire Growth","floor":47,"turns":1},{"damage":8,"enemies":"Donu and Deca","floor":50,"turns":9},{"damage":46,"enemies":"Shield and Spear","floor":54,"turns":6},{"damage":74,"enemies":"The Heart","floor":55,"turns":10}],"seed_played":"-7305734743497582570","potions_obtained":[{"floor":1.0,"key":"FearPotion"},{"floor":3.0,"key":"Dexterity Potion"},{"floor":5.0,"key":"Strength Potion"},{"floor":12.0,"key":"DistilledChaos"},{"floor":25.0,"key":"SkillPotion"},{"floor":27,"key":"Energy Potion"},{"floor":29,"key":"ColorlessPotion"},{"floor":35,"key":"Ancient Potion"},{"floor":36,"key":"GamblersBrew"},{"floor":41,"key":"Fire Potion"}],"is_trial":false,"path_per_floor":["M","?","M","?","M","R","E","R","T","$","?","E","?","E","R","B",null,"M","?","?","M","$","R","E","M","T","E","?","M","R","E","R","B",null,"M","M","M","?","?","R","E","R","T","R","?","R","M","$","R","B",null,"R","$","E","B",null],"character_chosen":"THE_SILENT","items_purchased":["PiercingWail","Footwork","Blood Vial","ClockworkSouvenir","Dash","Membership Card","Apotheosis","Pantograph","Deflect"],"campfire_rested":0,"item_purchase_floors":[10,10,22,22,48,48,48,48,53],"current_hp_per_floor":[67,50,49,49,49,49,45,45,45,45,50,33,51,41,50,33,75,73,73,57,57,57,69,69,71,71,73,73,74,75,75,75,48,75,75,62,69,75,65,75,75,75,75,75,75,75,75,75,75,67,75,75,75,39,2],"gold":5,"neow_bonus":"UPGRADE_CARD","is_daily":false,"chose_seed":false,"campfire_upgraded":11,"win_rate":0.0,"timestamp":1610452694,"path_taken":["M","?","M","?","?","R","E","R","T","$","?","E","?","E","R","BOSS","M","?","?","?","?","R","E","M","T","E","?","M","R","E","R","BOSS","M","M","M","?","?","R","E","R","T","R","?","R","?","$","R","BOSS","R","$","E","BOSS"],"items_purchased_type":["Card","Card","Relic","Relic","Card","Relic","Card","Relic","Card"],"build_version":"2020-12-22","purchased_purges":2,"victory":true,"max_hp_per_floor":[70,70,70,70,70,70,70,70,70,70,75,75,75,75,75,75,75,75,75,75,75,75,75,75,75,75,75,75,75,75,75,75,75,75,75,75,75,75,75,75,75,75,75,75,75,75,75,75,75,75,75,75,75,75,75],"relic_stats":{"counters":[24,126],"Golden Idol":206,"Astrolabe":["Unload","Distraction","Finisher"],"Dead Branch":[113],"Eternal Feather":32,"MawBank":120,"Smiling Mask":0,"Blood Vial":14,"Busted Crown":18,"Mummified Hand":[31],"Pantograph":25,"Necronomicon":[27],"obtain_stats":[{"Lantern":26,"Golden Idol":2,"Astrolabe":17,"Dead Branch":27,"Eternal Feather":9,"Thread and Needle":38,"MawBank":12,"Smiling Mask":14,"ClockworkSouvenir":22,"Du-Vu Doll":7,"Blood Vial":22,"Busted Crown":34,"Mummified Hand":24,"Pantograph":48,"Necronomicon":20,"Bottled Lightning":41,"Membership Card":48,"Toy Ornithopter":31,"Ring of the Snake":0},{"Lantern":11,"Golden Idol":1,"Astrolabe":7,"Dead Branch":12,"Eternal Feather":4,"Thread and Needle":19,"MawBank":5,"Smiling Mask":6,"ClockworkSouvenir":9,"Du-Vu Doll":4,"Blood Vial":9,"Busted Crown":15,"Mummified Hand":10,"Pantograph":21,"Necronomicon":8,"Bottled Lightning":20,"Membership Card":21,"Toy Ornithopter":14,"Ring of the Snake":0},{"Lantern":62,"Golden Idol":4,"Astrolabe":42,"Dead Branch":66,"Eternal Feather":13,"Thread and Needle":97,"MawBank":20,"Smiling Mask":24,"ClockworkSouvenir":50,"Du-Vu Doll":13,"Blood Vial":50,"Busted Crown":82,"Mummified Hand":57,"Pantograph":101,"Necronomicon":46,"Bottled Lightning":100,"Membership Card":101,"Toy Ornithopter":74,"Ring of the Snake":0}],"Toy Ornithopter":29,"Ring of the Snake":[50]},"card_choices":[{"not_picked":["Dagger Spray","Expertise"],"picked":"Dash","floor":1.0},{"not_picked":["Deadly Poison","Dagger Throw"],"picked":"Dagger Spray","floor":3.0},{"not_picked":["Distraction","All Out Attack"],"picked":"Dagger Throw","floor":5.0},{"not_picked":["Dagger Spray","Terror"],"picked":"Endless Agony","floor":7.0},{"not_picked":["Sucker Punch","Slice","Endless Agony"],"picked":"SKIP","floor":12.0},{"not_picked":["Deflect","Heel Hook","Finisher"],"picked":"SKIP","floor":14.0},{"not_picked":["Storm of Steel","Grand Finale"],"picked":"Venomology","floor":16.0},{"not_picked":["Caltrops","Blade Dance"],"picked":"Crippling Poison","floor":18.0},{"not_picked":["Cloak And Dagger","Catalyst"],"picked":"PiercingWail","floor":21.0},{"not_picked":["Slice","Infinite Blades+1"],"picked":"Tactician","floor":24.0},{"not_picked":["Sucker Punch","Slice"],"picked":"Quick Slash+1","floor":25.0},{"not_picked":["Cloak And Dagger","Masterful Stab+1"],"picked":"PiercingWail","floor":27},{"not_picked":["Flying Knee","Bane+1"],"picked":"Envenom","floor":29},{"not_picked":["Dodge and Roll","Riddle With Holes"],"picked":"PiercingWail+1","floor":31},{"not_picked":["After Image","Malaise"],"picked":"Die Die Die","floor":33},{"not_picked":[],"picked":"Deflect+1","floor":35},{"not_picked":[],"picked":"Distraction","floor":36},{"not_picked":[],"picked":"Bane+1","floor":37},{"not_picked":[],"picked":"Flash of Steel","floor":39},{"not_picked":[],"picked":"Panache","floor":39},{"not_picked":[],"picked":"Madness","floor":39},{"not_picked":["Endless Agony+1"],"picked":"SKIP","floor":41},{"not_picked":["Dagger Spray"],"picked":"SKIP","floor":47}],"player_experience":1028136,"relics_obtained":[{"floor":7.0,"key":"Du-Vu Doll"},{"floor":9.0,"key":"Eternal Feather"},{"floor":12.0,"key":"MawBank"},{"floor":14.0,"key":"Smiling Mask"},{"floor":20.0,"key":"Necronomicon"},{"floor":24.0,"key":"Mummified Hand"},{"floor":26,"key":"Lantern"},{"floor":27,"key":"Dead Branch"},{"floor":31,"key":"Toy Ornithopter"},{"floor":38,"key":"Thread and Needle"},{"floor":41,"key":"Bottled Lightning"}],"event_choices":[{"damage_healed":0.0,"max_hp_gain":0.0,"max_hp_loss":0.0,"gold_gain":0.0,"event_name":"Golden Idol","player_choice":"Take Damage","floor":2.0,"gold_loss":0.0,"damage_taken":17.0,"relics_obtained":["Golden Idol"]},{"damage_healed":0.0,"max_hp_gain":0.0,"max_hp_loss":0.0,"gold_gain":0.0,"event_name":"Living Wall","player_choice":"Grow","floor":4.0,"gold_loss":0.0,"damage_taken":0.0,"cards_upgraded":["Dagger Spray"]},{"damage_healed":0.0,"max_hp_gain":5.0,"max_hp_loss":0.0,"gold_gain":0.0,"event_name":"Big Fish","player_choice":"Donut","floor":11.0,"gold_loss":0.0,"damage_taken":0.0},{"damage_healed":18.0,"max_hp_gain":0.0,"max_hp_loss":0.0,"gold_gain":0.0,"event_name":"The Cleric","player_choice":"Healed","floor":13.0,"gold_loss":35.0,"damage_taken":0.0},{"cards_removed":["Strike_G"],"damage_healed":0.0,"max_hp_gain":0.0,"max_hp_loss":0.0,"gold_gain":0.0,"event_name":"Back to Basics","player_choice":"Elegance","floor":19.0,"gold_loss":0.0,"damage_taken":0.0},{"damage_healed":0.0,"max_hp_gain":0.0,"max_hp_loss":0.0,"gold_gain":0.0,"event_name":"Cursed Tome","player_choice":"Obtained Book","floor":20.0,"gold_loss":0.0,"damage_taken":16.0},{"damage_healed":0,"gold_gain":0,"player_choice":"Ignored","damage_taken":0,"max_hp_gain":0,"max_hp_loss":0,"event_name":"Vampires","floor":28,"gold_loss":0},{"damage_healed":0,"gold_gain":0,"player_choice":"Fight","damage_taken":0,"max_hp_gain":0,"max_hp_loss":0,"event_name":"MindBloom","floor":38,"gold_loss":0},{"damage_healed":0,"gold_gain":0,"player_choice":"Memory 3","damage_taken":10,"max_hp_gain":0,"max_hp_loss":0,"event_name":"SensoryStone","floor":39,"gold_loss":0},{"damage_healed":0,"gold_gain":0,"player_choice":"Ignored","damage_taken":0,"max_hp_gain":0,"max_hp_loss":0,"event_name":"Mysterious Sphere","floor":45,"gold_loss":0}],"is_beta":false,"boss_relics":[{"not_picked":["Empty Cage","Philosopher\u0027s Stone"],"picked":"Astrolabe"},{"not_picked":["Runic Pyramid","SlaversCollar"],"picked":"Busted Crown"}],"items_purged_floors":[10,48],"is_endless":false,"potions_floor_spawned":[1,3,5,12,25,27,29,35,36,41,47,54],"ascension_level":1}}