{"host":"254qdhpnbonm8z0p","time":1610429681,"event":{"mods":["BaseMod","Block Reminder","Colored Map","Colored Powertips","Highlight Path","Minty Spire (QoL Compilation)","ojb\u0027s Better Paths Mod"],"gold_per_floor":[119,69,82,97,97,131,146,146,201,215,229,249,249,249,249,378,378,399,129,145,145,160,160,160,160],"floor_reached":24,"playtime":3179,"items_purged":[],"score":200,"play_id":"e02417ac-3930-4920-b07f-1ecfd9dbdfa2","local_time":"20210111213441","is_ascension_mode":false,"campfire_choices":[{"floor":13,"key":"REST"},{"floor":15,"key":"REST"},{"floor":23,"key":"REST"}],"circlet_count":0,"master_deck":["Strike_B","Strike_B","Strike_B","Defend_B","Defend_B","Defend_B","Defend_B","Zap","Dualcast","Stack","Doom and Gloom","Darkness","Tempest","Defragment","Barrage","Steam","Conserve Battery","Conserve Battery","Discovery","Redo","Defragment","Beam Cell+1"],"relics":["Cracked Core","Centennial Puzzle","Golden Idol","Shuriken","Ornamental Fan","MealTicket","SlaversCollar","TheAbacus"],"acts_visited":["Exordium","TheCity"],"potions_floor_usage":[12,16,16,18],"damage_taken":[{"damage":3.0,"enemies":"Jaw Worm","floor":1.0,"turns":4.0},{"damage":0.0,"enemies":"Small Slimes","floor":3.0,"turns":3.0},{"damage":0.0,"enemies":"Cultist","floor":4.0,"turns":3.0},{"damage":30.0,"enemies":"3 Sentries","floor":6.0,"turns":5.0},{"damage":11,"enemies":"2 Fungi Beasts","floor":7,"turns":3},{"damage":0,"enemies":"Large Slime","floor":10,"turns":3},{"damage":11,"enemies":"Blue Slaver","floor":11,"turns":4},{"damage":0,"enemies":"3 Louse","floor":12,"turns":1},{"damage":46,"enemies":"Hexaghost","floor":16,"turns":10},{"damage":15,"enemies":"Spheric Guardian","floor":18,"turns":4},{"damage":16,"enemies":"Shell Parasite","floor":20,"turns":6},{"damage":38,"enemies":"Centurion and Healer","floor":22,"turns":8},{"damage":51,"enemies":"Book of Stabbing","floor":24,"turns":6}],"seed_played":"7031640840733193051","potions_obtained":[{"floor":3.0,"key":"SkillPotion"},{"floor":10,"key":"AttackPotion"},{"floor":11,"key":"DuplicationPotion"},{"floor":12,"key":"LiquidMemories"}],"is_trial":false,"path_per_floor":["M","?","M","M","?","E","M","T","T","M","M","M","R","?","R","B",null,"M","$","M","?","M","R","E"],"character_chosen":"DEFECT","items_purchased":["TheAbacus","Conserve Battery","Discovery"],"campfire_rested":3,"item_purchase_floors":[19,19,19],"current_hp_per_floor":[72,72,72,72,54,24,13,13,13,13,2,2,24,29,53,7,80,65,80,64,64,26,50,0,0],"gold":160,"neow_bonus":"RANDOM_COMMON_RELIC","is_daily":false,"chose_seed":false,"campfire_upgraded":0,"win_rate":0.0,"timestamp":1610429681,"path_taken":["M","?","M","M","?","E","M","?","T","M","M","?","R","?","R","BOSS","M","$","M","?","M","R","E"],"items_purchased_type":["Relic","Card","Card"],"build_version":"2020-12-22","purchased_purges":0,"victory":false,"max_hp_per_floor":[75,75,75,75,75,75,75,75,75,75,75,75,75,80,80,80,80,80,80,80,80,80,80,80,80],"card_choices":[{"not_picked":["Leap","Lockon"],"picked":"Stack","floor":1.0},{"not_picked":["Cold Snap","Coolheaded"],"picked":"Doom and Gloom","floor":3.0},{"not_picked":["Rainbow","Go for the Eyes"],"picked":"Darkness","floor":4.0},{"not_picked":["Cold Snap","Genetic Algorithm"],"picked":"Tempest","floor":6},{"not_picked":["Cold Snap","Heatsinks"],"picked":"Defragment","floor":7},{"not_picked":["Loop","Static Discharge"],"picked":"Barrage","floor":10},{"not_picked":["Coolheaded","Undo","Static Discharge"],"picked":"SKIP","floor":11},{"not_picked":["Beam Cell","Rebound"],"picked":"Steam","floor":12},{"not_picked":["Loop","White Noise"],"picked":"Conserve Battery","floor":18},{"not_picked":["Leap","Steam Power"],"picked":"Redo","floor":20},{"not_picked":["Darkness","Skim"],"picked":"Beam Cell+1","floor":22}],"player_experience":28956,"relics_obtained":[{"floor":6,"key":"Shuriken"},{"floor":8,"key":"Ornamental Fan"},{"floor":9,"key":"MealTicket"}],"event_choices":[{"cards_removed":["Strike_B"],"damage_healed":0.0,"max_hp_gain":0.0,"max_hp_loss":0.0,"gold_gain":0.0,"event_name":"The Cleric","player_choice":"Card Removal","floor":2.0,"gold_loss":50.0,"damage_taken":0.0},{"damage_healed":0.0,"max_hp_gain":0.0,"max_hp_loss":0.0,"gold_gain":0.0,"event_name":"Golden Idol","player_choice":"Take Damage","floor":5.0,"gold_loss":0.0,"damage_taken":18.0,"relics_obtained":["Golden Idol"]},{"damage_healed":0,"gold_gain":0,"player_choice":"Donut","damage_taken":0,"max_hp_gain":5,"max_hp_loss":0,"event_name":"Big Fish","floor":14,"gold_loss":0},{"damage_healed":0,"gold_gain":0,"player_choice":"Copied","damage_taken":0,"max_hp_gain":0,"max_hp_loss":0,"event_name":"Duplicator","floor":21,"gold_loss":0,"cards_obtained":["Defragment"]}],"is_beta":false,"boss_relics":[{"not_picked":["Runic Pyramid","Cursed Key"],"picked":"SlaversCollar"}],"items_purged_floors":[],"is_endless":false,"potions_floor_spawned":[3,10,11,12],"killed_by":"Book of Stabbing","ascension_level":0}}