{"host":"sav7uxregyirlf69","time":1610418867,"event":{"mods":["AchievementEnabler","BaseMod","Colored Map","DeckTracker","Keyboard Shortcuts","Minty Spire (QoL Compilation)","READ ME - Guardian Mod","StSLib","SuperFastMode"],"gold_per_floor":[112,112,129,139,157,157,117,192,192,192,61,80,113,123,123,123,123],"floor_reached":16,"playtime":349,"items_purged":["Strike_G"],"score":204,"play_id":"58e193a7-abb1-406e-9f1a-497c943d18de","local_time":"20210112113427","is_ascension_mode":true,"campfire_choices":[{"data":"Cloak And Dagger","floor":6,"key":"SMITH"},{"data":"Accuracy","floor":15,"key":"SMITH"}],"circlet_count":0,"master_deck":["AscendersBane","Strike_G","Strike_G","Strike_G","Defend_G","Defend_G","Defend_G","Defend_G","Defend_G","Survivor","Neutralize","Cloak And Dagger+1","PiercingWail","Accuracy+1","Escape Plan","Noxious Fumes","Blur"],"relics":["Ring of the Snake","Ancient Tea Set","Ornamental Fan","Paper Crane","StrikeDummy"],"acts_visited":["Exordium"],"potions_floor_usage":[5,12,13,16,16],"damage_taken":[{"damage":2,"enemies":"2 Louse","floor":1,"turns":5},{"damage":1,"enemies":"Small Slimes","floor":3,"turns":4},{"damage":0,"enemies":"Jaw Worm","floor":4,"turns":5},{"damage":8,"enemies":"Lots of Slimes","floor":5,"turns":6},{"damage":0,"enemies":"Looter","floor":7,"turns":4},{"damage":0,"enemies":"Large Slime","floor":12,"turns":9},{"damage":11,"enemies":"Lagavulin","floor":13,"turns":8},{"damage":0,"enemies":"Red Slaver","floor":14,"turns":6},{"damage":23,"enemies":"Slime Boss","floor":16,"turns":3}],"seed_played":"6957861587238535280","potions_obtained":[{"floor":3,"key":"Fruit Juice"},{"floor":4,"key":"AttackPotion"},{"floor":12,"key":"Fire Potion"},{"floor":14,"key":"SneckoOil"}],"is_trial":false,"path_per_floor":["M","?","M","M","M","R","M","?","T","?","$","M","E","M","R","B"],"character_chosen":"THE_SILENT","items_purchased":["Strength Potion"],"campfire_rested":0,"item_purchase_floors":[11],"current_hp_per_floor":[57,57,56,56,48,48,48,37,37,26,26,31,20,20,20,0,0],"gold":123,"neow_bonus":"RANDOM_COMMON_RELIC","is_daily":false,"chose_seed":false,"campfire_upgraded":2,"win_rate":0.0,"timestamp":1610418867,"path_taken":["M","?","M","M","M","R","M","?","T","?","?","M","E","?","R","BOSS"],"items_purchased_type":["Potion"],"build_version":"2020-12-22","purchased_purges":1,"victory":false,"max_hp_per_floor":[66,66,66,66,66,66,66,66,66,66,66,71,71,71,71,71,71],"card_choices":[{"not_picked":["Dodge and Roll","Flying Knee"],"picked":"Cloak And Dagger","floor":1},{"not_picked":["Distraction","Deadly Poison"],"picked":"Accuracy","floor":3},{"not_picked":["Poisoned Stab","Slice"],"picked":"Escape Plan","floor":4},{"not_picked":["Masterful Stab","Caltrops"],"picked":"Noxious Fumes","floor":5},{"not_picked":["Sucker Punch","Poisoned Stab","PiercingWail"],"picked":"SKIP","floor":7},{"not_picked":["Bouncing Flask","Noxious Fumes","Underhanded Strike"],"picked":"SKIP","floor":12},{"not_picked":["Deadly Poison","Tactician"],"picked":"Blur","floor":13},{"not_picked":["Deflect","Dodge and Roll","Outmaneuver"],"picked":"SKIP","floor":14}],"player_experience":1256626,"relics_obtained":[{"floor":9,"key":"Ornamental Fan"},{"floor":13,"key":"StrikeDummy"}],"event_choices":[{"damage_healed":0,"gold_gain":0,"cards_transformed":["Strike_G"],"player_choice":"Change","damage_taken":0,"max_hp_gain":0,"max_hp_loss":0,"event_name":"Living Wall","floor":2,"gold_loss":0,"cards_obtained":["PiercingWail"]},{"damage_healed":0,"gold_gain":75,"player_choice":"Gather Gold","damage_taken":11,"max_hp_gain":0,"max_hp_loss":0,"event_name":"World of Goop","floor":8,"gold_loss":0},{"damage_healed":0,"gold_gain":0,"player_choice":"Success","damage_taken":11,"relics_obtained":["Paper Crane"],"max_hp_gain":0,"max_hp_loss":0,"event_name":"Scrap Ooze","floor":10,"gold_loss":0}],"is_beta":false,"boss_relics":[],"items_purged_floors":[11],"is_endless":false,"potions_floor_spawned":[3,4,12,14],"killed_by":"Slime Boss","ascension_level":20}}