{"host":"7po9pgh86bqe2blc","time":1610470806,"event":{"mods":["BaseMod","Colored Map","Colored Powertips","Hermit","Hubris","Koishi","Minty Spire (QoL Compilation)","StSLib","The Cursed","The Disciple","The Hierophant","The Runesmith"],"gold_per_floor":[116,118,293,293,293,329,329,364,364,379,400,420,190,209,209,330,330,354,354,354,110,128,128,146,146,146],"floor_reached":25,"playtime":2436,"items_purged":["hierophant:Strike_Hierophant","hierophant:Bribe+1"],"score":238,"play_id":"55ac25e2-2d09-49dd-8c01-142ee7c7f045","local_time":"20210112180006","is_ascension_mode":false,"campfire_choices":[{"data":"hierophant:Glossolalia","floor":7,"key":"SMITH"},{"floor":15,"key":"REST"},{"floor":23,"key":"REST"}],"circlet_count":0,"master_deck":["hierophant:Punish","hierophant:Defend_Hierophant","hierophant:Defend_Hierophant","hierophant:Defend_Hierophant","hierophant:ChurchCoffers","hierophant:Glossolalia+1","hierophant:Exaltation","hierophant:Batter","hierophant:PristineSoul","hierophant:DivineIntervention","hierophant:Kindle","hierophant:OrnateBuckler+1","Sadistic Nature+1","hierophant:Encroach"],"relics":["hierophant:PropheticMaskRelic","NeowsBlessing","Golden Idol","Incense Burner","Potion Belt","hubris:DuctTape","Astrolabe","MutagenicStrength","Frozen Eye"],"acts_visited":["Exordium","TheCity"],"potions_floor_usage":[8,16,22,24,24,25,25],"damage_taken":[{"damage":0,"enemies":"Small Slimes","floor":1,"turns":1},{"damage":0,"enemies":"2 Louse","floor":2,"turns":1},{"damage":0,"enemies":"3 Sentries","floor":6,"turns":2},{"damage":32,"enemies":"Gremlin Nob","floor":8,"turns":4},{"damage":11,"enemies":"Jaw Worm","floor":10,"turns":3},{"damage":16,"enemies":"Large Slime","floor":11,"turns":5},{"damage":1,"enemies":"3 Louse","floor":12,"turns":3},{"damage":11,"enemies":"Gremlin Gang","floor":14,"turns":4},{"damage":31,"enemies":"The Guardian","floor":16,"turns":8},{"damage":49,"enemies":"Chosen","floor":18,"turns":7},{"damage":3,"enemies":"Shell Parasite","floor":22,"turns":9},{"damage":4,"enemies":"Shelled Parasite and Fungi","floor":24,"turns":4},{"damage":49,"enemies":"Gremlin Leader","floor":25,"turns":5}],"seed_played":"8091416394547422780","potions_obtained":[{"floor":1,"key":"PowerPotion"},{"floor":6,"key":"FairyPotion"},{"floor":14,"key":"Energy Potion"},{"floor":16,"key":"EssenceOfSteel"},{"floor":22,"key":"EntropicBrew"},{"floor":24,"key":"PowerPotion"}],"is_trial":false,"path_per_floor":["M","M","?","?","?","E","R","E","T","M","M","M","$","M","R","B",null,"M","?","?","$","M","R","M","E"],"character_chosen":"HIEROPHANT","items_purchased":["hierophant:DivineIntervention","Frozen Eye"],"campfire_rested":2,"item_purchase_floors":[13,21],"current_hp_per_floor":[75,75,75,68,50,50,50,18,18,7,22,21,21,10,32,1,75,26,26,14,14,11,33,41,0,0],"gold":146,"neow_bonus":"THREE_ENEMY_KILL","is_daily":false,"chose_seed":false,"campfire_upgraded":1,"win_rate":0.0,"timestamp":1610470806,"path_taken":["M","M","?","?","?","E","R","E","T","M","M","M","$","M","R","BOSS","M","?","?","$","?","R","M","E"],"items_purchased_type":["Card","Relic"],"build_version":"2020-12-13","purchased_purges":2,"victory":false,"max_hp_per_floor":[75,75,75,75,75,75,75,75,75,75,75,75,75,75,75,75,75,75,75,75,75,75,75,75,75,75],"card_choices":[{"not_picked":["hierophant:SolarFlare","hierophant:FaithHealing"],"picked":"hierophant:Glossolalia","floor":1},{"not_picked":["hierophant:Purify","hierophant:MorningPrayer"],"picked":"hierophant:Exaltation","floor":2},{"not_picked":["hierophant:Remorse","hierophant:MorningPrayer"],"picked":"hierophant:Batter","floor":6},{"not_picked":["hierophant:Exaltation","hierophant:Remorse"],"picked":"hierophant:PristineSoul","floor":8},{"not_picked":["hierophant:RepressedViolence","hierophant:Smite","hierophant:MorningPrayer"],"picked":"SKIP","floor":10},{"not_picked":["hierophant:ThreeLashes","hierophant:MorningPrayer","hierophant:SealAway"],"picked":"SKIP","floor":11},{"not_picked":["hierophant:HolyVerse","hierophant:MirrorShield","hierophant:RepressedViolence"],"picked":"SKIP","floor":12},{"not_picked":["hierophant:EyeForCoin","hierophant:FaithHealing","hierophant:Charity"],"picked":"SKIP","floor":14},{"not_picked":["hierophant:Determination","hierophant:Invocation"],"picked":"hierophant:Kindle","floor":16},{"not_picked":["hierophant:Purify","hierophant:RepressedViolence","hierophant:Flagellation"],"picked":"SKIP","floor":18},{"not_picked":["hierophant:Levitation","hierophant:SealAway+1"],"picked":"hierophant:Encroach","floor":22},{"not_picked":["hierophant:Charity","hierophant:Sermon","hierophant:HolyVerse"],"picked":"SKIP","floor":24}],"player_experience":366354,"relics_obtained":[{"floor":6,"key":"Incense Burner"},{"floor":8,"key":"Potion Belt"},{"floor":9,"key":"hubris:DuctTape"}],"event_choices":[{"damage_healed":0,"gold_gain":175,"player_choice":"AGREE","damage_taken":0,"max_hp_gain":0,"max_hp_loss":0,"event_name":"Liars Game","floor":3,"gold_loss":0,"cards_obtained":["Doubt"]},{"cards_removed":["Doubt"],"damage_healed":0,"gold_gain":0,"player_choice":"Card Removal","damage_taken":7,"max_hp_gain":0,"max_hp_loss":0,"event_name":"Golden Wing","floor":4,"gold_loss":0},{"damage_healed":0,"gold_gain":0,"player_choice":"Take Damage","damage_taken":18,"relics_obtained":["Golden Idol"],"max_hp_gain":0,"max_hp_loss":0,"event_name":"Golden Idol","floor":5,"gold_loss":0},{"damage_healed":0,"gold_gain":0,"player_choice":"Inject Mutagens","damage_taken":0,"relics_obtained":["MutagenicStrength"],"max_hp_gain":0,"max_hp_loss":0,"event_name":"Drug Dealer","floor":19,"gold_loss":0},{"damage_healed":0,"gold_gain":0,"player_choice":"POTION ","damage_taken":12,"max_hp_gain":0,"max_hp_loss":0,"event_name":"Knowing Skull","floor":20,"potions_obtained":["SteroidPotion"],"gold_loss":0,"cards_obtained":[]}],"is_beta":false,"boss_relics":[{"not_picked":["Tiny House","Velvet Choker"],"picked":"Astrolabe"}],"items_purged_floors":[13,21],"is_endless":false,"potions_floor_spawned":[1,6,14,16,22,24],"killed_by":"Gremlin Leader","ascension_level":0}}