{"host":"hw13b7hbn5su36xt","time":1610413630,"event":{"mods":["2.2 Compatiblity","BaseMod","Bestiary","Colored Map","Colored Powertips","Curses Come First","Dark Map","Downfall","Highlight Path","Minty Spire (QoL Compilation)","RNG Fix","Relic Filter","Relic Sorter","Relic Stats","StSLib"],"gold_per_floor":[199,209,209,23,36,71,120,133,58,158,171,204,204,48,63,164,164,164,183,183,198,198,198,245,265,265,216,216,231,231,260,275,376,376,376,393,405,455,264,275,302,302,333,333,364,364,96,115,127,127],"floor_reached":51,"playtime":2822,"items_purged":["hexamod:Haunted","champ:Defend","Guardian:Aged"],"score":829,"play_id":"c0325bcc-5c4c-46ae-af3f-07ef73e6d461","local_time":"20210112010710","is_ascension_mode":true,"campfire_choices":[{"data":"champ:Strike","floor":1,"key":"SMITH"},{"floor":9,"key":"REST"},{"data":"champ:VampiricStrike","floor":18,"key":"SMITH"},{"data":"expansioncontent:DashGenerateEvil","floor":26,"key":"SMITH"},{"data":"champ:EnchantSword","floor":30,"key":"SMITH"},{"data":"champ:IgnorePain","floor":35,"key":"SMITH"},{"floor":44,"key":"REST"},{"data":"champ:GladiatorsShout","floor":46,"key":"SMITH"}],"circlet_count":0,"master_deck":["champ:Strike","champ:Strike+1","champ:Strike+1","champ:Defend","champ:Defend","champ:Execute","champ:Taunt","champ:RisingSlash","champ:BerserkersShout","expansioncontent:DashGenerateEvil+1","champ:FaceSlap","champ:FanOfKnives+1","champ:ShieldSigil","champ:IronFortress","champ:EnchantSword+1","champ:BladeFlurry","champ:VampiricStrike+1","champ:RisingSlash","champ:BringItOn+1","Necronomicurse","champ:GladiatorsShout+1","champ:RisingSlash+1","champ:CalledShot+1","champ:IronFortress+1","champ:IgnorePain+1","champ:GladiatorsShout+1","Madness","champ:Shatter+1","champ:EnchantCrown","champ:Lariat"],"relics":["champ:ChampionCrown","champ:LiftRelic","Nunchaku","downfall:HeartBlessingBlue","Champion Belt","Shuriken","Cursed Key","Necronomicon","champ:GladiatorsBookOfMartialProwess","Juzu Bracelet","Mango","Calipers","Empty Cage","Bird Faced Urn","hexamod:BolsterEngine","Whetstone","Anchor","Medical Kit"],"acts_visited":["Exordium","TheCity","TheBeyond"],"potions_floor_usage":[4,12,14,14,19,25,27,36,48,48,50],"damage_taken":[{"damage":5,"enemies":"Cultist","floor":2,"turns":3},{"damage":10,"enemies":"downfall:FleeingMerchant","floor":4,"turns":4},{"damage":3,"enemies":"Jaw Worm","floor":5,"turns":3},{"damage":24,"enemies":"Lagavulin","floor":6,"turns":5},{"damage":20,"enemies":"Small Slimes","floor":8,"turns":3},{"damage":20,"enemies":"Small Slimes","floor":10,"turns":3},{"damage":30,"enemies":"Exordium Wildlife","floor":11,"turns":3},{"damage":12,"enemies":"Gremlin Nob","floor":12,"turns":4},{"damage":38,"enemies":"downfall:FleeingMerchant","floor":14,"turns":4},{"damage":3,"enemies":"3 Louse","floor":15,"turns":2},{"damage":29,"enemies":"downfall:Watcher","floor":16,"turns":8},{"damage":11,"enemies":"Spheric Guardian","floor":19,"turns":3},{"damage":12,"enemies":"Cultist and Chosen","floor":21,"turns":4},{"damage":5,"enemies":"3 Cultists","floor":25,"turns":4},{"damage":11,"enemies":"downfall:FleeingMerchant","floor":27,"turns":4},{"damage":30,"enemies":"Snake Plant","floor":29,"turns":4},{"damage":8,"enemies":"Slavers","floor":31,"turns":4},{"damage":33,"enemies":"Snecko","floor":32,"turns":4},{"damage":40,"enemies":"downfall:Ironclad","floor":33,"turns":5},{"damage":0,"enemies":"Orb Walker","floor":36,"turns":1},{"damage":23,"enemies":"3 Darklings","floor":37,"turns":4},{"damage":53,"enemies":"Mind Bloom Boss Battle","floor":38,"turns":7},{"damage":42,"enemies":"Spire Growth","floor":40,"turns":4},{"damage":56,"enemies":"Reptomancer","floor":43,"turns":5},{"damage":39,"enemies":"Giant Head","floor":45,"turns":6},{"damage":16,"enemies":"Maw","floor":48,"turns":6},{"damage":68,"enemies":"Sphere and 2 Shapes","floor":49,"turns":5},{"damage":32,"enemies":"downfall:Defect","floor":50,"turns":6}],"seed_played":"6010907584187822318","potions_obtained":[{"floor":2,"key":"hexamod:EctoCoolerPotion"},{"floor":11,"key":"Swift Potion"},{"floor":12,"key":"champ:TechniquePotion"},{"floor":13,"key":"FairyPotion"},{"floor":13,"key":"Explosive Potion"},{"floor":15,"key":"Block Potion"},{"floor":16,"key":"FearPotion"},{"floor":25,"key":"Energy Potion"},{"floor":29,"key":"BlessingOfTheForge"},{"floor":36,"key":"Fruit Juice"},{"floor":43,"key":"sneckomod:MuddlingPotion"},{"floor":48,"key":"Regen Potion"}],"is_trial":false,"path_per_floor":["R","M","?","$","M","E","T","M","R","?","M","E","?","$","M","B",null,"R","M","?","M","?","?","T","M","R","$","T","M","R","E","M","B",null,"R","M","M","?","?","M","T","?","E","R","E","R","$","M","M","B",null],"character_chosen":"THE_CHAMP","items_purchased":["expansioncontent:DashGenerateEvil","champ:EnchantSword","Mango","Madness","Medical Kit"],"campfire_rested":2,"item_purchase_floors":[4,14,27,39,47],"current_hp_per_floor":[90,90,90,90,90,69,69,61,100,94,85,79,79,69,69,61,100,100,100,100,100,84,84,84,82,82,114,114,113,113,106,84,114,114,114,119,119,95,95,89,89,89,53,88,96,96,96,106,76,90],"gold":127,"neow_bonus":"HUNDRED_GOLD","is_daily":false,"chose_seed":false,"campfire_upgraded":6,"win_rate":0.0,"timestamp":1610413630,"path_taken":["R","M","?","$","?","E","T","M","R","?","?","E","?","$","M","BOSS","R","M","?","M","?","?","T","M","R","$","?","M","R","E","M","BOSS","R","M","M","?","?","M","T","?","E","R","E","R","$","M","M","BOSS"],"items_purchased_type":["Card","Card","Relic","Card","Relic"],"build_version":"2020-12-22","purchased_purges":3,"victory":true,"max_hp_per_floor":[90,90,90,90,90,90,90,90,100,100,100,100,100,100,100,100,100,100,100,100,100,100,100,100,100,100,114,114,114,114,114,114,114,114,114,119,119,119,119,119,119,119,119,119,119,119,119,119,119,119],"relic_stats":{"Nunchaku":[27],"counters":[28,118],"Shuriken":[52],"Bird Faced Urn":[38],"Necronomicon":[38],"Juzu Bracelet":0,"Champion Belt":[15],"Whetstone":["champ:FanOfKnives","champ:Strike"],"Cursed Key":2,"Medical Kit":[0],"obtain_stats":[{"Calipers":31,"champ:ChampionCrown":0,"Mango":27,"Juzu Bracelet":24,"Whetstone":43,"Cursed Key":17,"Empty Cage":34,"Medical Kit":47,"champ:GladiatorsBookOfMartialProwess":23,"Nunchaku":6,"Anchor":45,"downfall:HeartBlessingBlue":9,"Shuriken":12,"champ:LiftRelic":3,"Bird Faced Urn":38,"Necronomicon":22,"Champion Belt":10,"hexamod:BolsterEngine":41},{"Calipers":17,"champ:ChampionCrown":0,"Mango":15,"Juzu Bracelet":13,"Whetstone":24,"Cursed Key":11,"Empty Cage":19,"Medical Kit":25,"champ:GladiatorsBookOfMartialProwess":13,"Nunchaku":4,"Anchor":25,"downfall:HeartBlessingBlue":5,"Shuriken":8,"champ:LiftRelic":1,"Bird Faced Urn":22,"Necronomicon":13,"Champion Belt":6,"hexamod:BolsterEngine":23},{"Calipers":65,"champ:ChampionCrown":0,"Mango":57,"Juzu Bracelet":49,"Whetstone":95,"Cursed Key":42,"Empty Cage":74,"Medical Kit":101,"champ:GladiatorsBookOfMartialProwess":49,"Nunchaku":15,"Anchor":101,"downfall:HeartBlessingBlue":18,"Shuriken":28,"champ:LiftRelic":3,"Bird Faced Urn":86,"Necronomicon":49,"Champion Belt":21,"hexamod:BolsterEngine":90}]},"card_choices":[{"not_picked":["champ:Lariat","champ:Circumvent"],"picked":"champ:RisingSlash","floor":2},{"not_picked":["champ:RecklessLeap","champ:RapidStrikes"],"picked":"champ:BerserkersShout","floor":4},{"not_picked":["champ:Haymaker","champ:FalseCounter"],"picked":"champ:FaceSlap","floor":5},{"not_picked":["champ:DefensiveShout","champ:EnragedBash","champ:GladiatorStyle"],"picked":"SKIP","floor":6},{"not_picked":["champ:Lariat","champ:DefensiveStyle"],"picked":"champ:FanOfKnives","floor":8},{"not_picked":["champ:RageSigil","champ:BerserkersShout"],"picked":"champ:ShieldSigil","floor":10},{"not_picked":["champ:ShieldWall","champ:EnragedBash"],"picked":"champ:IronFortress","floor":11},{"not_picked":["champ:BringItOn","champ:StanceDance","champ:ViciousMockery"],"picked":"SKIP","floor":12},{"not_picked":["champ:RageSigil","champ:Duel","champ:SteelEdge"],"picked":"SKIP","floor":14},{"not_picked":["champ:ShieldSigil","champ:BringItOn"],"picked":"champ:BladeFlurry","floor":15},{"not_picked":["champ:IgnorePain","champ:CrownThrow"],"picked":"champ:VampiricStrike","floor":16},{"not_picked":["champ:GladiatorStyle","champ:RageSigil+1"],"picked":"champ:RisingSlash","floor":19},{"not_picked":["champ:FightOn","champ:CrookedStrike"],"picked":"champ:BringItOn+1","floor":21},{"not_picked":["champ:FlashCut","champ:StrikeOfGenius"],"picked":"champ:GladiatorsShout+1","floor":25},{"not_picked":["champ:Lariat","champ:CrookedStrike"],"picked":"champ:RisingSlash+1","floor":27},{"not_picked":["champ:ArenaPreparation","champ:BladeFlurry"],"picked":"champ:CalledShot+1","floor":29},{"not_picked":["champ:AdrenalArmor","champ:ShieldSigil"],"picked":"champ:IronFortress+1","floor":31},{"not_picked":["champ:GutPunch","champ:FanOfKnives","champ:RecklessLeap"],"picked":"SKIP","floor":32},{"not_picked":["champ:EnchantCrown","champ:MurderStrike"],"picked":"champ:IgnorePain","floor":33},{"not_picked":["champ:RisingSlash","champ:GladiatorsShout","champ:DeathBlow"],"picked":"SKIP","floor":36},{"not_picked":["champ:Balance+1","champ:FocusedGladiator","champ:StanceDance+1"],"picked":"SKIP","floor":37},{"not_picked":["champ:RageSigil","champ:RisingSlash"],"picked":"champ:GladiatorsShout","floor":38},{"not_picked":["champ:EnragedBash","champ:Circumvent+1","champ:Haymaker+1"],"picked":"SKIP","floor":40},{"not_picked":["champ:EnchantShield","champ:FocusedBerserking+1"],"picked":"champ:Shatter+1","floor":43},{"not_picked":["champ:BladeFlurry+1","champ:Duel+1"],"picked":"champ:EnchantCrown","floor":45},{"not_picked":["champ:TornadoPunch+1","champ:BringItOn"],"picked":"champ:Lariat","floor":48},{"not_picked":["champ:EnGarde+1","champ:GutPunch","champ:Haymaker"],"picked":"SKIP","floor":49}],"player_experience":369004,"relics_obtained":[{"floor":6,"key":"Nunchaku"},{"floor":10,"key":"Champion Belt"},{"floor":12,"key":"Shuriken"},{"floor":22,"key":"Necronomicon"},{"floor":24,"key":"Juzu Bracelet"},{"floor":31,"key":"Calipers"},{"floor":38,"key":"Bird Faced Urn"},{"floor":41,"key":"hexamod:BolsterEngine"},{"floor":43,"key":"Whetstone"},{"floor":45,"key":"Anchor"}],"event_choices":[{"damage_healed":0,"gold_gain":0,"player_choice":"Got Potions","damage_taken":0,"max_hp_gain":0,"max_hp_loss":0,"event_name":"Lab","floor":13,"gold_loss":0}],"is_beta":false,"boss_relics":[{"not_picked":["Astrolabe","SacredBark"],"picked":"Cursed Key"},{"not_picked":["champ:PowerArmor","Coffee Dripper"],"picked":"Empty Cage"}],"items_purged_floors":[27,39,47],"is_endless":false,"potions_floor_spawned":[2,11,12,15,16,25,29,36,43,48],"ascension_level":2}}