{"host":"8i4doyxqctgl5qb0","time":1610422156,"event":{"mods":["AchievementEnabler","BaseMod","Block Reminder","Colored Powertips","Downfall","Hermit","Minty Spire (QoL Compilation)","Permanent Neow","Potion Indicator Mod","Rare Cards Sparkle","StSLib","SuperFastMode","The Jungle"],"gold_per_floor":[218,393,412,412,426,426,501,514,514,514,541,555,555,565,565,669,669,685,685,702,702,902,902,467,483,508,277,288,314,314,333,333,431,431,450,450,462,184,184,184,217,217,217,180,200,9,19,19,19,19,19],"floor_reached":50,"playtime":1748,"items_purged":["Strike_B","Strike_B"],"score":761,"play_id":"1e2710ae-7df4-4f06-87ae-3752c66c195e","local_time":"20210112112916","is_ascension_mode":true,"campfire_choices":[{"data":"Zap","floor":6.0,"key":"SMITH"},{"data":"White Noise","floor":10.0,"key":"SMITH"},{"floor":13.0,"key":"REST"},{"floor":15.0,"key":"REST"},{"floor":23.0,"key":"REST"},{"data":"Machine Learning","floor":30.0,"key":"SMITH"},{"floor":32.0,"key":"REST"},{"data":"White Noise","floor":40,"key":"SMITH"},{"floor":42,"key":"REST"},{"floor":49,"key":"REST"}],"circlet_count":0,"master_deck":["Zap+1","Dualcast","Ball Lightning","Steam","Sunder","White Noise+1","Turbo","Tempest","Glacier","Machine Learning+1","Melter","BootSequence","Hello World","Conserve Battery","Conserve Battery","Loop","Hologram","Defragment","White Noise+1","Defragment","Electrodynamics","Steam","Steam","Seek","Static Discharge","Defragment","Force Field","Conserve Battery+1","Capacitor+1","Self Repair","Auto Shields","Blind","Secret Technique","Secret Technique","Capacitor+1","Loop","Loop+1","Consume","Defragment","Mayhem","Capacitor+1","Madness","Madness"],"relics":["FrozenCore","Spirit Poop","Bottled Flame","Unceasing Top","Pear","Membership Card","Cables","Vajra","Happy Flower","Bottled Lightning","Blood Vial","Pandora\u0027s Box","Potion Belt","Kunai","Bronze Scales","Toy Ornithopter"],"acts_visited":["Exordium","TheCity","TheBeyond"],"potions_floor_usage":[33,41,50],"damage_taken":[{"damage":0.0,"enemies":"Small Slimes","floor":1.0,"turns":4.0},{"damage":1.0,"enemies":"Cultist","floor":3.0,"turns":4.0},{"damage":6.0,"enemies":"Jaw Worm","floor":5.0,"turns":2.0},{"damage":1.0,"enemies":"2 Fungi Beasts","floor":8.0,"turns":3.0},{"damage":17.0,"enemies":"Lagavulin","floor":11.0,"turns":5.0},{"damage":26.0,"enemies":"Exordium Wildlife","floor":12.0,"turns":5.0},{"damage":0.0,"enemies":"Gremlin Gang","floor":14.0,"turns":4.0},{"damage":39.0,"enemies":"Hexaghost","floor":16.0,"turns":9.0},{"damage":9.0,"enemies":"Spheric Guardian","floor":18.0,"turns":5.0},{"damage":12.0,"enemies":"Shell Parasite","floor":20.0,"turns":5.0},{"damage":12.0,"enemies":"Snake Plant","floor":25.0,"turns":5.0},{"damage":10.0,"enemies":"Shelled Parasite and Fungi","floor":28.0,"turns":6.0},{"damage":5.0,"enemies":"Slavers","floor":29.0,"turns":3.0},{"damage":26.0,"enemies":"Centurion and Healer","floor":31.0,"turns":6.0},{"damage":40,"enemies":"Automaton","floor":33,"turns":9},{"damage":3,"enemies":"3 Shapes","floor":35,"turns":5},{"damage":0,"enemies":"Orb Walker","floor":37,"turns":5},{"damage":39,"enemies":"Giant Head","floor":41,"turns":10},{"damage":8,"enemies":"4 Shapes","floor":45,"turns":4},{"damage":4,"enemies":"3 Darklings","floor":47,"turns":6},{"damage":65,"enemies":"Awakened One","floor":50,"turns":3}],"seed_played":"61765583240056762","potions_obtained":[{"floor":3.0,"key":"Fire Potion"},{"floor":5.0,"key":"Block Potion"},{"floor":11.0,"key":"champ:CounterPotion"},{"floor":16.0,"key":"Fire Potion"},{"floor":20.0,"key":"Energy Potion"},{"floor":25.0,"key":"Dexterity Potion"},{"floor":28.0,"key":"AttackPotion"},{"floor":31.0,"key":"DistilledChaos"},{"floor":35,"key":"EssenceOfDarkness"}],"is_trial":false,"path_per_floor":["M","?","M","?","M","R","?","M","T","R","E","M","R","M","R","B",null,"M","?","M","T","?","R","$","M","T","$","M","E","R","M","R","B",null,"M","?","M","$","?","R","E","R","T","$","M","$","M","?","R","B"],"character_chosen":"DEFECT","items_purchased":["Membership Card","Cables","Hello World","Conserve Battery","Vajra","Bottled Lightning","Loop","Hologram","Potion Belt","Kunai","Self Repair","Auto Shields","Loop","Consume","Defragment","Mayhem","Swift Potion"],"campfire_rested":6,"item_purchase_floors":[24,24,24,24,24,27,27,27,38,38,38,38,44,46,46,46,46],"current_hp_per_floor":[68,68,67,67,61,61,50,49,49,49,32,6,28,28,50,11,59,50,50,38,48,48,73,73,61,61,61,51,46,46,22,47,9,66,65,65,67,67,57,57,27,52,52,52,46,46,44,33,58,0,0],"gold":19,"neow_bonus":"HUNDRED_GOLD","is_daily":false,"chose_seed":false,"campfire_upgraded":4,"win_rate":0.0,"timestamp":1610422156,"path_taken":["M","?","M","?","?","R","?","M","T","R","E","M","R","M","R","BOSS","M","?","M","?","?","R","$","?","T","$","?","E","R","M","R","BOSS","M","?","?","$","?","R","E","R","T","?","M","$","?","?","R","BOSS"],"items_purchased_type":["Relic","Relic","Card","Card","Relic","Relic","Card","Card","Relic","Relic","Card","Card","Card","Card","Card","Card","Potion"],"build_version":"2020-12-22","purchased_purges":2,"victory":false,"max_hp_per_floor":[75,75,75,75,75,75,75,75,75,75,75,75,75,75,75,75,75,75,75,75,85,85,85,85,85,85,85,85,85,85,85,85,85,85,85,85,85,85,85,85,85,85,85,85,85,85,85,85,85,85,85],"card_choices":[{"not_picked":["Redo","FTL"],"picked":"Ball Lightning","floor":1.0},{"not_picked":["Aggregate","Sweeping Beam"],"picked":"Steam","floor":3.0},{"not_picked":["Genetic Algorithm","Conserve Battery"],"picked":"Sunder","floor":5.0},{"not_picked":["Gash","Undo"],"picked":"White Noise","floor":8.0},{"not_picked":["Leap","FTL"],"picked":"Turbo","floor":11.0},{"not_picked":["Turbo","Force Field"],"picked":"Tempest","floor":12.0},{"not_picked":["Beam Cell","Tempest"],"picked":"Glacier","floor":14.0},{"not_picked":["Buffer","Thunder Strike"],"picked":"Machine Learning","floor":16.0},{"not_picked":["Beam Cell+1","Cold Snap+1"],"picked":"Melter","floor":18.0},{"not_picked":["Coolheaded","Ball Lightning"],"picked":"BootSequence","floor":20.0},{"not_picked":["Steam Power+1","Stack+1"],"picked":"Conserve Battery","floor":25.0},{"not_picked":["Gash+1","Hologram"],"picked":"Defragment","floor":28.0},{"not_picked":["Thunder Strike","Cold Snap"],"picked":"White Noise","floor":29.0},{"not_picked":["Sweeping Beam","Darkness"],"picked":"Defragment","floor":31.0},{"not_picked":["Buffer","Hyperbeam"],"picked":"Electrodynamics","floor":33},{"not_picked":["Sweeping Beam+1","Ball Lightning+1"],"picked":"Conserve Battery+1","floor":35},{"not_picked":["Sweeping Beam","Aggregate"],"picked":"Capacitor+1","floor":37},{"not_picked":["HandOfGreed","expansioncontent:GoopSpray"],"picked":"Blind","floor":39},{"not_picked":["expansioncontent:DarkVoid","Mind Blast"],"picked":"Secret Technique","floor":39},{"not_picked":["Purity","Swift Strike"],"picked":"Secret Technique","floor":39},{"not_picked":["Coolheaded","Tempest"],"picked":"Capacitor+1","floor":41},{"not_picked":["Self Repair","Gash"],"picked":"Loop+1","floor":45},{"not_picked":["Hologram+1","Sunder+1"],"picked":"Capacitor+1","floor":47}],"player_experience":154589,"relics_obtained":[{"floor":9.0,"key":"Bottled Flame"},{"floor":11.0,"key":"Unceasing Top"},{"floor":21.0,"key":"Pear"},{"floor":26.0,"key":"Happy Flower"},{"floor":29.0,"key":"Blood Vial"},{"floor":41,"key":"Bronze Scales"},{"floor":43,"key":"Toy Ornithopter"}],"event_choices":[{"damage_healed":0.0,"max_hp_gain":0.0,"max_hp_loss":0.0,"gold_gain":175.0,"event_name":"Liars Game","player_choice":"AGREE","floor":2.0,"gold_loss":0.0,"damage_taken":0.0,"cards_obtained":["Doubt"]},{"cards_removed":["Doubt"],"damage_healed":0.0,"max_hp_gain":0.0,"max_hp_loss":0.0,"gold_gain":0.0,"event_name":"Bonfire Elementals","player_choice":"Offered Curse","floor":4.0,"gold_loss":0.0,"damage_taken":0.0,"relics_obtained":["Spirit Poop"]},{"damage_healed":0.0,"max_hp_gain":0.0,"max_hp_loss":0.0,"gold_gain":75.0,"event_name":"World of Goop","player_choice":"Gather Gold","floor":7.0,"gold_loss":0.0,"damage_taken":11.0},{"damage_healed":0.0,"max_hp_gain":0.0,"max_hp_loss":0.0,"gold_gain":0.0,"event_name":"Ghosts","player_choice":"Ignored","floor":19.0,"gold_loss":0.0,"damage_taken":0.0},{"damage_healed":0.0,"max_hp_gain":0.0,"max_hp_loss":0.0,"gold_gain":250.0,"event_name":"The Joust","player_choice":"Bet on Owner","floor":22.0,"gold_loss":50.0,"damage_taken":0.0},{"damage_healed":0,"gold_gain":0,"player_choice":"0 cards matched","damage_taken":0,"max_hp_gain":0,"max_hp_loss":0,"event_name":"Match and Keep!","floor":36,"gold_loss":0,"cards_obtained":[]},{"damage_healed":0,"gold_gain":0,"player_choice":"Memory 3","damage_taken":10,"max_hp_gain":0,"max_hp_loss":0,"event_name":"SensoryStone","floor":39,"gold_loss":0},{"damage_healed":0,"gold_gain":0,"player_choice":"Embrace Madness","damage_taken":11,"max_hp_gain":0,"max_hp_loss":0,"event_name":"Winding Halls","floor":48,"gold_loss":0,"cards_obtained":["Madness","Madness"]}],"is_beta":false,"boss_relics":[{"not_picked":["SacredBark","Astrolabe"],"picked":"FrozenCore"},{"not_picked":["Runic Dome","Snecko Eye"],"picked":"Pandora\u0027s Box"}],"items_purged_floors":[24,27],"is_endless":false,"potions_floor_spawned":[3,5,11,16,20,25,28,31,35],"killed_by":"Awakened One","ascension_level":7}}