{"host":"1a3cjta80tad0aqj","time":1610471763,"event":{"mods":["2.2 Compatiblity","AchievementEnabler","BaseMod","Colored Map","DeckTracker","KOR Keyword Fix","Keyboard Shortcuts","Minty Spire (QoL Compilation)","Permanent Neow","Quick Restart","Random Character Button","StSLib","SuperFastMode","everything is the same but u backflip on backflip"],"gold_per_floor":[117,130,205,205,14,14,48,48,48,48,62,82,103,126,126,250,250,266,152,170,41,57,57,91,91,91,6,6,41,41,41],"floor_reached":30,"playtime":1196,"items_purged":["Strike_B","Strike_B"],"score":268,"play_id":"dd2595d6-6267-4247-9c0d-18b8bc9130ca","local_time":"20210113021603","is_ascension_mode":false,"campfire_choices":[{"floor":6.0,"key":"REST"},{"data":"Dualcast","floor":8.0,"key":"SMITH"},{"data":"Sunder","floor":10.0,"key":"SMITH"},{"data":"Beam Cell","floor":15.0,"key":"SMITH"},{"floor":23,"key":"REST"},{"floor":28,"key":"REST"}],"circlet_count":0,"master_deck":["Strike_B","Strike_B","Defend_B","Defend_B","Defend_B","Defend_B","Zap","Dualcast+1","Sunder+1","Stack","Lockon","Melter","Beam Cell+1","Barrage","Hello World","Defragment","Echo Form","Chill+1","Ball Lightning","Conserve Battery","Sunder+1","Reinforced Body","Sunder"],"relics":["Cracked Core","FossilizedHelix","Golden Idol","Membership Card","Lantern","CaptainsWheel","Philosopher\u0027s Stone","Bag of Marbles","Nunchaku","Gambling Chip","Orichalcum","Mango","Pen Nib"],"acts_visited":["Exordium","TheCity"],"potions_floor_usage":[22],"damage_taken":[{"damage":0.0,"enemies":"Jaw Worm","floor":1.0,"turns":3.0},{"damage":0.0,"enemies":"Small Slimes","floor":2.0,"turns":2.0},{"damage":10.0,"enemies":"3 Sentries","floor":7.0,"turns":8.0},{"damage":0.0,"enemies":"2 Louse","floor":11.0,"turns":1.0},{"damage":0.0,"enemies":"2 Fungi Beasts","floor":12.0,"turns":2.0},{"damage":0.0,"enemies":"Blue Slaver","floor":13.0,"turns":2.0},{"damage":0.0,"enemies":"Large Slime","floor":14.0,"turns":3.0},{"damage":43.0,"enemies":"The Guardian","floor":16.0,"turns":9.0},{"damage":17.0,"enemies":"2 Thieves","floor":18.0,"turns":3.0},{"damage":15.0,"enemies":"3 Byrds","floor":20.0,"turns":5.0},{"damage":0,"enemies":"3 Cultists","floor":22,"turns":5},{"damage":28,"enemies":"Slavers","floor":24,"turns":6},{"damage":14,"enemies":"Gremlin Leader","floor":29,"turns":7},{"damage":0,"enemies":"Shelled Parasite and Fungi","floor":30,"turns":1}],"seed_played":"8010900525862990249","potions_obtained":[{"floor":1.0,"key":"SkillPotion"},{"floor":7.0,"key":"DistilledChaos"},{"floor":13.0,"key":"Fire Potion"},{"floor":18.0,"key":"Ancient Potion"},{"floor":20.0,"key":"EssenceOfSteel"},{"floor":29,"key":"LiquidMemories"}],"is_trial":false,"path_per_floor":["M","M","?","?","$","R","E","R","T","R","M","M","M","M","R","B",null,"M","$","M","$","M","R","E","?","T","?","R","E","M"],"character_chosen":"DEFECT","items_purchased":["Membership Card","Lockon","Bag of Marbles","Nunchaku"],"campfire_rested":3,"item_purchase_floors":[5,5,19,21],"current_hp_per_floor":[68,68,57,40,40,60,50,50,50,50,50,50,50,50,50,7,68,51,51,36,36,36,56,28,28,28,42,66,52,52,52],"gold":41,"neow_bonus":"ONE_RARE_RELIC","is_daily":false,"chose_seed":true,"campfire_upgraded":3,"win_rate":0.0,"timestamp":1610471763,"path_taken":["M","M","?","?","$","R","E","R","T","R","M","M","M","M","R","BOSS","M","$","M","$","M","R","E","?","T","?","R","E","M"],"items_purchased_type":["Relic","Card","Relic","Relic"],"build_version":"2020-12-22","purchased_purges":2,"victory":false,"max_hp_per_floor":[68,68,68,68,68,68,68,68,68,68,68,68,68,68,68,68,68,68,68,68,68,68,68,68,68,68,82,82,82,82,82],"card_choices":[{"not_picked":["Steam Power","Go for the Eyes"],"picked":"Sunder","floor":1.0},{"not_picked":["Ball Lightning","Compile Driver"],"picked":"Stack","floor":2.0},{"not_picked":["Compile Driver","Hello World"],"picked":"Melter","floor":7.0},{"not_picked":["Stack","Gash"],"picked":"Beam Cell","floor":11.0},{"not_picked":["Undo","Beam Cell"],"picked":"Barrage","floor":12.0},{"not_picked":["Barrage","Darkness"],"picked":"Hello World","floor":13.0},{"not_picked":["Scrape","Steam"],"picked":"Defragment","floor":14.0},{"not_picked":["Hyperbeam","Buffer"],"picked":"Echo Form","floor":16.0},{"not_picked":["Compile Driver","Hello World"],"picked":"Chill+1","floor":18.0},{"not_picked":["Chaos","Recycle"],"picked":"Ball Lightning","floor":20.0},{"not_picked":["Compile Driver","Turbo"],"picked":"Conserve Battery","floor":22},{"not_picked":["Coolheaded","Beam Cell+1"],"picked":"Sunder+1","floor":24},{"not_picked":["Tempest","Redo+1"],"picked":"Sunder","floor":29}],"player_experience":332954,"relics_obtained":[{"floor":7.0,"key":"Lantern"},{"floor":9.0,"key":"CaptainsWheel"},{"floor":24,"key":"Gambling Chip"},{"floor":26,"key":"Orichalcum"},{"floor":29,"key":"Pen Nib"}],"event_choices":[{"damage_healed":0.0,"max_hp_gain":0.0,"max_hp_loss":0.0,"gold_gain":75.0,"event_name":"World of Goop","player_choice":"Gather Gold","floor":3.0,"gold_loss":0.0,"damage_taken":11.0},{"damage_healed":0.0,"max_hp_gain":0.0,"max_hp_loss":0.0,"gold_gain":0.0,"event_name":"Golden Idol","player_choice":"Take Damage","floor":4.0,"gold_loss":0.0,"damage_taken":17.0,"relics_obtained":["Golden Idol"]},{"damage_healed":0,"gold_gain":0,"player_choice":"Read","damage_taken":0,"max_hp_gain":0,"max_hp_loss":0,"event_name":"The Library","floor":25,"gold_loss":0,"cards_obtained":["Reinforced Body"]},{"damage_healed":0,"gold_gain":0,"player_choice":"Obtained Relic","damage_taken":0,"relics_obtained":["Mango"],"max_hp_gain":0,"max_hp_loss":0,"event_name":"Addict","floor":27,"gold_loss":85}],"is_beta":false,"boss_relics":[{"not_picked":["Black Star","Fusion Hammer"],"picked":"Philosopher\u0027s Stone"}],"items_purged_floors":[19,21],"is_endless":false,"potions_floor_spawned":[1,7,13,18,20,29],"killed_by":"Shelled Parasite and Fungi","ascension_level":0}}