{"host":"o7j6aatxjwpw1421","time":1610464400,"event":{"mods":["2.2 Compatiblity","AchievementEnabler","BaseMod","Colored Map","DeckTracker","Highlight Path","Keyboard Shortcuts","Minty Spire (QoL Compilation)","Permanent Neow","Quick Restart","StSLib","SuperFastMode","everything is the same but u backflip on backflip"],"gold_per_floor":[12,12,32,46,46,46,62,82,105,129,129,200,33,53,53,152,152,152,165,165,7,7,7],"floor_reached":22,"playtime":692,"items_purged":["Strike_R"],"score":347,"play_id":"5af522f8-da22-467e-b363-95c5fabcaee7","local_time":"20210113001320","is_ascension_mode":true,"campfire_choices":[{"data":"Demon Form","floor":6.0,"key":"SMITH"},{"data":"Sword Boomerang","floor":11.0,"key":"SMITH"},{"floor":15.0,"key":"REST"}],"circlet_count":0,"master_deck":["AscendersBane","Strike_R+1","Strike_R+1","Strike_R","Defend_R","Defend_R","Defend_R","Defend_R","Bash","Demon Form+1","Pommel Strike","Sword Boomerang+1","Second Wind","Finesse","Heavy Blade","Feed","Flame Barrier","Decay"],"relics":["Burning Blood","Golden Idol","Blood Vial","Whetstone","Cursed Key","Membership Card"],"acts_visited":["Exordium","TheCity"],"potions_floor_usage":[],"damage_taken":[{"damage":14.0,"enemies":"Jaw Worm","floor":1.0,"turns":5.0},{"damage":7.0,"enemies":"2 Louse","floor":3.0,"turns":3.0},{"damage":2.0,"enemies":"Cultist","floor":4.0,"turns":4.0},{"damage":9.0,"enemies":"Blue Slaver","floor":7.0,"turns":6.0},{"damage":9.0,"enemies":"2 Fungi Beasts","floor":8.0,"turns":4.0},{"damage":23.0,"enemies":"Red Slaver","floor":10.0,"turns":3.0},{"damage":20.0,"enemies":"3 Sentries","floor":12.0,"turns":6.0},{"damage":6.0,"enemies":"Lots of Slimes","floor":14.0,"turns":4.0},{"damage":20.0,"enemies":"Slime Boss","floor":16.0,"turns":8.0},{"damage":0.0,"enemies":"3 Byrds","floor":18.0,"turns":1.0},{"damage":31.0,"enemies":"Spheric Guardian","floor":19.0,"turns":4.0},{"damage":34,"enemies":"3 Cultists","floor":22,"turns":5}],"seed_played":"-8365260118004125610","potions_obtained":[{"floor":3.0,"key":"Regen Potion"},{"floor":10.0,"key":"Swift Potion"},{"floor":12.0,"key":"Fire Potion"},{"floor":14.0,"key":"SmokeBomb"}],"is_trial":false,"path_per_floor":["M","?","M","M","?","R","M","M","T","M","R","?","$","M","R","B",null,"M","M","?","$","M"],"character_chosen":"IRONCLAD","items_purchased":["Finesse","Membership Card"],"campfire_rested":1,"item_purchase_floors":[13,21],"current_hp_per_floor":[60,34,33,37,37,37,34,43,43,28,28,16,16,18,40,28,63,71,48,48,48,16,16],"gold":7,"neow_bonus":"THREE_RARE_CARDS","is_daily":false,"chose_seed":false,"campfire_upgraded":2,"win_rate":0.0,"timestamp":1610464400,"path_taken":["M","?","M","M","?","R","M","M","T","?","R","?","$","M","R","BOSS","M","M","?","$","M"],"items_purchased_type":["Card","Relic"],"build_version":"2020-12-22","purchased_purges":1,"victory":false,"max_hp_per_floor":[75,75,75,75,75,75,75,75,75,75,75,75,75,75,75,75,75,75,75,75,75,75,75],"card_choices":[{"not_picked":["Juggernaut","Limit Break"],"picked":"Demon Form","floor":0.0},{"not_picked":["Warcry","Armaments","Clothesline"],"picked":"SKIP","floor":1.0},{"not_picked":["Wild Strike","Armaments"],"picked":"Pommel Strike","floor":3.0},{"not_picked":["Searing Blow","Wild Strike"],"picked":"Sword Boomerang","floor":4.0},{"not_picked":["Twin Strike","Armaments","Bludgeon"],"picked":"SKIP","floor":7.0},{"not_picked":["Cleave","Body Slam","Havoc"],"picked":"SKIP","floor":8.0},{"not_picked":["Headbutt","Disarm","Pommel Strike"],"picked":"SKIP","floor":10.0},{"not_picked":["Fire Breathing","Infernal Blade"],"picked":"Second Wind","floor":12.0},{"not_picked":["Cleave","Body Slam"],"picked":"Heavy Blade","floor":14.0},{"not_picked":["Double Tap","Berserk"],"picked":"Feed","floor":16.0},{"not_picked":["Burning Pact","Sword Boomerang"],"picked":"Flame Barrier","floor":19.0}],"player_experience":502992,"relics_obtained":[{"floor":9.0,"key":"Blood Vial"},{"floor":12.0,"key":"Whetstone"}],"event_choices":[{"damage_healed":0.0,"max_hp_gain":0.0,"max_hp_loss":0.0,"gold_gain":0.0,"event_name":"Golden Idol","player_choice":"Take Damage","floor":2.0,"gold_loss":0.0,"damage_taken":26.0,"relics_obtained":["Golden Idol"]},{"cards_removed":["Strike_R"],"damage_healed":0.0,"max_hp_gain":0.0,"max_hp_loss":0.0,"gold_gain":0.0,"event_name":"Purifier","player_choice":"Purged","floor":5.0,"gold_loss":0.0,"damage_taken":0.0},{"damage_healed":0.0,"max_hp_gain":0.0,"max_hp_loss":0.0,"gold_gain":0.0,"event_name":"Dead Adventurer","player_choice":"Searched \u00271\u0027 times","floor":12.0,"gold_loss":0.0,"damage_taken":0.0},{"damage_healed":0.0,"max_hp_gain":0.0,"max_hp_loss":0.0,"gold_gain":0.0,"event_name":"Wheel of Change","player_choice":"Cursed","floor":20.0,"gold_loss":0.0,"damage_taken":0.0,"cards_obtained":["Decay"]}],"is_beta":false,"boss_relics":[{"not_picked":["Fusion Hammer","Coffee Dripper"],"picked":"Cursed Key"}],"items_purged_floors":[13],"is_endless":false,"potions_floor_spawned":[3,10,12,14,18],"killed_by":"3 Cultists","ascension_level":19}}