{"host":"40vzoph344nwp0en","time":1610445125,"event":{"mods":["2.2 Compatiblity","BaseMod","Bestiary","ChefMod","Colored Map","GifTheSpireLib","Highlight Path","Minty Spire (QoL Compilation)","Potionbrewer","Relic Sorter","StSLib","SuperFastMode","The Marked"],"gold_per_floor":[100114,100124,99364,99364,99380,99405,99405,99364,99364,99378,99328,98456,98456,98469,98469,98568,98568,98585,98596,97647,97666,97666,97678,97690,97702,97714,97758,97770,97097,97126,97142,97142,97243,97243,97256,96102,96148,95232,95252,95252,95271,95271,95295,95295,95295,95295,95295,95306,95306,95306],"floor_reached":51,"playtime":3157,"items_purged":["theMarked:Strike","theMarked:Strike","theMarked:Improvise","theMarked:Strike","theMarked:Strike","theMarked:Defend"],"score":886,"play_id":"48853bc1-2417-4da0-8853-47819b9d8223","local_time":"20210112025205","is_ascension_mode":false,"campfire_choices":[{"data":"theMarked:SoldierOfQuellstein","floor":7,"key":"SMITH"},{"data":"Deep Breath","floor":15,"key":"SMITH"},{"data":"theMarked:TwofoldDefense","floor":23,"key":"SMITH"},{"data":"theMarked:RogueSparks","floor":25,"key":"SMITH"},{"data":"Secret Weapon","floor":28,"key":"SMITH"},{"data":"theMarked:ComboAttacks","floor":32,"key":"SMITH"},{"floor":40,"key":"DIG"},{"floor":42,"key":"DIG"},{"floor":47,"key":"DIG"},{"floor":49,"key":"DIG"}],"circlet_count":0,"master_deck":["theMarked:Defend","theMarked:Defend+1","theMarked:Defend+1","theMarked:SoldierOfQuellstein+1","theMarked:Opportunist","theMarked:EnhanceMovement","theMarked:RogueSparks+1","theMarked:Parkour+1","theMarked:Parkour+1","theMarked:SwordAndMagic+1","Panache","Deep Breath+1","theMarked:SoldierOfQuellstein+1","theMarked:TakeOffHeels","theMarked:Parkour+1","theMarked:ElementalBlade+1","theMarked:Parkour+1","theMarked:WardOff","theMarked:SelfDefenseTraining+1","theMarked:MuscleMemory+1","Secret Weapon+1","theMarked:TwofoldDefense+1","Necronomicurse","theMarked:Panic","theMarked:ComboAttacks+1","theMarked:TwofoldDefense+1","theMarked:MagicAdept","theMarked:GodGivenPower","Master of Strategy","Finesse","Dramatic Entrance+1","Panache","theMarked:ParalyzingBlade+1"],"relics":["theMarked:ArtifactOfAir","theMarked:VonisonLock","potionbrewer:MortarAndPestle","Centennial Puzzle","Molten Egg 2","Blood Vial","Shuriken","Lantern","Bag of Preparation","DollysMirror","Coffee Dripper","Question Card","potionbrewer:BoosterPack","potionbrewer:BottledElixir","MawBank","Necronomicon","MealTicket","Red Mask","Ancient Tea Set","Bag of Marbles","HandDrill","Bottled Tornado","Philosopher\u0027s Stone","theMarked:KettuFlask","Thread and Needle","potionbrewer:Keyblade","Shovel","Gremlin Horn","Torii","Lee\u0027s Waffle","Potion Belt","Toy Ornithopter","War Paint","potionbrewer:WarMedal","Juzu Bracelet","potionbrewer:RamsHorn"],"acts_visited":["Exordium","TheCity","TheBeyond"],"potions_floor_usage":[5,6,6,50,50,50],"damage_taken":[{"damage":5,"enemies":"Small Slimes","floor":1,"turns":4},{"damage":6,"enemies":"2 Louse","floor":2,"turns":3},{"damage":6,"enemies":"Jaw Worm","floor":5,"turns":3},{"damage":6,"enemies":"Gremlin Nob","floor":6,"turns":3},{"damage":2,"enemies":"Blue Slaver","floor":10,"turns":3},{"damage":0,"enemies":"3 Louse","floor":14,"turns":1},{"damage":0,"enemies":"Slime Boss","floor":16,"turns":5},{"damage":0,"enemies":"3 Byrds","floor":18,"turns":2},{"damage":0,"enemies":"Spheric Guardian","floor":19,"turns":1},{"damage":5,"enemies":"3 Cultists","floor":21,"turns":3},{"damage":0,"enemies":"Masked Bandits","floor":27,"turns":3},{"damage":5,"enemies":"Slavers","floor":30,"turns":4},{"damage":0,"enemies":"Snecko","floor":31,"turns":3},{"damage":14,"enemies":"Collector","floor":33,"turns":4},{"damage":0,"enemies":"Orb Walker","floor":35,"turns":2},{"damage":10,"enemies":"2 Orb Walkers","floor":37,"turns":4},{"damage":1,"enemies":"3 Darklings","floor":39,"turns":3},{"damage":11,"enemies":"Maw","floor":41,"turns":5},{"damage":0,"enemies":"Jaw Worm Horde","floor":48,"turns":2},{"damage":0,"enemies":"Donu and Deca","floor":50,"turns":3}],"seed_played":"4668183488359266999","potions_obtained":[{"floor":5,"key":"Fire Potion"},{"floor":6,"key":"potionbrewer:AcidPotion"},{"floor":30,"key":"CultistPotion"},{"floor":33,"key":"potionbrewer:StunPotion"}],"is_trial":false,"path_per_floor":["M","M","$","?","M","E","R","?","T","M","?","$","?","M","R","B",null,"M","M","$","M","?","R","?","R","T","?","R","$","E","M","R","B",null,"M","$","?","$","M","R","M","R","T","?","T","?","R","M","R","B",null],"character_chosen":"THE_DEFAULT","items_purchased":["potionbrewer:MortarAndPestle","Centennial Puzzle","theMarked:SummonPotion","potionbrewer:EndurancePotion","FearPotion","theMarked:RogueSparks","Panache","Deep Breath","Lantern","Bag of Preparation","DollysMirror","potionbrewer:FreezingPotion","Question Card","potionbrewer:BoosterPack","potionbrewer:BottledElixir","Secret Weapon","Ancient Tea Set","Bag of Marbles","HandDrill","theMarked:ComboAttacks","theMarked:KettuFlask","Thread and Needle","potionbrewer:Keyblade","theMarked:GodGivenPower","Master of Strategy","Gremlin Horn","Torii","Lee\u0027s Waffle"],"campfire_rested":0,"item_purchase_floors":[3,3,3,3,3,3,12,12,12,12,12,12,20,20,20,20,29,29,29,29,36,36,36,36,36,38,38,38],"current_hp_per_floor":[58,52,52,52,46,40,40,40,40,40,40,40,40,42,42,44,63,63,63,63,58,58,58,42,42,42,44,44,59,61,63,63,54,63,63,63,53,70,69,69,59,59,59,59,59,49,49,51,51,68],"gold":95306,"neow_bonus":"ONE_RARE_RELIC","is_daily":false,"chose_seed":false,"campfire_upgraded":6,"win_rate":0.0,"timestamp":1610445125,"path_taken":["M","M","$","?","M","E","R","?","T","M","?","$","?","M","R","BOSS","M","M","$","M","?","R","?","R","T","?","R","?","E","M","R","BOSS","M","$","?","$","M","R","M","R","T","?","?","?","R","M","R","BOSS"],"items_purchased_type":["Relic","Relic","Potion","Potion","Potion","Card","Card","Card","Relic","Relic","Relic","Potion","Relic","Relic","Relic","Card","Relic","Relic","Relic","Card","Relic","Relic","Relic","Card","Card","Relic","Relic","Relic"],"build_version":"2020-12-22","purchased_purges":6,"victory":true,"max_hp_per_floor":[63,63,63,63,63,63,63,63,63,63,63,63,63,63,63,63,63,63,63,63,63,63,63,63,63,63,63,63,63,63,63,63,63,63,63,63,63,70,70,70,70,70,70,70,70,70,70,70,70,70],"card_choices":[{"not_picked":["theMarked:ResourceFulStrike","theMarked:EmpowerWeapon"],"picked":"theMarked:Opportunist","floor":1},{"not_picked":["theMarked:EmpowerWeapon","theMarked:Reabsorb"],"picked":"theMarked:EnhanceMovement","floor":2},{"not_picked":["theMarked:BanishingStrike+1","theMarked:KeepCalmAndFightOn+1"],"picked":"theMarked:Parkour+1","floor":5},{"not_picked":["theMarked:ChainLightning+1","theMarked:ResourceFulStrike+1"],"picked":"theMarked:Parkour+1","floor":6},{"not_picked":["theMarked:Static","theMarked:HeightenedSenses"],"picked":"theMarked:SwordAndMagic+1","floor":10},{"not_picked":["theMarked:Aftermath","theMarked:ResourceFulStrike+1","theMarked:WastefulAttack+1"],"picked":"SKIP","floor":14},{"not_picked":["theMarked:BindingBlade","theMarked:MagicAdept"],"picked":"theMarked:TakeOffHeels","floor":16},{"not_picked":["theMarked:SwordAndMagic+1","theMarked:HeightenedSenses"],"picked":"theMarked:Parkour+1","floor":18},{"not_picked":["theMarked:WastefulDefense+1","theMarked:Standoff"],"picked":"theMarked:ElementalBlade+1","floor":19},{"not_picked":["theMarked:Improvise","theMarked:ChainLightning+1","theMarked:Standoff+1"],"picked":"theMarked:TwofoldDefense","floor":21},{"not_picked":["theMarked:RogueSparks","theMarked:Opportunist","theMarked:Indomitable"],"picked":"theMarked:Panic","floor":27},{"not_picked":["theMarked:ContemptForTheProud+1","theMarked:Aftermath+1","theMarked:TakeCover"],"picked":"theMarked:TwofoldDefense+1","floor":30},{"not_picked":["theMarked:LightningStrikesTwice+1","theMarked:WastefulDefense","theMarked:Reabsorb","theMarked:Parry"],"picked":"SKIP","floor":31},{"not_picked":["theMarked:Snap+1","theMarked:Defy+1","theMarked:EternalStudent"],"picked":"theMarked:MagicAdept","floor":33},{"not_picked":["theMarked:Parkour+1","theMarked:Aftermath","theMarked:SwordAndMagic+1","theMarked:Generate+1"],"picked":"SKIP","floor":35},{"not_picked":["theMarked:ElementalBlade","theMarked:Defy+1","theMarked:ElectricStrings+1","theMarked:WastefulDefense+1"],"picked":"SKIP","floor":39},{"not_picked":["theMarked:ChainLightning+1","theMarked:Standoff","theMarked:UnarmedFury+1","theMarked:Indomitable+1"],"picked":"SKIP","floor":41},{"not_picked":["Metamorphosis","Jack Of All Trades","Enlightenment"],"picked":"Finesse","floor":46},{"not_picked":["Transmutation","Sadistic Nature","Master of Strategy"],"picked":"Dramatic Entrance+1","floor":46},{"not_picked":["Discovery","Mind Blast+1","Metamorphosis"],"picked":"Panache","floor":46},{"not_picked":["theMarked:Parkour+1","theMarked:ResourceFulStrike+1","theMarked:TwofoldDefense+1"],"picked":"theMarked:ParalyzingBlade+1","floor":48}],"player_experience":381706,"relics_obtained":[{"floor":6,"key":"Blood Vial"},{"floor":9,"key":"Shuriken"},{"floor":24,"key":"Necronomicon"},{"floor":26,"key":"MealTicket"},{"floor":27,"key":"Red Mask"},{"floor":30,"key":"Bottled Tornado"},{"floor":37,"key":"Shovel"},{"floor":40,"key":"Potion Belt"},{"floor":42,"key":"Toy Ornithopter"},{"floor":43,"key":"War Paint"},{"floor":45,"key":"potionbrewer:WarMedal"},{"floor":47,"key":"Juzu Bracelet"},{"floor":49,"key":"potionbrewer:RamsHorn"}],"event_choices":[{"damage_healed":0,"gold_gain":0,"player_choice":"Box","damage_taken":0,"relics_obtained":["Molten Egg 2"],"max_hp_gain":0,"max_hp_loss":0,"event_name":"Big Fish","floor":4,"gold_loss":0,"cards_obtained":["Regret"]},{"damage_healed":0,"gold_gain":0,"player_choice":"Left Gold","damage_taken":0,"max_hp_gain":0,"max_hp_loss":0,"event_name":"World of Goop","floor":8,"gold_loss":41},{"cards_removed":["Regret"],"damage_healed":0,"gold_gain":0,"player_choice":"Card Removal","damage_taken":0,"max_hp_gain":0,"max_hp_loss":0,"event_name":"The Cleric","floor":11,"gold_loss":50},{"cards_removed":["theMarked:Strike"],"damage_healed":0,"gold_gain":0,"player_choice":"Forget","damage_taken":0,"max_hp_gain":0,"max_hp_loss":0,"event_name":"Living Wall","floor":13,"gold_loss":0},{"damage_healed":0,"gold_gain":0,"player_choice":"Opened","damage_taken":0,"relics_obtained":["MawBank"],"max_hp_gain":0,"max_hp_loss":0,"event_name":"The Mausoleum","floor":22,"gold_loss":0},{"damage_healed":0,"gold_gain":0,"player_choice":"Obtained Book","damage_taken":16,"max_hp_gain":0,"max_hp_loss":0,"event_name":"Cursed Tome","floor":24,"gold_loss":0},{"damage_healed":0,"gold_gain":0,"player_choice":"Fought Bandits","damage_taken":0,"max_hp_gain":0,"max_hp_loss":0,"event_name":"Masked Bandits","floor":27,"gold_loss":0},{"damage_healed":0,"gold_gain":0,"player_choice":"Fight","damage_taken":0,"max_hp_gain":0,"max_hp_loss":0,"event_name":"Mysterious Sphere","floor":37,"gold_loss":0},{"cards_removed":["theMarked:Generate"],"damage_healed":0,"gold_gain":0,"player_choice":"Removed Skill","damage_taken":0,"max_hp_gain":0,"max_hp_loss":0,"event_name":"Falling","floor":44,"gold_loss":0},{"damage_healed":0,"gold_gain":0,"player_choice":"Memory 3","damage_taken":10,"max_hp_gain":0,"max_hp_loss":0,"event_name":"SensoryStone","floor":46,"gold_loss":0}],"is_beta":false,"boss_relics":[{"not_picked":["SacredBark","Tiny House"],"picked":"Coffee Dripper"},{"not_picked":["theMarked:Eyepatch","Velvet Choker"],"picked":"Philosopher\u0027s Stone"}],"items_purged_floors":[3,12,20,29,36,38],"is_endless":false,"potions_floor_spawned":[5,6,14,27,30,33,37,39],"ascension_level":0}}