{"host":"w9yruvs4bqht6bhw","time":1610493239,"event":{"mods":["BaseMod","Colored Powertips","Minty Spire (QoL Compilation)"],"gold_per_floor":[117,117,137,149,161,161,196,196,196,196,229,229,241,256,256,356,356,368,368,89,101,101,101,101,101],"floor_reached":24,"language":"ENG","playtime":753,"items_purged":["Strike_R"],"score":299,"play_id":"e2387b51-19e4-4bc7-816c-7d2f197e8f6a","local_time":"20210112181359","is_ascension_mode":true,"campfire_choices":[{"data":"Anger","floor":6,"key":"SMITH"},{"floor":8,"key":"REST"},{"data":"Bash","floor":10,"key":"SMITH"},{"floor":15,"key":"REST"},{"floor":23,"key":"REST"}],"circlet_count":0,"master_deck":["Strike_R+1","Strike_R","Strike_R","Strike_R+1","Defend_R","Defend_R","Defend_R","Defend_R","Bash+1","Anger+1","Inflame","True Grit","Heavy Blade","Ghostly Armor","Disarm","Immolate","Sentinel+1","Pummel","Pummel"],"relics":["Burning Blood","InkBottle","The Courier","Orichalcum","Frozen Eye","Happy Flower"],"acts_visited":["Exordium","TheCity"],"potions_floor_usage":[4,7,7,11,16,18,18,21],"damage_taken":[{"damage":17,"enemies":"2 Louse","floor":1,"turns":3},{"damage":3,"enemies":"Small Slimes","floor":3,"turns":3},{"damage":1,"enemies":"Cultist","floor":4,"turns":3},{"damage":1,"enemies":"2 Fungi Beasts","floor":5,"turns":3},{"damage":34,"enemies":"Lagavulin","floor":7,"turns":6},{"damage":27,"enemies":"Gremlin Nob","floor":11,"turns":4},{"damage":23,"enemies":"Exordium Wildlife","floor":13,"turns":5},{"damage":0,"enemies":"Large Slime","floor":14,"turns":3},{"damage":31,"enemies":"The Guardian","floor":16,"turns":9},{"damage":11,"enemies":"3 Byrds","floor":18,"turns":7},{"damage":29,"enemies":"2 Thieves","floor":21,"turns":4},{"damage":64,"enemies":"Book of Stabbing","floor":24,"turns":6}],"seed_played":"7966877189703641967","potions_obtained":[{"floor":0,"key":"Regen Potion"},{"floor":0,"key":"LiquidBronze"},{"floor":0,"key":"HeartOfIron"},{"floor":1,"key":"Strength Potion"},{"floor":5,"key":"ElixirPotion"},{"floor":11,"key":"ElixirPotion"},{"floor":13,"key":"Fire Potion"},{"floor":14,"key":"Energy Potion"},{"floor":16,"key":"EssenceOfSteel"}],"is_trial":false,"path_per_floor":["M","?","M","M","M","R","E","R","T","R","E","?","M","M","R","B",null,"M","?","$","M","T","R","E"],"character_chosen":"IRONCLAD","items_purchased":["Strength Potion","DuplicationPotion","Frozen Eye"],"campfire_rested":3,"item_purchase_floors":[20,20,20],"current_hp_per_floor":[61,45,48,58,63,63,35,59,59,59,38,38,21,27,51,26,67,62,62,62,39,39,63,0,0],"gold":101,"neow_bonus":"THREE_SMALL_POTIONS","is_daily":false,"chose_seed":false,"campfire_upgraded":2,"win_rate":0.0,"timestamp":1610493239,"path_taken":["M","?","M","M","M","R","E","R","T","R","E","?","?","M","R","BOSS","M","?","$","M","?","R","E"],"items_purchased_type":["Potion","Potion","Relic"],"build_version":"2020-12-22","purchased_purges":1,"victory":false,"max_hp_per_floor":[80,80,80,80,80,80,80,80,80,80,80,80,80,80,80,80,80,80,80,80,80,80,80,80,80],"card_choices":[{"not_picked":["Sword Boomerang","Havoc"],"picked":"Anger","floor":1},{"not_picked":["Berserk","Searing Blow"],"picked":"Inflame","floor":3},{"not_picked":["Wild Strike","Body Slam","Metallicize"],"picked":"SKIP","floor":4},{"not_picked":["Reckless Charge","Shrug It Off"],"picked":"True Grit","floor":5},{"not_picked":["Thunderclap","Havoc"],"picked":"Heavy Blade","floor":7},{"not_picked":["Dual Wield","Wild Strike","Thunderclap"],"picked":"SKIP","floor":11},{"not_picked":["Perfected Strike","Sever Soul","Evolve"],"picked":"SKIP","floor":13},{"not_picked":["Clothesline","Heavy Blade"],"picked":"Disarm","floor":14},{"not_picked":["Barricade","Juggernaut"],"picked":"Immolate","floor":16},{"not_picked":["Searing Blow+1","Clash"],"picked":"Sentinel+1","floor":18},{"not_picked":["Perfected Strike","Ghostly Armor"],"picked":"Pummel","floor":21}],"player_experience":391070,"relics_obtained":[{"floor":7,"key":"InkBottle"},{"floor":9,"key":"The Courier"},{"floor":11,"key":"Orichalcum"},{"floor":22,"key":"Happy Flower"}],"event_choices":[{"damage_healed":0,"gold_gain":0,"player_choice":"Entered Light","damage_taken":16,"max_hp_gain":0,"max_hp_loss":0,"event_name":"Shining Light","floor":2,"gold_loss":0,"cards_upgraded":["Strike_R","Strike_R"]},{"damage_healed":0,"gold_gain":0,"player_choice":"1 cards matched","damage_taken":0,"max_hp_gain":0,"max_hp_loss":0,"event_name":"Match and Keep!","floor":12,"gold_loss":0,"cards_obtained":["Ghostly Armor"]},{"damage_healed":0,"gold_gain":0,"player_choice":"Read","damage_taken":0,"max_hp_gain":0,"max_hp_loss":0,"event_name":"The Library","floor":19,"gold_loss":0,"cards_obtained":["Pummel"]}],"is_beta":false,"boss_relics":[{"not_picked":["Coffee Dripper","Calling Bell","Fusion Hammer"]}],"items_purged_floors":[20],"is_endless":false,"potions_floor_spawned":[1,5,11,13,14,16],"killed_by":"Book of Stabbing","ascension_level":9}}