{"host":"k67zwea37tbl4jhz","time":1610493462,"event":{"mods":["AchievementEnabler","Aspiration","BaseMod","Better Altar","Better Match","Better Sensory Stone","Better Skull","Better Third Choice","BetterRewards","CCEM","Clawfect","Colored Map","Conspire","Downfall","GifTheSpireLib","Googly Eyes","Halation","Highlight Path","Mimic Mod","Minty Spire (QoL Compilation)","Permanent Neow","Replay The Spire","Shop Mod","Spicy Shops","StSLib","Stuff the Spire","The Runesmith","Unceasing Turn Reminder","everything is the same but u backflip on backflip"],"gold_per_floor":[118,118,129,129,79,109,122,122,145,145,145,157,188,206,206,305,305,323,323,339,42,54,54,54,54],"floor_reached":24,"language":"ENG","playtime":1884,"items_purged":[],"score":206,"play_id":"8059cc3c-a569-483f-baa8-b9227fd88b59","local_time":"20210112181742","is_ascension_mode":false,"campfire_choices":[{"floor":8,"key":"REST"},{"floor":11,"key":"REST"},{"floor":15,"key":"REST"},{"floor":23,"key":"REST"}],"circlet_count":0,"master_deck":["Runesmith:Strike_RS+1","Runesmith:Strike_RS+1","Runesmith:Strike_RS","Runesmith:Defend_RS","Runesmith:Defend_RS","Runesmith:CraftFirestone","Runesmith:Fortify","Runesmith:PoweredAnvil","Runesmith:Firewall+1","Runesmith:Repurpose","Runesmith:LithiumIon","Runesmith:FieryHammer+1","Runesmith:HeatExchange","Runesmith:CraftIncendium+1","Runesmith:CraftVitae","Runesmith:ArcReactor","Runesmith:HammerTime+1","Runesmith:ArcReactor","Runesmith:HammerThrow+1"],"relics":["Runesmith:BrokenRuby","aspiration:Nostalgia","StuffTheSpire:OccultApparatus","Gremlin Food","Omamori","CCEMRelics:SpiritsEdge","Replay:Bronze Core","StuffTheSpire:DarkSteelAnvil"],"acts_visited":["Exordium","TheCity"],"potions_floor_usage":[],"damage_taken":[{"damage":1,"enemies":"2 Louse","floor":1,"turns":3},{"damage":0,"enemies":"conspire:RoseBush","floor":3,"turns":4},{"damage":13,"enemies":"Lagavulin","floor":6,"turns":7},{"damage":15,"enemies":"Small Slimes","floor":7,"turns":5},{"damage":2,"enemies":"Blue Slaver","floor":12,"turns":4},{"damage":14,"enemies":"3 Sentries","floor":13,"turns":6},{"damage":2,"enemies":"Exordium Wildlife","floor":14,"turns":2},{"damage":14,"enemies":"Fading Forest","floor":16,"turns":11},{"damage":10,"enemies":"Shell Parasite","floor":18,"turns":7},{"damage":28,"enemies":"2 Thieves","floor":20,"turns":5},{"damage":16,"enemies":"Snake Plant","floor":22,"turns":2},{"damage":38,"enemies":"Slavers","floor":24,"turns":3}],"seed_played":"-5134189902260634585","potions_obtained":[{"floor":6,"key":"Adrenaline Potion"},{"floor":7,"key":"Strength Potion"},{"floor":13,"key":"DuplicationPotion"}],"is_trial":false,"path_per_floor":["M","?","M","?","?","E","M","R","T","?","R","M","E","M","R","B",null,"M","?","M","$","M","R","E"],"character_chosen":"RUNESMITH_CLASS","items_purchased":["StuffTheSpire:DarkSteelAnvil"],"campfire_rested":4,"item_purchase_floors":[21],"current_hp_per_floor":[69,69,69,69,69,56,41,62,62,55,70,68,54,52,70,66,70,60,60,32,32,16,37,0,0],"gold":54,"neow_bonus":"NOSTALGIA","is_daily":false,"chose_seed":false,"campfire_upgraded":0,"win_rate":0.0,"timestamp":1610493462,"path_taken":["M","?","M","?","?","E","M","R","T","?","R","?","E","M","R","BOSS","M","?","M","$","M","R","E"],"items_purchased_type":["Relic"],"build_version":"2020-12-22","purchased_purges":0,"victory":false,"max_hp_per_floor":[70,70,70,70,70,70,70,70,70,70,70,70,70,70,70,70,70,70,70,70,70,70,70,70,70],"card_choices":[{"not_picked":["Runesmith:RuneHurl","Runesmith:Superposition"],"picked":"Runesmith:PoweredAnvil","floor":1},{"not_picked":["Runesmith:CraftReservo","aspiration:UnbridledHammer"],"picked":"Runesmith:Repurpose","floor":3},{"not_picked":["Runesmith:FieryHammer","Runesmith:HeatedChisel"],"picked":"Runesmith:LithiumIon","floor":6},{"not_picked":["Runesmith:LithiumIon","Runesmith:Reinforce"],"picked":"Runesmith:FieryHammer","floor":7},{"not_picked":["Runesmith:HeatedChisel","Runesmith:HammerAndChisel"],"picked":"Runesmith:HeatExchange","floor":12},{"not_picked":["Runesmith:Reinforce","Runesmith:GoWithTheFlow"],"picked":"Runesmith:CraftIncendium","floor":13},{"not_picked":["Runesmith:CraftProtectio","Runesmith:CraftReservo"],"picked":"Runesmith:CraftVitae","floor":14},{"not_picked":["Runesmith:DuctTape","Runesmith:GrandSlam"],"picked":"Runesmith:ArcReactor","floor":16},{"not_picked":["Runesmith:EnergizedChisel","Runesmith:NegativeSpace"],"picked":"Runesmith:HammerTime+1","floor":18},{"not_picked":["Runesmith:HeatExchange","Runesmith:HeatedChisel+1"],"picked":"Runesmith:HammerThrow+1","floor":20},{"not_picked":["Runesmith:MakeshiftArmor+1","Runesmith:ShiftingStrike","Runesmith:Reinforce+1"],"picked":"SKIP","floor":22}],"player_experience":221133,"relics_obtained":[{"floor":6,"key":"Gremlin Food"},{"floor":9,"key":"Omamori"},{"floor":13,"key":"CCEMRelics:SpiritsEdge"}],"event_choices":[{"cards_removed":["Runesmith:Defend_RS"],"damage_healed":0,"gold_gain":0,"player_choice":"Card Removal","damage_taken":0,"max_hp_gain":0,"max_hp_loss":0,"event_name":"The Cleric","floor":5,"gold_loss":50},{"cards_removed":["Runesmith:Strike_RS"],"damage_healed":0,"gold_gain":0,"player_choice":"Card Removal","damage_taken":7,"max_hp_gain":0,"max_hp_loss":0,"event_name":"Golden Wing","floor":10,"gold_loss":0},{"damage_healed":0,"gold_gain":0,"player_choice":"Copied","damage_taken":0,"max_hp_gain":0,"max_hp_loss":0,"event_name":"Duplicator","floor":19,"gold_loss":0,"cards_obtained":["Runesmith:ArcReactor"]}],"is_beta":false,"boss_relics":[{"not_picked":["aspiration:WatcherSkillbook","Replay:Drink Me"],"picked":"Replay:Bronze Core"}],"items_purged_floors":[],"is_endless":false,"potions_floor_spawned":[6,7,13,14,16,18,20],"killed_by":"Slavers","ascension_level":0}}