{"host":"o5jvvi5yapo90aia","time":1610473317,"event":{"mods":["BaseMod","CapriCore","Minty Spire (QoL Compilation)","MostiFishMod","Prisma Mod","Spicy Shops","StSLib","TestMod","The Immortal","Yakumo Yukari mod","【人物mod】游戏王New YuGiOh mod","【功能Mod】Neow奖励"],"gold_per_floor":[119,129,129,54,64,91,91,119,119,142,175,196,196,212,212,291,291,314,314,214,234,634,670,670,703,782,819,927,949,949,976,976,1061,1061,1082,1082,1103,1113,1137,1149,1161,1214,1226,1238,1266,1317,268,289,289,298,307,307,307,15,56,69],"floor_reached":57,"playtime":1424,"items_purged":["Strike_R","Iron Wave+1","MostiFishMod:RainCloud+1"],"score":3901,"play_id":"bc0e15d0-a7fe-4e27-9311-10b9b0371f77","local_time":"20210113014157","is_ascension_mode":true,"campfire_choices":[{"data":"Strike_R","floor":7.0,"key":"PURGE"},{"data":"MostiFishMod:OrdinaryWorld","floor":15.0,"key":"SMITH"},{"floor":24.0,"key":"RECALL"},{"data":"Pain","floor":32.0,"key":"PURGE"},{"data":"Bash+1","floor":40,"key":"PURGE"},{"data":"Madness","floor":44,"key":"PURGE"},{"data":"MostiFishMod:FireWorks+1","floor":49,"key":"PURGE"},{"data":"Perfected Strike+1","floor":53,"key":"PURGE"}],"circlet_count":0,"master_deck":["Defend_R+1","Defend_R+1","Defend_R+1","Defend_R+1","Corruption+1","MostiFishMod:OrdinaryWorld+1","Burning Pact+1","Dark Embrace+1","Sentinel+1","Feel No Pain+1","MostiFishMod:RacingGame+1","Sword Boomerang+1","Madness+1","testmod-Reverberation+1"],"relics":["testmod-TestBox","Transparent","DianDianMeat","testmod-BloodSacrificeSpiritualization","SynthV:TestCard","testmod-Acrobat","Pear","Juzu Bracelet","Shuriken","Astrolabe","Red Skull","Frozen Egg 2","StrikeDummy","Eternal Feather","testmod-Muramasa","WarpedTongs","testmod-BatchProcessingSystem","MawBank","Bottled Lightning","testmod-BouquetWithThorns","Akabeko","Bottled Tornado","Ice Cream","PrismaticShard","TheAbacus","Du-Vu Doll"],"acts_visited":["Exordium","TheCity","TheBeyond","TheEnding"],"potions_floor_usage":[46,56],"damage_taken":[{"damage":14.0,"enemies":"Cultist","floor":1.0,"turns":1.0},{"damage":14.0,"enemies":"Jaw Worm","floor":2.0,"turns":1.0},{"damage":21.0,"enemies":"Small Slimes","floor":5.0,"turns":2.0},{"damage":28.0,"enemies":"Lagavulin","floor":6.0,"turns":3.0},{"damage":21.0,"enemies":"Gremlin Nob","floor":8.0,"turns":2.0},{"damage":18.0,"enemies":"2 Fungi Beasts","floor":10.0,"turns":1.0},{"damage":27.0,"enemies":"Lagavulin","floor":11.0,"turns":2.0},{"damage":18.0,"enemies":"Gremlin Gang","floor":12.0,"turns":1.0},{"damage":18.0,"enemies":"Exordium Wildlife","floor":14.0,"turns":1.0},{"damage":27.0,"enemies":"Slime Boss","floor":16.0,"turns":2.0},{"damage":24.0,"enemies":"Shell Parasite","floor":18.0,"turns":1.0},{"damage":24.0,"enemies":"3 Byrds","floor":21.0,"turns":1.0},{"damage":24.0,"enemies":"Slavers","floor":23.0,"turns":1.0},{"damage":24.0,"enemies":"Gremlin Leader","floor":25.0,"turns":1.0},{"damage":24.0,"enemies":"Slavers","floor":27.0,"turns":1.0},{"damage":26.0,"enemies":"Colosseum Slavers","floor":28.0,"turns":1.0},{"damage":26.0,"enemies":"Colosseum Nobs","floor":28.0,"turns":1.0},{"damage":26.0,"enemies":"Shelled Parasite and Fungi","floor":29.0,"turns":1.0},{"damage":32.0,"enemies":"Snake Plant","floor":31.0,"turns":1.0},{"damage":36.0,"enemies":"Collector","floor":33.0,"turns":1.0},{"damage":36,"enemies":"3 Darklings","floor":35,"turns":1},{"damage":34,"enemies":"Orb Walker","floor":37,"turns":1},{"damage":38,"enemies":"Orb Walker","floor":38,"turns":1},{"damage":44,"enemies":"Nemesis","floor":42,"turns":1},{"damage":44,"enemies":"4 Shapes","floor":45,"turns":1},{"damage":44,"enemies":"Reptomancer","floor":46,"turns":1},{"damage":56,"enemies":"Writhing Mass","floor":48,"turns":1},{"damage":72,"enemies":"Awakened One","floor":50,"turns":2},{"damage":72,"enemies":"Time Eater","floor":51,"turns":2},{"damage":48,"enemies":"Shield and Spear","floor":55,"turns":1},{"damage":122,"enemies":"The Heart","floor":56,"turns":4}],"seed_played":"-4559660754513869092","potions_obtained":[{"floor":5.0,"key":"PowerPotion"},{"floor":6.0,"key":"EssenceOfSteel"},{"floor":16.0,"key":"Fire Potion"},{"floor":35,"key":"Fruit Juice"},{"floor":46,"key":"Explosive Potion"}],"is_trial":false,"path_per_floor":["M","M","$","$","M","E","R","E","T","M","E","M","?","M","R","B",null,"M","?","$","M","?","E","R","E","T","E","?","M","?","M","R","B",null,"M","?","M","?","T","R","?","E","T","R","M","E","$","M","R","B","B",null,"R","$","E","B",null],"character_chosen":"IRONCLAD","items_purchased":["Bottled Tornado","Ice Cream","PrismaticShard","testmod-Reverberation+1","TheAbacus"],"campfire_rested":0,"item_purchase_floors":[47,47,47,47,54],"current_hp_per_floor":[75,75,75,75,76,78,78,91,91,91,91,91,95,95,95,100,121,121,121,121,121,121,121,121,121,121,130,130,140,151,163,163,163,163,176,176,190,190,190,190,187,221,221,221,221,226,243,243,243,243,243,243,243,243,243,243],"gold":69,"neow_bonus":"BOSS_RELIC","is_daily":false,"chose_seed":false,"campfire_upgraded":1,"win_rate":0.0,"timestamp":1610473317,"path_taken":["M","?","?","$","M","E","R","E","T","M","E","M","?","M","R","BOSS","M","?","$","M","?","E","R","E","T","E","?","M","?","M","R","BOSS","M","?","M","?","?","R","?","E","T","R","M","E","$","M","R","BOSS","BOSS","R","$","E","BOSS"],"items_purchased_type":["Relic","Relic","Relic","Card","Relic"],"build_version":"2020-12-22","purchased_purges":3,"victory":true,"max_hp_per_floor":[75,75,75,75,76,78,78,91,91,91,91,91,95,95,95,100,121,121,121,121,121,121,121,121,121,121,130,130,140,151,163,163,163,163,176,176,190,190,190,190,221,221,221,221,221,226,243,243,243,243,243,243,243,243,243,243],"card_choices":[{"not_picked":["Pommel Strike","Anger","MostiFishMod:BrandingRite"],"picked":"SKIP","floor":1.0},{"not_picked":["Armaments","Wild Strike","Heavy Blade","Iron Wave","Warcry"],"picked":"SKIP","floor":2.0},{"not_picked":["Pommel Strike","Thunderclap","Twin Strike","Anger"],"picked":"Corruption","floor":5.0},{"not_picked":["Sentinel","Clothesline","Inflame","Pommel Strike"],"picked":"MostiFishMod:OrdinaryWorld","floor":6.0},{"not_picked":["True Grit","Clothesline","Thunderclap","Sever Soul"],"picked":"Burning Pact","floor":8.0},{"not_picked":["MostiFishMod:#F4004","True Grit","Flame Barrier","Dropkick","Dual Wield"],"picked":"SKIP","floor":10.0},{"not_picked":["Sever Soul","Rage","Blood for Blood","Cleave","Iron Wave"],"picked":"SKIP","floor":11.0},{"not_picked":["Armaments","Intimidate","Cleave","Clash","Brutality"],"picked":"SKIP","floor":12.0},{"not_picked":["Cleave","Bloodletting","True Grit","Body Slam","Havoc"],"picked":"SKIP","floor":14.0},{"not_picked":["MostiFishMod:NewArrival","Berserk","MostiFishMod:Chiaki","MostiFishMod:FlyOverUtopia"],"picked":"MostiFishMod:RainCloud","floor":16.0},{"not_picked":["Havoc","Ghostly Armor","Burning Pact","Anger","Clothesline+1"],"picked":"SKIP","floor":18.0},{"not_picked":["Flex","Clothesline","Evolve","Whirlwind","Sword Boomerang"],"picked":"SKIP","floor":21.0},{"not_picked":["Combust","Carnage","Clash+1","Warcry","Thunderclap"],"picked":"SKIP","floor":23.0},{"not_picked":["Thunderclap+1","Rupture+1","Perfected Strike","Iron Wave","Wild Strike"],"picked":"SKIP","floor":25.0},{"not_picked":["Evolve+1","Rampage","Warcry","Reckless Charge"],"picked":"Dark Embrace+1","floor":27.0},{"not_picked":["Intimidate","Twin Strike","Clothesline","MostiFishMod:DarkDeal"],"picked":"Sentinel","floor":29.0},{"not_picked":["Burning Pact+1","Flex","Sword Boomerang","Metallicize+1"],"picked":"Feel No Pain+1","floor":31.0},{"not_picked":["Warcry+1","Power Through+1","Shrug It Off+1","Wild Strike+1"],"picked":"MostiFishMod:RacingGame","floor":35},{"not_picked":["Twin Strike","Blood for Blood+1","Perfected Strike","Rage"],"picked":"Sword Boomerang+1","floor":37},{"not_picked":["Blood for Blood","MostiFishMod:Mania+1","Feed","MostiFishMod:BrandingRite+1","Cleave"],"picked":"SKIP","floor":42},{"not_picked":["Clothesline","Fire Breathing+1","Heavy Blade","Cleave","Seeing Red"],"picked":"SKIP","floor":45},{"not_picked":["Armaments+1","Sever Soul","Wild Strike+1","Headbutt","Cleave+1"],"picked":"SKIP","floor":46},{"not_picked":["Deadly Poison","MNeedle_purple","MostiFishMod:TemporaryOutbreak+1","GatherUp","Concentrate"],"picked":"SKIP","floor":48},{"not_picked":["Evolve+1","PrismaMod:ChloeEyeOfTheEuryale","MostiFishMod:PushDownKick","Melter","CaseMagic"],"picked":"SKIP","floor":55}],"player_experience":1411919,"relics_obtained":[{"floor":1.0,"key":"SynthV:TestCard"},{"floor":6.0,"key":"testmod-Acrobat"},{"floor":8.0,"key":"Pear"},{"floor":9.0,"key":"Juzu Bracelet"},{"floor":11.0,"key":"Shuriken"},{"floor":23.0,"key":"Red Skull"},{"floor":25.0,"key":"Frozen Egg 2"},{"floor":27.0,"key":"StrikeDummy"},{"floor":28.0,"key":"Eternal Feather"},{"floor":28.0,"key":"testmod-Muramasa"},{"floor":39,"key":"MawBank"},{"floor":42,"key":"Bottled Lightning"},{"floor":43,"key":"testmod-BouquetWithThorns"},{"floor":46,"key":"Akabeko"},{"floor":55,"key":"Du-Vu Doll"}],"event_choices":[{"damage_healed":0.0,"max_hp_gain":0.0,"max_hp_loss":0.0,"gold_gain":0.0,"event_name":"Wheel of Change","player_choice":"Cursed","floor":13.0,"gold_loss":0.0,"damage_taken":0.0,"cards_obtained":["Decay"]},{"cards_removed":["Decay"],"damage_healed":0.0,"max_hp_gain":0.0,"max_hp_loss":0.0,"gold_gain":0.0,"event_name":"Back to Basics","player_choice":"Elegance","floor":19.0,"gold_loss":0.0,"damage_taken":0.0},{"damage_healed":0.0,"max_hp_gain":0.0,"max_hp_loss":0.0,"gold_gain":400.0,"event_name":"恩洛斯的盘子","player_choice":"Sell","floor":22.0,"relics_lost":["DaveBox"],"gold_loss":0.0,"damage_taken":0.0},{"damage_healed":0.0,"max_hp_gain":0.0,"max_hp_loss":0.0,"gold_gain":0.0,"event_name":"Colosseum","player_choice":"Fight","floor":28.0,"gold_loss":0.0,"damage_taken":0.0},{"damage_healed":0.0,"max_hp_gain":0.0,"max_hp_loss":0.0,"gold_gain":0.0,"event_name":"Colosseum","player_choice":"Fought Nobs","floor":28.0,"gold_loss":0.0,"damage_taken":0.0},{"damage_healed":0.0,"max_hp_gain":0.0,"max_hp_loss":0.0,"gold_gain":0.0,"event_name":"Accursed Blacksmith","player_choice":"Rummage","floor":30.0,"gold_loss":0.0,"damage_taken":0.0,"relics_obtained":["WarpedTongs"],"cards_obtained":["Pain"]},{"damage_healed":0,"gold_gain":0,"player_choice":"Ignored","damage_taken":0,"max_hp_gain":0,"max_hp_loss":0,"event_name":"Tomb of Lord Red Mask","floor":36,"gold_loss":0},{"damage_healed":0,"gold_gain":0,"player_choice":"Embrace Madness","damage_taken":34,"max_hp_gain":0,"max_hp_loss":0,"event_name":"Winding Halls","floor":41,"gold_loss":0,"cards_obtained":["Madness","Madness"]}],"is_beta":false,"boss_relics":[{"not_picked":["SlaversCollar","JellyFishMachine"],"picked":"Astrolabe"},{"not_picked":["Runic Cube","testmod-IncinerationGenerator"],"picked":"testmod-BatchProcessingSystem"}],"items_purged_floors":[4,20,54],"is_endless":false,"potions_floor_spawned":[5,6,8,16,18,23,28,31,35,42,45,46],"ascension_level":20}}