{"host":"z9grmtg2w0nmz8n1","time":1610431176,"event":{"mods":["Aspiration","Bard","BaseMod","Beaked The Cultist","Better Altar","Better Match","Better Note","Better Sensory Stone","Better Skull","Better Third Choice","BetterRewards","CCEM","Colored Map","Conspire","Downfall","GifTheSpireLib","Googly Eyes","Halation","Hermit","Highlight Path","Hubris","Hunter ??","Jedi Mod","Jorbs\u0027s Wanderer Trilogy","Mad Scientist","Marisa????????","Minty Spire (QoL Compilation)","Permanent Neow","Replay The Spire","Shade Mod","Shop Mod","Spicy Shops","StSLib","Stuff the Spire","The Bug Knight","The Construct","The Necromancer","The Runesmith","The Witch"],"gold_per_floor":[115,115,40,58,68,97,97,197,197,214,232,243,243,268,268,367,367,379,394,294,294,294],"floor_reached":21,"playtime":937,"items_purged":["StuffTheSpire:CuriosityCurse","Strike_P"],"score":201,"play_id":"5ff3d572-2ef0-4d99-98cf-26971de7c7eb","local_time":"20210112035936","is_ascension_mode":true,"campfire_choices":[{"floor":7,"key":"RECALL"},{"data":"ClearTheMind","floor":13,"key":"SMITH"},{"floor":15,"key":"REST"}],"circlet_count":0,"master_deck":["Strike_P","Strike_P","Strike_P","Defend_P","Defend_P","Defend_P","Defend_P","Eruption+1","Vigilance","Consecrate","ClearTheMind+1","Consecrate","WindmillStrike","FlurryOfBlows","EmptyFist","Establishment","PathToVictory+1","Consecrate+1"],"relics":["PureWater","Bronze Scales","Nunchaku","Replay:Wax Seal","jedi:hotpepper"],"acts_visited":["Exordium","TheCity"],"potions_floor_usage":[11,14],"damage_taken":[{"damage":5,"enemies":"2 Louse","floor":1,"turns":2},{"damage":0,"enemies":"Cultist","floor":4,"turns":3},{"damage":0,"enemies":"conspire:RoseBush","floor":5,"turns":3},{"damage":16,"enemies":"Replay:BlueRogue","floor":6,"turns":7},{"damage":7,"enemies":"Blue Slaver","floor":10,"turns":3},{"damage":1,"enemies":"Gremlin Gang","floor":11,"turns":3},{"damage":0,"enemies":"Large Slime","floor":12,"turns":3},{"damage":13,"enemies":"Lagavulin","floor":14,"turns":5},{"damage":7,"enemies":"Slime Boss","floor":16,"turns":7},{"damage":29,"enemies":"Chosen","floor":18,"turns":5},{"damage":22,"enemies":"2 Thieves","floor":19,"turns":3},{"damage":0,"enemies":"Snecko","floor":21,"turns":2}],"seed_played":"8086579461000742998","potions_obtained":[{"floor":4,"key":"Dexterity Potion"},{"floor":10,"key":"ColorlessPotion"},{"floor":12,"key":"DistilledChaos"},{"floor":14,"key":"Adrenaline Potion"}],"is_trial":false,"path_per_floor":["M","?","$","M","M","E","R","?","T","M","M","M","R","E","R","B",null,"M","M","$","M"],"character_chosen":"WATCHER","items_purchased":[],"campfire_rested":1,"item_purchase_floors":[],"current_hp_per_floor":[67,67,67,67,67,51,51,51,51,44,43,43,43,30,51,44,54,25,3,3,3,3],"gold":294,"neow_bonus":"RANDOM_EVENT","is_daily":false,"chose_seed":false,"campfire_upgraded":1,"win_rate":0.0,"timestamp":1610431176,"path_taken":["M","?","$","M","M","E","R","?","T","?","M","M","R","E","R","BOSS","M","M","?","?"],"items_purchased_type":[],"build_version":"2020-12-22","purchased_purges":2,"victory":false,"max_hp_per_floor":[72,72,72,72,72,72,72,72,72,72,72,72,72,72,72,72,54,54,54,54,54,54],"card_choices":[{"not_picked":["Protect","Prostrate"],"picked":"Consecrate","floor":1},{"not_picked":["Protect","Wireheading","Halt"],"picked":"SKIP","floor":4},{"not_picked":["Wireheading","SashWhip"],"picked":"ClearTheMind","floor":5},{"not_picked":["Replay:BluntJabs","Brilliance"],"picked":"Consecrate","floor":6},{"not_picked":["SashWhip","Replay:BluntJabs"],"picked":"WindmillStrike","floor":10},{"not_picked":["FearNoEvil","Consecrate"],"picked":"FlurryOfBlows","floor":11},{"not_picked":["Replay:AtTheReady","BowlingBash"],"picked":"EmptyFist","floor":12},{"not_picked":["Evaluate","Collect","SignatureMove"],"picked":"SKIP","floor":14},{"not_picked":["Blasphemy","MasterReality"],"picked":"Establishment","floor":16},{"not_picked":["Nirvana","CrushJoints"],"picked":"PathToVictory+1","floor":18},{"not_picked":["EmptyFist","Adaptation"],"picked":"Consecrate+1","floor":19}],"player_experience":848240,"relics_obtained":[{"floor":6,"key":"Nunchaku"},{"floor":14,"key":"Replay:Wax Seal"}],"event_choices":[{"damage_healed":0,"gold_gain":100,"player_choice":"Pray","damage_taken":0,"max_hp_gain":0,"max_hp_loss":0,"event_name":"Golden Shrine","floor":8,"gold_loss":0}],"is_beta":false,"boss_relics":[{"not_picked":["Cursed Key","aspiration:PoetsPen_weak"],"picked":"jedi:hotpepper"}],"items_purged_floors":[3,20],"is_endless":false,"potions_floor_spawned":[4,10,12,14],"killed_by":"Snecko","ascension_level":1}}