{"host":"3h5qf14xt40jhha0","time":1610427102,"event":{"mods":["AlwaysNeverKeys","BaseMod","Colored Powertips","Minty Spire (QoL Compilation)","Permanent Neow","Relic Stats","StSLib"],"gold_per_floor":[116,191,207,357,632,632,73,73,123,133,133,151,151,165,165,244,244,254,16,26,38,38,38,53,68,68,68,103,135,147,179,191,277,289,314,326,353,60,1059,1059,1069,1084,1131,1160,1160,1204,1224,1243,1243,1243,1243,1243,1243,765,798,798],"floor_reached":57,"playtime":5836,"items_purged":["Doubt","Strike_G","Defend_G","Terror"],"score":2856,"play_id":"ac37df4c-3dc4-424e-810b-257e66fcd557","local_time":"20210111235142","is_ascension_mode":true,"campfire_choices":[{"data":"Regret","floor":6.0,"key":"PURGE"},{"data":"Strike_G","floor":8.0,"key":"PURGE"},{"data":"Defend_G","floor":11.0,"key":"PURGE"},{"data":"Defend_G","floor":15.0,"key":"PURGE"},{"data":"Strike_G","floor":23.0,"key":"PURGE"},{"data":"Strike_G","floor":27.0,"key":"PURGE"},{"data":"Strike_G","floor":30.0,"key":"PURGE"},{"data":"Calculated Gamble","floor":32.0,"key":"SMITH"},{"data":"Normality","floor":40.0,"key":"PURGE"},{"data":"Normality","floor":45.0,"key":"PURGE"},{"floor":49,"key":"RECALL"},{"data":"Footwork","floor":53,"key":"SMITH"}],"circlet_count":0,"master_deck":["AscendersBane","Defend_G","Defend_G","Survivor","Neutralize","Skewer","Grand Finale","Prepared","Dodge and Roll+1","Expertise","Acrobatics","Outmaneuver+1","Reflex","PiercingWail","Calculated Gamble+1","After Image","Acrobatics","Footwork","Footwork+1","Backflip","Concentrate","Terror+1","Backflip","Venomology"],"relics":["Ring of the Snake","Peace Pipe","Torii","Pen Nib","HoveringKite","Membership Card","White Beast Statue","MawBank","Runic Pyramid","Unceasing Top","Lizard Tail","Toolbox","Toy Ornithopter","CeramicFish","TwistedFunnel","Orichalcum","Art of War","Bag of Marbles"],"acts_visited":["Exordium","TheCity","TheBeyond","TheEnding"],"potions_floor_usage":[48,50,50,55,56,56,56],"damage_taken":[{"damage":3.0,"enemies":"Jaw Worm","floor":1.0,"turns":5.0},{"damage":0.0,"enemies":"2 Louse","floor":3.0,"turns":2.0},{"damage":1.0,"enemies":"Cultist","floor":10.0,"turns":3.0},{"damage":1.0,"enemies":"Blue Slaver","floor":12.0,"turns":3.0},{"damage":11.0,"enemies":"Gremlin Gang","floor":13.0,"turns":2.0},{"damage":0.0,"enemies":"Large Slime","floor":14.0,"turns":4.0},{"damage":27.0,"enemies":"Hexaghost","floor":16.0,"turns":9.0},{"damage":23.0,"enemies":"Spheric Guardian","floor":18.0,"turns":5.0},{"damage":6.0,"enemies":"2 Thieves","floor":20.0,"turns":2.0},{"damage":15.0,"enemies":"Shelled Parasite and Fungi","floor":21.0,"turns":4.0},{"damage":9.0,"enemies":"Sentry and Sphere","floor":24.0,"turns":6.0},{"damage":0.0,"enemies":"Snake Plant","floor":25.0,"turns":2.0},{"damage":0.0,"enemies":"Gremlin Leader","floor":28.0,"turns":4.0},{"damage":0.0,"enemies":"3 Cultists","floor":29.0,"turns":2.0},{"damage":0.0,"enemies":"Cultist and Chosen","floor":31.0,"turns":3.0},{"damage":1.0,"enemies":"Champ","floor":33.0,"turns":15.0},{"damage":0.0,"enemies":"Orb Walker","floor":35.0,"turns":3.0},{"damage":0.0,"enemies":"3 Darklings","floor":37.0,"turns":2.0},{"damage":1.0,"enemies":"Writhing Mass","floor":41.0,"turns":4.0},{"damage":51.0,"enemies":"Transient","floor":42.0,"turns":6.0},{"damage":44.0,"enemies":"Nemesis","floor":44.0,"turns":9.0},{"damage":0.0,"enemies":"Giant Head","floor":46.0,"turns":5.0},{"damage":0.0,"enemies":"3 Darklings","floor":47.0,"turns":2.0},{"damage":7,"enemies":"Writhing Mass","floor":48,"turns":4},{"damage":2,"enemies":"Time Eater","floor":50,"turns":7},{"damage":2,"enemies":"Donu and Deca","floor":51,"turns":7},{"damage":0,"enemies":"Shield and Spear","floor":55,"turns":8},{"damage":55,"enemies":"The Heart","floor":56,"turns":8}],"seed_played":"2668295005700347461","potions_obtained":[{"floor":1.0,"key":"SmokeBomb"},{"floor":14.0,"key":"Regen Potion"},{"floor":16.0,"key":"Energy Potion"},{"floor":20.0,"key":"Swift Potion"},{"floor":24.0,"key":"AttackPotion"},{"floor":28.0,"key":"Explosive Potion"},{"floor":29.0,"key":"Block Potion"},{"floor":31.0,"key":"LiquidBronze"},{"floor":33.0,"key":"Strength Potion"},{"floor":35.0,"key":"FairyPotion"},{"floor":37.0,"key":"Swift Potion"},{"floor":42.0,"key":"Poison Potion"},{"floor":44.0,"key":"Block Potion"},{"floor":46.0,"key":"PowerPotion"},{"floor":48,"key":"BlessingOfTheForge"}],"is_trial":false,"path_per_floor":["M","?","M","?","?","R","$","R","T","M","R","M","M","M","R","B",null,"M","$","M","M","?","R","M","M","T","R","E","M","R","M","R","B",null,"M","?","M","$","?","R","M","M","T","E","R","E","M","M","R","B","B",null,"R","$","E","B",null],"character_chosen":"THE_SILENT","items_purchased":["Grand Finale","Torii","Terror","Membership Card","Expertise","Lizard Tail","Toolbox","TwistedFunnel","Orichalcum","Art of War","Backflip","Venomology","PowerPotion","AttackPotion"],"campfire_rested":0,"item_purchase_floors":[7,7,7,19,19,38,38,54,54,54,54,54,54,54],"current_hp_per_floor":[56,45,45,45,45,45,45,45,45,44,44,43,32,32,32,20,50,27,27,21,6,70,70,61,61,61,61,61,61,61,61,61,60,68,68,68,68,68,68,68,67,16,16,11,11,16,16,14,14,22,20,58,58,58,63,23],"gold":798,"neow_bonus":"ONE_RARE_RELIC","is_daily":false,"chose_seed":false,"campfire_upgraded":2,"win_rate":0.0,"timestamp":1610427102,"path_taken":["M","?","M","?","?","R","$","R","T","M","R","M","?","M","R","BOSS","M","$","M","M","?","R","M","?","T","R","E","M","R","M","R","BOSS","M","?","?","$","?","R","M","M","T","E","R","E","M","M","R","BOSS","BOSS","R","$","E","BOSS"],"items_purchased_type":["Card","Relic","Card","Relic","Card","Relic","Relic","Relic","Relic","Relic","Card","Card","Potion","Potion"],"build_version":"2020-12-22","purchased_purges":4,"victory":true,"max_hp_per_floor":[60,60,60,60,60,60,60,60,60,60,60,60,60,60,60,60,60,60,60,60,60,70,70,70,70,70,70,70,70,70,70,70,70,70,70,70,70,70,70,70,70,70,70,70,70,70,70,70,70,70,70,70,70,70,70,70],"relic_stats":{"Torii":62,"counters":[28,136],"CeramicFish":36,"HoveringKite":[96],"Pen Nib":[23],"Orichalcum":[12],"MawBank":120,"Peace Pipe":9,"Lizard Tail":0,"Art of War":[2],"obtain_stats":[{"TwistedFunnel":54,"Torii":7,"CeramicFish":46,"HoveringKite":17,"Pen Nib":9,"Orichalcum":54,"MawBank":28,"White Beast Statue":26,"Peace Pipe":0,"Lizard Tail":38,"Toolbox":38,"Art of War":54,"Bag of Marbles":55,"Membership Card":19,"Unceasing Top":36,"Toy Ornithopter":44,"Ring of the Snake":0,"Runic Pyramid":34},{"TwistedFunnel":26,"Torii":2,"CeramicFish":22,"HoveringKite":7,"Pen Nib":2,"Orichalcum":26,"MawBank":13,"White Beast Statue":12,"Peace Pipe":0,"Lizard Tail":18,"Toolbox":18,"Art of War":26,"Bag of Marbles":27,"Membership Card":8,"Unceasing Top":17,"Toy Ornithopter":21,"Ring of the Snake":0,"Runic Pyramid":16},{"TwistedFunnel":120,"Torii":7,"CeramicFish":100,"HoveringKite":28,"Pen Nib":7,"Orichalcum":120,"MawBank":51,"White Beast Statue":47,"Peace Pipe":0,"Lizard Tail":76,"Toolbox":76,"Art of War":120,"Bag of Marbles":128,"Membership Card":33,"Unceasing Top":74,"Toy Ornithopter":95,"Ring of the Snake":0,"Runic Pyramid":71}],"Unceasing Top":[0],"Toy Ornithopter":40,"Ring of the Snake":[56]},"card_choices":[{"not_picked":["Accuracy","Deflect"],"picked":"Skewer","floor":1.0},{"not_picked":["Dash","Underhanded Strike"],"picked":"Backstab","floor":3.0},{"not_picked":["Slice","Underhanded Strike"],"picked":"Prepared","floor":10.0},{"not_picked":["Outmaneuver","Infinite Blades","Heel Hook"],"picked":"SKIP","floor":12.0},{"not_picked":["Outmaneuver","Infinite Blades","Heel Hook"],"picked":"SKIP","floor":12.0},{"not_picked":["Bullet Time","Catalyst","Flechettes"],"picked":"SKIP","floor":14.0},{"not_picked":["Bullet Time","A Thousand Cuts"],"picked":"Unload","floor":16.0},{"not_picked":["Underhanded Strike","Sucker Punch"],"picked":"Dodge and Roll+1","floor":18.0},{"not_picked":["Reflex","Deflect"],"picked":"Acrobatics","floor":20.0},{"not_picked":["Slice+1","Concentrate"],"picked":"Outmaneuver+1","floor":21.0},{"not_picked":["Deadly Poison","Underhanded Strike+1"],"picked":"Reflex","floor":24.0},{"not_picked":["Tactician","Outmaneuver","Bullet Time"],"picked":"SKIP","floor":25.0},{"not_picked":["Tactician","Outmaneuver","Bullet Time"],"picked":"SKIP","floor":25.0},{"not_picked":["Blade Dance","Deadly Poison"],"picked":"PiercingWail","floor":28.0},{"not_picked":["Dash","Outmaneuver"],"picked":"Calculated Gamble","floor":29.0},{"not_picked":["Outmaneuver","Blade Dance","Unload"],"picked":"SKIP","floor":31.0},{"not_picked":["Phantasmal Killer","A Thousand Cuts"],"picked":"After Image","floor":33.0},{"not_picked":["Caltrops+1","Choke"],"picked":"Acrobatics","floor":35.0},{"not_picked":["Sucker Punch","Poisoned Stab"],"picked":"Footwork","floor":37.0},{"not_picked":["Bane+1","Distraction"],"picked":"Footwork","floor":41.0},{"not_picked":["Finisher","Sucker Punch","Reflex"],"picked":"SKIP","floor":42.0},{"not_picked":["Dash","Die Die Die"],"picked":"Backflip","floor":44.0},{"not_picked":["Predator+1","Flying Knee"],"picked":"Concentrate","floor":46.0},{"not_picked":["Slice","Quick Slash"],"picked":"Terror+1","floor":47.0},{"not_picked":["Terror","Slice","Flying Knee"],"picked":"SKIP","floor":48},{"not_picked":["Calculated Gamble","Endless Agony","Envenom"],"picked":"SKIP","floor":55}],"player_experience":1317732,"relics_obtained":[{"floor":9.0,"key":"Pen Nib"},{"floor":26.0,"key":"White Beast Statue"},{"floor":28.0,"key":"MawBank"},{"floor":44.0,"key":"Toy Ornithopter"},{"floor":46.0,"key":"CeramicFish"},{"floor":55,"key":"Bag of Marbles"}],"event_choices":[{"damage_healed":0.0,"max_hp_gain":0.0,"max_hp_loss":0.0,"gold_gain":75.0,"event_name":"World of Goop","player_choice":"Gather Gold","floor":2.0,"gold_loss":0.0,"damage_taken":11.0},{"damage_healed":0.0,"max_hp_gain":0.0,"max_hp_loss":0.0,"gold_gain":150.0,"event_name":"Liars Game","player_choice":"AGREE","floor":4.0,"gold_loss":0.0,"damage_taken":0.0,"cards_obtained":["Doubt"]},{"damage_healed":0.0,"max_hp_gain":0.0,"max_hp_loss":0.0,"gold_gain":275.0,"event_name":"Golden Shrine","player_choice":"Desecrate","floor":5.0,"gold_loss":0.0,"damage_taken":0.0,"cards_obtained":["Regret"]},{"cards_removed":["Unload"],"damage_healed":54.0,"max_hp_gain":10.0,"max_hp_loss":0.0,"gold_gain":0.0,"event_name":"Bonfire Elementals","player_choice":"Offered Rare","floor":22.0,"gold_loss":0.0,"damage_taken":0.0},{"cards_removed":["Backstab"],"damage_healed":0.0,"max_hp_gain":0.0,"max_hp_loss":0.0,"gold_gain":0.0,"event_name":"WeMeetAgain","player_choice":"Gave Card","floor":36.0,"gold_loss":0.0,"damage_taken":0.0,"relics_obtained":["Unceasing Top"]},{"damage_healed":0.0,"max_hp_gain":0.0,"max_hp_loss":0.0,"gold_gain":999.0,"event_name":"MindBloom","player_choice":"Gold","floor":39.0,"gold_loss":0.0,"damage_taken":0.0,"cards_obtained":["Normality","Normality"]}],"is_beta":false,"boss_relics":[{"not_picked":["Philosopher\u0027s Stone","Runic Dome"],"picked":"HoveringKite"},{"not_picked":["Empty Cage","Velvet Choker"],"picked":"Runic Pyramid"}],"items_purged_floors":[7,19,38,54],"is_endless":false,"potions_floor_spawned":[1,14,16,20,24,28,29,31,33,35,37,41,42,44,46,47,48,55],"ascension_level":20}}