{"host":"nlbr7nnijupf3yfg","time":1610482341,"event":{"mods":["AchievementEnabler","BaseMod","Colored Powertips","DeckTracker","Downfall","Hubris","Marisa????????","Minty Spire (QoL Compilation)","Replay The Spire","StSLib","SuperFastMode"],"gold_per_floor":[118,118,68,86,86,86,115,115,139,151,166,166,43,63,63,167,167,187,160,4,14,14,14,194,194,194,194,194],"floor_reached":27,"language":"ENG","playtime":576,"items_purged":["Defend_R"],"score":236,"play_id":"22bbbac4-f628-404e-a31a-6558cdf14eed","local_time":"20210112151221","is_ascension_mode":false,"campfire_choices":[{"data":"Bash","floor":6.0,"key":"SMITH"},{"data":"Searing Blow","floor":8.0,"key":"SMITH"},{"floor":12.0,"key":"REST"},{"floor":23,"key":"REST"},{"floor":25,"key":"REST"}],"circlet_count":0,"master_deck":["Strike_R","Strike_R","Strike_R","Strike_R","Defend_R","Defend_R","Defend_R","Bash+1","ReplayTheSpireMod:Stacked","Shrug It Off+1","Searing Blow+1","Pommel Strike","Searing Blow","hubris:DuctTapeCard","Shrug It Off+1","Uppercut"],"relics":["Burning Blood","Blue Doll","Replay:Ringing Soul","Frozen Egg 2","Regal Pillow","hubris:Backtick","hubris:DuctTape","Orichalcum","Kunai"],"acts_visited":["Exordium","TheCity"],"potions_floor_usage":[18,27,27],"damage_taken":[{"damage":5.0,"enemies":"2 Louse","floor":1.0,"turns":3.0},{"damage":3.0,"enemies":"Jaw Worm","floor":4.0,"turns":6.0},{"damage":25.0,"enemies":"Gremlin Nob","floor":7.0,"turns":5.0},{"damage":4.0,"enemies":"Cultist","floor":10.0,"turns":4.0},{"damage":17.0,"enemies":"Gremlin Gang","floor":11.0,"turns":4.0},{"damage":7.0,"enemies":"Exordium Thugs","floor":14.0,"turns":5.0},{"damage":70.0,"enemies":"Hexaghost","floor":16.0,"turns":6.0},{"damage":59,"enemies":"3 Byrds","floor":18,"turns":9},{"damage":25,"enemies":"2 Thieves","floor":19,"turns":5},{"damage":2,"enemies":"Snecko","floor":21,"turns":3},{"damage":55,"enemies":"Gremlin Leader","floor":27,"turns":9}],"seed_played":"-758880045067834544","potions_obtained":[{"floor":4.0,"key":"SteroidPotion"},{"floor":5.0,"key":"Explosive Potion"},{"floor":5.0,"key":"Slimebound:ThreeZeroPotion"},{"floor":16.0,"key":"Reflective Coating"},{"floor":19,"key":"Weak Potion"},{"floor":21,"key":"AttackPotion"}],"is_trial":false,"path_per_floor":["M","?","?","M","?","R","E","R","T","M","M","R","$","M","R","B",null,"M","M","$","M","$","R","?","R","T","E"],"character_chosen":"IRONCLAD","items_purchased":["Hemokinesis+1","Orichalcum"],"campfire_rested":3,"item_purchase_floors":[13,20],"current_hp_per_floor":[80,77,77,83,83,83,67,67,67,72,64,92,95,97,98,34,101,51,35,35,39,39,86,67,107,107,52,52],"gold":194,"neow_bonus":"RANDOM_COMMON_RELIC","is_daily":false,"chose_seed":false,"campfire_upgraded":2,"win_rate":0.0,"timestamp":1610482341,"path_taken":["M","?","?","M","?","R","E","R","T","?","?","R","?","M","R","BOSS","M","M","$","M","$","R","?","R","T","E"],"items_purchased_type":["Card","Relic"],"build_version":"2020-12-22","purchased_purges":1,"victory":false,"max_hp_per_floor":[80,80,80,83,83,83,86,86,86,89,92,92,95,98,98,98,101,104,107,107,107,107,107,107,107,107,107,107],"card_choices":[{"not_picked":["Replay:Undeath\u0027s Touch","Defy Death"],"picked":"ReplayTheSpireMod:Stacked","floor":1.0},{"not_picked":["ReplayTheSpireMod:Strike From Hell","hubris:ReadiedAction"],"picked":"Shrug It Off","floor":4.0},{"not_picked":["Perfected Strike","Headbutt"],"picked":"Searing Blow","floor":7.0},{"not_picked":["True Grit","Heavy Blade"],"picked":"ReplayTheSpireMod:Limb From Limb","floor":10.0},{"not_picked":["Bloodletting","Power Through"],"picked":"Pommel Strike","floor":11.0},{"not_picked":["Body Slam","Massacre"],"picked":"Searing Blow","floor":14.0},{"not_picked":["Intimidate","Perfected Strike"],"picked":"Shrug It Off+1","floor":18},{"not_picked":["Entrench+1","Ghostly Armor"],"picked":"Uppercut","floor":19},{"not_picked":["ReplayTheSpireMod:Muscle Training+1","Massacre","Clothesline"],"picked":"SKIP","floor":21}],"player_experience":40967,"relics_obtained":[{"floor":7.0,"key":"Frozen Egg 2"},{"floor":9.0,"key":"Regal Pillow"},{"floor":26,"key":"Kunai"}],"event_choices":[{"damage_healed":0.0,"max_hp_gain":0.0,"max_hp_loss":0.0,"gold_gain":0.0,"event_name":"Scrap Ooze","player_choice":"Success","floor":2.0,"gold_loss":0.0,"damage_taken":3.0,"relics_obtained":["Replay:Ringing Soul"]},{"cards_removed":["Strike_R"],"damage_healed":0.0,"max_hp_gain":0.0,"max_hp_loss":0.0,"gold_gain":0.0,"event_name":"The Cleric","player_choice":"Card Removal","floor":3.0,"gold_loss":50.0,"damage_taken":0.0},{"damage_healed":0.0,"max_hp_gain":0.0,"max_hp_loss":0.0,"gold_gain":0.0,"event_name":"Lab","player_choice":"Got Potions","floor":5.0,"gold_loss":0.0,"damage_taken":0.0},{"damage_healed":0,"gold_gain":180,"player_choice":"GOLD GOLD ","damage_taken":19,"max_hp_gain":0,"max_hp_loss":0,"event_name":"Knowing Skull","floor":24,"potions_obtained":[],"gold_loss":0,"cards_obtained":[]}],"is_beta":false,"boss_relics":[{"not_picked":["Replay:Grab Bag","Ring of Chaos"],"picked":"hubris:Backtick"}],"items_purged_floors":[13],"is_endless":false,"potions_floor_spawned":[4,16,19,21],"killed_by":"Gremlin Leader","ascension_level":0}}