{"host":"nc9kxycvldgbp2kx","time":1610484832,"event":{"mods":["2.2 Compatiblity","AchievementEnabler","AlwaysNeverKeys","BaseMod","Better Altar","Better Match","Better Note","Better Sensory Stone","Better Skull","Better Third Choice","Better Vampires","Block Reminder","Colored Powertips","Curses Come First","GifTheSpireLib","Highlight Path","Minty Spire (QoL Compilation)","Permanent Neow","Quick Restart","Random Character Button","Rare Cards Sparkle","Relic Sorter","Relic Stats","Spicy Shops","StSLib","Transform Curses"],"gold_per_floor":[109,34,34,47,57,91,91,121,146,181,139,156,331,52,52,148,148,167,190,190,206,226,226,226,226],"floor_reached":24,"language":"ENG","playtime":3327,"items_purged":["Defend_G","Doubt"],"score":271,"play_id":"4f6e18ce-5e04-4d9f-b4e4-f681a7ff4d72","local_time":"20210112215352","is_ascension_mode":true,"campfire_choices":[{"floor":7.0,"key":"REST"},{"floor":15.0,"key":"REST"},{"data":"Bite","floor":23.0,"key":"SMITH"}],"circlet_count":0,"master_deck":["Defend_G","Defend_G","Defend_G","Defend_G","Survivor","Neutralize+1","Dark Shackles","Backflip","Acrobatics","Caltrops","Deadly Poison","Crippling Poison","Prepared","Well Laid Plans+1","Adrenaline","Quick Slash","Bite+1","Bite","Bite","Bite","Bite","Prepared"],"relics":["Ring of the Snake","Orichalcum","Dream Catcher","Whetstone","Frozen Egg 2","Omamori","Black Star","Centennial Puzzle"],"acts_visited":["Exordium","TheCity"],"potions_floor_usage":[],"damage_taken":[{"damage":3.0,"enemies":"Cultist","floor":1.0,"turns":7.0},{"damage":1.0,"enemies":"Small Slimes","floor":4.0,"turns":3.0},{"damage":3.0,"enemies":"Jaw Worm","floor":5.0,"turns":5.0},{"damage":24.0,"enemies":"3 Sentries","floor":6.0,"turns":14.0},{"damage":28.0,"enemies":"Gremlin Nob","floor":8.0,"turns":5.0},{"damage":29.0,"enemies":"3 Sentries","floor":10.0,"turns":7.0},{"damage":0.0,"enemies":"Red Slaver","floor":12.0,"turns":5.0},{"damage":22.0,"enemies":"The Guardian","floor":16.0,"turns":9.0},{"damage":0.0,"enemies":"3 Byrds","floor":18.0,"turns":2.0},{"damage":13.0,"enemies":"2 Thieves","floor":21.0,"turns":4.0},{"damage":45.0,"enemies":"3 Cultists","floor":22.0,"turns":6.0},{"damage":27,"enemies":"Slavers","floor":24,"turns":3}],"seed_played":"5274328050594193329","potions_obtained":[{"floor":1.0,"key":"Strength Potion"},{"floor":5.0,"key":"EssenceOfSteel"},{"floor":10.0,"key":"LiquidBronze"},{"floor":16.0,"key":"SkillPotion"},{"floor":22.0,"key":"CunningPotion"}],"is_trial":false,"path_per_floor":["M","$","$","M","M","E","R","E","T","E","?","M","?","$","R","B",null,"M","T","?","M","M","R","E"],"character_chosen":"THE_SILENT","items_purchased":["Well Laid Plans+1","Omamori"],"campfire_rested":2,"item_purchase_floors":[14,14],"current_hp_per_floor":[67,67,67,66,63,39,60,32,32,3,3,3,3,3,24,2,70,70,70,49,46,20,20,0,0],"gold":226,"neow_bonus":"RANDOM_COLORLESS","is_daily":false,"chose_seed":false,"campfire_upgraded":1,"win_rate":0.0,"timestamp":1610484832,"path_taken":["M","?","$","M","M","E","R","E","T","E","?","M","?","?","R","BOSS","M","?","?","?","M","R","E"],"items_purchased_type":["Card","Relic"],"build_version":"2020-12-22","purchased_purges":2,"victory":false,"max_hp_per_floor":[70,70,70,70,70,70,70,70,70,70,70,70,70,70,70,70,70,70,70,49,49,49,49,49,49],"relic_stats":{"Dream Catcher":1,"Centennial Puzzle":[9],"counters":[12,70],"Black Star":0,"Whetstone":["Neutralize","Strike_G"],"Orichalcum":[162],"obtain_stats":[{"Dream Catcher":8,"Centennial Puzzle":19,"Omamori":14,"Black Star":17,"Whetstone":9,"Orichalcum":6,"Frozen Egg 2":10,"Ring of the Snake":0},{"Dream Catcher":5,"Centennial Puzzle":9,"Omamori":7,"Black Star":8,"Whetstone":5,"Orichalcum":4,"Frozen Egg 2":6,"Ring of the Snake":0},{"Dream Catcher":34,"Centennial Puzzle":57,"Omamori":46,"Black Star":55,"Whetstone":34,"Orichalcum":29,"Frozen Egg 2":41,"Ring of the Snake":0}],"Ring of the Snake":[24]},"card_choices":[{"not_picked":["Panacea","Discovery"],"picked":"Dark Shackles","floor":0.0},{"not_picked":["Outmaneuver","Cloak And Dagger"],"picked":"Backflip","floor":1.0},{"not_picked":["Bane","Bouncing Flask"],"picked":"Acrobatics","floor":4.0},{"not_picked":["Deflect","Tools of the Trade"],"picked":"Caltrops","floor":5.0},{"not_picked":["Heel Hook","Underhanded Strike"],"picked":"Deadly Poison","floor":6.0},{"not_picked":["Terror","Riddle With Holes"],"picked":"Crippling Poison","floor":8.0},{"not_picked":["Flying Knee","Bane","Blur"],"picked":"SKIP","floor":10.0},{"not_picked":["Terror","Cloak And Dagger"],"picked":"Prepared","floor":12.0},{"not_picked":["A Thousand Cuts+1","Die Die Die"],"picked":"Adrenaline","floor":16.0},{"not_picked":["Well Laid Plans+1","Heel Hook"],"picked":"Quick Slash","floor":18.0},{"not_picked":["Acrobatics+1","Dagger Spray"],"picked":"Prepared","floor":21.0},{"not_picked":["Flechettes","Acrobatics","Dagger Spray"],"picked":"SKIP","floor":22.0}],"player_experience":305112,"relics_obtained":[{"floor":6.0,"key":"Orichalcum"},{"floor":8.0,"key":"Dream Catcher"},{"floor":9.0,"key":"Whetstone"},{"floor":10.0,"key":"Frozen Egg 2"},{"floor":19.0,"key":"Centennial Puzzle"}],"event_choices":[{"damage_healed":0.0,"max_hp_gain":0.0,"max_hp_loss":0.0,"gold_gain":0.0,"event_name":"betterThird:BetterGoop","player_choice":"Left","floor":11.0,"gold_loss":42.0,"damage_taken":0.0},{"damage_healed":0.0,"max_hp_gain":0.0,"max_hp_loss":0.0,"gold_gain":175.0,"event_name":"betterThird:BetterSerpent","player_choice":"AGREE","floor":13.0,"gold_loss":0.0,"damage_taken":156.0},{"damage_healed":0.0,"max_hp_gain":0.0,"max_hp_loss":21.0,"gold_gain":0.0,"event_name":"Vampires","player_choice":"Became a vampire","floor":20.0,"gold_loss":0.0,"damage_taken":0.0,"cards_obtained":["Bite","Bite","Bite","Bite","Bite"]}],"is_beta":false,"boss_relics":[{"not_picked":["SlaversCollar","Empty Cage"],"picked":"Black Star"}],"items_purged_floors":[2,14],"is_endless":false,"potions_floor_spawned":[1,5,10,16,22],"killed_by":"Slavers","ascension_level":3}}