{"host":"wonp23fsqqcu31ie","time":1610494161,"event":{"mods":["2.2 Compatiblity","AchievementEnabler","Aspiration","BaseMod","Bestiary","Better Altar","Better Match","Better Sensory Stone","Better Skull","Better Third Choice","BetterRewards","Block Reminder","Colored Map","Colored Powertips","Conspire","Curses Come First","DeckTracker","Displayed Cursed Tome","Downfall","Energized Spire","Evolution","Hermit","Highlight Path","Hubris","Infinite Spire","Marisa????????","Minty Spire (QoL Compilation)","Permanent Neow","Prisma Mod","Quick Restart","Rare Cards Sparkle","Relic Stats","Replay The Spire","Robot Space Explorer","Shade Mod","Shop Mod","StSLib","SuperFastMode","The Animator","The Bug Knight","The Construct","The Cursed","The Disciple","The Dragon Tamer","The Gatherer","The Hierophant","The Marked","The Mystic","The Necromancer","The Poker Player","The Runesmith","The Saiyan","The Servant 0.9.4","TheBandit"],"gold_per_floor":[116,27,41,56,74,107,107,107,155,174,174,185,197,224,224,325,325,344,355,355,355,384,394,394,424,424,456,476,490,525,545,545,647,647,662,415,431,450,450,483,502,502,529,543,554,582,582,629,629,629,629,629,254,284,284],"floor_reached":56,"language":"ENG","playtime":2078,"items_purged":[],"score":1793,"play_id":"41d17ab6-fba0-4baa-8395-97f6b229d529","local_time":"20210113102921","is_ascension_mode":true,"campfire_choices":[{"floor":7,"key":"REST"},{"data":"infinitespire:Oblivion","floor":15,"key":"SMITH"},{"floor":24,"key":"RECALL"},{"floor":32,"key":"REST"},{"floor":42,"key":"REST"},{"floor":49,"key":"REST"},{"data":"Glacier","floor":52,"key":"SMITH"}],"circlet_count":0,"master_deck":["Strike_B","Strike_B","Strike_B","Defend_B","Defend_B","Defend_B","Defend_B","Zap","Dualcast","Sweeping Beam","Gash","Streamline","Streamline","Stack","Sweeping Beam","Beam Cell","Ball Lightning","infinitespire:Oblivion+1","Lockon","Sunder","Go for the Eyes","Chaos","Electrodynamics+1","hubris:PowerSurge","Beam Cell+1","Leap","Redo","RitualDagger","aspiration:Polymerization","ReplayGash+1","Cold Snap+1","Steam","Glacier+1","Cold Snap+1","Steam","Barrage+1","ReplayGash","Conserve Battery","Reprogram","Machine Learning+1","Time Bomb","Capacitor","Redo+1","infinitespire:Oblivion+1","Redo+1","Storm+1","Gash","Gash","infinitespire:Fortify","Leap+1","Capacitor"],"relics":["Cracked Core","EVO:Axolotl","hubris:MedicalManual","Bronze Scales","Meat on the Bone","MerchantsRug","Ornamental Fan","Replay:Wax Seal","hubris:BallOfYels","conspire:SlowCooker","Bottled Flame","aspiration:ChemicalBlood","HollowMod:PaleOreRelic","aspiration:TomeofQuesting","infinitespire:Cupcake","infinitespire:Broken Mirror","Anchor","Busted Crown","Replay:Baseball","CatCart","Guide Book","aspiration:FrozenJewel","Replay:Bottled Flurry"],"acts_visited":["Exordium","TheCity","TheBeyond","TheEnding"],"potions_floor_usage":[16,19,22,23,23,27,31,33,33,33,33,41,41,41,44,45,46,46,46,46,48,48,48,50,50,54,54,54,55,55,55,55,55,55,55,55],"damage_taken":[{"damage":1,"enemies":"Cultist","floor":1,"turns":3},{"damage":3,"enemies":"conspire:RoseBush","floor":3,"turns":3},{"damage":5,"enemies":"Small Slimes","floor":4,"turns":3},{"damage":25,"enemies":"Exordium Thugs","floor":5,"turns":4},{"damage":25,"enemies":"Replay:BlueRogue","floor":6,"turns":4},{"damage":0,"enemies":"Exordium Wildlife","floor":10,"turns":2},{"damage":0,"enemies":"Large Slime","floor":12,"turns":2},{"damage":8,"enemies":"Looter","floor":13,"turns":2},{"damage":6,"enemies":"Gremlin Nob","floor":14,"turns":3},{"damage":10,"enemies":"Slime Boss","floor":16,"turns":6},{"damage":12,"enemies":"Chosen","floor":18,"turns":3},{"damage":12,"enemies":"3 Byrds","floor":19,"turns":2},{"damage":30,"enemies":"conspire:MimicChest","floor":22,"turns":5},{"damage":13,"enemies":"Snecko","floor":23,"turns":3},{"damage":25,"enemies":"Slavers","floor":25,"turns":3},{"damage":30,"enemies":"Gremlin Leader","floor":27,"turns":4},{"damage":0,"enemies":"Centurion and Healer","floor":28,"turns":5},{"damage":21,"enemies":"Snake Plant","floor":29,"turns":3},{"damage":5,"enemies":"conspire:SneckoGhost","floor":30,"turns":5},{"damage":2,"enemies":"Cultist and Chosen","floor":31,"turns":3},{"damage":44,"enemies":"hubris:MusketHawk","floor":33,"turns":7},{"damage":1,"enemies":"Orb Walker","floor":35,"turns":3},{"damage":19,"enemies":"3 Darklings","floor":37,"turns":3},{"damage":35,"enemies":"Maw","floor":38,"turns":7},{"damage":6,"enemies":"Nemesis","floor":40,"turns":5},{"damage":33,"enemies":"Jaw Worm Horde","floor":41,"turns":2},{"damage":20,"enemies":"Writhing Mass","floor":44,"turns":4},{"damage":29,"enemies":"3 Darklings","floor":45,"turns":3},{"damage":52,"enemies":"HollowMod:StalkingDevout","floor":46,"turns":5},{"damage":24,"enemies":"Orin","floor":48,"turns":6},{"damage":65,"enemies":"Time Eater","floor":50,"turns":9},{"damage":45,"enemies":"Shield and Spear","floor":54,"turns":4},{"damage":87,"enemies":"The Heart","floor":55,"turns":8}],"seed_played":"2553383168166526394","potions_obtained":[{"floor":3,"key":"FocusPotion"},{"floor":10,"key":"conspire:TimeTravelPotion"},{"floor":16,"key":"SteroidPotion"},{"floor":18,"key":"Fire Potion"},{"floor":19,"key":"FearPotion"},{"floor":25,"key":"GamblersBrew"},{"floor":28,"key":"Slimebound:ThreeZeroPotion"},{"floor":35,"key":"SmokeBomb"},{"floor":38,"key":"FocusPotion"},{"floor":45,"key":"SkillPotion"},{"floor":46,"key":"Strength Potion"},{"floor":46,"key":"AttackPotion"},{"floor":48,"key":"SteroidPotion"},{"floor":54,"key":"Adrenaline Potion"},{"floor":54,"key":"FairyPotion"}],"is_trial":false,"path_per_floor":["M","$","M","M","M","E","R","?","T","M","?","M","M","E","R","B",null,"M","M","?","?","?","M","R","E","T","E","M","M","E","M","R","B",null,"M","$","M","M","?","E","M","R","T","M","M","E","AVR","?","R","B",null,"R","$","E","B",null],"character_chosen":"DEFECT","items_purchased":["Bronze Scales","Meat on the Bone","MerchantsRug","Gash","Streamline","infinitespire:Broken Mirror","Capacitor","EntropicBrew","Guide Book","aspiration:FrozenJewel","Capacitor"],"campfire_rested":4,"item_purchase_floors":[0,0,0,2,2,36,36,53,53,53,53],"current_hp_per_floor":[41,41,38,45,32,19,41,22,22,34,34,46,38,44,44,46,75,63,63,57,57,39,38,38,25,32,14,26,17,24,34,58,26,82,81,81,62,39,39,45,24,48,48,52,35,61,61,49,73,20,82,82,82,49,37],"gold":284,"neow_bonus":"","is_daily":false,"chose_seed":false,"campfire_upgraded":2,"win_rate":0.0,"timestamp":1610494161,"path_taken":["M","$","M","M","?","E","R","?","T","M","?","M","?","E","R","BOSS","M","M","?","?","?","M","R","E","T","E","M","M","E","M","R","BOSS","M","$","?","M","?","E","M","R","T","?","M","E","AVR","?","R","BOSS","R","$","E","BOSS"],"items_purchased_type":["Relic","Relic","Relic","Card","Card","Relic","Card","Potion","Relic","Relic","Card"],"build_version":"2020-12-22","purchased_purges":0,"victory":true,"max_hp_per_floor":[75,75,75,75,75,75,75,75,75,75,75,75,75,75,75,75,75,75,75,75,75,75,75,75,75,82,82,82,82,82,82,82,82,82,82,82,82,82,82,82,82,82,82,82,82,82,82,82,82,82,82,82,82,82,82],"relic_stats":{"Busted Crown":10,"counters":[78,348],"Ornamental Fan":[264],"Bronze Scales":[836],"obtain_stats":[{"hubris:BallOfYels":23,"hubris:VirtuousBlindfold":34,"Whetstone":10,"EVO:Axolotl":36,"FrozenCore":17,"Lizard Tail":40,"aspiration:EnhancedActuators":22,"Strawberry":26,"Prayer Wheel":11,"aspiration:ArtOfWarUpgrade":32,"MealTicket":48,"Iron Hammer":26,"Replay:Bottled Flurry":54,"Kunai":39,"HollowMod:PaleOreRelic":27,"Replay:Wax Seal":9,"MerchantsRug":21,"Girya":12,"Ring of Hypnosis":36,"hubris:DuctTape":40,"ReplayTheSpireMod:Ring of Addiction":38,"Oddly Smooth Stone":23,"Pen Nib":36,"Ring of Chaos":38,"conspire:SlowCooker":17,"Letter Opener":21,"Akabeko":7,"aspiration:FrozenJewel":53,"SlaversCollar":34,"Bottled Flame":54,"Replay:Baseball":47,"hubris:BottledHeart":20,"infinitespire:Broken Mirror":36,"Bronze Scales":53,"ReplayTheSpireMod:TigerMarble":9,"CatCart":48,"Meat on the Bone":0,"infinitespire:Cupcake":34,"Lantern":37,"Replay:PocketPolymizer":0,"aspiration:TomeofQuesting":30,"hubris:EmptyBottle":38,"Ancient Tea Set":44,"Nunchaku":12,"hubris:Icosahedron":27,"Pantograph":21,"aspiration:AnachronicSnailShell":0,"hubris:Stopwatch":17,"Tiny Chest":9,"Cracked Core":0,"aspiration:ChemicalBlood":25,"Guide Book":53,"Circlet":38,"hubris:MedicalManual":0,"hubris:Towel":45,"MawBank":27,"Mercury Hourglass":10,"Anchor":29,"Busted Crown":47,"Ornamental Fan":6,"Art of War":14,"Runesmith:AutoHammer":19,"Membership Card":38,"ReplayTheSpireMod:Ring of Challenge":36,"ReplayTheSpireMod:ShopPack":22},{"hubris:BallOfYels":36,"hubris:VirtuousBlindfold":39,"Whetstone":5,"EVO:Axolotl":67,"FrozenCore":9,"Lizard Tail":70,"aspiration:EnhancedActuators":35,"Strawberry":13,"Prayer Wheel":6,"aspiration:ArtOfWarUpgrade":15,"MealTicket":21,"Iron Hammer":37,"Replay:Bottled Flurry":77,"Kunai":17,"HollowMod:PaleOreRelic":61,"Replay:Wax Seal":50,"MerchantsRug":11,"Girya":30,"Ring of Hypnosis":40,"hubris:DuctTape":43,"ReplayTheSpireMod:Ring of Addiction":17,"Oddly Smooth Stone":12,"Pen Nib":17,"Ring of Chaos":17,"conspire:SlowCooker":55,"Letter Opener":11,"Akabeko":4,"aspiration:FrozenJewel":76,"SlaversCollar":16,"Bottled Flame":23,"Replay:Baseball":74,"hubris:BottledHeart":34,"infinitespire:Broken Mirror":67,"Bronze Scales":22,"ReplayTheSpireMod:TigerMarble":27,"CatCart":75,"Meat on the Bone":45,"infinitespire:Cupcake":66,"Lantern":17,"Replay:PocketPolymizer":24,"aspiration:TomeofQuesting":64,"hubris:EmptyBottle":17,"Ancient Tea Set":19,"Nunchaku":7,"hubris:Icosahedron":37,"Pantograph":11,"aspiration:AnachronicSnailShell":24,"hubris:Stopwatch":32,"Tiny Chest":4,"Cracked Core":0,"aspiration:ChemicalBlood":60,"Guide Book":76,"Circlet":17,"hubris:MedicalManual":45,"hubris:Towel":19,"MawBank":14,"Mercury Hourglass":28,"Anchor":14,"Busted Crown":74,"Ornamental Fan":50,"Art of War":8,"Runesmith:AutoHammer":34,"Membership Card":41,"ReplayTheSpireMod:Ring of Challenge":40,"ReplayTheSpireMod:ShopPack":35},{"hubris:BallOfYels":177,"hubris:VirtuousBlindfold":194,"Whetstone":18,"EVO:Axolotl":292,"FrozenCore":38,"Lizard Tail":307,"aspiration:EnhancedActuators":173,"Strawberry":61,"Prayer Wheel":20,"aspiration:ArtOfWarUpgrade":74,"MealTicket":114,"Iron Hammer":181,"Replay:Bottled Flurry":340,"Kunai":87,"HollowMod:PaleOreRelic":266,"Replay:Wax Seal":231,"MerchantsRug":49,"Girya":150,"Ring of Hypnosis":197,"hubris:DuctTape":211,"ReplayTheSpireMod:Ring of Addiction":87,"Oddly Smooth Stone":56,"Pen Nib":87,"Ring of Chaos":87,"conspire:SlowCooker":246,"Letter Opener":49,"Akabeko":13,"aspiration:FrozenJewel":336,"SlaversCollar":85,"Bottled Flame":129,"Replay:Baseball":321,"hubris:BottledHeart":170,"infinitespire:Broken Mirror":292,"Bronze Scales":123,"ReplayTheSpireMod:TigerMarble":141,"CatCart":327,"Meat on the Bone":214,"infinitespire:Cupcake":289,"Lantern":87,"Replay:PocketPolymizer":132,"aspiration:TomeofQuesting":279,"hubris:EmptyBottle":87,"Ancient Tea Set":101,"Nunchaku":26,"hubris:Icosahedron":181,"Pantograph":49,"aspiration:AnachronicSnailShell":132,"hubris:Stopwatch":160,"Tiny Chest":13,"Cracked Core":0,"aspiration:ChemicalBlood":262,"Guide Book":336,"Circlet":87,"hubris:MedicalManual":214,"hubris:Towel":101,"MawBank":67,"Mercury Hourglass":144,"Anchor":67,"Busted Crown":321,"Ornamental Fan":231,"Art of War":28,"Runesmith:AutoHammer":170,"Membership Card":201,"ReplayTheSpireMod:Ring of Challenge":197,"ReplayTheSpireMod:ShopPack":173}],"Meat on the Bone":300},"card_choices":[{"not_picked":["ReplaySolidLightProjector","ReplayTheSpireMod:Reroute Power"],"picked":"Sweeping Beam","floor":1},{"not_picked":["Cold Snap","Beam Cell"],"picked":"Stack","floor":3},{"not_picked":["BasicCrystalCard","Turbo"],"picked":"Sweeping Beam","floor":4},{"not_picked":["Darkness","Hologram"],"picked":"Beam Cell","floor":5},{"not_picked":["Heatsinks","ReplaySort"],"picked":"Ball Lightning","floor":6},{"not_picked":["ReplayTheSpireMod:Book of Names","infinitespire:Execution"],"picked":"infinitespire:Oblivion","floor":8},{"not_picked":["Leap","Cold Snap"],"picked":"Lockon","floor":10},{"not_picked":["ReplayTheSpireMod:Calculation Training","ReplaySort"],"picked":"ReplayTheSpireMod:Fabricate Wheel","floor":12},{"not_picked":["Barrage","Panic Button"],"picked":"Go for the Eyes","floor":13},{"not_picked":["Cold Snap","Turbo"],"picked":"Chaos","floor":14},{"not_picked":["hubris:SpecializedCircuitry","Multi-Cast"],"picked":"Electrodynamics","floor":16},{"not_picked":["Stack","Rip and Tear"],"picked":"hubris:PowerSurge","floor":18},{"not_picked":["Leap","Redo"],"picked":"Beam Cell+1","floor":18},{"not_picked":["Turbo","Blizzard"],"picked":"Leap","floor":19},{"not_picked":["Sweeping Beam","Reinforced Body"],"picked":"Redo","floor":19},{"not_picked":["FIFO Queue","Darkness"],"picked":"aspiration:Polymerization","floor":22},{"not_picked":["Buffer","Steam"],"picked":"ReplayGash+1","floor":23},{"not_picked":["Chill","Panic Button"],"picked":"Cold Snap+1","floor":23},{"not_picked":["Crystallizer","Consume"],"picked":"Steam","floor":25},{"not_picked":["Hello World","Hologram"],"picked":"Glacier","floor":27},{"not_picked":["Hello World","Fusion"],"picked":"Cold Snap+1","floor":28},{"not_picked":["Sweeping Beam","Hologram+1","Coolheaded"],"picked":"SKIP","floor":28},{"not_picked":["Hello World","Hologram+1"],"picked":"Steam","floor":29},{"not_picked":["Reboot","ReplayTheSpireMod:System Scan+1"],"picked":"Barrage+1","floor":29},{"not_picked":["Beam Cell+1","FIFO Queue"],"picked":"ReplayGash","floor":30},{"not_picked":["Panic Button","Sweeping Beam"],"picked":"Conserve Battery","floor":31},{"not_picked":["Hologram","Streamline"],"picked":"Reprogram","floor":31},{"not_picked":["hubris:SpecializedCircuitry","Fission"],"picked":"Machine Learning","floor":33},{"not_picked":["Cold Snap+1","Ball Lightning"],"picked":"Time Bomb","floor":35},{"not_picked":["Heatsinks","ReplayTheSpireMod:System Scan+1","BasicCrystalCard"],"picked":"SKIP","floor":35},{"not_picked":["Recycle","Rebound+1"],"picked":"Redo+1","floor":37},{"not_picked":["Sweeping Beam+1","Heatsinks+1","Beam Cell"],"picked":"SKIP","floor":37},{"not_picked":["Conserve Battery","Beam Cell","Sweeping Beam+1"],"picked":"SKIP","floor":38},{"not_picked":["Panic Button+1","Undo+1","BasicCrystalCard+1"],"picked":"SKIP","floor":38},{"not_picked":["conspire:SharedLibrary","Rebound+1","Multi-Cast"],"picked":"SKIP","floor":40},{"not_picked":["Go for the Eyes+1","BasicCrystalCard+1"],"picked":"Redo+1","floor":41},{"not_picked":["Sweeping Beam+1","Capacitor"],"picked":"Storm+1","floor":41},{"not_picked":["ReplayTheSpireMod:Calculation Training","Time Bomb"],"picked":"Gash","floor":44},{"not_picked":["Panic Button+1","Mirror Shield","Cold Snap"],"picked":"SKIP","floor":44},{"not_picked":["Redo+1","ReplaySort"],"picked":"Gash","floor":45},{"not_picked":["ReplayTheSpireMod:Reroute Power+1","Hologram+1","Undo+1"],"picked":"SKIP","floor":45},{"not_picked":["ReplayTheSpireMod:Reroute Power+1","Hologram+1","Undo+1"],"picked":"SKIP","floor":45},{"not_picked":["Rip and Tear","Leap","Hello World+1"],"picked":"SKIP","floor":46},{"not_picked":[],"picked":"Leap+1","floor":48},{"not_picked":["BasicCrystalCard"],"picked":"SKIP","floor":54}],"player_experience":514626,"relics_obtained":[{"floor":6,"key":"Ornamental Fan"},{"floor":9,"key":"Replay:Wax Seal"},{"floor":14,"key":"hubris:BallOfYels"},{"floor":22,"key":"Bottled Flame"},{"floor":25,"key":"aspiration:ChemicalBlood"},{"floor":26,"key":"Strawberry"},{"floor":27,"key":"HollowMod:PaleOreRelic"},{"floor":30,"key":"aspiration:TomeofQuesting"},{"floor":40,"key":"Lizard Tail"},{"floor":46,"key":"Anchor"},{"floor":48,"key":"CatCart"},{"floor":54,"key":"Replay:Bottled Flurry"}],"event_choices":[{"damage_healed":0,"gold_gain":0,"cards_transformed":["Strike_B"],"player_choice":"Transformed","damage_taken":0,"max_hp_gain":0,"max_hp_loss":0,"event_name":"Transmorgrifier","floor":11,"gold_loss":0,"cards_obtained":["Sunder"]},{"damage_healed":0,"gold_gain":0,"player_choice":"Dagger","damage_taken":6,"max_hp_gain":0,"max_hp_loss":0,"event_name":"betterThird:BetterNest","floor":20,"gold_loss":0,"cards_obtained":["RitualDagger"]},{"damage_healed":0,"gold_gain":0,"player_choice":"Ignored","damage_taken":0,"max_hp_gain":0,"max_hp_loss":0,"event_name":"Vampires","floor":21,"gold_loss":0},{"damage_healed":0,"gold_gain":0,"player_choice":"Copied","damage_taken":0,"max_hp_gain":0,"max_hp_loss":0,"event_name":"Duplicator","floor":39,"gold_loss":0,"cards_obtained":["infinitespire:Oblivion"]},{"damage_healed":0,"gold_gain":0,"player_choice":"Fight","damage_taken":0,"max_hp_gain":0,"max_hp_loss":0,"event_name":"OrinTheCat","floor":48,"gold_loss":0}],"is_beta":false,"boss_relics":[{"not_picked":["Honey Jar","aspiration:RunicSpoon"],"picked":"conspire:SlowCooker"},{"not_picked":["energizedSpire:HugeHouse","energizedSpire:OldTV"],"picked":"infinitespire:Cupcake"}],"items_purged_floors":[],"is_endless":false,"potions_floor_spawned":[3,10,16,18,19,25,28,29,35,38,40,45,46,48,54],"ascension_level":3}}