{"host":"bpkhhmvsfrvlto2l","time":1610472766,"event":{"mods":["2.2 Compatiblity","AchievementEnabler","Act Like it!","AlwaysNeverKeys","Aspiration","BaseMod","Better Silent Start","Challenge The Spire","Colored Map","Colored Powertips","Custom Start","Downfall","Energized Spire","Friendly Minions","GifTheSpireLib","Halation","Hubris","Infinite Spire","Ironclad Rager","Mimic Mod","Minty Spire (QoL Compilation)","Permanent Neow","Quick Restart","Random Character Button","Relic Sorter","Replay The Spire","Spikes Relics","StSLib","Stuff the Spire","Swap Starting Deck Mod","Trackpad"],"gold_per_floor":[118,118,135,135,152,152,185,185,185,185,211,221,107,107,107,204,204,217,229,229,246,123,123,157,170,223,223,237,237,249,219,219,320,320,339,359,44,56,68,68,68,68,92,115,8,8,24,50,50,58],"floor_reached":51,"playtime":1208,"items_purged":[],"score":963,"play_id":"48933ad5-7776-4753-9df6-7a616013f85f","local_time":"20210112123246","is_ascension_mode":true,"campfire_choices":[{"data":"Zap","floor":6,"key":"SMITH"},{"floor":10,"key":"REST"},{"floor":15,"key":"REST"},{"floor":23,"key":"REST"},{"floor":27,"key":"REST"},{"data":"Defragment","floor":29,"key":"SMITH"},{"floor":32,"key":"REST"},{"data":"Electrodynamics","floor":40,"key":"SMITH"},{"data":"Loop","floor":42,"key":"SMITH"},{"floor":49,"key":"REST"}],"circlet_count":0,"master_deck":["Strike_B+1","Defend_B+1","Defend_B+1","Defend_B+1","Defend_B+1","Zap+1","Dualcast+1","Loop+1","ReplayTheSpireMod:Chaos Vortex+1","Gash+1","Gash+1","Ball Lightning+1","Defragment+1","hubris:Prefetch+1","Fusion+1","Tempest+1","infinitespire:Fortify","White Noise+1","Electrodynamics+1"],"relics":["Cracked Core","hubris:Icosahedron","trackpad:CultistFigurine","Astrolabe","Chemical X","Boot","Tiny Chest","halation:HeavySnake","hubris:MedicalManual","Replay:Bandana","Thread and Needle","Art of War"],"acts_visited":["Exordium","TheCity","TheBeyond"],"potions_floor_usage":[7,24,24,30,33,36,38,39,50,50],"damage_taken":[{"damage":12.0,"enemies":"Small Slimes","floor":1.0,"turns":2.0},{"damage":0,"enemies":"2 Louse","floor":3,"turns":1},{"damage":0,"enemies":"Cultist","floor":5,"turns":3},{"damage":8,"enemies":"Gremlin Nob","floor":7,"turns":4},{"damage":11,"enemies":"Lagavulin","floor":11,"turns":6},{"damage":14,"enemies":"Exordium Thugs","floor":12,"turns":5},{"damage":0,"enemies":"The Guardian","floor":16,"turns":8},{"damage":30,"enemies":"3 Byrds","floor":18,"turns":4},{"damage":12,"enemies":"Chosen","floor":19,"turns":3},{"damage":32,"enemies":"Centurion and Healer","floor":21,"turns":5},{"damage":0,"enemies":"Book of Stabbing","floor":24,"turns":4},{"damage":0,"enemies":"Cultist and Chosen","floor":25,"turns":4},{"damage":5,"enemies":"Snake Plant","floor":28,"turns":3},{"damage":20,"enemies":"Snecko","floor":30,"turns":4},{"damage":16,"enemies":"Automaton","floor":33,"turns":10},{"damage":12,"enemies":"3 Shapes","floor":35,"turns":3},{"damage":0,"enemies":"Orb Walker","floor":36,"turns":2},{"damage":45,"enemies":"Jaw Worm Horde","floor":38,"turns":3},{"damage":24,"enemies":"Maw","floor":39,"turns":6},{"damage":19,"enemies":"Writhing Mass","floor":44,"turns":4},{"damage":0,"enemies":"Spire Growth","floor":47,"turns":4},{"damage":201,"enemies":"Awakened One","floor":50,"turns":13}],"seed_played":"2304666802720860660","potions_obtained":[{"floor":3,"key":"Elixir"},{"floor":5,"key":"Dexterity Potion"},{"floor":12,"key":"SpeedPotion"},{"floor":21,"key":"Slimebound:ThreeZeroPotion"},{"floor":25,"key":"FairyPotion"},{"floor":28,"key":"Adrenaline Potion"},{"floor":31,"key":"SpeedPotion"},{"floor":35,"key":"ColorlessPotion"},{"floor":38,"key":"ColorlessPotion"}],"is_trial":false,"path_per_floor":["M","?","M","?","M","R","E","?","T","R","E","M","$","?","R","B",null,"M","M","AVR","M","?","R","E","M","T","R","M","R","M","?","R","B",null,"M","M","$","M","M","R","?","R","T","M","$","AVR","M","T","R","B",null],"character_chosen":"DEFECT","items_purchased":["Ball Lightning+1","Defragment","hubris:MedicalManual","PotionOfCapacity","Elixir"],"campfire_rested":6,"item_purchase_floors":[13,13,37,45,45],"current_hp_per_floor":[61,61,61,41,41,41,33,33,33,57,46,32,32,32,56,56,74,44,32,32,2,2,26,26,26,26,50,45,45,25,25,49,33,68,56,56,56,11,15,15,15,15,15,24,24,24,24,24,48,60],"gold":58,"neow_bonus":"RANDOM_EVENT","is_daily":false,"chose_seed":false,"campfire_upgraded":4,"win_rate":0.0,"timestamp":1610472766,"path_taken":["M","?","M","?","M","R","E","?","T","R","E","M","$","?","R","BOSS","M","M","AVR","M","?","R","E","M","T","R","M","R","M","?","R","BOSS","M","M","$","M","M","R","?","R","T","M","?","AVR","M","?","R","BOSS"],"items_purchased_type":["Card","Card","Relic","Potion","Potion"],"build_version":"2020-12-22","purchased_purges":0,"victory":true,"max_hp_per_floor":[80,80,80,80,80,80,80,80,80,80,80,80,80,80,80,80,80,80,80,80,80,80,80,80,80,80,80,80,80,80,80,80,80,80,80,80,80,80,80,80,80,80,80,80,80,80,80,80,80,80],"card_choices":[{"not_picked":["Coolheaded","StuffTheSpire:ShieldGenerator"],"picked":"Loop","floor":3},{"not_picked":["hubris:Rewind","infinitespire:SealOfDarkness+"],"picked":"ReplayTheSpireMod:Chaos Vortex","floor":4},{"not_picked":["Cold Snap","Scrape"],"picked":"Gash","floor":5},{"not_picked":["Panic Button","Compile Driver"],"picked":"Gash","floor":12},{"not_picked":["Doom and Gloom","Chaos"],"picked":"White Noise+1","floor":25},{"not_picked":["ReplayTheSpireMod:Omega Cannon","Meteor Strike"],"picked":"Electrodynamics","floor":33}],"player_experience":72942,"relics_obtained":[{"floor":7,"key":"trackpad:CultistFigurine"},{"floor":24,"key":"Boot"},{"floor":26,"key":"Tiny Chest"},{"floor":43,"key":"Replay:Bandana"},{"floor":48,"key":"Art of War"}],"event_choices":[{"damage_healed":0.0,"max_hp_gain":5.0,"max_hp_loss":0.0,"gold_gain":0.0,"event_name":"Big Fish","player_choice":"Donut","floor":0.0,"gold_loss":0.0,"damage_taken":0.0},{"damage_healed":0,"gold_gain":0,"player_choice":"Grow","damage_taken":0,"max_hp_gain":0,"max_hp_loss":0,"event_name":"Living Wall","floor":8,"gold_loss":0,"cards_upgraded":["ReplayTheSpireMod:Chaos Vortex"]},{"damage_healed":0,"gold_gain":0,"player_choice":"Fled","damage_taken":0,"max_hp_gain":0,"max_hp_loss":0,"event_name":"Scrap Ooze","floor":14,"gold_loss":0},{"damage_healed":0,"gold_gain":0,"player_choice":"Bought 2 Potions","damage_taken":0,"max_hp_gain":0,"max_hp_loss":0,"event_name":"The Woman in Blue","floor":31,"gold_loss":0},{"damage_healed":0,"gold_gain":0,"player_choice":"Ignored","damage_taken":0,"max_hp_gain":0,"max_hp_loss":0,"event_name":"Transmorgrifier","floor":41,"gold_loss":0}],"is_beta":false,"boss_relics":[{"not_picked":["energizedSpire:MagnifyingGlass","energizedSpire:OldTV"],"picked":"Astrolabe"},{"not_picked":["energizedSpire:NeverEndingSparkler","energizedSpire:DeadBattery"],"picked":"halation:HeavySnake"}],"items_purged_floors":[],"is_endless":false,"potions_floor_spawned":[3,5,12,21,25,28,35,38],"ascension_level":6}}