{"host":"v1m5rkjj38qutr02","time":1610456694,"event":{"mods":["Act Like it!","BaseMod","Challenge The Spire","Conspire","Gensokyo","GungeonMod","Hallownest","Minty Spire (QoL Compilation)","Replay The Spire","StSLib","The Bug Knight","Youmu£®ªÍ∆«—˝√Œ£©"],"gold_per_floor":[117,292,292,305,305,332,332,350,375,391,391,291,325,336,336,441,441,453,473,557,294,294,319,319,343,368,81,81,96,96,107,107,210,210,230,230,230,249,268,301,301,333,409,439,259,277,294,325,325,325],"floor_reached":51,"playtime":1756,"items_purged":["Strike_B","Strike_B","Defend_B"],"score":1406,"play_id":"fddc4044-2fc1-4a67-9f55-3658e88644a4","local_time":"20210112210454","is_ascension_mode":true,"campfire_choices":[{"data":"Static Discharge","floor":7.0,"key":"SMITH"},{"data":"Zap","floor":11.0,"key":"SMITH"},{"data":"Ghostly","floor":15.0,"key":"SMITH"},{"data":"Creative AI","floor":24.0,"key":"SMITH"},{"data":"ReplayTheSpireMod:Fabricate Wheel","floor":28.0,"key":"SMITH"},{"data":"Double Energy","floor":32.0,"key":"SMITH"},{"data":"Biased Cognition","floor":41.0,"key":"SMITH"},{"data":"Turbo","floor":49,"key":"SMITH"}],"circlet_count":0,"master_deck":["Defend_B","Defend_B","Defend_B","Zap+1","Dualcast","Coolheaded","Static Discharge+1","Ghostly+1","Storm","Hologram","Redo+1","Heatsinks","Creative AI+1","Conserve Battery+1","Electrodynamics","Double Energy+1","Turbo+1","Biased Cognition+1","Storm+1","Turbo","Chill+1","Auto Shields+1","Ball Lightning+1","FIFO Queue+1","ReplayTheSpireMod:Private Reserves","Panic Button+1"],"relics":["Cracked Core","NeowsBlessing","DemoMod:GundromedaStrain","Replay:Wax Seal","Omamori","conspire:SpecialSausage","Replay:Rubber Ducky","Blood Vial","Pen Nib","DataDisk","Regal Pillow","Prayer Wheel","Cursed Key","Ancient Tea Set","Strawberry","Bottled Lightning","Replay:Baseball","ReplayTheSpireMod:CursedCoin","Eternal Feather"],"acts_visited":["Exordium","TheCity","TheBeyond"],"potions_floor_usage":[50,50],"damage_taken":[{"damage":0.0,"enemies":"Jaw Worm","floor":1.0,"turns":1.0},{"damage":0.0,"enemies":"Small Slimes","floor":4.0,"turns":1.0},{"damage":0.0,"enemies":"Gremlin Nob","floor":6.0,"turns":1.0},{"damage":6.0,"enemies":"2 Louse","floor":8.0,"turns":3.0},{"damage":2.0,"enemies":"Large Slime","floor":10.0,"turns":5.0},{"damage":1.0,"enemies":"3 Sentries","floor":13.0,"turns":9.0},{"damage":1.0,"enemies":"Looter","floor":14.0,"turns":4.0},{"damage":6.0,"enemies":"The Guardian","floor":16.0,"turns":13.0},{"damage":6.0,"enemies":"Chosen","floor":18.0,"turns":4.0},{"damage":2.0,"enemies":"3 Byrds","floor":19.0,"turns":2.0},{"damage":7.0,"enemies":"conspire:SneckoGhost","floor":23.0,"turns":5.0},{"damage":0.0,"enemies":"Snecko","floor":29.0,"turns":3.0},{"damage":0.0,"enemies":"Snake Plant","floor":31.0,"turns":3.0},{"damage":0.0,"enemies":"Automaton","floor":33.0,"turns":4.0},{"damage":0.0,"enemies":"Orb Walker","floor":35.0,"turns":2.0},{"damage":0.0,"enemies":"3 Shapes","floor":38.0,"turns":2.0},{"damage":0.0,"enemies":"Sphere and 2 Shapes","floor":39.0,"turns":4.0},{"damage":0.0,"enemies":"Reptomancer","floor":40.0,"turns":4.0},{"damage":3.0,"enemies":"Nemesis","floor":42.0,"turns":5.0},{"damage":0.0,"enemies":"Reptomancer","floor":44.0,"turns":3.0},{"damage":0.0,"enemies":"4 Shapes","floor":46.0,"turns":3.0},{"damage":0.0,"enemies":"Transient","floor":47.0,"turns":5.0},{"damage":6,"enemies":"HollowMod:StalkingDevout","floor":48,"turns":4},{"damage":0,"enemies":"Awakened One","floor":50,"turns":6}],"seed_played":"-2883690348967845686","potions_obtained":[{"floor":4.0,"key":"Fire Potion"},{"floor":6.0,"key":"Languid Potion"},{"floor":8.0,"key":"SkillPotion"},{"floor":19.0,"key":"Dexterity Potion"},{"floor":20.0,"key":"Swift Potion"},{"floor":20.0,"key":"Dexterity Potion"},{"floor":29.0,"key":"Explosive Potion"},{"floor":31.0,"key":"Energy Potion"},{"floor":35.0,"key":"BlessingOfTheForge"},{"floor":42.0,"key":"FocusPotion"},{"floor":46.0,"key":"LifebloodPotion"}],"is_trial":false,"path_per_floor":["M","?","?","M","?","E","R","M","T","M","R","?","E","M","R","B",null,"M","M","?","$","?","E","R","T","T","$","R","M","?","M","R","B",null,"M","?","$","M","M","E","R","E","T","E","$","M","M","E","R","B",null],"character_chosen":"DEFECT","items_purchased":["Heatsinks","Replay:Rubber Ducky","Regal Pillow","Conserve Battery+1","ReplayTheSpireMod:CursedCoin","FocusPotion","PotionOfCapacity","ReplayTheSpireMod:Private Reserves"],"campfire_rested":0,"item_purchase_floors":[21,21,27,27,45,45,45,45],"current_hp_per_floor":[68,68,68,68,61,61,61,55,55,53,53,53,52,51,51,45,68,62,60,60,60,60,53,53,53,53,53,53,55,55,57,57,59,71,73,73,73,75,75,75,75,79,79,81,81,82,82,76,82,82],"gold":325,"neow_bonus":"THREE_ENEMY_KILL","is_daily":false,"chose_seed":false,"campfire_upgraded":8,"win_rate":0.0,"timestamp":1610456694,"path_taken":["M","?","?","M","?","E","R","M","T","M","R","?","E","M","R","BOSS","M","M","?","$","?","E","R","?","T","?","R","?","?","M","R","BOSS","M","?","$","?","?","E","R","E","T","E","$","M","M","E","R","BOSS"],"items_purchased_type":["Card","Relic","Relic","Card","Relic","Potion","Potion","Card"],"build_version":"2020-12-22","purchased_purges":3,"victory":true,"max_hp_per_floor":[75,75,75,75,75,75,75,75,75,75,75,75,75,75,75,75,75,75,75,75,75,75,75,75,75,75,75,75,75,75,75,75,75,75,75,75,75,75,75,75,75,82,82,82,82,82,82,82,82,82],"card_choices":[{"not_picked":["Steam","Fusion"],"picked":"Coolheaded","floor":1.0},{"not_picked":["Compile Driver","BasicCrystalCard"],"picked":"Static Discharge","floor":4.0},{"not_picked":["FTL","Redo","Meteor Strike"],"picked":"SKIP","floor":6.0},{"not_picked":["Steam","Sweeping Beam","Streamline"],"picked":"SKIP","floor":8.0},{"not_picked":["Gash","FTL","Darkness"],"picked":"SKIP","floor":10.0},{"not_picked":["Panic Button","Mirror Shield"],"picked":"Storm","floor":13.0},{"not_picked":["Redo","BasicCrystalCard"],"picked":"Hologram","floor":14.0},{"not_picked":["Fission","All For One"],"picked":"ReplayTheSpireMod:Fabricate Wheel","floor":16.0},{"not_picked":["Panic Button","Coolheaded+1"],"picked":"Redo+1","floor":18.0},{"not_picked":["Steam+1","Undo","BasicCrystalCard"],"picked":"SKIP","floor":19.0},{"not_picked":["Rebound","Sweeping Beam"],"picked":"Creative AI","floor":23.0},{"not_picked":["Gash","Hologram"],"picked":"Double Energy","floor":29.0},{"not_picked":["ReplayTheSpireMod:Repulse","Darkness","Redo+1"],"picked":"SKIP","floor":29.0},{"not_picked":["Panic Button+1","Compile Driver"],"picked":"Biased Cognition","floor":31.0},{"not_picked":["ReplaySort","Ball Lightning"],"picked":"Storm+1","floor":31.0},{"not_picked":["Redo","Ball Lightning","Gash+1"],"picked":"SKIP","floor":35.0},{"not_picked":["Conserve Battery+1","Steam+1","Ball Lightning"],"picked":"SKIP","floor":35.0},{"not_picked":["Stack","Sweeping Beam+1"],"picked":"Turbo","floor":38.0},{"not_picked":["Compile Driver","Rip and Tear","Consume+1"],"picked":"SKIP","floor":38.0},{"not_picked":["Undo","Electrodynamics"],"picked":"Chill+1","floor":39.0},{"not_picked":["BootSequence+1","Aggregate+1"],"picked":"Auto Shields+1","floor":39.0},{"not_picked":["Blizzard+1","conspire:Rain","Fusion"],"picked":"SKIP","floor":40.0},{"not_picked":["Sweeping Beam","Go for the Eyes"],"picked":"Ball Lightning+1","floor":42.0},{"not_picked":["Lockon+1","Ball Lightning"],"picked":"FIFO Queue+1","floor":44.0},{"not_picked":["Auto Shields+1","ReplaySolidLightProjector+1","Compile Driver"],"picked":"SKIP","floor":46.0},{"not_picked":["Compile Driver","Conserve Battery","Crystallizer"],"picked":"SKIP","floor":46.0},{"not_picked":["Ball Lightning","Darkness","Gash+1"],"picked":"SKIP","floor":47.0},{"not_picked":["Chaos+1","Doom and Gloom","Rainbow"],"picked":"SKIP","floor":47.0},{"not_picked":["Undo+1","Darkness+1"],"picked":"Panic Button+1","floor":48}],"player_experience":400222,"relics_obtained":[{"floor":6.0,"key":"DemoMod:GundromedaStrain"},{"floor":9.0,"key":"Replay:Wax Seal"},{"floor":13.0,"key":"Omamori"},{"floor":23.0,"key":"Blood Vial"},{"floor":25.0,"key":"Pen Nib"},{"floor":26.0,"key":"DataDisk"},{"floor":40.0,"key":"Ancient Tea Set"},{"floor":42.0,"key":"Strawberry"},{"floor":43.0,"key":"Bottled Lightning"},{"floor":44.0,"key":"Replay:Baseball"},{"floor":48,"key":"Eternal Feather"}],"event_choices":[{"damage_healed":0.0,"max_hp_gain":0.0,"max_hp_loss":0.0,"gold_gain":175.0,"event_name":"Liars Game","player_choice":"AGREE","floor":2.0,"gold_loss":0.0,"damage_taken":0.0,"cards_obtained":["Doubt"]},{"cards_removed":["Doubt"],"damage_healed":0.0,"max_hp_gain":0.0,"max_hp_loss":0.0,"gold_gain":0.0,"event_name":"Golden Wing","player_choice":"Card Removal","floor":5.0,"gold_loss":0.0,"damage_taken":7.0},{"damage_healed":0.0,"max_hp_gain":0.0,"max_hp_loss":0.0,"gold_gain":0.0,"event_name":"conspire:LoneGhost","player_choice":"Argue","floor":12.0,"gold_loss":0.0,"damage_taken":0.0},{"damage_healed":0.0,"max_hp_gain":0.0,"max_hp_loss":0.0,"gold_gain":0.0,"event_name":"conspire:Investor","player_choice":"Leave","floor":22.0,"gold_loss":0.0,"damage_taken":0.0},{"damage_healed":0.0,"max_hp_gain":0.0,"max_hp_loss":0.0,"gold_gain":0.0,"event_name":"The Library","player_choice":"Read","floor":30.0,"gold_loss":0.0,"damage_taken":0.0,"cards_obtained":["Turbo"]},{"cards_removed":["Strike_B"],"damage_healed":0.0,"max_hp_gain":0.0,"max_hp_loss":0.0,"gold_gain":0.0,"event_name":"Purifier","player_choice":"Purged","floor":36.0,"gold_loss":0.0,"damage_taken":0.0}],"is_beta":false,"boss_relics":[{"not_picked":["SacredBark","conspire:SeveredTorchhead"],"picked":"conspire:SpecialSausage"},{"not_picked":["Tiny House","Replay:Wanted Poster"],"picked":"Cursed Key"}],"items_purged_floors":[21,27,45],"is_endless":false,"potions_floor_spawned":[4,6,8,19,29,31,35,40,42,46],"ascension_level":9}}