{"host":"1n288js6hgq5nx1s","time":1610475492,"event":{"mods":["AchievementEnabler","BaseMod","Block Reminder","Colored Powertips","Googly Eyes","Minty Spire (QoL Compilation)","Rare Cards Sparkle","StSLib"],"gold_per_floor":[117,129,147,161,172,207,207,234,234,234,253,253,29,42,42,137,137,155,155,155,166,166,191,191,191],"floor_reached":24,"playtime":1057,"items_purged":[],"score":239,"play_id":"1ccf88d4-9547-4201-b061-e24defecc07f","local_time":"20210112221812","is_ascension_mode":true,"campfire_choices":[{"floor":7.0,"key":"REST"},{"data":"Capacitor","floor":10.0,"key":"SMITH"},{"data":"Hello World","floor":12.0,"key":"SMITH"},{"floor":15.0,"key":"REST"}],"circlet_count":0,"master_deck":["Strike_B+1","Strike_B+1","Strike_B+1","Strike_B+1","Defend_B+1","Defend_B+1","Defend_B+1","Defend_B+1","Zap","Dualcast","Parasite","Beam Cell","Beam Cell","Capacitor+1","Barrage","Hello World+1","Consume","Stack","Leap","Static Discharge","Melter","Echo Form","BootSequence","Turbo","Biased Cognition"],"relics":["Cracked Core","Du-Vu Doll","Mango","Kunai","Question Card","HandDrill","Cursed Key","Juzu Bracelet","InkBottle"],"acts_visited":["Exordium","TheCity"],"potions_floor_usage":[],"damage_taken":[{"damage":1.0,"enemies":"Cultist","floor":1.0,"turns":3.0},{"damage":10.0,"enemies":"Small Slimes","floor":2.0,"turns":2.0},{"damage":0.0,"enemies":"2 Louse","floor":3.0,"turns":3.0},{"damage":8.0,"enemies":"Red Slaver","floor":4.0,"turns":2.0},{"damage":7.0,"enemies":"3 Louse","floor":5.0,"turns":3.0},{"damage":20.0,"enemies":"3 Sentries","floor":6.0,"turns":6.0},{"damage":15.0,"enemies":"Lagavulin","floor":8.0,"turns":7.0},{"damage":19.0,"enemies":"Lots of Slimes","floor":11.0,"turns":5.0},{"damage":0.0,"enemies":"Exordium Thugs","floor":14.0,"turns":4.0},{"damage":21.0,"enemies":"Hexaghost","floor":16.0,"turns":9.0},{"damage":3.0,"enemies":"Chosen","floor":18.0,"turns":6.0},{"damage":10.0,"enemies":"3 Byrds","floor":21.0,"turns":5.0},{"damage":49,"enemies":"Slavers","floor":23,"turns":6},{"damage":38,"enemies":"Cultist and Chosen","floor":24,"turns":4}],"seed_played":"765002705596312876","potions_obtained":[{"floor":3.0,"key":"SkillPotion"},{"floor":4.0,"key":"DistilledChaos"},{"floor":5.0,"key":"FocusPotion"},{"floor":14.0,"key":"Strength Potion"},{"floor":16.0,"key":"Block Potion"},{"floor":18.0,"key":"Block Potion"}],"is_trial":false,"path_per_floor":["M","M","M","M","M","E","R","E","T","R","M","R","$","M","R","B",null,"M","?","?","M","?","E","M"],"character_chosen":"DEFECT","items_purchased":["Static Discharge","HandDrill"],"campfire_rested":2,"item_purchase_floors":[13,13],"current_hp_per_floor":[74,64,64,56,49,43,69,54,54,54,35,35,35,35,61,40,89,86,86,86,76,76,27,0,0],"gold":191,"neow_bonus":"ONE_RARE_RELIC","is_daily":false,"chose_seed":false,"campfire_upgraded":2,"win_rate":0.0,"timestamp":1610475492,"path_taken":["M","M","M","?","M","E","R","E","T","R","M","R","$","M","R","BOSS","M","?","?","M","?","E","M"],"items_purchased_type":["Card","Relic"],"build_version":"2020-12-22","purchased_purges":0,"victory":false,"max_hp_per_floor":[75,75,75,75,75,89,89,89,89,89,89,89,89,89,89,89,89,89,89,89,89,89,89,89,89],"card_choices":[{"not_picked":["Ball Lightning","Compile Driver"],"picked":"Beam Cell","floor":1.0},{"not_picked":["Leap","Go for the Eyes"],"picked":"Beam Cell","floor":2.0},{"not_picked":["Skim","Sweeping Beam"],"picked":"Capacitor","floor":3.0},{"not_picked":["Streamline","Skim"],"picked":"Barrage","floor":4.0},{"not_picked":["Steam","Reprogram"],"picked":"Hello World","floor":5.0},{"not_picked":["Force Field","Turbo"],"picked":"Consume","floor":6.0},{"not_picked":["Leap","Barrage"],"picked":"Stack","floor":8.0},{"not_picked":["Barrage","Rebound","Stack"],"picked":"Leap","floor":11.0},{"not_picked":["Hello World","Biased Cognition","Reinforced Body"],"picked":"Melter","floor":14.0},{"not_picked":["Meteor Strike","Rainbow","Hyperbeam"],"picked":"Echo Form","floor":16.0},{"not_picked":["Rebound+1","Fusion","Blizzard"],"picked":"BootSequence","floor":18.0},{"not_picked":["Sunder","Aggregate","Cold Snap"],"picked":"Turbo","floor":21.0},{"not_picked":["Stack","Hologram","Core Surge"],"picked":"Biased Cognition","floor":23}],"player_experience":56028,"relics_obtained":[{"floor":6.0,"key":"Mango"},{"floor":8.0,"key":"Kunai"},{"floor":9.0,"key":"Question Card"},{"floor":20.0,"key":"Juzu Bracelet"},{"floor":23,"key":"InkBottle"}],"event_choices":[{"damage_healed":0.0,"max_hp_gain":0.0,"max_hp_loss":0.0,"gold_gain":0.0,"event_name":"Back to Basics","player_choice":"Simplicity","floor":19.0,"gold_loss":0.0,"damage_taken":0.0,"cards_upgraded":["Strike_B","Strike_B","Strike_B","Strike_B","Defend_B","Defend_B","Defend_B","Defend_B"]},{"damage_healed":0.0,"max_hp_gain":0.0,"max_hp_loss":0.0,"gold_gain":0.0,"event_name":"Wheel of Change","player_choice":"Relic","floor":20.0,"gold_loss":0.0,"damage_taken":0.0},{"damage_healed":0.0,"max_hp_gain":0.0,"max_hp_loss":0.0,"gold_gain":0.0,"event_name":"Vampires","player_choice":"Ignored","floor":22.0,"gold_loss":0.0,"damage_taken":0.0}],"is_beta":false,"boss_relics":[{"not_picked":["Ectoplasm","Fusion Hammer"],"picked":"Cursed Key"}],"items_purged_floors":[],"is_endless":false,"potions_floor_spawned":[3,4,5,14,16,18,21],"killed_by":"Cultist and Chosen","ascension_level":1}}