{"host":"on8rz1ayhhz269sg","time":1610457246,"event":{"mods":["BaseMod","Marisa£®ÏF”Í°°ƒß¿Ì…≥£©","Minty Spire (QoL Compilation)","StSLib","The Cursed","The Hierophant","≤–¡Ù÷ÆŒÔ"],"gold_per_floor":[109,123,123,134,9,40,40,50,50,50,63,39,39,49,49,153,153,164,177,377,391,402,402,430,430,430,430,232,232,232,248,248,347,347,360,371,123,123,148,148,177,177,204,219,230,230,230,242,242,242],"floor_reached":51,"playtime":4392,"items_purged":[],"score":697,"play_id":"d4f8fd62-3f3a-47b8-b057-fc636e1c7da7","local_time":"20210112211406","is_ascension_mode":false,"campfire_choices":[{"data":"JA","floor":7.0,"key":"SMITH"},{"floor":10.0,"key":"REST"},{"data":"EnergyFlow","floor":15.0,"key":"SMITH"},{"floor":23.0,"key":"REST"},{"floor":25.0,"key":"REST"},{"data":"OrrerysSun","floor":27.0,"key":"SMITH"},{"floor":32.0,"key":"REST"},{"floor":40,"key":"REST"},{"floor":42,"key":"REST"},{"data":"CasketOfStar","floor":47,"key":"SMITH"},{"data":"FinalSpark","floor":49,"key":"SMITH"}],"circlet_count":0,"master_deck":["Strike_MRS","Strike_MRS","Strike_MRS","Strike_MRS","Defend_MRS","Defend_MRS","Defend_MRS","Defend_MRS","MasterSpark","UpSweep","NonDirectionalLaser","EnergyFlow+1","DeepEcoloBomb","JA+1","AsteroidBelt","OrrerysSun+1","SprinkleStarSeal","EarthLightRay+1","NonDirectionalLaser","FairyDestructionRay","EscapeVelocity","AsteroidBelt+1","EventHorizon+1","OortCloud","MilkyWay+1","UnstableBomb","StarBarrage","Bandage Up+1","PulseMagic+1","CasketOfStar+1","BlazingStar","CurseOfTheBell","LuminesStrike+1","EnergyFlow","EnergyRecoil+1","GrandCross","Discovery+1","ShootingEcho+1","GasGiant+1","DC","PowerUp+1","AsteroidBelt+1","Parasite","FinalSpark+1"],"relics":["BewitchedHakkero","Letter Opener","Toxic Egg 2","Strawberry","PlaceholderMod:SoulofChaos","Ornamental Fan","Calling Bell","Centennial Puzzle","Question Card","Ginger","Frozen Eye","Dream Catcher","Happy Flower","PlaceholderMod:DeVermisMysteriis"],"acts_visited":["Exordium","TheCity","TheBeyond"],"potions_floor_usage":[45,50],"damage_taken":[{"damage":5.0,"enemies":"Jaw Worm","floor":1.0,"turns":4.0},{"damage":1.0,"enemies":"Cultist","floor":2.0,"turns":3.0},{"damage":3.0,"enemies":"2 Louse","floor":4.0,"turns":3.0},{"damage":12.0,"enemies":"Gremlin Nob","floor":6.0,"turns":5.0},{"damage":9.0,"enemies":"Lots of Slimes","floor":8.0,"turns":4.0},{"damage":9.0,"enemies":"Exordium Thugs","floor":11.0,"turns":4.0},{"damage":0.0,"enemies":"Large Slime","floor":14.0,"turns":6.0},{"damage":32.0,"enemies":"The Guardian","floor":16.0,"turns":9.0},{"damage":2.0,"enemies":"Spheric Guardian","floor":18.0,"turns":4.0},{"damage":20.0,"enemies":"3 Byrds","floor":19.0,"turns":5.0},{"damage":24.0,"enemies":"Snake Plant","floor":21.0,"turns":5.0},{"damage":25.0,"enemies":"Shelled Parasite and Fungi","floor":22.0,"turns":8.0},{"damage":27.0,"enemies":"Book of Stabbing","floor":24.0,"turns":9.0},{"damage":22.0,"enemies":"Snecko","floor":31.0,"turns":6.0},{"damage":39.0,"enemies":"Champ","floor":33.0,"turns":10.0},{"damage":9.0,"enemies":"3 Shapes","floor":35.0,"turns":5.0},{"damage":64,"enemies":"3 Darklings","floor":36,"turns":7},{"damage":115,"enemies":"Reptomancer","floor":41,"turns":9},{"damage":23,"enemies":"4 Shapes","floor":44,"turns":6},{"damage":9,"enemies":"Sphere and 2 Shapes","floor":45,"turns":4},{"damage":17,"enemies":"Writhing Mass","floor":48,"turns":6},{"damage":84,"enemies":"Time Eater","floor":50,"turns":11}],"seed_played":"5429223964929673817","potions_obtained":[{"floor":1.0,"key":"SpeedPotion"},{"floor":2.0,"key":"DistilledChaos"},{"floor":3.0,"key":"Block Potion"},{"floor":3.0,"key":"SkillPotion"},{"floor":6.0,"key":"Strength Potion"},{"floor":11.0,"key":"SpeedPotion"},{"floor":16.0,"key":"Block Potion"},{"floor":18.0,"key":"FairyPotion"},{"floor":21.0,"key":"GamblersBrew"},{"floor":31.0,"key":"AttackPotion"},{"floor":33.0,"key":"Block Potion"},{"floor":41,"key":"SpeedPotion"},{"floor":44,"key":"EssenceOfSteel"}],"is_trial":false,"path_per_floor":["M","M","?","M","$","E","R","M","T","R","M","$","T","M","R","B",null,"M","M","?","M","M","R","E","R","T","R","$","?","?","M","R","B",null,"M","M","$","?","T","R","E","R","T","M","M","?","R","M","R","B",null],"character_chosen":"MARISA","items_purchased":["JA","AsteroidBelt","NonDirectionalLaser","StarBarrage","Bandage Up+1","PulseMagic+1","EnergyRecoil+1","GrandCross","Frozen Eye"],"campfire_rested":6,"item_purchase_floors":[5,5,12,28,28,28,37,37,37],"current_hp_per_floor":[77,76,76,73,73,61,61,52,52,76,67,67,74,80,80,54,89,87,73,73,55,36,62,41,67,67,67,67,70,73,63,91,64,95,95,37,37,40,43,73,16,46,46,35,38,91,91,88,88,16],"gold":242,"neow_bonus":"TEN_PERCENT_HP_BONUS","is_daily":false,"chose_seed":false,"campfire_upgraded":5,"win_rate":0.0,"timestamp":1610457246,"path_taken":["M","M","?","M","$","E","R","M","T","R","M","$","?","M","R","BOSS","M","M","?","M","?","R","E","R","T","R","$","?","?","M","R","BOSS","M","M","$","?","?","R","E","R","T","M","M","?","R","?","R","BOSS"],"items_purchased_type":["Card","Card","Card","Card","Card","Card","Card","Card","Relic"],"build_version":"2020-12-22","purchased_purges":0,"victory":true,"max_hp_per_floor":[82,82,82,82,82,82,82,82,82,82,82,82,89,89,89,89,89,89,89,89,89,89,89,89,89,89,89,89,92,95,95,95,95,95,95,95,95,98,101,101,101,101,101,101,101,91,91,94,94,94],"card_choices":[{"not_picked":["DragonMeteor","GravityBeat"],"picked":"NonDirectionalLaser","floor":1.0},{"not_picked":["EnergyRecoil","Robbery"],"picked":"EnergyFlow","floor":2.0},{"not_picked":["GravityBeat","PowerUp"],"picked":"DeepEcoloBomb","floor":4.0},{"not_picked":["StarBarrage","Singularity"],"picked":"OrrerysSun","floor":6.0},{"not_picked":["Acceleration","MeteoricShower"],"picked":"SprinkleStarSeal","floor":8.0},{"not_picked":["WitchOfGreed","Robbery"],"picked":"EarthLightRay+1","floor":11.0},{"not_picked":["EventHorizon","StarBarrage"],"picked":"FairyDestructionRay","floor":14.0},{"not_picked":["BlazingStar","StarDustReverie+1"],"picked":"EscapeVelocity","floor":16.0},{"not_picked":["ChargeUpSpray+1","WitchOfGreed"],"picked":"AsteroidBelt+1","floor":18.0},{"not_picked":["WitchLeyline+1","FairyDestructionRay"],"picked":"EventHorizon+1","floor":19.0},{"not_picked":["IllusionStar+1","AsteroidBelt+1"],"picked":"OortCloud","floor":21.0},{"not_picked":["MysteriousBeam","EnergyFlow"],"picked":"MilkyWay+1","floor":22.0},{"not_picked":["ShootingEcho","NonDirectionalLaser"],"picked":"UnstableBomb","floor":24.0},{"not_picked":["UnstableBomb","AsteroidBelt+1"],"picked":"CasketOfStar","floor":31.0},{"not_picked":["EscapeVelocity","MaximisePower+1"],"picked":"BlazingStar","floor":33.0},{"not_picked":["GrandCross","Robbery+1","6A+1"],"picked":"LuminesStrike+1","floor":35.0},{"not_picked":["DoubleSpark","StarBarrage+1","DC"],"picked":"EnergyFlow","floor":36},{"not_picked":["Madness+1","Secret Weapon+1","Metamorphosis+1"],"picked":"Discovery+1","floor":38},{"not_picked":["EarthLightRay+1","OortCloud+1","EnergyRecoil+1"],"picked":"ShootingEcho+1","floor":40},{"not_picked":["MagicAbsorber+1","SporeBomb+1","BigCrunch+1"],"picked":"GasGiant+1","floor":41},{"not_picked":["ManaConvection+1","LuminesStrike+1","WitchOfGreed"],"picked":"DC","floor":42},{"not_picked":["OortCloud+1","BlazeAway+1","DC"],"picked":"PowerUp+1","floor":44},{"not_picked":["MysteriousBeam+1","WitchLeyline","FairyDestructionRay+1"],"picked":"AsteroidBelt+1","floor":45},{"not_picked":["GravityBeat+1","SporeBomb+1","OpenUniverse+1"],"picked":"FinalSpark","floor":48}],"player_experience":154452,"relics_obtained":[{"floor":6.0,"key":"Letter Opener"},{"floor":9.0,"key":"Toxic Egg 2"},{"floor":13.0,"key":"Strawberry"},{"floor":24.0,"key":"PlaceholderMod:SoulofChaos"},{"floor":26.0,"key":"Ornamental Fan"},{"floor":34.0,"key":"Centennial Puzzle"},{"floor":34.0,"key":"Question Card"},{"floor":34.0,"key":"Ginger"},{"floor":39,"key":"Dream Catcher"},{"floor":41,"key":"Happy Flower"},{"floor":43,"key":"PlaceholderMod:DeVermisMysteriis"}],"event_choices":[{"damage_healed":0.0,"max_hp_gain":0.0,"max_hp_loss":0.0,"gold_gain":0.0,"event_name":"Lab","player_choice":"Got Potions","floor":3.0,"gold_loss":0.0,"damage_taken":0.0},{"damage_healed":0.0,"max_hp_gain":0.0,"max_hp_loss":0.0,"gold_gain":250.0,"event_name":"The Joust","player_choice":"Bet on Owner","floor":20.0,"gold_loss":50.0,"damage_taken":0.0},{"damage_healed":0.0,"max_hp_gain":0.0,"max_hp_loss":0.0,"gold_gain":0.0,"event_name":"Beggar","player_choice":"Ignored","floor":29.0,"gold_loss":0.0,"damage_taken":0.0},{"damage_healed":0.0,"max_hp_gain":0.0,"max_hp_loss":0.0,"gold_gain":0.0,"event_name":"Ghosts","player_choice":"Ignored","floor":30.0,"gold_loss":0.0,"damage_taken":0.0},{"damage_healed":0,"gold_gain":0,"player_choice":"Memory 1","damage_taken":0,"max_hp_gain":0,"max_hp_loss":0,"event_name":"SensoryStone","floor":38,"gold_loss":0},{"damage_healed":91,"gold_gain":0,"player_choice":"Heal","damage_taken":0,"max_hp_gain":0,"max_hp_loss":13,"event_name":"The Moai Head","floor":46,"gold_loss":0}],"is_beta":false,"boss_relics":[{"not_picked":["Astrolabe","Pandora\u0027s Box"],"picked":"BewitchedHakkero"},{"not_picked":["Philosopher\u0027s Stone","Velvet Choker"],"picked":"Calling Bell"}],"items_purged_floors":[],"is_endless":false,"potions_floor_spawned":[1,2,6,11,16,18,21,31,33,41,44],"ascension_level":0}}