{"host":"7po9pgh86bqe2blc","time":1610410213,"event":{"mods":["BaseMod","Colored Map","Colored Powertips","Hermit","Koishi","Minty Spire (QoL Compilation)","StSLib","The Cursed","The Disciple","The Hierophant","The Runesmith"],"gold_per_floor":[109,109,124,134,59,84,84,100,125,157,57,67,81,81,81,178,178,189,32,32,48,64,74,107,107,179,179,179,94,31,47,47,147,147,165,165,184,184,201,201,96,108,135,47,57,75,75,128,128,128],"floor_reached":51,"playtime":6443,"items_purged":["Runesmith:Defend_RS","Runesmith:Strike_RS","Runesmith:HammerTime","Runesmith:DoubleUp","Runesmith:HeatExchange"],"score":679,"play_id":"ab86572a-2a57-458c-9998-2635e4e6d8a8","local_time":"20210112011013","is_ascension_mode":false,"campfire_choices":[{"data":"Runesmith:OneForEveryone","floor":7.0,"key":"SMITH"},{"floor":15.0,"key":"REST"},{"data":"Runesmith:CraftFirestone","floor":25,"key":"SMITH"},{"data":"Runesmith:CraftVitae","floor":28,"key":"SMITH"},{"data":"Runesmith:Retool","floor":32,"key":"SMITH"},{"data":"Runesmith:Supernova","floor":40,"key":"SMITH"},{"floor":49,"key":"REST"}],"circlet_count":0,"master_deck":["Runesmith:CraftFirestone+1","Runesmith:Fortify+1","Runesmith:RuneHurl","Runesmith:OneForEveryone+1","Runesmith:Duplicate","Runesmith:CraftMagma","Runesmith:Retool+1","Runesmith:HammerThrow","Runesmith:CraftVitae+1","Runesmith:Grindstone+1","Runesmith:Supernova+1","Runesmith:RuneHurl+1","Runesmith:EarthShield+1","Runesmith:Firestorm","Runesmith:CraftMagma"],"relics":["Runesmith:CoreCrystal","Pen Nib","Ancient Tea Set","Runesmith:AutoHammer","Anchor","Pandora\u0027s Box","Membership Card","Bag of Marbles","Shuriken","Centennial Puzzle","The Courier","Omamori","Turnip"],"acts_visited":["Exordium","TheCity","TheBeyond"],"potions_floor_usage":[46,46,50],"damage_taken":[{"damage":9.0,"enemies":"Jaw Worm","floor":1.0,"turns":6.0},{"damage":0.0,"enemies":"Cultist","floor":3.0,"turns":4.0},{"damage":3.0,"enemies":"2 Louse","floor":4.0,"turns":3.0},{"damage":8.0,"enemies":"Lagavulin","floor":6.0,"turns":7.0},{"damage":10.0,"enemies":"Looter","floor":8.0,"turns":3.0},{"damage":28.0,"enemies":"3 Sentries","floor":10.0,"turns":11.0},{"damage":0.0,"enemies":"Blue Slaver","floor":12.0,"turns":2.0},{"damage":2.0,"enemies":"Exordium Thugs","floor":13.0,"turns":4.0},{"damage":12.0,"enemies":"Hexaghost","floor":16.0,"turns":8.0},{"damage":38.0,"enemies":"2 Thieves","floor":18.0,"turns":4.0},{"damage":2,"enemies":"Shell Parasite","floor":21,"turns":3},{"damage":0,"enemies":"Snecko","floor":22,"turns":4},{"damage":3,"enemies":"Centurion and Healer","floor":23,"turns":6},{"damage":9,"enemies":"Gremlin Leader","floor":24,"turns":5},{"damage":0,"enemies":"Cultist and Chosen","floor":31,"turns":3},{"damage":0,"enemies":"Champ","floor":33,"turns":5},{"damage":6,"enemies":"Orb Walker","floor":35,"turns":3},{"damage":30,"enemies":"3 Shapes","floor":37,"turns":6},{"damage":2,"enemies":"3 Darklings","floor":39,"turns":4},{"damage":8,"enemies":"Writhing Mass","floor":42,"turns":3},{"damage":0,"enemies":"Maw","floor":45,"turns":6},{"damage":5,"enemies":"Jaw Worm Horde","floor":46,"turns":6},{"damage":11,"enemies":"2 Orb Walkers","floor":48,"turns":5},{"damage":31,"enemies":"Donu and Deca","floor":50,"turns":9}],"seed_played":"8671972102786207044","potions_obtained":[{"floor":3.0,"key":"ColorlessPotion"},{"floor":6.0,"key":"PowerPotion"},{"floor":8.0,"key":"GamblersBrew"},{"floor":10.0,"key":"PowerPotion"},{"floor":31,"key":"LiquidMemories"},{"floor":33,"key":"AttackPotion"},{"floor":35,"key":"EssenceOfSteel"},{"floor":37,"key":"Strength Potion"},{"floor":45,"key":"Regen Potion"}],"is_trial":false,"path_per_floor":["M","?","M","M","$","E","R","M","T","E","$","M","M","?","R","B",null,"M","$","?","M","M","M","E","R","T","?","R","?","$","M","R","B",null,"M","?","M","T","M","R","$","M","T","$","M","M","?","?","R","B",null],"character_chosen":"RUNESMITH_CLASS","items_purchased":["Membership Card","Runesmith:Firestorm"],"campfire_rested":2,"item_purchase_floors":[19,41],"current_hp_per_floor":[61,61,61,58,58,50,50,40,40,12,12,12,10,10,31,19,70,32,32,32,30,30,27,18,18,18,41,41,41,41,41,41,41,70,64,64,34,34,32,32,32,24,24,24,24,33,33,22,41,10],"gold":128,"neow_bonus":"RANDOM_COMMON_RELIC","is_daily":false,"chose_seed":false,"campfire_upgraded":5,"win_rate":0.0,"timestamp":1610410213,"path_taken":["M","?","?","M","$","E","R","M","T","E","?","?","M","?","R","BOSS","M","$","?","M","M","M","E","R","T","?","R","?","$","M","R","BOSS","M","?","M","?","M","R","$","M","T","$","M","M","?","?","R","BOSS"],"items_purchased_type":["Relic","Card"],"build_version":"2020-12-13","purchased_purges":5,"victory":true,"max_hp_per_floor":[70,70,70,70,70,70,70,70,70,70,70,70,70,70,70,70,70,70,70,70,70,70,70,70,70,70,70,70,70,70,70,70,70,70,70,70,70,70,70,70,70,70,70,70,70,70,66,66,66,66],"card_choices":[{"not_picked":["Runesmith:CraftProtectio","Runesmith:EarthShield"],"picked":"Runesmith:RuneHurl","floor":1.0},{"not_picked":["Runesmith:CraftProtectio","Runesmith:HammerThrow"],"picked":"Runesmith:OneForEveryone","floor":3.0},{"not_picked":["Runesmith:RuneHurl","Runesmith:BackupBattery","Runesmith:ChiselStab"],"picked":"SKIP","floor":4.0},{"not_picked":["Runesmith:BackupBattery","Runesmith:HeatedChisel","Runesmith:EarthShield"],"picked":"SKIP","floor":6.0},{"not_picked":["Runesmith:EarthShield","Runesmith:HeatedChisel"],"picked":"Runesmith:Duplicate","floor":8.0},{"not_picked":["Runesmith:BackupBattery","Runesmith:NegativeSpace","Runesmith:Overpower"],"picked":"SKIP","floor":10.0},{"not_picked":["Runesmith:ShiftingStrike","Runesmith:Firestorm"],"picked":"Runesmith:CraftMagma","floor":12.0},{"not_picked":["Runesmith:EarthShield","Runesmith:CraftProtectio"],"picked":"Runesmith:Retool","floor":13.0},{"not_picked":["Runesmith:HammerThrow","Runesmith:StaticCage","Runesmith:MakeshiftArmor+1"],"picked":"SKIP","floor":18.0},{"not_picked":["Runesmith:HeatedChisel+1","Runesmith:CraftSpiculum"],"picked":"Runesmith:CraftVitae","floor":21},{"not_picked":["Runesmith:NegativeSpace+1","Runesmith:FrozenChisel","Runesmith:GoWithTheFlow+1"],"picked":"SKIP","floor":22},{"not_picked":["Runesmith:MakeshiftArmor","Runesmith:HeatExchange","Runesmith:NanitesCloud"],"picked":"SKIP","floor":23},{"not_picked":["Runesmith:Reinforce","Runesmith:EnergizedChisel"],"picked":"Runesmith:Grindstone+1","floor":24},{"not_picked":["Runesmith:StaticCage","Runesmith:ChiselStab","Runesmith:MakeshiftArmor"],"picked":"SKIP","floor":31},{"not_picked":["Runesmith:ReplicatingBarrier","Runesmith:LastStand"],"picked":"Runesmith:Supernova","floor":33},{"not_picked":["Runesmith:ShiftingStrike+1","Runesmith:HeatedChisel+1"],"picked":"Runesmith:RuneHurl+1","floor":35},{"not_picked":["Runesmith:UnstableHammer+1","Runesmith:BackupBattery"],"picked":"Runesmith:EarthShield+1","floor":37},{"not_picked":["Runesmith:CraftProtectio+1","Runesmith:Overpower+1","Runesmith:EarthShield+1"],"picked":"SKIP","floor":39},{"not_picked":["Runesmith:Duplicate","Runesmith:ChaoticBlast+1","Runesmith:Prism"],"picked":"SKIP","floor":42},{"not_picked":["Runesmith:CraftSpiculum","Runesmith:Repurpose+1","Runesmith:OneForEveryone"],"picked":"SKIP","floor":45},{"not_picked":["Runesmith:EarthShield","Runesmith:MakeshiftArmor+1"],"picked":"Runesmith:CraftMagma","floor":46}],"player_experience":354704,"relics_obtained":[{"floor":6.0,"key":"Ancient Tea Set"},{"floor":9.0,"key":"Runesmith:AutoHammer"},{"floor":10.0,"key":"Anchor"},{"floor":24,"key":"Bag of Marbles"},{"floor":26,"key":"Shuriken"},{"floor":38,"key":"The Courier"},{"floor":43,"key":"Omamori"},{"floor":48,"key":"Turnip"}],"event_choices":[{"damage_healed":0.0,"max_hp_gain":0.0,"max_hp_loss":0.0,"gold_gain":0.0,"event_name":"Upgrade Shrine","player_choice":"Upgraded","floor":2.0,"gold_loss":0.0,"damage_taken":0.0,"cards_upgraded":["Runesmith:Fortify"]},{"cards_removed":["Runesmith:Strike_RS"],"damage_healed":0.0,"max_hp_gain":0.0,"max_hp_loss":0.0,"gold_gain":0.0,"event_name":"Living Wall","player_choice":"Forget","floor":14.0,"gold_loss":0.0,"damage_taken":0.0},{"cards_removed":["Runesmith:HammerAndChisel"],"damage_healed":0,"gold_gain":0,"player_choice":"Elegance","damage_taken":0,"max_hp_gain":0,"max_hp_loss":0,"event_name":"Back to Basics","floor":20,"gold_loss":0},{"damage_healed":23,"gold_gain":0,"player_choice":"Heal","damage_taken":0,"max_hp_gain":0,"max_hp_loss":0,"event_name":"The Library","floor":27,"gold_loss":0},{"damage_healed":0,"gold_gain":0,"player_choice":"Obtained Relic","damage_taken":0,"relics_obtained":["Centennial Puzzle"],"max_hp_gain":0,"max_hp_loss":0,"event_name":"Addict","floor":29,"gold_loss":85},{"damage_healed":0,"gold_gain":0,"player_choice":"Ignored","damage_taken":0,"max_hp_gain":0,"max_hp_loss":0,"event_name":"Tomb of Lord Red Mask","floor":36,"gold_loss":0},{"damage_healed":0,"gold_gain":0,"player_choice":"Max HP","damage_taken":0,"max_hp_gain":0,"max_hp_loss":4,"event_name":"Winding Halls","floor":47,"gold_loss":0},{"damage_healed":0,"gold_gain":0,"player_choice":"Fight","damage_taken":0,"max_hp_gain":0,"max_hp_loss":0,"event_name":"Mysterious Sphere","floor":48,"gold_loss":0}],"is_beta":false,"boss_relics":[{"not_picked":["Runesmith:PocketReactor","Fusion Hammer"],"picked":"Pandora\u0027s Box"},{"not_picked":["Tiny House","Velvet Choker"],"picked":"Runesmith:CoreCrystal"}],"items_purged_floors":[5,11,30,41,44],"is_endless":false,"potions_floor_spawned":[3,6,8,10,31,33,35,37,42,45],"ascension_level":0}}