{"host":"zksvs3x2ysy9npnz","time":1610473536,"event":{"mods":["Aspiration","BaseMod","Beaked The Cultist","BetterRewards","Clockwork Mod","Colored Map","Conspire","Downfall","Duelist Mod","Ekko","Energized Spire","Fiend Mod","Halation","Highlight Path","Hubris","Hunter ??","Infinite Spire","Jedi Mod","JesterMod","Magitek Elite","Minty Spire (QoL Compilation)","Permanent Neow","Quick Restart","Relic Stats","Replay The Spire","Retaliation","Shade Mod","Shop Mod","StSLib","The Construct","The Poker Player","The Runesmith","The Witch","thorton"],"gold_per_floor":[99,118,183,93,106,106,106,126,51,83,96,96,96],"floor_reached":12,"playtime":564,"items_purged":["Guardian:Strike_Guardian"],"score":140,"play_id":"695c7e4a-c202-4a44-9976-1e45c2c2a638","local_time":"20210112184536","is_ascension_mode":true,"campfire_choices":[{"data":"Guardian:TwinSlam","floor":1,"key":"SMITH"},{"floor":6,"key":"REST"},{"data":"Guardian:Emergency","floor":9,"key":"SMITH"}],"circlet_count":0,"master_deck":["AscendersBane","Guardian:Strike_Guardian","Guardian:Strike_Guardian","Guardian:Defend_Guardian","Guardian:Defend_Guardian","Guardian:Defend_Guardian","Guardian:Defend_Guardian","Guardian:CurlUp","Guardian:TwinSlam+1","Guardian:Recover","Guardian:Planning","Guardian:Emergency+1","Guardian:Recover"],"relics":["Guardian:ModeShifter","hubris:SphereOfDissonance","downfall:HeartBlessingBlue","jedi:shrinkray"],"acts_visited":["Exordium"],"potions_floor_usage":[3,12],"damage_taken":[{"damage":5,"enemies":"Small Slimes","floor":2,"turns":5},{"damage":53,"enemies":"Gremlin Nob","floor":3,"turns":6},{"damage":0,"enemies":"downfall:FleeingMerchant","floor":4,"turns":4},{"damage":0,"enemies":"2 Louse","floor":5,"turns":2},{"damage":2,"enemies":"Jaw Worm","floor":8,"turns":3},{"damage":23,"enemies":"Gremlin Nob","floor":10,"turns":5},{"damage":0,"enemies":"2 Fungi Beasts","floor":11,"turns":4},{"damage":15,"enemies":"3 Sentries","floor":12,"turns":4}],"seed_played":"4937120241662151972","potions_obtained":[{"floor":2,"key":"Block Potion"},{"floor":10,"key":"BlessingOfTheForge"}],"is_trial":false,"path_per_floor":["R","M","?","$","M","R","T","M","R","E","M","E"],"character_chosen":"GUARDIAN","items_purchased":[],"campfire_rested":1,"item_purchase_floors":[],"current_hp_per_floor":[65,60,7,7,7,28,28,26,36,13,13,0,0],"gold":96,"neow_bonus":"REMOVE_CARD","is_daily":false,"chose_seed":false,"campfire_upgraded":2,"win_rate":0.0,"timestamp":1610473536,"path_taken":["R","M","?","$","M","R","T","M","R","E","M","E"],"items_purchased_type":[],"build_version":"2020-12-22","purchased_purges":1,"victory":false,"max_hp_per_floor":[72,72,72,72,72,72,72,72,82,82,82,82,82],"relic_stats":{"counters":[8,33],"obtain_stats":[{"downfall:HeartBlessingBlue":9,"Guardian:ModeShifter":0,"hubris:SphereOfDissonance":3,"jedi:shrinkray":10},{"downfall:HeartBlessingBlue":5,"Guardian:ModeShifter":0,"hubris:SphereOfDissonance":2,"jedi:shrinkray":6},{"downfall:HeartBlessingBlue":20,"Guardian:ModeShifter":0,"hubris:SphereOfDissonance":11,"jedi:shrinkray":25}]},"card_choices":[{"not_picked":["Guardian:Gem_Lightblue","Guardian:Orbwalk"],"picked":"Guardian:Gem_Red","floor":2},{"not_picked":["Guardian:TemporalShield","Guardian:Suspension"],"picked":"Guardian:Recover","floor":3},{"not_picked":["Guardian:TemporalShield","Guardian:CrystalBeam"],"picked":"Guardian:Planning","floor":4},{"not_picked":["Guardian:FierceBash","Guardian:GuardianWhirl"],"picked":"Guardian:Gem_Lightblue","floor":5},{"not_picked":["Guardian:RollAttack","Guardian:ChargeCore"],"picked":"Guardian:Emergency","floor":8},{"not_picked":["Guardian:WalkerClaw","Guardian:Incinerate"],"picked":"Guardian:Recover","floor":10},{"not_picked":["Guardian:TimeBomb","Guardian:SentryBeam","Guardian:VentSteam"],"picked":"SKIP","floor":11}],"player_experience":2487435,"relics_obtained":[{"floor":3,"key":"hubris:SphereOfDissonance"},{"floor":10,"key":"jedi:shrinkray"}],"event_choices":[],"is_beta":false,"boss_relics":[],"items_purged_floors":[4],"is_endless":false,"potions_floor_spawned":[2,10],"killed_by":"3 Sentries","ascension_level":16}}