{"host":"wfcf39wm1vkwpcs0","time":1610424546,"event":{"mods":["BaseMod","Hermit","Minty Spire (QoL Compilation)","StSLib","The Cursed","The Necromancer","The Servant 0.9.4"],"gold_per_floor":[110,15,15,33,53,53,86,86,86,86,100,100,135,210,210,338,338,359,378,27,27,43,43,56,56,56,69,88,88,107,122,122,122,122],"floor_reached":33,"playtime":2147,"items_purged":["Injury"],"score":259,"play_id":"c35eb3f1-b983-4872-b44f-bc401bfa784d","local_time":"20210112120906","is_ascension_mode":false,"campfire_choices":[{"floor":6,"key":"RECALL"},{"data":"Underhanded Strike","floor":8,"key":"SMITH"},{"data":"Flying Knee","floor":10,"key":"SMITH"},{"data":"Leg Sweep","floor":12,"key":"SMITH"},{"floor":15,"key":"REST"},{"data":"Noxious Fumes","floor":23,"key":"SMITH"},{"floor":32,"key":"REST"}],"circlet_count":0,"master_deck":["Strike_G","Strike_G","Strike_G","Strike_G","Strike_G","Defend_G","Defend_G","Defend_G","Defend_G","Survivor","Neutralize","Underhanded Strike+1","Flying Knee+1","Footwork","Leg Sweep+1","Quick Slash","Dash","Blade Dance+1","Concentrate+1","Phantasmal Killer+1","PiercingWail+1","Burst+1","Terror+1","Bouncing Flask+1","Noxious Fumes+1","Dagger Throw+1","J.A.X.+1","Clumsy","Deadly Poison+1","Eviscerate","PiercingWail+1","Finisher","PiercingWail+1"],"relics":["Ring of the Snake","Golden Idol","Toxic Egg 2","Vajra","Cursed Key","Ornamental Fan","Eternal Feather"],"acts_visited":["Exordium","TheCity"],"potions_floor_usage":[7,13,19,27,27,31,33],"damage_taken":[{"damage":7,"enemies":"Small Slimes","floor":1,"turns":4},{"damage":0,"enemies":"2 Louse","floor":4,"turns":2},{"damage":0,"enemies":"Cultist","floor":5,"turns":4},{"damage":7,"enemies":"Gremlin Nob","floor":7,"turns":5},{"damage":0,"enemies":"2 Fungi Beasts","floor":11,"turns":5},{"damage":26,"enemies":"Lagavulin","floor":13,"turns":9},{"damage":25,"enemies":"Hexaghost","floor":16,"turns":15},{"damage":0,"enemies":"Spheric Guardian","floor":18,"turns":2},{"damage":10,"enemies":"3 Byrds","floor":19,"turns":6},{"damage":2,"enemies":"Centurion and Healer","floor":22,"turns":4},{"damage":0,"enemies":"Snecko","floor":24,"turns":4},{"damage":18,"enemies":"Cultist and Chosen","floor":27,"turns":6},{"damage":11,"enemies":"Centurion and Healer","floor":28,"turns":5},{"damage":35,"enemies":"Shelled Parasite and Fungi","floor":30,"turns":5},{"damage":0,"enemies":"3 Cultists","floor":31,"turns":4},{"damage":49,"enemies":"Collector","floor":33,"turns":7}],"seed_played":"-4712167187843211512","potions_obtained":[{"floor":4,"key":"SteroidPotion"},{"floor":7,"key":"LiquidBronze"},{"floor":18,"key":"GamblersBrew"},{"floor":22,"key":"Explosive Potion"},{"floor":24,"key":"Poison Potion"},{"floor":30,"key":"Swift Potion"},{"floor":31,"key":"LiquidMemories"}],"is_trial":false,"path_per_floor":["M","$","?","M","M","R","E","R","T","R","M","R","E","?","R","B",null,"M","M","$","?","M","R","M","?","T","M","M","?","M","M","R","B"],"character_chosen":"THE_SILENT","items_purchased":["Flying Knee","Footwork","Terror+1","Ornamental Fan"],"campfire_rested":2,"item_purchase_floors":[2,2,20,20],"current_hp_per_floor":[70,70,70,70,70,70,63,63,63,63,63,63,37,30,53,28,77,77,67,67,67,65,65,65,65,65,47,36,36,1,1,42,0,0],"gold":122,"neow_bonus":"TEN_PERCENT_HP_BONUS","is_daily":false,"chose_seed":false,"campfire_upgraded":4,"win_rate":0.0,"timestamp":1610424546,"path_taken":["M","$","?","M","M","R","E","R","T","R","M","R","E","?","R","BOSS","M","?","$","?","?","R","M","?","T","M","M","?","M","M","R","BOSS"],"items_purchased_type":["Card","Card","Card","Relic"],"build_version":"2020-12-22","purchased_purges":1,"victory":false,"max_hp_per_floor":[77,77,77,77,77,77,77,77,77,77,77,77,77,77,77,77,77,77,77,77,77,77,77,77,77,77,77,77,77,77,77,77,77,77],"card_choices":[{"not_picked":["Backflip","Quick Slash"],"picked":"Underhanded Strike","floor":1},{"not_picked":["Flechettes","Deadly Poison"],"picked":"Leg Sweep","floor":4},{"not_picked":["Acrobatics","Sucker Punch"],"picked":"Quick Slash","floor":5},{"not_picked":["Underhanded Strike","Glass Knife"],"picked":"Dash","floor":7},{"not_picked":["Prepared+1","Flechettes"],"picked":"Blade Dance+1","floor":11},{"not_picked":["Blade Dance+1","Slice"],"picked":"Concentrate+1","floor":13},{"not_picked":["Envenom","Adrenaline+1"],"picked":"Phantasmal Killer+1","floor":16},{"not_picked":["Sucker Punch+1","Dagger Throw"],"picked":"PiercingWail+1","floor":18},{"not_picked":["Sucker Punch","Deflect+1"],"picked":"Burst+1","floor":19},{"not_picked":["Infinite Blades","Cloak And Dagger+1"],"picked":"Noxious Fumes","floor":22},{"not_picked":["Slice","Sucker Punch"],"picked":"Dagger Throw+1","floor":24},{"not_picked":["Noxious Fumes","Slice"],"picked":"Deadly Poison+1","floor":27},{"not_picked":["Slice+1","Reflex+1"],"picked":"Eviscerate","floor":28},{"not_picked":["Flying Knee","Cloak And Dagger+1"],"picked":"Finisher","floor":30},{"not_picked":["Cloak And Dagger+1","Well Laid Plans"],"picked":"PiercingWail+1","floor":31}],"player_experience":122321,"relics_obtained":[{"floor":7,"key":"Toxic Egg 2"},{"floor":13,"key":"Vajra"},{"floor":26,"key":"Eternal Feather"}],"event_choices":[{"damage_healed":0,"gold_gain":0,"player_choice":"Take Wound","damage_taken":0,"relics_obtained":["Golden Idol"],"max_hp_gain":0,"max_hp_loss":0,"event_name":"Golden Idol","floor":3,"gold_loss":0,"cards_obtained":["Injury"]},{"damage_healed":0,"gold_gain":75,"player_choice":"Touch","damage_taken":7,"max_hp_gain":0,"max_hp_loss":0,"event_name":"FaceTrader","floor":14,"gold_loss":0},{"damage_healed":0,"gold_gain":0,"cards_transformed":["Defend_G"],"player_choice":"Transformed","damage_taken":0,"max_hp_gain":0,"max_hp_loss":0,"event_name":"Transmorgrifier","floor":21,"gold_loss":0,"cards_obtained":["Bouncing Flask"]},{"damage_healed":0,"gold_gain":0,"player_choice":"Obtain J.A.X.","damage_taken":0,"max_hp_gain":0,"max_hp_loss":0,"event_name":"Drug Dealer","floor":25,"gold_loss":0,"cards_obtained":["J.A.X."]},{"damage_healed":0,"gold_gain":0,"player_choice":"Copied","damage_taken":0,"max_hp_gain":0,"max_hp_loss":0,"event_name":"Duplicator","floor":29,"gold_loss":0,"cards_obtained":["PiercingWail"]}],"is_beta":false,"boss_relics":[{"not_picked":["Black Star","Empty Cage"],"picked":"Cursed Key"}],"items_purged_floors":[20],"is_endless":false,"potions_floor_spawned":[4,7,18,22,24,30,31],"killed_by":"Collector","ascension_level":0}}