{"host":"jfbo3eu2ui08ej1u","time":1610420130,"event":{"mods":["2.2 Compatiblity","AchievementEnabler","Act Like it!","Aspiration","BaseMod","Better Altar","Better Match","Better Note","Better Sensory Stone","Better Skull","Better Third Choice","Block Reminder","Colored Map","Colored Powertips","Conspire","DeckTracker","Displayed Cursed Tome","Downfall","Energized Spire","Fox Events","GifTheSpireLib","Hermit","Hubris","Infinite Spire","Marked Mod","Minty Spire (QoL Compilation)","Pale of the Ancients","Quick Restart","RRrroohrrRGHHhhh!!","Relic Filter","Reorder Act Four","Replay The Spire","Shop Mod","Spicy Shops","StSLib","Stuff the Spire","The Blue Laboratory","The Disciple","The Forsaken","The Hierophant","The Marked","Uncapped","Unceasing Turn Reminder","Wandering Minibosses"],"gold_per_floor":[99,113,38,54,71,17,88,3,32,32,60,254,179,197,212,316,316,316,329,329,343,357,377,431,431,431,431,466,1,34,49,68,166,166,166,177,196,12,61,61,85,100,115,115,127,52,62,81,101,101,120,120],"floor_reached":53,"playtime":5856,"items_purged":["Slimebound:Strike_Slimebound","Writhe","Slimebound:Tackle","Doubt"],"score":1178,"play_id":"76d8f444-6b59-4905-8b93-592e78de95e3","local_time":"20210111215530","is_ascension_mode":false,"campfire_choices":[{"data":"Slimebound:CorrosiveSpit","floor":1.0,"key":"SMITH"},{"data":"Slimebound:SlimeBarrage","floor":10.0,"key":"SMITH"},{"data":"Slimebound:GrowthPunch","floor":13.0,"key":"SMITH"},{"data":"Slimebound:DouseInSlime","floor":18.0,"key":"SMITH"},{"data":"Slimebound:FinishingTackle","floor":25.0,"key":"SMITH"},{"data":"Slimebound:DouseInSlime","floor":35.0,"key":"SMITH"},{"floor":40.0,"key":"RECALL"},{"data":"Slimebound:SlimeBarrage","floor":46.0,"key":"SMITH"}],"circlet_count":0,"master_deck":["Slimebound:Defend_Slimebound","Slimebound:Defend_Slimebound","Slimebound:Defend_Slimebound","Slimebound:Defend_Slimebound","Slimebound:Split","Slimebound:CorrosiveSpit+1","Slimebound:AcidTongue","Slimebound:LeechEnergy","Slimebound:RainOfGoop+1","Slimebound:GrowthPunch+1","Slimebound:FinishingTackle+1","Slimebound:SplitMire","Slimebound:SpikyOuterGoop","Slimebound:SlimeBarrage+1","Slimebound:LivingWall","Slimebound:LeechEnergy","Slimebound:RejuvenatingLick","Slimebound:LeechingTouch","Slimebound:AcidTongue","Slimebound:DouseInSlime+1","Slimebound:LivingWall","Slimebound:FormOfPuddle+1","Slimebound:SplitMire+1","infinitespire:Menacing","Slimebound:FormOfPuddle","Slimebound:LeechingTouch","Slimebound:Gluttony","Slimebound:SlimeSlap","Slimebound:PressTheAttack","Slimebound:DouseInSlime+1","Slimebound:LeechingTouch","Finesse","Slimebound:SlimeBarrage+1","Slimebound:GoopSpray+1","Slimebound:HauntingLick+1"],"relics":["Slimebound:AbsorbEndCombat","conspire:DeflatedDodgeball","Pocketwatch","Gambling Chip","downfall:HeartBlessingGreen","Slimebound:TarBlob","conspire:SlowCooker","conspire:BottledYoYo","Dream Catcher","StuffTheSpire:Expresso","OrangePellets","ReplayTheSpireMod:Lightbulb","Philosopher\u0027s Stone","Centennial Puzzle","hubris:BottledRain","Lizard Tail","ReplayTheSpireMod:CursedCoin","MerchantsRug","hubris:SphereOfDissonance","downfall:HeartBlessingRed","paleoftheancients:Timepiece","paleoftheancients:KeyRelic","Ice Cream","Gremlin Horn"],"acts_visited":["Exordium","TheCity","TheBeyond","paleoftheancients:PaleOfTheAncients"],"potions_floor_usage":[],"damage_taken":[{"damage":4.0,"enemies":"2 Louse","floor":2.0,"turns":3.0},{"damage":15.0,"enemies":"Jaw Worm","floor":4.0,"turns":2.0},{"damage":9.0,"enemies":"Small Slimes","floor":5.0,"turns":3.0},{"damage":8.0,"enemies":"downfall:FleeingMerchant","floor":6.0,"turns":4.0},{"damage":15.0,"enemies":"downfall:FleeingMerchant","floor":8.0,"turns":4.0},{"damage":28.0,"enemies":"3 Sentries","floor":9.0,"turns":9.0},{"damage":19.0,"enemies":"Lagavulin","floor":11.0,"turns":5.0},{"damage":7.0,"enemies":"conspire:2 RoseBushes","floor":14.0,"turns":3.0},{"damage":24.0,"enemies":"Exordium Wildlife","floor":15.0,"turns":5.0},{"damage":66.0,"enemies":"downfall:Defect","floor":16.0,"turns":7.0},{"damage":26.0,"enemies":"Shell Parasite","floor":19.0,"turns":5.0},{"damage":17.0,"enemies":"Spheric Guardian","floor":21.0,"turns":4.0},{"damage":11.0,"enemies":"Snecko","floor":22.0,"turns":6.0},{"damage":19.0,"enemies":"Centurion and Healer","floor":23.0,"turns":6.0},{"damage":41.0,"enemies":"Gremlin Leader","floor":28.0,"turns":5.0},{"damage":20.0,"enemies":"downfall:FleeingMerchant","floor":29.0,"turns":5.0},{"damage":44.0,"enemies":"Book of Stabbing","floor":30.0,"turns":8.0},{"damage":21.0,"enemies":"conspire:HollyBat","floor":31.0,"turns":7.0},{"damage":14.0,"enemies":"Snecko","floor":32.0,"turns":4.0},{"damage":27.0,"enemies":"downfall:Watcher","floor":33.0,"turns":5.0},{"damage":32.0,"enemies":"3 Darklings","floor":36.0,"turns":7.0},{"damage":37.0,"enemies":"Orb Walker","floor":37.0,"turns":4.0},{"damage":27.0,"enemies":"downfall:FleeingMerchant","floor":38.0,"turns":4.0},{"damage":57.0,"enemies":"2 Orb Walkers","floor":39.0,"turns":6.0},{"damage":32.0,"enemies":"3 Darklings","floor":43.0,"turns":6.0},{"damage":21.0,"enemies":"Maw","floor":45.0,"turns":5.0},{"damage":32.0,"enemies":"4 Shapes","floor":47.0,"turns":5.0},{"damage":12.0,"enemies":"Jaw Worm Horde","floor":48.0,"turns":4.0},{"damage":27.0,"enemies":"Writhing Mass","floor":49.0,"turns":3.0},{"damage":31.0,"enemies":"downfall:Ironclad","floor":50.0,"turns":6.0},{"damage":26.0,"enemies":"downfall:Ironclad","floor":51.0,"turns":6.0},{"damage":164,"enemies":"paleoftheancients:N","floor":52,"turns":18}],"seed_played":"7033255031544968361","potions_obtained":[{"floor":2.0,"key":"ColorlessPotion"},{"floor":5.0,"key":"Block Potion"},{"floor":14.0,"key":"hexamod:EctoCoolerPotion"},{"floor":15.0,"key":"SpeedPotion"},{"floor":21.0,"key":"Adrenaline Potion"},{"floor":28.0,"key":"blueLaboratory:HorrorPotion"},{"floor":32.0,"key":"SpeedPotion"},{"floor":36.0,"key":"Fire Potion"},{"floor":45.0,"key":"Strength Potion"},{"floor":48.0,"key":"DistilledChaos"}],"is_trial":false,"path_per_floor":["R","M","?","M","M","$","T","$","E","R","E","?","R","M","M","B",null,"R","M","?","M","M","M","T","R","AVR","?","E","$","E","M","M","B",null,"R","M","M","$","?","R","T","$","M","?","M","R","M","M","M","B","M","B",null],"character_chosen":"SLIMEBOUND","items_purchased":["Slimebound:SpikyOuterGoop","Slimebound:SlimeBarrage","Slimebound:Gluttony","Slimebound:SlimeSlap","OrangePellets","Centennial Puzzle","Finesse","hubris:BottledRain","ReplayTheSpireMod:CursedCoin","MerchantsRug","hubris:SphereOfDissonance","Slimebound:SlimeBarrage"],"campfire_rested":0,"item_purchase_floors":[6,8,29,29,29,38,38,38,42,42,42,42],"current_hp_per_floor":[60,60,60,53,56,60,60,60,60,60,57,57,57,60,57,18,60,60,54,54,60,60,60,60,60,60,60,60,60,50,57,60,60,60,60,60,47,46,49,49,49,49,60,60,60,60,60,60,53,60,60,29],"gold":120,"neow_bonus":"THREE_CARDS","is_daily":false,"chose_seed":false,"campfire_upgraded":7,"win_rate":0.0,"timestamp":1610420130,"path_taken":["R","M","?","M","M","$","T","$","E","R","E","?","R","M","M","BOSS","R","M","?","M","M","?","T","R","AVR","?","E","$","E","M","M","BOSS","R","M","M","$","?","R","T","?","M","?","M","R","M","?","M","BOSS","M","BOSS"],"items_purchased_type":["Card","Card","Card","Card","Relic","Relic","Card","Relic","Relic","Relic","Relic","Card"],"build_version":"2020-12-22","purchased_purges":4,"victory":true,"max_hp_per_floor":[60,60,60,60,60,60,60,60,60,60,60,60,60,60,60,60,60,60,60,60,60,60,60,60,60,60,60,60,60,60,60,60,60,60,60,60,60,60,60,60,60,60,60,60,60,60,60,60,60,60,60,60],"card_choices":[{"not_picked":["Slimebound:GoopSpray","Slimebound:Dissolve"],"picked":"Slimebound:AcidTongue","floor":0.0},{"not_picked":["Slimebound:FirmFortitude","Slimebound:SamplingLick"],"picked":"Slimebound:LeechEnergy","floor":2.0},{"not_picked":["Slimebound:ProtectTheBoss+1","Slimebound:BestDefense+1"],"picked":"Slimebound:RainOfGoop+1","floor":3.0},{"not_picked":["Slimebound:SplitAcid","Slimebound:Schlurp"],"picked":"Slimebound:GrowthPunch","floor":4.0},{"not_picked":["Slimebound:SplitBruiser","Slimebound:SplitLeeching"],"picked":"Slimebound:FinishingTackle","floor":5.0},{"not_picked":["Slimebound:PressTheAttack","Slimebound:MassRepurpose"],"picked":"Slimebound:SplitMire","floor":6.0},{"not_picked":["Slimebound:ProtectTheBoss","Slimebound:SplitBruiser","Slimebound:SlimeTap"],"picked":"SKIP","floor":8.0},{"not_picked":["Slimebound:ItLooksTasty","Slimebound:TongueLash"],"picked":"Slimebound:LivingWall","floor":9.0},{"not_picked":["Slimebound:OozeBath","Slimebound:LevelUp"],"picked":"Slimebound:LeechEnergy","floor":11.0},{"not_picked":["Slimebound:Grow","Slimebound:SlimeSpikes"],"picked":"Slimebound:RejuvenatingLick","floor":12.0},{"not_picked":["Slimebound:SplitBruiser","Slimebound:SplitMire"],"picked":"Slimebound:LeechingTouch","floor":14.0},{"not_picked":["Slimebound:SamplingLick","Slimebound:LeechEnergy"],"picked":"Slimebound:AcidTongue","floor":15.0},{"not_picked":["Slimebound:RallyTheTroops","Slimebound:SlimeSlap"],"picked":"Slimebound:DouseInSlime","floor":16.0},{"not_picked":["Slimebound:LeechingTouch","Slimebound:SamplingLick"],"picked":"Slimebound:LivingWall","floor":19.0},{"not_picked":["Slimebound:RollThrough","Slimebound:Repurpose+1"],"picked":"Slimebound:FormOfPuddle+1","floor":21.0},{"not_picked":["Slimebound:SlimeSpikes","Slimebound:RollThrough","Slimebound:Repurpose"],"picked":"SKIP","floor":22.0},{"not_picked":["Slimebound:Repurpose","Slimebound:FlameTackle"],"picked":"Slimebound:SplitMire+1","floor":23.0},{"not_picked":["Slimebound:GrowthPunch+1","Slimebound:MinionMaster"],"picked":"Slimebound:FormOfPuddle","floor":28.0},{"not_picked":["Slimebound:Replication","Slimebound:SamplingLick+1"],"picked":"Slimebound:LeechingTouch","floor":29.0},{"not_picked":["Slimebound:FlameTackle","Slimebound:ViciousTackle"],"picked":"Slimebound:PressTheAttack","floor":30.0},{"not_picked":["Slimebound:SlimeTap","Slimebound:LeechingTouch+1","Slimebound:HauntingLick"],"picked":"SKIP","floor":31.0},{"not_picked":["Slimebound:SlimeSpikes+1","Slimebound:SplitMire","Slimebound:Grow"],"picked":"SKIP","floor":32.0},{"not_picked":["Slimebound:RallyTheTroops","Slimebound:Overexert"],"picked":"Slimebound:DouseInSlime","floor":33.0},{"not_picked":["Slimebound:Replication","Slimebound:Schlurp+1","Slimebound:SplitAcid"],"picked":"SKIP","floor":36.0},{"not_picked":["Slimebound:SamplingLick","Slimebound:FinishingTackle+1"],"picked":"Slimebound:LeechingTouch","floor":37.0},{"not_picked":["Slimebound:SlimeBrawl","Slimebound:ItLooksTasty+1","Slimebound:Grow+1"],"picked":"SKIP","floor":43.0},{"not_picked":["Slimebound:ForwardTackle+1","Slimebound:ViciousTackle"],"picked":"Slimebound:GoopSpray+1","floor":45.0},{"not_picked":["Slimebound:ProtectTheBoss","Slimebound:ComboTackle+1"],"picked":"Slimebound:HauntingLick+1","floor":47.0},{"not_picked":["Slimebound:GoopSpray","Slimebound:SplitMire+1","Slimebound:SplitBruiser+1"],"picked":"SKIP","floor":48.0},{"not_picked":["Slimebound:Nibble+1","Slimebound:Chomp+1","Slimebound:PressTheAttack+1"],"picked":"SKIP","floor":49.0},{"not_picked":["Slimebound:FinishingTackle+1","Slimebound:LevelUp","Slimebound:ViciousTackle"],"picked":"SKIP","floor":51.0},{"not_picked":["Slimebound:FinishingTackle+1","Slimebound:LevelUp","Slimebound:ViciousTackle"],"picked":"SKIP","floor":51.0}],"player_experience":1207940,"relics_obtained":[{"floor":7.0,"key":"conspire:DeflatedDodgeball"},{"floor":9.0,"key":"Pocketwatch"},{"floor":11.0,"key":"Gambling Chip"},{"floor":24.0,"key":"Dream Catcher"},{"floor":28.0,"key":"StuffTheSpire:Expresso"},{"floor":30.0,"key":"ReplayTheSpireMod:Lightbulb"},{"floor":39.0,"key":"Lizard Tail"}],"event_choices":[{"damage_healed":0.0,"max_hp_gain":0.0,"max_hp_loss":0.0,"gold_gain":0.0,"event_name":"betterMatch:BetterMatch","player_choice":"2","floor":3.0,"gold_loss":0.0,"damage_taken":0.0,"cards_obtained":["betterMatch:UncommonCard"]},{"damage_healed":0.0,"max_hp_gain":0.0,"max_hp_loss":0.0,"gold_gain":0.0,"event_name":"betterNote:BetterNote","player_choice":"Ignored","floor":20.0,"gold_loss":0.0,"damage_taken":0.0,"cards_obtained":["ReplayUltimateDefense"]},{"damage_healed":0.0,"max_hp_gain":0.0,"max_hp_loss":0.0,"gold_gain":0.0,"event_name":"Mysterious Sphere","player_choice":"Fight","floor":39.0,"gold_loss":0.0,"damage_taken":0.0},{"cards_removed":["ReplayTheSpireMod:Splinters"],"damage_healed":0.0,"max_hp_gain":0.0,"max_hp_loss":0.0,"gold_gain":0.0,"event_name":"Purifier","player_choice":"Purged","floor":44.0,"gold_loss":0.0,"damage_taken":0.0}],"is_beta":false,"boss_relics":[{"not_picked":["rorgmod:Black Star","Replay:Drink Me"],"picked":"Replay:Grab Bag"},{"not_picked":["Velvet Choker","energizedSpire:MagnifyingGlass"],"picked":"Slimebound:TarBlob"},{"not_picked":["StuffTheSpire:RunicConfusion","energizedSpire:CursedPentagram"],"picked":"conspire:SlowCooker"},{"not_picked":["SacredBark","aspiration:DefectSkillbook"],"picked":"hubris:Backtick"},{"not_picked":["StuffTheSpire:Kangaroo","aspiration:RunicSpoon"],"picked":"Philosopher\u0027s Stone"}],"items_purged_floors":[26,29,38,42],"is_endless":false,"potions_floor_spawned":[2,5,14,15,21,28,32,36,45,48],"ascension_level":0}}