{"host":"17uzppmr1r5fe5jj","time":1610464098,"event":{"mods":["BaseMod","Minty Spire (QoL Compilation)","StSLib","Youmu£®ªÍ∆«—˝√Œ£©"],"gold_per_floor":[416,90,107,124,124,124,155,155,155,166,198,198,212,242,242,338,338,349,170,45,62,78,78,107,107,107,142,158,211,224,244,244,244,244],"floor_reached":33,"playtime":2564,"items_purged":["Strike_YM","Strike_YM","Strike_YM"],"score":332,"play_id":"1898a3e1-ebf5-4e64-8e85-32a1909bb5b2","local_time":"20210112230818","daily_mods":["Heirloom","Flight"],"is_ascension_mode":false,"campfire_choices":[{"data":"HellFireSword","floor":6.0,"key":"SMITH"},{"data":"HeavenlyHaloSlash","floor":8.0,"key":"SMITH"},{"data":"FastingOfTheYoungPreta","floor":12.0,"key":"SMITH"},{"data":"SuddenDivineSeveringOfKarmicWind","floor":15.0,"key":"SMITH"},{"data":"PreachingAvici","floor":23,"key":"SMITH"},{"data":"SuddenPhantomFormationSlashOfKarmicWind","floor":25,"key":"SMITH"},{"data":"PretaSword","floor":32,"key":"SMITH"}],"circlet_count":0,"master_deck":["Strike_YM","Defend_YM","Defend_YM","Defend_YM","SlashOfPresentWorld","WheelOfPainOfLivingAndDead","HeavenlyHaloSlash+1","KarmicPunishmentOfTheIdleAndUnfocused","HellFireSword+1","FiveSignsOfTheDyingDeva","SwordExtraction","FastingOfTheYoungPreta+1","HellFireSword","SuddenDivineSeveringOfKarmicWind+1","StrangeHalfBody","CurseOfTheBell","PretaSword+1","SuddenPhantomFormationSlashOfKarmicWind+1","PreachingAvici+1","HumanRealmSword","TenKingsRetributionOnThePreta+1"],"relics":["HalfPhantom","Old Coin","Shuriken","Pear","Mummified Hand","Art of War","Calipers","Calling Bell","Bag of Marbles","FencingExperience","Du-Vu Doll","HornCleat","Mango","Lantern","Orichalcum"],"acts_visited":["Exordium","TheCity"],"potions_floor_usage":[22,24,31,33],"damage_taken":[{"damage":0.0,"enemies":"Jaw Worm","floor":1.0,"turns":4.0},{"damage":5.0,"enemies":"Cultist","floor":3.0,"turns":4.0},{"damage":0.0,"enemies":"2 Louse","floor":4.0,"turns":2.0},{"damage":12.0,"enemies":"Gremlin Nob","floor":7.0,"turns":5.0},{"damage":10.0,"enemies":"Blue Slaver","floor":10.0,"turns":3.0},{"damage":9.0,"enemies":"3 Sentries","floor":11.0,"turns":6.0},{"damage":0.0,"enemies":"Large Slime","floor":13.0,"turns":5.0},{"damage":13.0,"enemies":"Lagavulin","floor":14.0,"turns":4.0},{"damage":3.0,"enemies":"Hexaghost","floor":16.0,"turns":7.0},{"damage":4.0,"enemies":"3 Byrds","floor":18.0,"turns":6.0},{"damage":0.0,"enemies":"Spheric Guardian","floor":21.0,"turns":2.0},{"damage":13,"enemies":"Snake Plant","floor":22,"turns":3},{"damage":15,"enemies":"Gremlin Leader","floor":24,"turns":4},{"damage":22,"enemies":"Book of Stabbing","floor":27,"turns":9},{"damage":15,"enemies":"Shelled Parasite and Fungi","floor":28,"turns":3},{"damage":0,"enemies":"Snecko","floor":30,"turns":3},{"damage":16,"enemies":"Snake Plant","floor":31,"turns":4},{"damage":38,"enemies":"Automaton","floor":33,"turns":6}],"seed_played":"-550096113029289662","potions_obtained":[{"floor":1.0,"key":"Weak Potion"},{"floor":4.0,"key":"BlessingOfTheForge"},{"floor":11.0,"key":"Weak Potion"},{"floor":16.0,"key":"Dexterity Potion"},{"floor":22,"key":"Block Potion"},{"floor":27,"key":"Dexterity Potion"},{"floor":31,"key":"AttackPotion"}],"is_trial":true,"path_per_floor":["M","$","M","M","?","R","E","R","T","M","E","R","M","E","R","B",null,"M","$","$","M","M","R","E","R","T","E","M","T","M","M","R","B"],"character_chosen":"YOUMU","items_purchased":["Shuriken","SuddenPhantomFormationSlashOfKarmicWind"],"campfire_rested":0,"item_purchase_floors":[2,19],"current_hp_per_floor":[75,75,70,70,70,70,68,68,68,58,49,49,49,36,36,33,85,81,81,81,81,68,68,53,53,67,45,30,30,30,14,14,0,0],"gold":244,"neow_bonus":"","is_daily":false,"chose_seed":false,"campfire_upgraded":7,"win_rate":0.0,"timestamp":1610464098,"path_taken":["M","$","M","M","?","R","E","R","T","M","E","R","M","E","R","BOSS","M","$","$","M","M","R","E","R","T","E","M","?","?","M","R","BOSS"],"items_purchased_type":["Relic","Card"],"build_version":"2020-12-22","purchased_purges":3,"victory":false,"max_hp_per_floor":[75,75,75,75,75,75,85,85,85,85,85,85,85,85,85,85,85,85,85,85,85,85,85,85,85,99,99,99,99,99,99,99,99,99],"card_choices":[{"not_picked":["PhosphoricSlash","CherryBlossomFlashing"],"picked":"HeavenlyHaloSlash","floor":1.0},{"not_picked":["SanzenSekai","TenKingsRetributionOnThePreta"],"picked":"KarmicPunishmentOfTheIdleAndUnfocused","floor":3.0},{"not_picked":["ThreeKonsSevenHakus","ConstancyOfTheConventionalTruth"],"picked":"HellFireSword","floor":4.0},{"not_picked":["ThoughtCuttingSword","TenKingsRetributionOnThePreta"],"picked":"FiveSignsOfTheDyingDeva","floor":7.0},{"not_picked":["LifeCuttingSword","CherryBlossomFlashing"],"picked":"SwordExtraction","floor":10.0},{"not_picked":["SanzenSekai","SpiritCuttingSword"],"picked":"FastingOfTheYoungPreta","floor":11.0},{"not_picked":["HumanKnowledgeSword","DispleasureOfTheSevenHakus"],"picked":"HellFireSword","floor":13.0},{"not_picked":["SwordExtraction","ThoughtCuttingSword"],"picked":"SuddenDivineSeveringOfKarmicWind","floor":14.0},{"not_picked":["IrresoluteSoul","HeavenSword"],"picked":"StrangeHalfBody","floor":16.0},{"not_picked":["SanzenSekai","FantasyOfEnteringEnlightenment"],"picked":"PretaSword","floor":18.0},{"not_picked":["LifeCuttingSword","SlashOfMeditation","SanzenSekai"],"picked":"SKIP","floor":21.0},{"not_picked":["HeartExcerptSlash","SlashClearingTheSixSenses"],"picked":"PreachingAvici","floor":22},{"not_picked":["LightFlashOfTheNetherworld","DispleasureOfTheSevenHakus"],"picked":"HumanRealmSword","floor":24},{"not_picked":["HeavenlyHaloSlash","SwordExtraction+1"],"picked":"TenKingsRetributionOnThePreta+1","floor":27},{"not_picked":["TurningAngelCut+1","SwordExtraction","DispleasureOfTheSevenHakus+1"],"picked":"SKIP","floor":28},{"not_picked":["CherryBlossomFlashing+1","CrescentMoonSlash","HellGodSword"],"picked":"SKIP","floor":30},{"not_picked":["SlashOfDepartureFromHesitation","CrescentMoonSlash","FlashingScatteredFlowers"],"picked":"SKIP","floor":31}],"player_experience":85496,"relics_obtained":[{"floor":7.0,"key":"Pear"},{"floor":9.0,"key":"Mummified Hand"},{"floor":11.0,"key":"Art of War"},{"floor":14.0,"key":"Calipers"},{"floor":17.0,"key":"Bag of Marbles"},{"floor":17.0,"key":"FencingExperience"},{"floor":17.0,"key":"Du-Vu Doll"},{"floor":24,"key":"HornCleat"},{"floor":26,"key":"Mango"},{"floor":27,"key":"Lantern"},{"floor":29,"key":"Orichalcum"}],"event_choices":[{"cards_removed":["Defend_YM"],"damage_healed":0.0,"max_hp_gain":0.0,"max_hp_loss":0.0,"gold_gain":0.0,"event_name":"Purifier","player_choice":"Purged","floor":5.0,"gold_loss":0.0,"damage_taken":0.0}],"is_beta":false,"boss_relics":[{"not_picked":["Busted Crown","Coffee Dripper"],"picked":"Calling Bell"}],"items_purged_floors":[2,19,20],"is_endless":false,"potions_floor_spawned":[1,4,11,16,22,27,31],"killed_by":"Automaton","ascension_level":0}}