{"host":"873t0y8ybyo38pfq","time":1610459580,"event":{"mods":["BaseMod","Bestiary","Colored Map","Colored Powertips","Highlight Path","Minty Spire (QoL Compilation)","Quick Restart","RNG Fix","Rare Cards Sparkle","Relic Stats","StSLib"],"gold_per_floor":[119,133,208,208,208,208,208,14,14,14,48,48,11,22,22,99,99,99,4,4,4,4,4,4,4,4,4,4,4,4,4],"floor_reached":30,"playtime":849,"items_purged":[],"score":488,"play_id":"cc74e95c-b3ae-43f1-8e25-40561bb98354","local_time":"20210112085300","is_ascension_mode":true,"campfire_choices":[{"data":"Sweeping Beam","floor":6,"key":"SMITH"},{"floor":10,"key":"REST"},{"data":"Defragment","floor":12,"key":"SMITH"},{"data":"Fission","floor":15,"key":"SMITH"},{"floor":23,"key":"REST"},{"floor":25,"key":"REST"},{"floor":27,"key":"REST"}],"circlet_count":0,"master_deck":["AscendersBane","Strike_B","Strike_B","Strike_B","Defend_B","Defend_B","Defend_B","Defend_B","Zap","Dualcast","Fission+1","Compile Driver","Sweeping Beam+1","Steam","Defragment+1","Cold Snap","Rip and Tear","FTL","Core Surge","BootSequence","Deep Breath","Chaos","Go for the Eyes","Capacitor","Chill"],"relics":["Cracked Core","Gremlin Horn","Bag of Marbles","Akabeko","Ectoplasm","Mercury Hourglass","Lantern"],"acts_visited":["Exordium","TheCity"],"potions_floor_usage":[16,16,22,24,30],"damage_taken":[{"damage":0,"enemies":"Cultist","floor":1,"turns":3},{"damage":11,"enemies":"Small Slimes","floor":2,"turns":3},{"damage":19,"enemies":"Lagavulin","floor":11,"turns":9},{"damage":0,"enemies":"Jaw Worm","floor":14,"turns":1},{"damage":31,"enemies":"Slime Boss","floor":16,"turns":4},{"damage":9,"enemies":"3 Byrds","floor":18,"turns":4},{"damage":4,"enemies":"Chosen","floor":20,"turns":4},{"damage":20,"enemies":"Sentry and Sphere","floor":21,"turns":5},{"damage":1,"enemies":"Centurion and Healer","floor":22,"turns":4},{"damage":35,"enemies":"Slavers","floor":24,"turns":6},{"damage":39,"enemies":"Gremlin Leader","floor":30,"turns":7}],"seed_played":"-1338745360708740112","potions_obtained":[{"floor":11,"key":"Strength Potion"},{"floor":16,"key":"FearPotion"},{"floor":18,"key":"Block Potion"},{"floor":21,"key":"Dexterity Potion"},{"floor":24,"key":"PowerPotion"}],"is_trial":false,"path_per_floor":["M","M","?","?","?","R","T","$","T","R","E","R","$","M","R","B",null,"M","$","M","M","M","R","E","R","T","R","?","?","E"],"character_chosen":"DEFECT","items_purchased":["Defragment","Cold Snap","AttackPotion","FTL","Deep Breath"],"campfire_rested":4,"item_purchase_floors":[8,8,8,13,19],"current_hp_per_floor":[64,53,42,42,31,31,31,31,31,52,33,33,33,33,33,2,54,45,45,41,21,20,41,6,27,27,48,48,28,0,0],"gold":4,"neow_bonus":"ONE_RANDOM_RARE_CARD","is_daily":false,"chose_seed":false,"campfire_upgraded":3,"win_rate":0.0,"timestamp":1610459580,"path_taken":["M","M","?","?","?","R","?","?","T","R","E","R","$","M","R","BOSS","M","$","M","M","M","R","E","R","T","R","?","?","E"],"items_purchased_type":["Card","Card","Potion","Card","Card"],"build_version":"2020-12-22","purchased_purges":0,"victory":false,"max_hp_per_floor":[71,71,71,71,71,71,71,71,71,71,71,71,71,71,71,71,71,71,71,71,71,71,71,71,71,71,71,71,76,76,76],"relic_stats":{"Gremlin Horn":[13,13],"counters":[11,50],"Ectoplasm":151,"obtain_stats":[{"Lantern":26,"Gremlin Horn":5,"Ectoplasm":17,"Bag of Marbles":7,"Cracked Core":0,"Akabeko":11,"Mercury Hourglass":24},{"Lantern":10,"Gremlin Horn":2,"Ectoplasm":5,"Bag of Marbles":2,"Cracked Core":0,"Akabeko":3,"Mercury Hourglass":10},{"Lantern":43,"Gremlin Horn":6,"Ectoplasm":20,"Bag of Marbles":6,"Cracked Core":0,"Akabeko":15,"Mercury Hourglass":43}],"Mercury Hourglass":[39]},"card_choices":[{"not_picked":["Undo","Steam"],"picked":"Compile Driver","floor":1},{"not_picked":["Hello World","Reprogram"],"picked":"Sweeping Beam","floor":2},{"not_picked":["Lockon","Rip and Tear","Heatsinks"],"picked":"SKIP","floor":11},{"not_picked":["Lockon","Heatsinks"],"picked":"Rip and Tear","floor":11},{"not_picked":["Blizzard","Loop","Streamline"],"picked":"SKIP","floor":14},{"not_picked":["Hyperbeam","Thunder Strike"],"picked":"Core Surge","floor":16},{"not_picked":["Gash+1","Turbo"],"picked":"BootSequence","floor":18},{"not_picked":["Static Discharge","Rebound"],"picked":"Chaos","floor":20},{"not_picked":["Sweeping Beam","Meteor Strike"],"picked":"Go for the Eyes","floor":21},{"not_picked":["Melter","Genetic Algorithm+1"],"picked":"Capacitor","floor":22},{"not_picked":["Blizzard","Rebound"],"picked":"Chill","floor":24}],"player_experience":1594979,"relics_obtained":[{"floor":7,"key":"Bag of Marbles"},{"floor":11,"key":"Akabeko"},{"floor":24,"key":"Mercury Hourglass"},{"floor":26,"key":"Lantern"}],"event_choices":[{"damage_healed":0,"gold_gain":75,"player_choice":"Gather Gold","damage_taken":11,"max_hp_gain":0,"max_hp_loss":0,"event_name":"World of Goop","floor":3,"gold_loss":0},{"damage_healed":0,"gold_gain":0,"cards_transformed":["Strike_B"],"player_choice":"Change","damage_taken":0,"max_hp_gain":0,"max_hp_loss":0,"event_name":"Living Wall","floor":4,"gold_loss":0,"cards_obtained":["Steam"]},{"damage_healed":0,"gold_gain":0,"player_choice":"Success","damage_taken":11,"relics_obtained":["Gremlin Horn"],"max_hp_gain":0,"max_hp_loss":0,"event_name":"Scrap Ooze","floor":5,"gold_loss":0},{"damage_healed":0,"gold_gain":0,"player_choice":"Ignored","damage_taken":0,"max_hp_gain":0,"max_hp_loss":0,"event_name":"Cursed Tome","floor":28,"gold_loss":0},{"damage_healed":0,"gold_gain":0,"player_choice":"Shed Blood","damage_taken":25,"max_hp_gain":5,"max_hp_loss":0,"event_name":"Forgotten Altar","floor":29,"gold_loss":0}],"is_beta":false,"boss_relics":[{"not_picked":["Fusion Hammer","Coffee Dripper"],"picked":"Ectoplasm"}],"items_purged_floors":[],"is_endless":false,"potions_floor_spawned":[11,16,18,21,24],"killed_by":"Gremlin Leader","ascension_level":20}}