{"host":"4udtejx3ummmwg8f","time":1610432494,"event":{"mods":["BaseMod","Minty Spire (QoL Compilation)"],"gold_per_floor":[117,128,203,222,233,263,280,280,350,350,380,390,665,679,679,777,777,793,793,813,813,829,829,859,859,859,859,889,905,925,938,938,1034,1084,1097,1097,45,62,75,75,107,107,107,118,118,151,151,151],"floor_reached":47,"playtime":3125,"items_purged":["Regret"],"score":639,"play_id":"cadedbb3-7d32-4fd7-a9fe-87670ddd46aa","local_time":"20210112165134","is_ascension_mode":false,"campfire_choices":[{"floor":8,"key":"REST"},{"floor":10,"key":"REST"},{"data":"Limit Break","floor":15,"key":"SMITH"},{"floor":23,"key":"REST"},{"floor":25,"key":"REST"},{"floor":27,"key":"REST"},{"floor":32,"key":"REST"},{"floor":40,"key":"REST"},{"floor":45,"key":"REST"}],"circlet_count":0,"master_deck":["Strike_R","Strike_R","Strike_R","Strike_R","Defend_R","Defend_R","Defend_R","Bash+1","Limit Break+1","Spot Weakness","Metallicize","Metallicize","Perfected Strike","Heavy Blade","Flex","Blood for Blood","Brutality","Flame Barrier","Demon Form+1","Anger","Power Through","Juggernaut","Uppercut+1","Pummel","Dropkick+1","Infernal Blade","Double Tap","Perfected Strike+1","Iron Wave+1","Shockwave+1","Sword Boomerang+1","Thunderclap+1","Warcry","Swift Strike","Secret Technique","Twin Strike","Seeing Red+1","Twin Strike+1","Spot Weakness+1","Iron Wave","Heavy Blade+1","Flex+1"],"relics":["Burning Blood","Kunai","Pear","Du-Vu Doll","Fusion Hammer","Red Skull","Bottled Tornado","Eternal Feather","Tiny House","Sundial","TheAbacus","InkBottle","Potion Belt","Shuriken","Pantograph"],"acts_visited":["Exordium","TheCity","TheBeyond"],"potions_floor_usage":[6,14,16,22,30,30,31,39,39,46,46],"damage_taken":[{"damage":1,"enemies":"Cultist","floor":1,"turns":3},{"damage":2,"enemies":"2 Louse","floor":2,"turns":2},{"damage":6,"enemies":"Jaw Worm","floor":4,"turns":5},{"damage":10,"enemies":"Large Slime","floor":5,"turns":7},{"damage":24,"enemies":"Gremlin Nob","floor":6,"turns":4},{"damage":22,"enemies":"Lots of Slimes","floor":7,"turns":5},{"damage":19,"enemies":"Lagavulin","floor":11,"turns":6},{"damage":17,"enemies":"2 Fungi Beasts","floor":12,"turns":5},{"damage":0,"enemies":"Red Slaver","floor":14,"turns":1},{"damage":34,"enemies":"The Guardian","floor":16,"turns":8},{"damage":23,"enemies":"Spheric Guardian","floor":18,"turns":6},{"damage":14,"enemies":"Chosen","floor":20,"turns":5},{"damage":21,"enemies":"Snake Plant","floor":22,"turns":4},{"damage":57,"enemies":"Slavers","floor":24,"turns":5},{"damage":53,"enemies":"Book of Stabbing","floor":28,"turns":5},{"damage":15,"enemies":"3 Cultists","floor":29,"turns":5},{"damage":26,"enemies":"Shelled Parasite and Fungi","floor":30,"turns":4},{"damage":5,"enemies":"Snake Plant","floor":31,"turns":3},{"damage":42,"enemies":"Champ","floor":33,"turns":7},{"damage":20,"enemies":"3 Shapes","floor":35,"turns":4},{"damage":21,"enemies":"3 Darklings","floor":38,"turns":6},{"damage":16,"enemies":"Transient","floor":39,"turns":5},{"damage":6,"enemies":"Giant Head","floor":41,"turns":5},{"damage":20,"enemies":"Spire Growth","floor":44,"turns":3},{"damage":108,"enemies":"Reptomancer","floor":46,"turns":5},{"damage":17,"enemies":"3 Darklings","floor":47,"turns":2}],"seed_played":"-915662944561982040","potions_obtained":[{"floor":1,"key":"ElixirPotion"},{"floor":2,"key":"Strength Potion"},{"floor":7,"key":"LiquidBronze"},{"floor":12,"key":"DistilledChaos"},{"floor":22,"key":"BloodPotion"},{"floor":28,"key":"Fire Potion"},{"floor":29,"key":"Fire Potion"},{"floor":33,"key":"BloodPotion"},{"floor":34,"key":"GamblersBrew"},{"floor":38,"key":"Weak Potion"},{"floor":39,"key":"ColorlessPotion"}],"is_trial":false,"path_per_floor":["M","M","?","M","M","E","M","R","T","R","E","M","?","M","R","B",null,"M","?","M","?","M","R","E","R","T","R","E","M","M","M","R","B",null,"M","?","$","M","M","R","E","?","T","M","R","E","M"],"character_chosen":"IRONCLAD","items_purchased":["Warcry","Sundial","TheAbacus","Swift Strike","InkBottle","Secret Technique","Twin Strike"],"campfire_rested":8,"item_purchase_floors":[37,37,37,37,37,37,37],"current_hp_per_floor":[80,80,69,69,65,47,31,55,65,90,77,66,66,72,72,44,90,73,73,65,65,50,77,26,53,53,80,33,24,22,23,68,32,95,81,81,81,66,56,95,95,95,95,81,95,12,0,0],"gold":151,"neow_bonus":"ONE_RANDOM_RARE_CARD","is_daily":false,"chose_seed":false,"campfire_upgraded":1,"win_rate":0.0,"timestamp":1610432494,"path_taken":["M","?","?","M","M","E","M","R","T","R","E","M","?","M","R","BOSS","M","?","M","?","M","R","E","R","T","R","E","M","M","M","R","BOSS","M","?","$","M","?","R","E","?","T","M","R","E","M"],"items_purchased_type":["Card","Relic","Relic","Card","Relic","Card","Card"],"build_version":"2020-12-22","purchased_purges":1,"victory":false,"max_hp_per_floor":[80,80,80,80,80,80,80,80,90,90,90,90,90,90,90,90,90,90,90,90,90,90,90,90,90,90,90,90,90,90,90,90,90,95,95,95,95,95,95,95,95,95,95,95,95,95,95,95],"card_choices":[{"not_picked":["Dual Wield","Cleave"],"picked":"Spot Weakness","floor":1},{"not_picked":["Clash","Dark Embrace"],"picked":"Metallicize","floor":2},{"not_picked":["Heavy Blade","Clash"],"picked":"Metallicize","floor":4},{"not_picked":["Shrug It Off","Evolve"],"picked":"Perfected Strike","floor":5},{"not_picked":["Shockwave","Clash"],"picked":"Heavy Blade","floor":6},{"not_picked":["Perfected Strike","Shrug It Off"],"picked":"Flex","floor":7},{"not_picked":["Body Slam","Metallicize"],"picked":"Blood for Blood","floor":11},{"not_picked":["Clash","Sword Boomerang"],"picked":"Brutality","floor":12},{"not_picked":["Uppercut","Heavy Blade"],"picked":"Flame Barrier","floor":14},{"not_picked":["Limit Break","Immolate"],"picked":"Demon Form","floor":16},{"not_picked":["Evolve","Combust"],"picked":"Anger","floor":18},{"not_picked":["Carnage","Cleave"],"picked":"Uppercut+1","floor":20},{"not_picked":["Heavy Blade","Body Slam"],"picked":"Dropkick+1","floor":22},{"not_picked":["Headbutt","Cleave"],"picked":"Infernal Blade","floor":24},{"not_picked":["Twin Strike","Shrug It Off"],"picked":"Double Tap","floor":28},{"not_picked":["Searing Blow+1","Carnage"],"picked":"Perfected Strike+1","floor":29},{"not_picked":["Clash","Pommel Strike"],"picked":"Iron Wave+1","floor":30},{"not_picked":["Thunderclap+1","Second Wind"],"picked":"Shockwave+1","floor":31},{"not_picked":["Juggernaut","Brutality"],"picked":"Limit Break","floor":33},{"not_picked":["Evolve","Warcry"],"picked":"Sword Boomerang+1","floor":34},{"not_picked":["Sword Boomerang+1","Iron Wave"],"picked":"Thunderclap+1","floor":35},{"not_picked":["Anger","Pommel Strike+1"],"picked":"Seeing Red+1","floor":38},{"not_picked":["Thunderclap+1","Uppercut+1"],"picked":"Twin Strike+1","floor":39},{"not_picked":["Inflame+1","Sever Soul+1"],"picked":"Spot Weakness+1","floor":41},{"not_picked":["Intimidate","Battle Trance+1"],"picked":"Heavy Blade+1","floor":44},{"not_picked":["Barricade","Clash+1"],"picked":"Flex+1","floor":46}],"player_experience":51684,"relics_obtained":[{"floor":6,"key":"Kunai"},{"floor":9,"key":"Pear"},{"floor":11,"key":"Du-Vu Doll"},{"floor":24,"key":"Red Skull"},{"floor":26,"key":"Bottled Tornado"},{"floor":28,"key":"Eternal Feather"},{"floor":41,"key":"Potion Belt"},{"floor":43,"key":"Shuriken"},{"floor":46,"key":"Pantograph"}],"event_choices":[{"damage_healed":0,"gold_gain":75,"player_choice":"Gather Gold","damage_taken":11,"max_hp_gain":0,"max_hp_loss":0,"event_name":"World of Goop","floor":3,"gold_loss":0},{"damage_healed":0,"gold_gain":275,"player_choice":"Desecrate","damage_taken":0,"max_hp_gain":0,"max_hp_loss":0,"event_name":"Golden Shrine","floor":13,"gold_loss":0,"cards_obtained":["Regret"]},{"damage_healed":0,"gold_gain":0,"cards_transformed":["Strike_R","Defend_R"],"player_choice":"Became Test Subject","damage_taken":0,"max_hp_gain":0,"max_hp_loss":0,"event_name":"Drug Dealer","floor":19,"gold_loss":0,"cards_obtained":["Power Through","Juggernaut"]},{"damage_healed":0,"gold_gain":0,"player_choice":"Read","damage_taken":0,"max_hp_gain":0,"max_hp_loss":0,"event_name":"The Library","floor":21,"gold_loss":0,"cards_obtained":["Pummel"]},{"damage_healed":0,"gold_gain":0,"player_choice":"Forge","damage_taken":0,"max_hp_gain":0,"max_hp_loss":0,"event_name":"Accursed Blacksmith","floor":36,"gold_loss":0,"cards_upgraded":["Demon Form"]},{"cards_removed":["Limit Break"],"damage_healed":0,"gold_gain":0,"player_choice":"Took Card","damage_taken":0,"max_hp_gain":0,"max_hp_loss":0,"event_name":"NoteForYourself","floor":42,"gold_loss":0,"cards_obtained":["Iron Wave"]}],"is_beta":false,"boss_relics":[{"not_picked":["Snecko Eye","Philosopher\u0027s Stone"],"picked":"Fusion Hammer"},{"not_picked":["Runic Pyramid","Runic Dome"],"picked":"Tiny House"}],"items_purged_floors":[37],"is_endless":false,"potions_floor_spawned":[1,2,7,12,22,28,29,33,38,39],"killed_by":"3 Darklings","ascension_level":0}}