{"host":"ik8ww1p4uabx5gam","time":1610457650,"event":{"mods":["Always Whale","Aspiration","BaseMod","Beaked The Cultist","Better Third Choice","BetterRewards","Colored Map","Colored Powertips","Conspire","Energized Spire","FetchMod","GifTheSpireLib","Hubris","Infinite Spire","Ironclad Rager","Jedi Mod","Minty Spire (QoL Compilation)","Random Character Button","Replay The Spire","Shop Mod","Spicy Shops","Spikes Relics","StSLib","Stuff the Spire","The Bladedancer","The Blue Laboratory","The Dragon Tamer","The Runesmith","Wandering Minibosses","??????REMEMod"],"gold_per_floor":[115,115,40,50,50,50,77,77,104,104,123,152,152,172,172,305,305,325,341,351,351,351],"floor_reached":20,"playtime":788,"items_purged":["Regret"],"score":232,"play_id":"fb4541df-5dab-4bf6-91c6-0e71ca528dfe","local_time":"20210112072050","is_ascension_mode":false,"metric_token":1939,"campfire_choices":[{"data":"DTMod:DoubleHit","floor":6,"key":"SMITH"},{"data":"DTMod:BlazingStrike","floor":8,"key":"SMITH"},{"data":"Adrenaline","floor":10,"key":"SMITH"},{"data":"DTMod:Threaten","floor":13,"key":"SMITH"},{"data":"DTMod:Coolant","floor":15,"key":"SMITH"}],"dtmod_dragon_data":[0,50,2,-1,4,0],"circlet_count":0,"master_deck":["DTMod:Strike","DTMod:Strike","DTMod:Strike","DTMod:Strike","DTMod:DoubleHit+1","DTMod:TargetDefense","DTMod:TargetDefense","DTMod:TargetDefense","DTMod:TargetDefense","DTMod:SwitchingTactic","Adrenaline+1","DTMod:MasterPlan","DTMod:FlameSlash","DTMod:BlazingStrike+1","DTMod:Threaten+1","DTMod:Coolant+1","DTMod:Outburst","DTMod:DragonDance","DTMod:DarkBreath+1"],"relics":["DTMod:PactStone","REME_ComplimentaryCards","conspire:Boomerang","StuffTheSpire:RedRose","Replay:Bandana","StuffTheSpire:HeavyRock","Unceasing Top","aspiration:RandomNobGenerator"],"acts_visited":["Exordium","TheCity"],"potions_floor_usage":[16,18,19,20],"damage_taken":[{"damage":0,"enemies":"2 Louse","floor":1,"turns":2},{"damage":0,"enemies":"Small Slimes","floor":4,"turns":3},{"damage":0,"enemies":"Gremlin Nob","floor":7,"turns":3},{"damage":0,"enemies":"conspire:RoseBush","floor":11,"turns":2},{"damage":0,"enemies":"Lagavulin","floor":12,"turns":3},{"damage":0,"enemies":"Gremlin Gang","floor":14,"turns":3},{"damage":13,"enemies":"Slime Boss","floor":16,"turns":11},{"damage":0,"enemies":"Spheric Guardian","floor":18,"turns":6},{"damage":9,"enemies":"2 Thieves","floor":19,"turns":4},{"damage":39,"enemies":"Snecko","floor":20,"turns":4}],"seed_played":"5082338198409055597","potions_obtained":[{"floor":11,"key":"REME_GoldPotion"},{"floor":12,"key":"EssenceOfSteel"},{"floor":14,"key":"Fruit Juice"},{"floor":16,"key":"BlessingOfTheForge"},{"floor":19,"key":"blueLaboratory:PhilterOfMotion"}],"is_trial":false,"path_per_floor":["M","?","$","M","?","R","E","R","T","R","M","E","R","M","R","B",null,"M","M","M"],"character_chosen":"THE_DT","items_purchased":[],"campfire_rested":0,"item_purchase_floors":[],"current_hp_per_floor":[41,41,41,41,41,41,41,41,41,41,41,41,41,41,41,28,41,46,37,0,0,0],"gold":351,"neow_bonus":"ONE_RARE_RELIC","is_daily":false,"chose_seed":false,"campfire_upgraded":5,"win_rate":0.0,"timestamp":1610457650,"path_taken":["M","?","$","M","?","R","E","R","T","R","M","E","R","M","R","BOSS","M","M","M"],"items_purchased_type":[],"build_version":"2020-12-22","purchased_purges":1,"victory":false,"max_hp_per_floor":[41,41,41,41,41,41,41,41,41,41,41,41,41,41,41,41,41,46,46,46,46,46],"card_choices":[{"not_picked":["DTMod:BurningEnergy","DTMod:Conduct"],"picked":"DTMod:MasterPlan","floor":1},{"not_picked":["DTMod:Cover","DTMod:Weaken"],"picked":"DTMod:FlameSlash","floor":4},{"not_picked":["DTMod:Overwhelm","DTMod:BuildUp"],"picked":"DTMod:BlazingStrike","floor":7},{"not_picked":["DTMod:Haste","DTMod:BurningForce","DTMod:BizarreTactic"],"picked":"SKIP","floor":11},{"not_picked":["DTMod:Cover","DTMod:BizarreTactic"],"picked":"DTMod:Threaten","floor":12},{"not_picked":["DTMod:BizarreTactic","DTMod:BurningEnergy"],"picked":"DTMod:Coolant","floor":14},{"not_picked":["DTMod:EchoTactic","DTMod:StunTrap"],"picked":"DTMod:Outburst","floor":16},{"not_picked":["DTMod:Threaten","DTMod:Feint+1"],"picked":"DTMod:DragonDance","floor":18},{"not_picked":["DTMod:CleansingStrike+1","DTMod:BizarreTactic+1"],"picked":"DTMod:DarkBreath+1","floor":19}],"player_experience":1023643,"relics_obtained":[{"floor":7,"key":"Replay:Bandana"},{"floor":9,"key":"StuffTheSpire:HeavyRock"},{"floor":12,"key":"Unceasing Top"}],"event_choices":[{"damage_healed":0,"gold_gain":0,"player_choice":"Leave","damage_taken":0,"max_hp_gain":0,"max_hp_loss":0,"event_name":"The Cleric","floor":5,"gold_loss":0}],"is_beta":false,"boss_relics":[{"not_picked":["Astrolabe","aspiration:RunicSpoon"],"picked":"aspiration:RandomNobGenerator"}],"items_purged_floors":[3],"is_endless":false,"potions_floor_spawned":[11,12,14,16,19],"killed_by":"Snecko","ascension_level":0}}