{"host":"cjhtzh7tp54jdfyv","time":1610445486,"event":{"mods":["AchievementEnabler","BaseMod","Colored Map","Colored Powertips","Curses Come First","DeckTracker","Filter the Spire","Minty Spire (QoL Compilation)","RNG Fix","Relic Sorter","Relic Stats","StSLib","UnlockEverythingMod","ojb\u0027s Better Paths Mod","ojb\u0027s Info Mod"],"gold_per_floor":[99,99,99,99,99,99,99,99,99,99,99,99,99,99,99,99,99,99,99,99,99,99,99,99,23,23,23,23,23,23],"floor_reached":29,"playtime":1921,"items_purged":[],"score":674,"play_id":"2ebc063a-ce6e-4e03-9b35-8f4b07eb066d","local_time":"20210112045806","is_ascension_mode":true,"campfire_choices":[{"data":"Eruption","floor":7.0,"key":"SMITH"},{"data":"Blasphemy","floor":12.0,"key":"SMITH"},{"data":"CrushJoints","floor":15.0,"key":"SMITH"},{"data":"SignatureMove","floor":27,"key":"SMITH"}],"circlet_count":0,"master_deck":["AscendersBane","Strike_P","Strike_P","Strike_P","Strike_P","Defend_P","Defend_P","Defend_P","Defend_P","Eruption+1","Vigilance","FollowUp","EmptyFist","FlurryOfBlows","Consecrate","Blasphemy+1","EmptyMind","TalkToTheHand","CrushJoints+1","DeceiveReality","Scrawl","SignatureMove+1","Scrawl","Adaptation"],"relics":["Ectoplasm","Golden Idol","StrikeDummy","Strawberry","Question Card","Omamori","Cursed Key","Toy Ornithopter","InkBottle"],"acts_visited":["Exordium","TheCity"],"potions_floor_usage":[23,28],"damage_taken":[{"damage":1.0,"enemies":"2 Louse","floor":1.0,"turns":3.0},{"damage":3.0,"enemies":"Small Slimes","floor":2.0,"turns":3.0},{"damage":0.0,"enemies":"Cultist","floor":3.0,"turns":2.0},{"damage":0.0,"enemies":"3 Louse","floor":5.0,"turns":5.0},{"damage":15.0,"enemies":"Lagavulin","floor":6.0,"turns":5.0},{"damage":8.0,"enemies":"Gremlin Nob","floor":8.0,"turns":3.0},{"damage":7.0,"enemies":"3 Sentries","floor":10.0,"turns":3.0},{"damage":12.0,"enemies":"Large Slime","floor":11.0,"turns":3.0},{"damage":0.0,"enemies":"Gremlin Gang","floor":13.0,"turns":2.0},{"damage":0.0,"enemies":"2 Fungi Beasts","floor":14.0,"turns":2.0},{"damage":0.0,"enemies":"Slime Boss","floor":16.0,"turns":3.0},{"damage":14.0,"enemies":"Shell Parasite","floor":18.0,"turns":3.0},{"damage":0.0,"enemies":"Chosen","floor":19.0,"turns":3.0},{"damage":11.0,"enemies":"Shelled Parasite and Fungi","floor":20.0,"turns":2.0},{"damage":24,"enemies":"Gremlin Leader","floor":23,"turns":4},{"damage":0,"enemies":"Centurion and Healer","floor":24,"turns":4},{"damage":7,"enemies":"Slavers","floor":28,"turns":2},{"damage":13,"enemies":"Chosen and Byrds","floor":29,"turns":3}],"seed_played":"-2030267863349419998","potions_obtained":[{"floor":2.0,"key":"SteroidPotion"},{"floor":6.0,"key":"Strength Potion"},{"floor":8.0,"key":"SmokeBomb"},{"floor":11.0,"key":"FearPotion"},{"floor":13.0,"key":"EntropicBrew"},{"floor":18.0,"key":"Explosive Potion"},{"floor":23,"key":"Dexterity Potion"},{"floor":28,"key":"Strength Potion"}],"is_trial":false,"path_per_floor":["M","M","M","?","M","E","R","E","T","E","M","R","M","M","R","B",null,"M","M","M","?","?","E","M","$","T","R","E","M"],"character_chosen":"WATCHER","items_purchased":["Scrawl"],"campfire_rested":0,"item_purchase_floors":[25],"current_hp_per_floor":[60,57,57,57,57,42,42,41,41,34,22,22,22,22,22,22,57,43,43,32,32,32,8,8,8,8,8,6,0,0],"gold":23,"neow_bonus":"BOSS_RELIC","is_daily":false,"chose_seed":false,"campfire_upgraded":4,"win_rate":0.0,"timestamp":1610445486,"path_taken":["M","M","M","?","M","E","R","E","T","E","M","R","?","M","R","BOSS","M","?","?","?","?","E","M","$","T","R","E","M"],"items_purchased_type":["Card"],"build_version":"2020-12-22","purchased_purges":0,"victory":false,"max_hp_per_floor":[68,68,68,62,62,62,62,69,69,69,69,69,69,69,69,69,69,69,69,69,69,69,69,69,69,69,69,69,69,69],"relic_stats":{"counters":[18,55],"Golden Idol":91,"Ectoplasm":575,"Question Card":11,"Cursed Key":1,"obtain_stats":[{"Golden Idol":4,"Strawberry":8,"Ectoplasm":0,"Omamori":10,"PureWater":0,"StrikeDummy":6,"Question Card":9,"Cursed Key":17,"Toy Ornithopter":23,"InkBottle":28},{"Golden Idol":3,"Strawberry":6,"Ectoplasm":0,"Omamori":7,"PureWater":0,"StrikeDummy":5,"Question Card":6,"Cursed Key":11,"Toy Ornithopter":15,"InkBottle":17},{"Golden Idol":8,"Strawberry":21,"Ectoplasm":0,"Omamori":24,"PureWater":0,"StrikeDummy":18,"Question Card":21,"Cursed Key":34,"Toy Ornithopter":46,"InkBottle":52}],"Toy Ornithopter":5,"InkBottle":[1]},"card_choices":[{"not_picked":["Halt","Prostrate","WreathOfFlame"],"picked":"SKIP","floor":1.0},{"not_picked":["WindmillStrike","ThirdEye"],"picked":"FollowUp","floor":2.0},{"not_picked":["Evaluate","SashWhip"],"picked":"EmptyFist","floor":3.0},{"not_picked":["EmptyFist","JustLucky"],"picked":"FlurryOfBlows","floor":5.0},{"not_picked":["Consecrate","Halt","ThirdEye"],"picked":"SKIP","floor":6.0},{"not_picked":["Consecrate","Halt","ThirdEye"],"picked":"SKIP","floor":6.0},{"not_picked":["Halt","ThirdEye"],"picked":"Consecrate","floor":6.0},{"not_picked":["PathToVictory","Collect"],"picked":"Blasphemy","floor":8.0},{"not_picked":["Nirvana","ThirdEye","EmptyFist"],"picked":"EmptyMind","floor":10.0},{"not_picked":["PathToVictory","MentalFortress","Pray"],"picked":"TalkToTheHand","floor":11.0},{"not_picked":["ThirdEye","Crescendo","Swivel"],"picked":"CrushJoints","floor":13.0},{"not_picked":["Protect","Prostrate","Fasting2"],"picked":"DeceiveReality","floor":14.0},{"not_picked":["DeusExMachina","Alpha","ConjureBlade"],"picked":"Scrawl","floor":16.0},{"not_picked":["EmptyBody","SashWhip","WreathOfFlame","Protect"],"picked":"SKIP","floor":18.0},{"not_picked":["EmptyFist+1","FlyingSleeves","JustLucky","Consecrate"],"picked":"SKIP","floor":19.0},{"not_picked":["DeceiveReality+1","BattleHymn","ClearTheMind","Worship"],"picked":"SKIP","floor":20.0},{"not_picked":["Establishment","BattleHymn","CrushJoints","Worship"],"picked":"SKIP","floor":23},{"not_picked":["Establishment","BattleHymn","CrushJoints","Worship"],"picked":"SKIP","floor":23},{"not_picked":["Evaluate","SashWhip+1","Collect"],"picked":"SignatureMove","floor":24},{"not_picked":["ThirdEye","Evaluate","SignatureMove"],"picked":"Adaptation","floor":28}],"player_experience":4478840,"relics_obtained":[{"floor":6.0,"key":"StrikeDummy"},{"floor":8.0,"key":"Strawberry"},{"floor":9.0,"key":"Question Card"},{"floor":10.0,"key":"Omamori"},{"floor":23,"key":"Toy Ornithopter"},{"floor":28,"key":"InkBottle"}],"event_choices":[{"damage_healed":0.0,"max_hp_gain":0.0,"max_hp_loss":6.0,"gold_gain":0.0,"event_name":"Golden Idol","player_choice":"Lose Max HP","floor":4.0,"gold_loss":0.0,"damage_taken":0.0,"relics_obtained":["Golden Idol"]},{"damage_healed":0.0,"max_hp_gain":0.0,"max_hp_loss":0.0,"gold_gain":0.0,"event_name":"The Mausoleum","player_choice":"Ignored","floor":21.0,"gold_loss":0.0,"damage_taken":0.0},{"damage_healed":0.0,"max_hp_gain":0.0,"max_hp_loss":0.0,"gold_gain":0.0,"event_name":"FaceTrader","player_choice":"Leave","floor":22.0,"gold_loss":0.0,"damage_taken":0.0}],"is_beta":false,"boss_relics":[{"not_picked":["Velvet Choker","Snecko Eye"],"picked":"Cursed Key"}],"items_purged_floors":[],"is_endless":false,"potions_floor_spawned":[2,6,8,11,13,18,20,23,28],"killed_by":"Chosen and Byrds","ascension_level":20}}