{"host":"25beq07qjecnigqh","time":1610429127,"event":{"mods":["BaseMod","Minty Spire (QoL Compilation)"],"gold_per_floor":[112,132,132,146,161,175,175,201,201,201,215,215,230,245,245,345,345,361,372,229,244,258,258,258,258],"floor_reached":24,"playtime":2252,"items_purged":["Venomology"],"score":204,"play_id":"eaaf2227-fed0-4490-863e-f69ca79081cc","local_time":"20210112132527","is_ascension_mode":false,"campfire_choices":[{"data":"Dagger Spray","floor":7,"key":"SMITH"},{"floor":10,"key":"REST"},{"data":"Distraction","floor":12,"key":"SMITH"},{"floor":15,"key":"REST"},{"data":"After Image","floor":23,"key":"SMITH"}],"circlet_count":0,"master_deck":["Strike_G","Strike_G","Strike_G","Strike_G","Strike_G","Defend_G","Defend_G+1","Defend_G","Defend_G+1","Defend_G","Survivor","Neutralize","Night Terror+1","Dagger Spray+1","Prepared","Finisher","Underhanded Strike","Distraction+1","Dagger Throw","After Image+1","Slice","Outmaneuver+1","Blade Dance","All Out Attack","Slice"],"relics":["Ring of the Snake","War Paint","Pen Nib","Sozu"],"acts_visited":["Exordium","TheCity"],"potions_floor_usage":[5,8,8,18,18],"damage_taken":[{"damage":0,"enemies":"Cultist","floor":1,"turns":5},{"damage":0,"enemies":"Small Slimes","floor":2,"turns":4},{"damage":1,"enemies":"2 Louse","floor":4,"turns":3},{"damage":21,"enemies":"Large Slime","floor":5,"turns":12},{"damage":5,"enemies":"Looter","floor":6,"turns":3},{"damage":16,"enemies":"Gremlin Nob","floor":8,"turns":4},{"damage":8,"enemies":"Red Slaver","floor":11,"turns":3},{"damage":3,"enemies":"Exordium Thugs","floor":13,"turns":5},{"damage":9,"enemies":"2 Fungi Beasts","floor":14,"turns":3},{"damage":41,"enemies":"Hexaghost","floor":16,"turns":16},{"damage":6,"enemies":"Shell Parasite","floor":18,"turns":5},{"damage":1,"enemies":"Chosen","floor":19,"turns":4},{"damage":5,"enemies":"3 Cultists","floor":21,"turns":4},{"damage":11,"enemies":"Cultist and Chosen","floor":22,"turns":7},{"damage":51,"enemies":"Snake Plant","floor":24,"turns":5}],"seed_played":"-4269974527602042872","potions_obtained":[{"floor":2,"key":"ColorlessPotion"},{"floor":4,"key":"Dexterity Potion"},{"floor":5,"key":"FearPotion"},{"floor":8,"key":"SneckoOil"},{"floor":14,"key":"SteroidPotion"}],"is_trial":false,"path_per_floor":["M","M","?","M","M","M","R","E","T","R","M","R","M","M","R","B",null,"M","M","$","M","M","R","M"],"character_chosen":"THE_SILENT","items_purchased":["All Out Attack"],"campfire_rested":2,"item_purchase_floors":[20],"current_hp_per_floor":[70,70,70,69,48,43,43,27,27,48,40,40,37,28,49,8,70,64,63,63,58,47,47,0,0],"gold":258,"neow_bonus":"ONE_RANDOM_RARE_CARD","is_daily":false,"chose_seed":false,"campfire_upgraded":3,"win_rate":0.0,"timestamp":1610429127,"path_taken":["M","?","?","M","M","M","R","E","T","R","M","R","M","M","R","BOSS","M","M","$","M","M","R","M"],"items_purchased_type":["Card"],"build_version":"2020-12-22","purchased_purges":1,"victory":false,"max_hp_per_floor":[70,70,70,70,70,70,70,70,70,70,70,70,70,70,70,70,70,70,70,70,70,70,70,70,70],"card_choices":[{"not_picked":["Backflip","Deflect"],"picked":"Dagger Spray","floor":1},{"not_picked":["All Out Attack","Sucker Punch"],"picked":"Prepared","floor":2},{"not_picked":["Deadly Poison","All Out Attack"],"picked":"Finisher","floor":4},{"not_picked":["Deflect","Expertise","Choke"],"picked":"SKIP","floor":5},{"not_picked":["Poisoned Stab","Masterful Stab"],"picked":"Underhanded Strike","floor":6},{"not_picked":["Poisoned Stab","Dash"],"picked":"Distraction","floor":8},{"not_picked":["PiercingWail","Acrobatics"],"picked":"Dagger Throw","floor":11},{"not_picked":["Prepared","Deflect"],"picked":"After Image","floor":13},{"not_picked":["Outmaneuver","Dagger Throw"],"picked":"Slice","floor":14},{"not_picked":["Doppelganger","Malaise"],"picked":"Venomology","floor":16},{"not_picked":["Dagger Throw","Slice"],"picked":"Outmaneuver+1","floor":18},{"not_picked":["Endless Agony","Dagger Spray"],"picked":"Blade Dance","floor":19},{"not_picked":["Backflip","Eviscerate"],"picked":"Slice","floor":21},{"not_picked":["Outmaneuver","Poisoned Stab","Dodge and Roll+1"],"picked":"SKIP","floor":22}],"player_experience":14471,"relics_obtained":[{"floor":8,"key":"War Paint"},{"floor":9,"key":"Pen Nib"}],"event_choices":[{"damage_healed":0,"gold_gain":0,"player_choice":"Grow","damage_taken":0,"max_hp_gain":0,"max_hp_loss":0,"event_name":"Living Wall","floor":3,"gold_loss":0,"cards_upgraded":["Night Terror"]}],"is_beta":false,"boss_relics":[{"not_picked":["Ectoplasm","Coffee Dripper"],"picked":"Sozu"}],"items_purged_floors":[20],"is_endless":false,"potions_floor_spawned":[2,4,5,8,14,18,19],"killed_by":"Snake Plant","ascension_level":0}}