{"host":"i0avyit1s6jb1siw","time":1610470806,"event":{"mods":["BaseMod","DeckTracker","Dota2Spire","Highlight Path","Minty Spire (QoL Compilation)","Quick Restart","StSLib","SuperFastMode"],"gold_per_floor":[110,35,54,129,129,129,160,160,187,202,221,236,84,108,108,204,204,225,225,125,141,155,155,155,155,155,155,155],"floor_reached":27,"playtime":456,"items_purged":["Strike_R","Strike_R"],"score":476,"play_id":"860e9c15-1e31-420b-91f2-347da495b7fd","local_time":"20210112180006","is_ascension_mode":true,"campfire_choices":[{"data":"Carnage","floor":6,"key":"SMITH"},{"data":"Reaper","floor":8,"key":"SMITH"},{"data":"Evolve","floor":15,"key":"SMITH"},{"floor":23,"key":"REST"},{"data":"Fire Breathing","floor":25,"key":"SMITH"}],"circlet_count":0,"master_deck":["AscendersBane","Defend_R+1","Defend_R+1","Defend_R+1","Defend_R+1","Bash","Carnage+1","Fire Breathing+1","Reaper+1","Sentinel","Power Through","Evolve+1","Offering","Reaper+1","Second Wind","Body Slam"],"relics":["Burning Blood","NeowsBlessing","Golden Idol","White Beast Statue","Empty Cage","Singing Bowl"],"acts_visited":["Exordium","TheCity"],"potions_floor_usage":[16,18],"damage_taken":[{"damage":0,"enemies":"Jaw Worm","floor":1,"turns":1},{"damage":0,"enemies":"Small Slimes","floor":3,"turns":1},{"damage":0,"enemies":"3 Sentries","floor":7,"turns":2},{"damage":0,"enemies":"2 Louse","floor":10,"turns":2},{"damage":14,"enemies":"Large Slime","floor":11,"turns":6},{"damage":14,"enemies":"Red Slaver","floor":12,"turns":4},{"damage":22,"enemies":"3 Louse","floor":14,"turns":5},{"damage":43,"enemies":"Hexaghost","floor":16,"turns":9},{"damage":43,"enemies":"3 Byrds","floor":18,"turns":7},{"damage":13,"enemies":"Chosen","floor":21,"turns":4},{"damage":25,"enemies":"Snecko","floor":22,"turns":11},{"damage":42,"enemies":"Book of Stabbing","floor":27,"turns":6}],"seed_played":"676409738179143346","potions_obtained":[{"floor":3,"key":"Strength Potion"},{"floor":10,"key":"Explosive Potion"},{"floor":11,"key":"LiquidMemories"},{"floor":16,"key":"PowerPotion"},{"floor":18,"key":"SpeedPotion"},{"floor":22,"key":"Fruit Juice"}],"is_trial":false,"path_per_floor":["M","?","M","?","?","R","E","R","T","M","M","M","$","M","R","B",null,"M","?","$","M","M","R","?","R","T","E"],"character_chosen":"IRONCLAD","items_purchased":["Evolve"],"campfire_rested":1,"item_purchase_floors":[13],"current_hp_per_floor":[74,74,75,64,64,64,68,68,68,68,60,57,57,50,50,20,56,25,25,25,23,14,34,34,34,34,0,0],"gold":155,"neow_bonus":"THREE_ENEMY_KILL","is_daily":false,"chose_seed":false,"campfire_upgraded":4,"win_rate":0.0,"timestamp":1610470806,"path_taken":["M","?","M","?","?","R","E","R","T","M","M","M","$","M","R","BOSS","M","?","$","M","?","R","?","R","T","E"],"items_purchased_type":["Card"],"build_version":"2020-12-22","purchased_purges":2,"victory":false,"max_hp_per_floor":[75,75,75,75,68,68,68,68,68,68,68,68,68,68,68,68,68,68,68,68,68,68,68,68,68,68,68,68],"card_choices":[{"not_picked":["Iron Wave","Twin Strike"],"picked":"Carnage","floor":1},{"not_picked":["Armaments","Twin Strike"],"picked":"Fire Breathing","floor":3},{"not_picked":["Burning Pact","Second Wind"],"picked":"Reaper","floor":7},{"not_picked":["Clothesline","Sword Boomerang"],"picked":"Sentinel","floor":10},{"not_picked":["Warcry","Perfected Strike"],"picked":"Power Through","floor":11},{"not_picked":["Sentinel","Iron Wave","Headbutt"],"picked":"SKIP","floor":12},{"not_picked":["Heavy Blade","Anger","Fiend Fire"],"picked":"SKIP","floor":14},{"not_picked":["Reaper","Exhume"],"picked":"Offering","floor":16},{"not_picked":["Iron Wave","Carnage","Anger"],"picked":"SKIP","floor":18},{"not_picked":["Whirlwind","Body Slam"],"picked":"Second Wind","floor":21},{"not_picked":["Twin Strike","True Grit"],"picked":"Body Slam","floor":22}],"player_experience":2218239,"relics_obtained":[{"floor":7,"key":"White Beast Statue"},{"floor":26,"key":"Singing Bowl"}],"event_choices":[{"cards_removed":["Strike_R"],"damage_healed":0,"gold_gain":0,"player_choice":"Card Removal","damage_taken":0,"max_hp_gain":0,"max_hp_loss":0,"event_name":"The Cleric","floor":2,"gold_loss":75},{"damage_healed":0,"gold_gain":75,"player_choice":"Gather Gold","damage_taken":11,"max_hp_gain":0,"max_hp_loss":0,"event_name":"World of Goop","floor":4,"gold_loss":0},{"damage_healed":0,"gold_gain":0,"player_choice":"Lose Max HP","damage_taken":0,"relics_obtained":["Golden Idol"],"max_hp_gain":0,"max_hp_loss":7,"event_name":"Golden Idol","floor":5,"gold_loss":0},{"damage_healed":0,"gold_gain":0,"player_choice":"Copied","damage_taken":0,"max_hp_gain":0,"max_hp_loss":0,"event_name":"Duplicator","floor":19,"gold_loss":0,"cards_obtained":["Reaper"]},{"damage_healed":0,"gold_gain":0,"player_choice":"Simplicity","damage_taken":0,"max_hp_gain":0,"max_hp_loss":0,"event_name":"Back to Basics","floor":24,"gold_loss":0,"cards_upgraded":["Defend_R","Defend_R","Defend_R","Defend_R"]}],"is_beta":false,"boss_relics":[{"not_picked":["Pandora\u0027s Box","SlaversCollar"],"picked":"Empty Cage"}],"items_purged_floors":[13,20],"is_endless":false,"potions_floor_spawned":[3,10,11,12,14,16,18,21,22],"killed_by":"Book of Stabbing","ascension_level":20}}