{"host":"ai2zab3l3qrfb1vu","time":1610466133,"event":{"mods":["2.2 Compatiblity","Act Like it!","BaseMod","Better Third Choice","BetterRewards","Friendly Minions","Gensokyo","GifTheSpireLib","Highlight Path","Hubris","Infinite Spire","Marked Mod","Mimic Mod","Minty Spire (QoL Compilation)","Relic Filter","Replay The Spire","Shop Mod","StSLib","Wandering Minibosses"],"gold_per_floor":[109,126,139,12,26,51,364,364,364,431,462,464,274,274,274,377,377,393,393,393,409,429,429,456,456,456,456,293,293,36,54,54,156,156,172,199,226,251,251,251,280,297,327,346,365,412,424,452,464,478,490,502,514,566,582],"floor_reached":56,"playtime":4528,"items_purged":["Defend_P","Strike_P","Defend_P","Strike_P","Defend_P","Strike_P","Strike_P","Vigilance","Eruption","Defend_P","MarkedMod:FirstStrike"],"score":1657,"play_id":"9ce6d458-82f7-4d89-a141-cdb199ac88cd","local_time":"20210112084213","is_ascension_mode":true,"campfire_choices":[{"data":"MarkedMod:NorthStar","floor":8,"key":"SMITH"},{"data":"PathToVictory","floor":15,"key":"SMITH"},{"floor":23,"key":"RECALL"},{"data":"PathToVictory","floor":25,"key":"SMITH"},{"floor":29,"key":"REST"},{"floor":32,"key":"REST"},{"floor":40,"key":"REST"},{"floor":49,"key":"REST"},{"floor":52,"key":"REST"}],"circlet_count":0,"master_deck":["Scrawl+1","MarkedMod:GracefulMovements+1","MarkedMod:PinPointDefense+1","PathToVictory+1","Replay:Anticipation+1","PathToVictory+1","MarkedMod:OneThousandNeedles+1","MarkedMod:NorthStar+1","MarkedMod:PinPointDefense+1","MarkedMod:PinPointDefense+1","Replay:ManipulateFuture+1","Replay:Cycle+1","Wireheading+1","Perseverance+1","Gensokyo:SummonJeweledCobra","MarkedMod:ChiBlock+1","MarkedMod:ChiBlock+1","Gensokyo:SummonFieryMouse"],"relics":["PureWater","Omamori","MerchantsRug","Membership Card","hubris:MobiusCoin","infinitespire:Midas Blood","infinitespire:Satchel","Melange","hubris:64BitClover","Nunchaku","infinitespire:EmpoweringShard","hubris:TenFootPole","MarkedMod:AcupunctureKit","Lantern","Chemical X","BargainBundle","Molten Egg 2","CloakClasp","hubris:TinFlute","infinitespire:ShieldingShard","Replay:Bandana","hubris:BottledRain","Blue Doll","Bronze Scales","Letter Opener","Golden Egg","Art of War","Singing Bowl","Replay:Wax Seal","PreservedInsect","Orichalcum","Gensokyo:Companionship","Pantograph","Turnip","SacredBark","infinitespire:PuzzleCube","Gensokyo:ConquerorOfFear","Akabeko","Toxic Egg 2","hubris:Icosahedron","wanderingMiniBosses:LockLocket","Fusion Hammer","Bag of Marbles","CeramicFish","hubris:CrystalStatue","hubris:DeckOfHolding","ReplayTheSpireMod:Lightbulb","Mercury Hourglass","Replay:Towering Pillar of Hats","MawBank","hubris:Metronome"],"acts_visited":["Gensokyo:Gensokyo","Gensokyo:Gensokyoer","Gensokyo:Gensokyoest","TheEnding"],"potions_floor_usage":[21,33,43,54,55,55,55,55],"damage_taken":[{"damage":0,"enemies":"Gensokyo:3_Fairies","floor":1,"turns":3},{"damage":0,"enemies":"Gensokyo:2_Kodama","floor":2,"turns":1},{"damage":0,"enemies":"Gensokyo:Gryphon","floor":3,"turns":1},{"damage":0,"enemies":"Gensokyo:2_Rabbits","floor":5,"turns":2},{"damage":0,"enemies":"Gensokyo:Mamizou","floor":6,"turns":3},{"damage":0,"enemies":"Gensokyo:VengefulSpirit","floor":7,"turns":2},{"damage":0,"enemies":"Gensokyo:Aya","floor":11,"turns":2},{"damage":0,"enemies":"Gensokyo:Kokoro","floor":16,"turns":2},{"damage":0,"enemies":"Gensokyo:AngelMirror","floor":18,"turns":2},{"damage":0,"enemies":"Gensokyo:2_Gloops","floor":21,"turns":2},{"damage":0,"enemies":"Gensokyo:Wraith","floor":22,"turns":2},{"damage":2,"enemies":"Gensokyo:Tenshi","floor":24,"turns":2},{"damage":1,"enemies":"Gensokyo:Mirror_and_Dog","floor":31,"turns":4},{"damage":0,"enemies":"Gensokyo:Kaguya","floor":33,"turns":8},{"damage":0,"enemies":"Gensokyo:3_Bats","floor":35,"turns":2},{"damage":0,"enemies":"Gensokyo:3_Boulders","floor":38,"turns":3},{"damage":0,"enemies":"Gensokyo:Doremy","floor":41,"turns":2},{"damage":0,"enemies":"Gensokyo:SeedOfUnknown","floor":42,"turns":2},{"damage":0,"enemies":"Gensokyo:Rafflesia","floor":43,"turns":3},{"damage":0,"enemies":"Gensokyo:Rafflesia","floor":44,"turns":2},{"damage":0,"enemies":"Gensokyo:AtlasGolem","floor":45,"turns":2},{"damage":0,"enemies":"Gensokyo:3_Boulders","floor":48,"turns":1},{"damage":6,"enemies":"Gensokyo:Yuyuko","floor":50,"turns":3},{"damage":16,"enemies":"Shield and Spear","floor":54,"turns":2},{"damage":9,"enemies":"The Heart","floor":55,"turns":5}],"seed_played":"-4637151035256076494","potions_obtained":[{"floor":1,"key":"Dexterity Potion"},{"floor":2,"key":"Strength Potion"},{"floor":10,"key":"DuplicationPotion"},{"floor":11,"key":"Explosive Potion"},{"floor":21,"key":"Milkshake"},{"floor":24,"key":"EssenceOfSteel"},{"floor":44,"key":"Strength Potion"}],"is_trial":false,"path_per_floor":["M","M","M","COS","M","E","M","R","T","?","E","?","$","T","R","B",null,"M","$","?","M","M","R","E","R","T","?","$","R","COS","M","R","B",null,"M","T","T","M","$","R","E","M","MIM","M","M","T","COS","M","R","B",null,"R","$","E","B",null],"character_chosen":"WATCHER","items_purchased":["Scrawl","Omamori","MerchantsRug","MarkedMod:FirstStrike","Membership Card","hubris:MobiusCoin","infinitespire:Midas Blood","infinitespire:Satchel","Melange","hubris:64BitClover","Nunchaku","MarkedMod:GracefulMovements","infinitespire:EmpoweringShard","hubris:TenFootPole","MarkedMod:PinPointDefense+1","MarkedMod:AcupunctureKit","PathToVictory","Lantern","Chemical X","BargainBundle","Molten Egg 2","CloakClasp","Replay:Anticipation","PathToVictory","Guide Book","MarkedMod:OneThousandNeedles","hubris:TinFlute","MarkedMod:NorthStar","infinitespire:ShieldingShard","Replay:Bandana","hubris:BottledRain","Blue Doll","Bronze Scales","Letter Opener","Golden Egg","Art of War","Singing Bowl","Replay:Wax Seal","MarkedMod:PinPointDefense","PreservedInsect","War Paint","Replay:ManipulateFuture","Turnip","Replay:Cycle","Wireheading","hubris:CrystalStatue"],"campfire_rested":5,"item_purchase_floors":[0,0,0,0,0,0,0,0,0,0,0,0,0,0,0,0,0,0,0,0,0,0,0,0,0,0,0,0,0,0,0,0,0,0,0,0,0,0,0,0,0,0,13,13,13,39],"current_hp_per_floor":[74,76,78,78,80,82,84,84,84,70,72,75,75,75,75,100,100,100,100,100,102,104,104,104,104,104,104,104,106,106,107,108,108,108,110,110,110,112,96,112,114,116,118,120,122,122,122,124,124,124,124,124,124,110,117],"gold":594,"neow_bonus":"","is_daily":false,"chose_seed":false,"campfire_upgraded":3,"win_rate":0.0,"timestamp":1610466133,"path_taken":["M","M","M","COS","M","E","M","R","T","?","E","?","$","?","R","BOSS","M","$","?","M","?","R","E","R","T","?","?","R","COS","M","R","BOSS","M","?","?","?","?","R","E","M","MIM","?","M","?","COS","M","R","BOSS","R","$","E","BOSS"],"items_purchased_type":["Card","Relic","Relic","Card","Relic","Relic","Relic","Relic","Relic","Relic","Relic","Card","Relic","Relic","Card","Relic","Card","Relic","Relic","Relic","Relic","Relic","Card","Card","Relic","Card","Relic","Card","Relic","Relic","Relic","Relic","Relic","Relic","Relic","Relic","Relic","Relic","Card","Relic","Relic","Card","Relic","Card","Card","Relic"],"build_version":"2020-12-22","purchased_purges":11,"victory":true,"max_hp_per_floor":[74,76,78,78,80,82,84,84,84,86,88,98,98,98,98,100,100,100,100,100,102,104,104,106,106,106,106,106,106,106,108,108,108,108,110,110,110,112,112,112,114,116,118,120,122,122,122,124,124,124,124,124,124,126,126],"card_choices":[{"not_picked":["MarkedMod:GracefulMovements","ClearTheMind","Protect"],"picked":"Singing Bowl","floor":1},{"not_picked":["SignatureMove+1","EmptyFist+1","Halt"],"picked":"Singing Bowl","floor":2},{"not_picked":["MarkedMod:OneThousandNeedles","CutThroughFate+1","CrushJoints+1"],"picked":"Singing Bowl","floor":3},{"not_picked":["Prostrate","FollowUp+1","Replay:BluntJabs+1"],"picked":"Singing Bowl","floor":5},{"not_picked":["SashWhip+1","Replay:DivineShield","SignatureMove+1"],"picked":"Singing Bowl","floor":6},{"not_picked":["Replay:Battleflow","Worship","Crescendo"],"picked":"Singing Bowl","floor":7},{"not_picked":["SashWhip+1","Protect","MarkedMod:GentlePulse"],"picked":"Singing Bowl","floor":10},{"not_picked":["Brilliance+1","MarkedMod:GentlePulse","Evaluate"],"picked":"Singing Bowl","floor":11},{"not_picked":["Alpha","Judgement","Ragnarok+1"],"picked":"Singing Bowl","floor":16},{"not_picked":["BowlingBash+1","FlyingSleeves+1"],"picked":"Perseverance+1","floor":18},{"not_picked":["Evaluate","Conclude+1","Protect"],"picked":"Singing Bowl","floor":21},{"not_picked":["Replay:ManipulateFuture","ClearTheMind+1","Worship"],"picked":"Singing Bowl","floor":22},{"not_picked":["Prostrate","Fasting2","Halt"],"picked":"Singing Bowl","floor":24},{"not_picked":["CrushJoints+1","JustLucky+1","ReachHeaven+1"],"picked":"Singing Bowl","floor":31},{"not_picked":["Blasphemy","Omniscience"],"picked":"MarkedMod:ChiBlock","floor":33},{"not_picked":["Omniscience+1","SpiritShield+1"],"picked":"MarkedMod:ChiBlock+1","floor":33},{"not_picked":["MarkedMod:Acupuncture+1","Replay:AtTheReady+1","EmptyBody+1"],"picked":"Singing Bowl","floor":35},{"not_picked":["EmptyMind+1","Replay:ManipulateFuture+1","FlyingSleeves+1"],"picked":"Singing Bowl","floor":38},{"not_picked":["CutThroughFate+1","MarkedMod:Acupuncture+1","Devotion"],"picked":"Singing Bowl","floor":41},{"not_picked":["Pray+1","Protect+1","PathToVictory+1"],"picked":"Singing Bowl","floor":42},{"not_picked":["Pray+1","EmptyBody+1","Replay:BluntJabs+1"],"picked":"Singing Bowl","floor":43},{"not_picked":["Replay:Vibes+1","EmptyFist+1","ForeignInfluence+1"],"picked":"Singing Bowl","floor":44},{"not_picked":["JustLucky+1","WaveOfTheHand+1","EmptyFist+1"],"picked":"Singing Bowl","floor":45},{"not_picked":["CutThroughFate+1","Nirvana+1","Protect+1"],"picked":"Singing Bowl","floor":48},{"not_picked":["Replay:ManipulateFuture+1","Crescendo+1","FlurryOfBlows+1"],"picked":"Singing Bowl","floor":54}],"player_experience":503741,"relics_obtained":[{"floor":6,"key":"Orichalcum"},{"floor":10,"key":"Pantograph"},{"floor":11,"key":"Potion Belt"},{"floor":18,"key":"infinitespire:PuzzleCube"},{"floor":21,"key":"Gensokyo:ConquerorOfFear"},{"floor":24,"key":"Akabeko"},{"floor":26,"key":"Toxic Egg 2"},{"floor":31,"key":"wanderingMiniBosses:LockLocket"},{"floor":36,"key":"Bag of Marbles"},{"floor":37,"key":"CeramicFish"},{"floor":41,"key":"ReplayTheSpireMod:Lightbulb"},{"floor":42,"key":"Mercury Hourglass"},{"floor":43,"key":"Replay:Towering Pillar of Hats"},{"floor":46,"key":"MawBank"},{"floor":54,"key":"hubris:Metronome"}],"event_choices":[],"is_beta":false,"boss_relics":[{"not_picked":["hubris:TerracottaHorce","Replay:Bronze Core"],"picked":"SacredBark"},{"not_picked":["Runic Pyramid","Replay:Ancient Bell"],"picked":"Fusion Hammer"}],"items_purged_floors":[0,0,0,0,0,0,0,0,0,0,28],"is_endless":false,"potions_floor_spawned":[1,2,11,21,24,42,44,45],"ascension_level":3}}