{"host":"yganem311pbhnzmn","time":1610441074,"event":{"mods":["AchievementEnabler","BaseMod","BetterRewards","Colored Map","Minty Spire (QoL Compilation)","Replay The Spire","Shop Mod","StSLib","SuperFastMode"],"gold_per_floor":[109,120,120,45,64,64,75,95,95,19,19,35,35,47,47,146,146,161,176,194,205,205,62,62,77,77,77,77,40,40,50,50,50,50],"floor_reached":33,"playtime":1230,"items_purged":["Decay"],"score":366,"play_id":"07709e38-3b03-49ef-920c-8dc3060466af","local_time":"20210112174434","is_ascension_mode":false,"campfire_choices":[{"data":"Gash","floor":6,"key":"SMITH"},{"data":"Crystallizer","floor":11,"key":"SMITH"},{"data":"Capacitor","floor":13,"key":"SMITH"},{"data":"Creative AI","floor":15,"key":"SMITH"},{"floor":24,"key":"REST"},{"floor":30,"key":"REST"},{"floor":32,"key":"REST"}],"circlet_count":0,"master_deck":["Strike_B","Strike_B","Strike_B","Strike_B","Defend_B","Defend_B","Defend_B","Defend_B","Zap","Dualcast","Coolheaded+1","Gash+1","Go for the Eyes","Go for the Eyes","Crystallizer+1","Capacitor+1","Creative AI+1","Gash","Go for the Eyes","Gash","Defragment","Scrape+1","Shame","Loop","Leap","Go for the Eyes+1","Go for the Eyes+1"],"relics":["Cracked Core","ReplayTheSpireMod:Shallot","Prayer Wheel","Darkstone Periapt","Sling","Dream Catcher"],"acts_visited":["Exordium","TheCity"],"potions_floor_usage":[16,31,33],"damage_taken":[{"damage":0,"enemies":"Small Slimes","floor":1,"turns":3},{"damage":0,"enemies":"Cultist","floor":2,"turns":4},{"damage":0,"enemies":"Jaw Worm","floor":5,"turns":4},{"damage":8,"enemies":"3 Louse","floor":7,"turns":4},{"damage":11,"enemies":"Exordium Thugs","floor":8,"turns":6},{"damage":2,"enemies":"Exordium Wildlife","floor":12,"turns":4},{"damage":0,"enemies":"Blue Slaver","floor":14,"turns":4},{"damage":22,"enemies":"Slime Boss","floor":16,"turns":9},{"damage":10,"enemies":"Chosen","floor":18,"turns":6},{"damage":16,"enemies":"Shell Parasite","floor":19,"turns":9},{"damage":3,"enemies":"Centurion and Healer","floor":20,"turns":9},{"damage":40,"enemies":"Snake Plant","floor":21,"turns":5},{"damage":5,"enemies":"Snecko","floor":25,"turns":5},{"damage":14,"enemies":"Centurion and Healer","floor":31,"turns":7},{"damage":81,"enemies":"Automaton","floor":33,"turns":6}],"seed_played":"850230808816315123","potions_obtained":[{"floor":5,"key":"Reflective Coating"},{"floor":8,"key":"Weak Potion"},{"floor":18,"key":"ColorlessPotion"},{"floor":19,"key":"Energy Potion"},{"floor":31,"key":"Doom Potion"}],"is_trial":false,"path_per_floor":["M","M","?","$","M","R","M","M","T","$","R","M","R","M","R","B",null,"M","M","M","M","T","$","R","M","T","$","?","$","R","M","R_BF","B"],"character_chosen":"DEFECT","items_purchased":["Coolheaded+1","Crystallizer","Sling","Loop"],"campfire_rested":3,"item_purchase_floors":[0,10,23,29],"current_hp_per_floor":[75,75,75,75,75,75,67,56,56,56,56,54,54,54,54,32,75,65,49,46,6,6,6,28,23,23,23,29,29,53,39,63,0,0],"gold":50,"neow_bonus":"","is_daily":false,"chose_seed":false,"campfire_upgraded":4,"win_rate":0.0,"timestamp":1610441074,"path_taken":["M","M","?","$","M","R","M","M","T","$","R","M","R","M","R","BOSS","M","M","M","M","?","$","R","M","T","$","?","$","R","M","R_BF","BOSS"],"items_purchased_type":["Card","Card","Relic","Card"],"build_version":"2020-12-22","purchased_purges":1,"victory":false,"max_hp_per_floor":[75,75,75,75,75,75,75,75,75,75,75,75,75,75,75,75,75,75,75,75,75,75,75,75,75,75,75,81,81,81,81,81,81,81],"card_choices":[{"not_picked":["Go for the Eyes","Hologram"],"picked":"Gash","floor":1},{"not_picked":["Reinforced Body","ReplaySolidLightProjector"],"picked":"Go for the Eyes","floor":2},{"not_picked":["Hologram","Sweeping Beam","Compile Driver"],"picked":"SKIP","floor":5},{"not_picked":["Force Field","Reprogram"],"picked":"Go for the Eyes","floor":7},{"not_picked":["Compile Driver","ReplayTheSpireMod:GoodbyeWorld","Heatsinks"],"picked":"SKIP","floor":8},{"not_picked":["Hologram","Rebound"],"picked":"Capacitor","floor":12},{"not_picked":["Go for the Eyes","Leap"],"picked":"Creative AI","floor":14},{"not_picked":["Multi-Cast","Thunder Strike"],"picked":"ReplayTheSpireMod:Fabricate Wheel","floor":16},{"not_picked":["Rebound","Streamline+1","Reprogram+1"],"picked":"SKIP","floor":18},{"not_picked":["Chill","Conserve Battery"],"picked":"Gash","floor":19},{"not_picked":["Cold Snap","Double Energy"],"picked":"Go for the Eyes","floor":19},{"not_picked":["Steam","Rebound"],"picked":"Gash","floor":20},{"not_picked":["Barrage","ReplaySolidLightProjector","Go for the Eyes"],"picked":"SKIP","floor":20},{"not_picked":["ReplayTheSpireMod:Reroute Power","Cold Snap"],"picked":"Defragment","floor":21},{"not_picked":["Sweeping Beam+1","Cold Snap+1","Beam Cell"],"picked":"SKIP","floor":21},{"not_picked":["Steam Power","Buffer"],"picked":"Scrape+1","floor":25},{"not_picked":["Panic Button","Rebound","ReplayTheSpireMod:System Scan"],"picked":"SKIP","floor":25},{"not_picked":["Reinforced Body+1","Coolheaded"],"picked":"Leap","floor":30},{"not_picked":["BasicCrystalCard+1","Redo"],"picked":"Go for the Eyes+1","floor":31},{"not_picked":["Redo","Steam Power","Beam Cell"],"picked":"SKIP","floor":31},{"not_picked":["Aggregate","Reboot"],"picked":"Go for the Eyes+1","floor":32}],"player_experience":127644,"relics_obtained":[{"floor":9,"key":"ReplayTheSpireMod:Shallot"},{"floor":22,"key":"Darkstone Periapt"}],"event_choices":[{"damage_healed":0,"gold_gain":0,"player_choice":"Cursed","damage_taken":0,"max_hp_gain":0,"max_hp_loss":0,"event_name":"Wheel of Change","floor":3,"gold_loss":0,"cards_obtained":["Decay"]},{"damage_healed":0,"gold_gain":0,"player_choice":"Stole Relic","damage_taken":0,"relics_obtained":["Dream Catcher"],"max_hp_gain":0,"max_hp_loss":0,"event_name":"Addict","floor":28,"gold_loss":0,"cards_obtained":["Shame"]}],"is_beta":false,"boss_relics":[{"not_picked":["Velvet Choker","Cursed Key","Runic Dome"]}],"items_purged_floors":[4],"is_endless":false,"potions_floor_spawned":[5,8,12,14,18,19,31],"killed_by":"Automaton","ascension_level":0}}