{"host":"2sr8q4b3ioepghas","time":1610411755,"event":{"mods":["BaseMod","Bestiary","Colored Map","Curses Come First","FTL Soundtrack","Minty Spire (QoL Compilation)","Permanent Neow","Quick Restart","Rare Cards Sparkle","StSLib","UnlockEverythingMod"],"gold_per_floor":[113,127,28,45,45,70,70,70,70],"floor_reached":8,"playtime":186,"items_purged":["Strike_R"],"score":112,"play_id":"eb5aa537-4c2d-4f39-905d-b8bd10e0b886","local_time":"20210112103555","is_ascension_mode":true,"campfire_choices":[{"data":"Twin Strike","floor":7,"key":"SMITH"}],"circlet_count":0,"master_deck":["AscendersBane","Strike_R","Strike_R","Strike_R","Strike_R","Defend_R","Defend_R","Defend_R","Defend_R","Bash","Twin Strike+1","Cleave","Wild Strike+1","Flame Barrier"],"relics":["Black Star","Question Card","HornCleat"],"acts_visited":["Exordium"],"potions_floor_usage":[8,8],"damage_taken":[{"damage":1,"enemies":"Cultist","floor":1,"turns":3},{"damage":7,"enemies":"Small Slimes","floor":2,"turns":4},{"damage":9,"enemies":"Jaw Worm","floor":4,"turns":4},{"damage":32,"enemies":"Gremlin Nob","floor":6,"turns":4},{"damage":48,"enemies":"Lagavulin","floor":8,"turns":7}],"seed_played":"-8047282832429329370","potions_obtained":[{"floor":2,"key":"BloodPotion"},{"floor":4,"key":"GamblersBrew"}],"is_trial":false,"path_per_floor":["M","M","$","M","?","E","R","E"],"character_chosen":"IRONCLAD","items_purchased":["Cleave"],"campfire_rested":0,"item_purchase_floors":[3],"current_hp_per_floor":[67,60,60,51,51,19,19,0,0],"gold":70,"neow_bonus":"BOSS_RELIC","is_daily":false,"chose_seed":false,"campfire_upgraded":1,"win_rate":0.0,"timestamp":1610411755,"path_taken":["M","M","$","?","?","E","R","E"],"items_purchased_type":["Card"],"build_version":"2020-12-22","purchased_purges":1,"victory":false,"max_hp_per_floor":[75,75,75,75,75,75,75,75,75],"card_choices":[{"not_picked":["Iron Wave","Clash","Thunderclap"],"picked":"SKIP","floor":1},{"not_picked":["Dark Embrace","Entrench"],"picked":"Twin Strike","floor":2},{"not_picked":["Entrench","Warcry"],"picked":"Wild Strike","floor":4},{"not_picked":["Clash","Havoc"],"picked":"Flame Barrier","floor":6}],"player_experience":45156,"relics_obtained":[{"floor":6,"key":"Question Card"},{"floor":6,"key":"HornCleat"}],"event_choices":[{"damage_healed":0,"gold_gain":0,"player_choice":"Grow","damage_taken":0,"max_hp_gain":0,"max_hp_loss":0,"event_name":"Living Wall","floor":5,"gold_loss":0,"cards_upgraded":["Wild Strike"]}],"is_beta":false,"boss_relics":[],"items_purged_floors":[3],"is_endless":false,"potions_floor_spawned":[2,4],"killed_by":"Lagavulin","ascension_level":20}}