{"host":"j9kxs091fhjybap3","time":1610413727,"event":{"mods":["100% Spire Juice","Act Like it!","BaseMod","Minty Spire (QoL Compilation)","StSLib"],"gold_per_floor":[109,125,125,139,139,139,183,203,256,256,271,271,284,67,67,187,187,203,224,9,9,32,32,65,65,91,116,116,139,139,163,163,294,294,319,333,351,351,156,197,197,197,251,251,265,265,283,7,7,7],"floor_reached":51,"playtime":4096,"items_purged":["Moonworks:SelfDestruct"],"score":805,"play_id":"63f0a320-46df-4e9c-a4ee-d437baa8e466","local_time":"20210111200847","is_ascension_mode":false,"campfire_choices":[{"data":"Moonworks:TacticalRetreat","floor":6,"key":"SMITH"},{"floor":12,"key":"REST"},{"data":"Moonworks:Flamethrower","floor":15,"key":"SMITH"},{"data":"Moonworks:Ambush","floor":23,"key":"SMITH"},{"floor":25,"key":"REST"},{"data":"Moonworks:AnotherUltimateWeapon","floor":28,"key":"SMITH"},{"data":"Moonworks:BackdoorTrade","floor":32,"key":"SMITH"},{"floor":41,"key":"REST"},{"floor":46,"key":"REST"},{"data":"Moonworks:FinalSurgery","floor":49,"key":"SMITH"}],"circlet_count":0,"master_deck":["Moonworks:Strike","Moonworks:Defend","Moonworks:Defend","Moonworks:Defend","Moonworks:Defend","Moonworks:Ambush+1","Moonworks:LongDistanceShot","Moonworks:BackdoorTrade+1","Moonworks:TacticalRetreat+1","Moonworks:Flamethrower+1","Moonworks:AnotherUltimateWeapon+1","Moonworks:NicePresent+1","Moonworks:FinalSurgery+1","Moonworks:WindyEnchantment","Moonworks:Dash+1","Moonworks:MeltingMemories","Master of Strategy"],"relics":["Moonworks:BrokenBomb","Moonworks:Homemark","NeowsBlessing","Golden Idol","Ornamental Fan","Toy Ornithopter","PreservedInsect","SlaversCollar","Blood Vial","Strawberry","Empty Cage","Incense Burner","Pen Nib","Lee\u0027s Waffle"],"acts_visited":["Exordium","TheCity","TheBeyond"],"potions_floor_usage":[8,16,16,22,27,29,33,38,40,50,50,50],"damage_taken":[{"damage":0,"enemies":"2 Louse","floor":1,"turns":1},{"damage":0,"enemies":"Jaw Worm","floor":2,"turns":1},{"damage":0,"enemies":"Cultist","floor":4,"turns":1},{"damage":3,"enemies":"3 Sentries","floor":7,"turns":12},{"damage":9,"enemies":"Gremlin Gang","floor":8,"turns":4},{"damage":0,"enemies":"Large Slime","floor":11,"turns":5},{"damage":0,"enemies":"Red Slaver","floor":13,"turns":3},{"damage":0,"enemies":"3 Louse","floor":14,"turns":2},{"damage":28,"enemies":"The Guardian","floor":16,"turns":13},{"damage":9,"enemies":"Spheric Guardian","floor":18,"turns":5},{"damage":0,"enemies":"Shell Parasite","floor":19,"turns":4},{"damage":5,"enemies":"Centurion and Healer","floor":20,"turns":8},{"damage":6,"enemies":"Snake Plant","floor":22,"turns":3},{"damage":3,"enemies":"Slavers","floor":24,"turns":4},{"damage":0,"enemies":"Chosen and Byrds","floor":27,"turns":4},{"damage":8,"enemies":"Centurion and Healer","floor":29,"turns":4},{"damage":0,"enemies":"Snake Plant","floor":31,"turns":2},{"damage":0,"enemies":"Automaton","floor":33,"turns":6},{"damage":0,"enemies":"Orb Walker","floor":35,"turns":4},{"damage":35,"enemies":"3 Darklings","floor":36,"turns":5},{"damage":0,"enemies":"Sphere and 2 Shapes","floor":37,"turns":5},{"damage":0,"enemies":"Writhing Mass","floor":38,"turns":1},{"damage":61,"enemies":"Nemesis","floor":40,"turns":7},{"damage":20,"enemies":"Maw","floor":45,"turns":6},{"damage":17,"enemies":"Spire Growth","floor":47,"turns":5},{"damage":14,"enemies":"Awakened One","floor":50,"turns":14}],"seed_played":"9059542972177746063","potions_obtained":[{"floor":4,"key":"Energy Potion"},{"floor":13,"key":"FearPotion"},{"floor":14,"key":"PowerPotion"},{"floor":19,"key":"SpeedPotion"},{"floor":24,"key":"LiquidBronze"},{"floor":27,"key":"Ancient Potion"},{"floor":31,"key":"SkillPotion"},{"floor":35,"key":"SmokeBomb"},{"floor":37,"key":"Regen Potion"},{"floor":45,"key":"CultistPotion"}],"is_trial":false,"path_per_floor":["M","M","?","M","$","R","E","M","T","T","M","R","M","M","R","B",null,"M","M","M","$","M","R","E","R","T","M","R","M","?","M","R","B",null,"M","M","M","M","$","E","R","?","T","?","M","R","M","$","R","B",null],"character_chosen":"THE_STARBREAKER","items_purchased":["Lee\u0027s Waffle","Regen Potion","Dexterity Potion"],"campfire_rested":4,"item_purchase_floors":[48,48,48],"current_hp_per_floor":[60,60,45,45,45,45,42,33,33,33,33,51,51,51,51,32,60,51,51,46,46,45,45,42,60,67,67,67,59,59,61,61,67,67,67,32,40,47,47,12,32,32,32,37,19,39,24,74,74,74],"gold":7,"neow_bonus":"THREE_ENEMY_KILL","is_daily":false,"chose_seed":false,"campfire_upgraded":6,"win_rate":0.0,"timestamp":1610413727,"path_taken":["M","M","?","M","$","R","E","M","T","?","M","R","?","M","R","BOSS","M","M","M","$","?","R","E","R","T","?","R","M","?","?","R","BOSS","M","M","M","M","$","E","R","?","T","?","M","R","?","$","R","BOSS"],"items_purchased_type":["Relic","Potion","Potion"],"build_version":"2020-12-22","purchased_purges":1,"victory":true,"max_hp_per_floor":[60,60,60,60,60,60,60,60,60,60,60,60,60,60,60,60,60,60,60,60,60,60,60,60,60,67,67,67,67,67,67,67,67,67,67,67,67,67,67,67,67,67,67,67,67,67,67,74,74,74],"card_choices":[{"not_picked":["Moonworks:IndiscriminateFireSupport","Moonworks:CloudOfSeagulls"],"picked":"Moonworks:BackdoorTrade","floor":1},{"not_picked":["Moonworks:MiracleWalker","Moonworks:Assault"],"picked":"Moonworks:TacticalRetreat","floor":2},{"not_picked":["Moonworks:Dinner","Moonworks:JonathanRush","Moonworks:CloudOfSeagulls"],"picked":"SKIP","floor":4},{"not_picked":["Moonworks:Poppoformation","Moonworks:ImOnFire"],"picked":"Moonworks:Flamethrower","floor":7},{"not_picked":["Moonworks:CloudOfSeagulls","Moonworks:JonathanRush","Moonworks:IndiscriminateFireSupport"],"picked":"SKIP","floor":8},{"not_picked":["Moonworks:IndiscriminateFireSupport","Moonworks:CloudOfSeagulls","Moonworks:Dinner"],"picked":"SKIP","floor":11},{"not_picked":["Moonworks:NicePresent","Moonworks:OutOfAmmo","Moonworks:JonathanRush"],"picked":"SKIP","floor":13},{"not_picked":["Moonworks:ImOnFire","Moonworks:BigMagnum"],"picked":"Moonworks:LulusLuckyEgg","floor":14},{"not_picked":["Moonworks:FinalBattle","Moonworks:Gamble"],"picked":"Moonworks:AnotherUltimateWeapon","floor":16},{"not_picked":["Moonworks:JonathanRush+1","Moonworks:LulusLuckyEgg"],"picked":"Moonworks:NicePresent+1","floor":18},{"not_picked":["Moonworks:Assault","Moonworks:Dash+1"],"picked":"Moonworks:FinalSurgery","floor":19},{"not_picked":["Moonworks:NicePresent+1","Moonworks:LulusLuckyEgg"],"picked":"Moonworks:WindyEnchantment","floor":20},{"not_picked":["Moonworks:BeyondHell","Moonworks:MiracleWalker","Moonworks:EvilSpyWorkPreparation"],"picked":"SKIP","floor":22},{"not_picked":["Moonworks:DeployBits","Moonworks:BigMagnum+1","Moonworks:CloudOfSeagulls"],"picked":"SKIP","floor":24},{"not_picked":["Moonworks:EvilSpyWorkPreparation","Moonworks:SakisCookie","Moonworks:StiffCrystal"],"picked":"SKIP","floor":27},{"not_picked":["Moonworks:JonathanRush","Moonworks:DeployBits","Moonworks:Bloodlust"],"picked":"SKIP","floor":29},{"not_picked":["Moonworks:StiffCrystal+1","Moonworks:JonathanRush"],"picked":"Moonworks:Dash+1","floor":31},{"not_picked":["Moonworks:MetallicMonocoque","Moonworks:SinkOrSwim"],"picked":"Moonworks:MeltingMemories","floor":33},{"not_picked":["Moonworks:Assault+1","Moonworks:RedAndBlue","Moonworks:EvilSpyWorkPreparation"],"picked":"SKIP","floor":35},{"not_picked":["Moonworks:LulusLuckyEgg+1","Moonworks:SelfDestruct","Moonworks:NicePresent+1"],"picked":"SKIP","floor":36},{"not_picked":["Moonworks:EvilSpyWorkPreparation+1","Moonworks:StiffCrystal+1","Moonworks:BackdoorTrade+1"],"picked":"SKIP","floor":37},{"not_picked":["Moonworks:ImOnFire","Moonworks:BigMagnum","Moonworks:IndiscriminateFireSupport"],"picked":"SKIP","floor":40},{"not_picked":["Apotheosis","Magnetism"],"picked":"Master of Strategy","floor":42},{"not_picked":["Moonworks:MiracleWalker","Moonworks:DeployBits","Moonworks:IntelligenceOfficer+1"],"picked":"SKIP","floor":45},{"not_picked":["Moonworks:CloudOfSeagulls+1","Moonworks:JonathanRush","Moonworks:DeployBits"],"picked":"SKIP","floor":47}],"player_experience":943765,"relics_obtained":[{"floor":7,"key":"Ornamental Fan"},{"floor":9,"key":"Toy Ornithopter"},{"floor":10,"key":"PreservedInsect"},{"floor":24,"key":"Blood Vial"},{"floor":26,"key":"Strawberry"},{"floor":40,"key":"Incense Burner"},{"floor":43,"key":"Pen Nib"}],"event_choices":[{"damage_healed":0,"gold_gain":0,"player_choice":"Take Damage","damage_taken":15,"relics_obtained":["Golden Idol"],"max_hp_gain":0,"max_hp_loss":0,"event_name":"Golden Idol","floor":3,"gold_loss":0},{"damage_healed":0,"gold_gain":0,"cards_transformed":["Moonworks:Strike"],"player_choice":"Transformed","damage_taken":0,"max_hp_gain":0,"max_hp_loss":0,"event_name":"Transmorgrifier","floor":30,"gold_loss":0,"cards_obtained":["Moonworks:SelfDestruct"]},{"damage_healed":0,"gold_gain":0,"player_choice":"Memory 1","damage_taken":0,"max_hp_gain":0,"max_hp_loss":0,"event_name":"SensoryStone","floor":42,"gold_loss":0},{"cards_removed":["Moonworks:LulusLuckyEgg"],"damage_healed":5,"gold_gain":0,"player_choice":"Offered Common","damage_taken":0,"max_hp_gain":0,"max_hp_loss":0,"event_name":"Bonfire Elementals","floor":44,"gold_loss":0},{"cards_removed":["Moonworks:LulusLuckyEgg"],"damage_healed":5,"gold_gain":0,"player_choice":"Offered Special","damage_taken":0,"max_hp_gain":0,"max_hp_loss":0,"event_name":"Bonfire Elementals","floor":44,"gold_loss":0}],"is_beta":false,"boss_relics":[{"not_picked":["Snecko Eye","Tiny House"],"picked":"SlaversCollar"},{"not_picked":["SacredBark","Astrolabe"],"picked":"Empty Cage"}],"items_purged_floors":[39],"is_endless":false,"potions_floor_spawned":[4,13,14,19,24,27,31,35,37,45],"ascension_level":0}}