{"host":"r6wilvrr1tovskr2","time":1610454819,"event":{"mods":["2.2 Compatiblity","AchievementEnabler","Aspiration","BaseMod","Beaked The Cultist","Bestiary","Better Altar","Better Match","Better Note","Better Sensory Stone","Better Skull","Better Third Choice","Colored Powertips","Conspire","Curses Come First","Downfall","Energized Spire","GifTheSpireLib","Halation","Hermit","Highlight Path","Hubris","Infinite Spire","Marked Mod","Minty Spire (QoL Compilation)","Quick Restart","Replay The Spire","Shop Mod","Spicy Shops","Spikes Relics","StSLib","Stuff the Spire","The Blue Laboratory","The Cursed","The Disciple","The Gatherer","The Hierophant","The Necromancer","The Runesmith","vexMod"],"gold_per_floor":[0,13,52,52,74,59,129,129,129,129],"floor_reached":8,"playtime":561,"items_purged":[],"score":44,"play_id":"8e65ea3c-ec76-440b-ad5f-82d37a8bbc3d","local_time":"20210112063339","is_ascension_mode":false,"campfire_choices":[{"floor":1,"key":"RECALL"}],"circlet_count":0,"master_deck":["hexamod:Strike","hexamod:Strike","hexamod:Defend","hexamod:Defend","hexamod:Defend","hexamod:Defend","hexamod:Sear","hexamod:Float","hexamod:PhantomCloak","hexamod:GhostflameBarrier+1","hexamod:ShieldOfDarkness","hexamod:SpectralAdrenaline"],"relics":["hexamod:SpiritBrand","CeramicFish"],"acts_visited":["Exordium"],"potions_floor_usage":[8,8],"damage_taken":[{"damage":0,"enemies":"conspire:RoseBush","floor":2,"turns":4},{"damage":14,"enemies":"conspire:MimicChest","floor":3,"turns":7},{"damage":0,"enemies":"Small Slimes","floor":5,"turns":5},{"damage":0,"enemies":"downfall:FleeingMerchant","floor":6,"turns":4},{"damage":58,"enemies":"Gremlin Nob","floor":8,"turns":5}],"seed_played":"-7288545366227105586","potions_obtained":[{"floor":3,"key":"hexamod:DoubleChargePotion"},{"floor":5,"key":"FearPotion"}],"is_trial":false,"path_per_floor":["R","M","?","?","M","$","T","E"],"character_chosen":"THE_SPIRIT","items_purchased":[],"campfire_rested":0,"item_purchase_floors":[],"current_hp_per_floor":[70,70,56,56,56,56,56,0,0,0],"gold":129,"neow_bonus":"TRANSFORM_TWO_CARDS","is_daily":false,"chose_seed":false,"campfire_upgraded":0,"win_rate":0.0,"timestamp":1610454819,"path_taken":["R","M","?","?","?","?","T","E"],"items_purchased_type":[],"build_version":"2020-12-22","purchased_purges":0,"victory":false,"max_hp_per_floor":[70,70,70,70,70,70,70,70,70,70],"card_choices":[{"not_picked":["hexamod:HauntingEcho","hexamod:RainOfEmbers","hexamod:SpectersWail"],"picked":"SKIP","floor":2},{"not_picked":["hexamod:SixthSeal","hexamod:AdvancingGuard"],"picked":"hexamod:ShieldOfDarkness","floor":3},{"not_picked":["hexamod:SpectersWail","hexamod:SwordOfDarkness"],"picked":"hexamod:SpectralAdrenaline","floor":5},{"not_picked":["hexamod:Again","hexamod:Hexaguard","hexamod:InspiringFlames"],"picked":"SKIP","floor":6}],"player_experience":1274569,"relics_obtained":[{"floor":3,"key":"CeramicFish"}],"event_choices":[{"damage_healed":0,"gold_gain":0,"player_choice":"Upgraded","damage_taken":0,"max_hp_gain":0,"max_hp_loss":0,"event_name":"Upgrade Shrine","floor":4,"gold_loss":0,"cards_upgraded":["hexamod:GhostflameBarrier"]}],"is_beta":false,"boss_relics":[],"items_purged_floors":[],"is_endless":false,"potions_floor_spawned":[3,5],"killed_by":"Gremlin Nob","ascension_level":0}}