{"host":"tm3ghj8mno6gwywm","time":1610447444,"event":{"mods":["2.2 Compatiblity","AchievementEnabler","Bard","BaseMod","Beaked The Cultist","Better Third Choice","Colored Map","Colored Powertips","Conspire","Downfall","Glutton Mod","GungeonMod","Halation","Hermit","Hubris","Infinite Spire","Jorbs\u0027s Wanderer Trilogy","Lobotomy","Mad Scientist","Marisa????????","Marked Mod","Mimic Mod","Minty Spire (QoL Compilation)","Potionbrewer","Quick Restart","READ ME - Guardian Mod","Replay The Spire","Shade Mod","Shop Mod","Somnambulant","Spicy Shops","StSLib","SuperFastMode","The Bug Knight","The Construct","The Cursed","The Disciple","The Factory","The Hierophant","The IronCluck","The Judge","The Jungle","The Necromancer","The Runesmith","The Servant 0.9.4","egg"],"gold_per_floor":[99,109,122,122,8,7,7,22,37,49,79,91,91,108,127,226,226,1,13,13,65,81,99,99,45,45,45,30,47,97,130,149,245,245,245,258,275,294,131,142,142,142,153,153,172,189,189,209,220,220,220,220,251,149,149,149],"floor_reached":57,"playtime":2020,"items_purged":["hubris:Despair","Normality","Writhe"],"score":1384,"play_id":"c5bba038-8a11-45dc-be90-652d2b337506","local_time":"20210112053044","is_ascension_mode":false,"campfire_choices":[{"floor":1,"key":"RECALL"},{"floor":13,"key":"REST"},{"data":"Guardian:CurlUp","floor":18,"key":"SMITH"},{"data":"Guardian:TwinSlam","floor":26,"key":"SMITH"},{"data":"Guardian:Defend_Guardian","floor":35,"key":"SMITH"},{"data":"Guardian:Defend_Guardian","floor":44,"key":"SMITH"},{"data":"Guardian:Defend_Guardian","floor":47,"key":"SMITH"},{"data":"Guardian:Defend_Guardian","floor":55,"key":"SMITH"}],"circlet_count":0,"master_deck":["Guardian:Strike_Guardian","Guardian:Strike_Guardian","Guardian:Strike_Guardian","Guardian:Strike_Guardian","Guardian:Defend_Guardian+1","Guardian:Defend_Guardian+1","Guardian:Defend_Guardian+1","Guardian:Defend_Guardian+1","Guardian:CurlUp+1","Guardian:TwinSlam+1","Guardian:FierceBash+1","Guardian:TimeCapacitor+1","Guardian:Planning+1","Guardian:Recover+1","Guardian:Incinerate+1","Guardian:ShieldCharger+1","Guardian:Repulse+1","Guardian:TemporalStrike+1","Guardian:ExploitGems+1","Guardian:ChargeCore+1","Guardian:Orbwalk+1","Guardian:TimeBomb+1","Guardian:Recover+1","Guardian:ShieldCharger+1","Guardian:ChargeUp+1","Guardian:MultiBeam+1","Guardian:PolyBeam+1","Guardian:ChargeUp+1","Guardian:Reroute+1","Guardian:ChargeUp+1","Guardian:AncientConstruct+1","Replay:SS_forest_2+1","Guardian:PolyBeam+1","Guardian:Gem_Lightblue","Guardian:FuturePlans+1","Guardian:Gem_White"],"relics":["Guardian:ModeShifter","Lizard Tail","Mummified Hand","Black Star","Molten Egg 2","Toxic Egg 2","Frozen Egg 2","Quantum Egg","Membership Card","WingedGreaves","hexamod:BolsterEngine","ReplayTheSpireMod:CursedCoin","MealTicket","potionbrewer:SlideRule","ChewingGum","downfall:HeartBlessingRed","downfall:HeartBlessingGreen","downfall:HeartBlessingBlue","conspire:Flyswatter","infinitespire:CheckeredPen","Bottled Flame","downfall:RedIOU","DemoMod:WhiteGuonStone","Pocketwatch","potionbrewer:Torch","Potion Belt","Replay:Rubber Ducky","halation:AfternoonTea","ClockworkSouvenir","Mirror","Kunai","hubris:ToyBattleship","Lantern"],"acts_visited":["Exordium","TheCity","TheBeyond","TheEnding"],"potions_floor_usage":[16,25,33,53,53,56,56,56,56,56],"damage_taken":[{"damage":12,"enemies":"infinitespire:Voidling","floor":2,"turns":4},{"damage":0,"enemies":"Jaw Worm","floor":3,"turns":4},{"damage":0,"enemies":"downfall:FleeingMerchant","floor":5,"turns":4},{"damage":13,"enemies":"downfall:FleeingMerchant","floor":6,"turns":4},{"damage":0,"enemies":"Cultist","floor":8,"turns":4},{"damage":0,"enemies":"Exordium Wildlife","floor":9,"turns":4},{"damage":14,"enemies":"Exordium Thugs","floor":10,"turns":5},{"damage":0,"enemies":"HollowMod:MossKnight","floor":11,"turns":6},{"damage":0,"enemies":"2 Fungi Beasts","floor":12,"turns":3},{"damage":0,"enemies":"HollowMod:HuskWarrior","floor":14,"turns":5},{"damage":0,"enemies":"Red Slaver","floor":15,"turns":3},{"damage":27,"enemies":"downfall:Silent","floor":16,"turns":10},{"damage":0,"enemies":"Shell Parasite","floor":19,"turns":3},{"damage":8,"enemies":"3 Byrds","floor":22,"turns":6},{"damage":10,"enemies":"Centurion and Healer","floor":23,"turns":4},{"damage":3,"enemies":"downfall:FleeingMerchant","floor":25,"turns":4},{"damage":0,"enemies":"downfall:FleeingMerchant","floor":28,"turns":4},{"damage":10,"enemies":"Shelled Parasite and Fungi","floor":29,"turns":6},{"damage":0,"enemies":"conspire:Head Lice","floor":31,"turns":7},{"damage":6,"enemies":"Snecko","floor":32,"turns":4},{"damage":14,"enemies":"downfall:Ironclad","floor":33,"turns":6},{"damage":8,"enemies":"Orb Walker","floor":36,"turns":3},{"damage":0,"enemies":"3 Darklings","floor":37,"turns":4},{"damage":0,"enemies":"Sphere and 2 Shapes","floor":38,"turns":4},{"damage":0,"enemies":"downfall:FleeingMerchant","floor":39,"turns":1},{"damage":0,"enemies":"Writhing Mass","floor":40,"turns":4},{"damage":0,"enemies":"Maw","floor":43,"turns":4},{"damage":9,"enemies":"Sphere and 2 Shapes","floor":45,"turns":3},{"damage":4,"enemies":"Maw","floor":46,"turns":6},{"damage":0,"enemies":"Sphere and 2 Shapes","floor":48,"turns":5},{"damage":21,"enemies":"HollowMod:SlobberingHusk","floor":49,"turns":6},{"damage":0,"enemies":"downfall:Watcher","floor":50,"turns":6},{"damage":0,"enemies":"downfall:CharBossMerchant","floor":53,"turns":7},{"damage":1,"enemies":"downfall:NeowBoss","floor":56,"turns":17}],"seed_played":"-192787758570832412","potions_obtained":[{"floor":3,"key":"potionbrewer:AcidPotion"},{"floor":8,"key":"SteroidPotion"},{"floor":9,"key":"SkillPotion"},{"floor":16,"key":"potionbrewer:AcidPotion"},{"floor":19,"key":"PowerPotion"},{"floor":29,"key":"PowerPotion"},{"floor":32,"key":"Swift Potion"},{"floor":33,"key":"EssenceOfSteel"},{"floor":40,"key":"Reflective Coating"},{"floor":53,"key":"DemoMod:LeadSkinPotion"}],"is_trial":false,"path_per_floor":["R","M","M","?","$","$","T","M","M","M","E","M","R","M","M","B",null,"R","M","?","?","M","M","T","$","R","?","$","M","T","E","M","B",null,"R","M","M","M","$","M","T","?","M","R","M","M","R","M","M","B",null,null,"E","$","R","B",null],"character_chosen":"GUARDIAN","items_purchased":["hexamod:BolsterEngine","Guardian:Incinerate+1","ReplayTheSpireMod:CursedCoin","Guardian:Repulse+1","DemoMod:PoisonVial","Potion Belt","Guardian:Gem_Fragmented","Guardian:ChargeUp+1","PowerPotion","Replay:Rubber Ducky","halation:AfternoonTea","ClockworkSouvenir","Lantern","Adrenaline Potion"],"campfire_rested":1,"item_purchase_floors":[5,5,6,6,25,39,39,39,39,39,39,39,54,54],"current_hp_per_floor":[80,72,72,72,72,59,59,59,59,45,45,45,69,69,69,42,80,90,90,90,90,82,72,72,84,84,84,90,80,80,80,74,60,90,90,82,82,82,90,90,90,90,90,90,81,77,77,77,56,56,56,90,90,90,90,89],"gold":149,"neow_bonus":"ONE_RANDOM_RARE_CARD","is_daily":false,"chose_seed":false,"campfire_upgraded":6,"win_rate":0.0,"timestamp":1610447444,"path_taken":["R","M","?","?","$","$","T","M","M","M","E","?","R","?","M","BOSS","R","M","?","?","M","M","T","$","R","?","$","M","?","E","M","BOSS","R","M","M","?","?","M","T","?","M","R","M","M","R","M","M","BOSS","E","$","R","BOSS"],"items_purchased_type":["Relic","Card","Relic","Card","Relic","Relic","Card","Card","Potion","Relic","Relic","Relic","Card","Potion"],"build_version":"2020-12-22","purchased_purges":3,"victory":true,"max_hp_per_floor":[80,80,80,80,80,80,80,80,80,80,80,80,80,80,80,80,80,90,90,90,90,90,90,90,90,90,90,90,90,90,90,90,90,90,90,90,90,90,90,90,90,90,90,90,90,90,90,90,90,90,90,90,90,90,90,90],"card_choices":[{"not_picked":["Guardian:PrimingBeam+1","Guardian:Gem_Green"],"picked":"Guardian:TimeCapacitor+1","floor":2},{"not_picked":["Guardian:Preprogram+1","Guardian:Gem_Lightblue"],"picked":"Guardian:Planning+1","floor":3},{"not_picked":["Guardian:Gem_Lightblue","Guardian:SphericShield+1"],"picked":"Guardian:Recover+1","floor":5},{"not_picked":["Guardian:PrimingBeam+1","Guardian:Gem_Cyan"],"picked":"Guardian:ShieldCharger+1","floor":6},{"not_picked":["Guardian:DecasProtection+1","Guardian:DonusPower+1"],"picked":"Guardian:TemporalStrike+1","floor":8},{"not_picked":["Guardian:PrimingBeam+1","Guardian:PiercingHide+1"],"picked":"Guardian:ExploitGems+1","floor":9},{"not_picked":["Guardian:WalkerClaw+1","Guardian:SpikerProtocol+1"],"picked":"Guardian:ChargeCore+1","floor":10},{"not_picked":["Guardian:CrystalBeam+1","Guardian:Repulse+1"],"picked":"Guardian:Orbwalk+1","floor":11},{"not_picked":["Guardian:RefractedBeam+1","Guardian:Gem_Lightblue"],"picked":"Guardian:TimeBomb+1","floor":12},{"not_picked":["Guardian:Repulse+1","Guardian:Gem_Red"],"picked":"Guardian:Gem_White","floor":14},{"not_picked":["Guardian:Gem_Lightblue","Guardian:PrismaticBarrier+1"],"picked":"Guardian:Recover+1","floor":15},{"not_picked":["Guardian:Gem_Lightblue","Guardian:CrystalBeam+1"],"picked":"Guardian:Gem_Purple","floor":19},{"not_picked":["Guardian:PrimingBeam+1","Guardian:ShieldSpikes+1"],"picked":"Guardian:Gem_Red","floor":21},{"not_picked":["Guardian:BronzeOrb+1","Guardian:RefractedBeam+1"],"picked":"Guardian:Gem_Crimson","floor":21},{"not_picked":["Guardian:RefractedBeam+1","Guardian:Gem_Red"],"picked":"Guardian:ShieldCharger+1","floor":22},{"not_picked":["Guardian:VentSteam+1","Guardian:SentryBeam+1"],"picked":"Guardian:Gem_Blue","floor":23},{"not_picked":["Guardian:BaubleBeam+1","Guardian:Recover+1"],"picked":"Guardian:ChargeUp+1","floor":25},{"not_picked":["Guardian:Clone+1","Guardian:Gem_Red"],"picked":"Guardian:Gem_Green","floor":28},{"not_picked":["Guardian:Gem_Red","Guardian:Suspension+1"],"picked":"Guardian:MultiBeam+1","floor":29},{"not_picked":["Guardian:Repulse+1","Guardian:PrismaticBeam+1"],"picked":"Guardian:PolyBeam+1","floor":31},{"not_picked":["Guardian:PiercingHide+1","Guardian:Recover+1","Guardian:Gem_Green"],"picked":"SKIP","floor":32},{"not_picked":["Guardian:RevengeProtocol+1","Guardian:AncientConstruct+1"],"picked":"Guardian:Gem_Synthetic","floor":33},{"not_picked":["Guardian:ChargeCore+1","Guardian:PiercingHide+1"],"picked":"Guardian:ChargeUp+1","floor":36},{"not_picked":["Guardian:SentryBeam+1","Guardian:PrimingBeam+1"],"picked":"Guardian:Gem_Green","floor":37},{"not_picked":["Guardian:Suspension+1","Guardian:GuardianWhirl+1"],"picked":"Guardian:Gem_Fragmented","floor":38},{"not_picked":["Guardian:Gem_Crimson","Guardian:Gem_Fragmented"],"picked":"Guardian:Reroute+1","floor":39},{"not_picked":["Guardian:Gem_Red","Guardian:TemporalStrike+1"],"picked":"Guardian:AncientConstruct+1","floor":40},{"not_picked":["expansioncontent:PolyBeam+1","expansioncontent:LastStand+1"],"picked":"Replay:SS_forest_2+1","floor":42},{"not_picked":["Guardian:SpikerProtocol+1","Guardian:Recover+1"],"picked":"Guardian:PolyBeam+1","floor":43},{"not_picked":["Guardian:EvasiveProtocol+1","Guardian:ShieldCharger+1","Guardian:Gem_Green"],"picked":"SKIP","floor":45},{"not_picked":["Guardian:BronzeOrb+1","Guardian:Preprogram+1"],"picked":"Guardian:Gem_Purple","floor":46},{"not_picked":["Guardian:Gem_Red","Guardian:WalkerClaw+1"],"picked":"Guardian:Gem_Lightblue","floor":48},{"not_picked":["Guardian:FloatingOrbs+1","Guardian:MultiBeam+1"],"picked":"Guardian:FuturePlans+1","floor":49},{"not_picked":["Guardian:Gem_Crimson","Guardian:ChargeCore+1"],"picked":"Guardian:Gem_White","floor":53}],"player_experience":809837,"relics_obtained":[{"floor":11,"key":"MealTicket"},{"floor":11,"key":"potionbrewer:SlideRule"},{"floor":21,"key":"infinitespire:CheckeredPen"},{"floor":24,"key":"Bottled Flame"},{"floor":30,"key":"DemoMod:WhiteGuonStone"},{"floor":31,"key":"Pocketwatch"},{"floor":31,"key":"potionbrewer:Torch"},{"floor":41,"key":"Mirror"},{"floor":53,"key":"Kunai"},{"floor":53,"key":"hubris:ToyBattleship"}],"event_choices":[{"damage_healed":0,"gold_gain":0,"player_choice":"Ignored","damage_taken":0,"max_hp_gain":0,"max_hp_loss":0,"event_name":"NoteForYourself","floor":4,"gold_loss":0}],"is_beta":false,"boss_relics":[{"not_picked":["ReplayTheSpireMod:SealedPack","hubris:VirtuousBlindfold"],"picked":"ChewingGum"},{"not_picked":["Black Star","halation:LoveArrow","Pandora\u0027s Box"]}],"items_purged_floors":[6,39,39],"is_endless":false,"potions_floor_spawned":[3,8,9,12,14,16,19,22,29,32,33,36,40,43,45,53],"ascension_level":0}}