{"host":"l0047jjvlunvhvbu","time":1610437223,"event":{"mods":["BaseMod","Colored Map","Colored Powertips","GifTheSpireLib","Minty Spire (QoL Compilation)","Permanent Neow","Quick Restart","StSLib"],"gold_per_floor":[109,122,122,122,138,138,169,182,182,182,182,207,207,219,219,322,322,341,351,362,66,87,87,119,119,146,173,191,36,145,145,145,252,302,322,247,259,259,271,301,301,301,301],"floor_reached":42,"playtime":2900,"items_purged":["Strike_B"],"score":666,"play_id":"e119efa6-b36f-48f4-99f2-179ae76d219b","local_time":"20210112084023","is_ascension_mode":true,"campfire_choices":[{"data":"Fission","floor":6.0,"key":"SMITH"},{"data":"Beam Cell","floor":10.0,"key":"SMITH"},{"data":"Go for the Eyes","floor":13.0,"key":"SMITH"},{"data":"Fission","floor":15.0,"key":"SMITH"},{"data":"1","floor":23.0,"key":"LIFT"},{"floor":25.0,"key":"REST"},{"floor":32.0,"key":"REST"},{"floor":41,"key":"REST"}],"circlet_count":0,"master_deck":["Strike_B","Strike_B","Defend_B","Defend_B","Defend_B","Defend_B","Zap","Dualcast","All For One+1","Gash+1","Gash","Fission+1","Self Repair","Chill","Beam Cell+1","Go for the Eyes+1","Fission+1","Electrodynamics","CurseOfTheBell","Steam+1","Gash+1","Reinforced Body+1","Seek+1"],"relics":["Cracked Core","Whetstone","Anchor","Matryoshka","Calling Bell","CeramicFish","Molten Egg 2","Turnip","Girya","Incense Burner","Mummified Hand","Dream Catcher","Symbiotic Virus","Bag of Marbles","FossilizedHelix","Darkstone Periapt","Tiny House","Vajra"],"acts_visited":["Exordium","TheCity","TheBeyond"],"potions_floor_usage":[],"damage_taken":[{"damage":0.0,"enemies":"Cultist","floor":1.0,"turns":3.0},{"damage":0.0,"enemies":"2 Louse","floor":2.0,"turns":2.0},{"damage":0.0,"enemies":"Small Slimes","floor":5.0,"turns":2.0},{"damage":30.0,"enemies":"Lagavulin","floor":7.0,"turns":6.0},{"damage":0.0,"enemies":"Exordium Wildlife","floor":8.0,"turns":2.0},{"damage":6.0,"enemies":"3 Sentries","floor":12.0,"turns":7.0},{"damage":1.0,"enemies":"3 Louse","floor":14.0,"turns":3.0},{"damage":21.0,"enemies":"Hexaghost","floor":16.0,"turns":7.0},{"damage":0.0,"enemies":"Spheric Guardian","floor":18.0,"turns":3.0},{"damage":0.0,"enemies":"Shell Parasite","floor":19.0,"turns":2.0},{"damage":0.0,"enemies":"3 Cultists","floor":20.0,"turns":4.0},{"damage":34.0,"enemies":"Centurion and Healer","floor":22.0,"turns":5.0},{"damage":20.0,"enemies":"Book of Stabbing","floor":24.0,"turns":4.0},{"damage":22.0,"enemies":"Gremlin Leader","floor":27.0,"turns":6.0},{"damage":0.0,"enemies":"Cultist and Chosen","floor":28.0,"turns":3.0},{"damage":4.0,"enemies":"Colosseum Slavers","floor":30.0,"turns":3.0},{"damage":25.0,"enemies":"Colosseum Nobs","floor":30.0,"turns":4.0},{"damage":36.0,"enemies":"Automaton","floor":33.0,"turns":7.0},{"damage":0.0,"enemies":"3 Shapes","floor":35.0,"turns":4.0},{"damage":14.0,"enemies":"3 Darklings","floor":37.0,"turns":4.0},{"damage":0.0,"enemies":"Jaw Worm Horde","floor":39.0,"turns":4.0},{"damage":50,"enemies":"Reptomancer","floor":40,"turns":6},{"damage":54,"enemies":"Transient","floor":42,"turns":5}],"seed_played":"4284000124919809850","potions_obtained":[{"floor":1.0,"key":"Explosive Potion"},{"floor":5.0,"key":"SteroidPotion"},{"floor":7.0,"key":"Weak Potion"},{"floor":14.0,"key":"AttackPotion"},{"floor":19.0,"key":"Energy Potion"},{"floor":24.0,"key":"DuplicationPotion"},{"floor":30.0,"key":"DuplicationPotion"},{"floor":34.0,"key":"DuplicationPotion"},{"floor":37.0,"key":"BlessingOfTheForge"}],"is_trial":false,"path_per_floor":["M","M","?","$","M","R","E","M","T","R","?","E","R","M","R","B",null,"M","M","M","$","M","R","E","R","T","E","M","$","?","?","R","B",null,"M","$","M","?","M","E","R","M"],"character_chosen":"DEFECT","items_purchased":["Girya","Bag of Marbles"],"campfire_rested":3,"item_purchase_floors":[21,29],"current_hp_per_floor":[68,68,68,68,68,68,45,52,52,52,52,53,53,59,59,45,62,62,62,68,68,41,41,28,48,48,33,40,40,25,25,45,16,60,67,67,60,60,67,24,45,0,0],"gold":301,"neow_bonus":"THREE_RARE_CARDS","is_daily":false,"chose_seed":false,"campfire_upgraded":4,"win_rate":0.0,"timestamp":1610437223,"path_taken":["M","?","?","$","M","R","E","M","T","R","?","E","R","M","R","BOSS","M","M","M","$","M","R","E","R","T","E","M","$","?","?","R","BOSS","M","?","M","?","M","E","R","M"],"items_purchased_type":["Relic","Relic"],"build_version":"2020-12-22","purchased_purges":1,"victory":false,"max_hp_per_floor":[68,68,68,68,68,68,68,68,68,68,68,68,68,68,68,68,68,68,68,68,68,68,68,68,68,68,68,68,68,68,68,68,68,73,73,73,73,73,73,73,73,73,73],"card_choices":[{"not_picked":["Thunder Strike","Buffer"],"picked":"All For One","floor":0.0},{"not_picked":["Genetic Algorithm","Leap"],"picked":"Gash","floor":1.0},{"not_picked":["Sweeping Beam","Static Discharge"],"picked":"Gash","floor":2.0},{"not_picked":["Ball Lightning","Gash"],"picked":"Self Repair","floor":5.0},{"not_picked":["Coolheaded","Steam"],"picked":"Chill","floor":7.0},{"not_picked":["Coolheaded","Static Discharge"],"picked":"Beam Cell","floor":8.0},{"not_picked":["Defragment","Beam Cell"],"picked":"Go for the Eyes","floor":12.0},{"not_picked":["Undo","Compile Driver"],"picked":"Fission","floor":14.0},{"not_picked":["Fission","Thunder Strike"],"picked":"Electrodynamics","floor":16.0},{"not_picked":["Barrage+1","Hologram"],"picked":"Steam","floor":18.0},{"not_picked":["Turbo","Capacitor","Melter+1"],"picked":"SKIP","floor":19.0},{"not_picked":["Beam Cell+1","Redo","Darkness"],"picked":"SKIP","floor":20.0},{"not_picked":["Turbo","Streamline+1"],"picked":"Gash+1","floor":22.0},{"not_picked":["Rebound+1","Go for the Eyes+1","All For One+1"],"picked":"SKIP","floor":24.0},{"not_picked":["Heatsinks","Double Energy+1","Blizzard+1"],"picked":"SKIP","floor":27.0},{"not_picked":["Steam","Turbo","Barrage+1"],"picked":"SKIP","floor":28.0},{"not_picked":["Melter+1","Fusion+1"],"picked":"Reinforced Body+1","floor":30.0},{"not_picked":["Hyperbeam+1","Core Surge+1"],"picked":"Seek","floor":33.0},{"not_picked":["Gash+1","Glacier+1","Capacitor"],"picked":"SKIP","floor":35.0},{"not_picked":["Go for the Eyes+1","Chaos+1","Glacier+1"],"picked":"SKIP","floor":37.0},{"not_picked":["Blizzard+1","Genetic Algorithm+1","Compile Driver+1"],"picked":"SKIP","floor":39.0},{"not_picked":["Recycle","Meteor Strike+1","Cold Snap+1"],"picked":"SKIP","floor":40}],"player_experience":252626,"relics_obtained":[{"floor":7.0,"key":"Whetstone"},{"floor":9.0,"key":"Anchor"},{"floor":12.0,"key":"Matryoshka"},{"floor":17.0,"key":"CeramicFish"},{"floor":17.0,"key":"Molten Egg 2"},{"floor":17.0,"key":"Turnip"},{"floor":24.0,"key":"Incense Burner"},{"floor":26.0,"key":"Mummified Hand"},{"floor":26.0,"key":"Dream Catcher"},{"floor":27.0,"key":"Symbiotic Virus"},{"floor":30.0,"key":"FossilizedHelix"},{"floor":30.0,"key":"Darkstone Periapt"},{"floor":40,"key":"Vajra"}],"event_choices":[{"damage_healed":0.0,"max_hp_gain":0.0,"max_hp_loss":0.0,"gold_gain":0.0,"cards_transformed":["Strike_B"],"event_name":"Living Wall","player_choice":"Change","floor":3.0,"gold_loss":0.0,"damage_taken":0.0,"cards_obtained":["Fission"]},{"damage_healed":0.0,"max_hp_gain":0.0,"max_hp_loss":0.0,"gold_gain":0.0,"event_name":"Dead Adventurer","player_choice":"Searched \u00270\u0027 times","floor":11.0,"gold_loss":0.0,"damage_taken":0.0},{"damage_healed":0.0,"max_hp_gain":0.0,"max_hp_loss":0.0,"gold_gain":0.0,"event_name":"Colosseum","player_choice":"Fight","floor":30.0,"gold_loss":0.0,"damage_taken":0.0},{"damage_healed":0.0,"max_hp_gain":0.0,"max_hp_loss":0.0,"gold_gain":0.0,"event_name":"Colosseum","player_choice":"Fought Nobs","floor":30.0,"gold_loss":0.0,"damage_taken":0.0},{"damage_healed":0.0,"max_hp_gain":0.0,"max_hp_loss":0.0,"gold_gain":0.0,"event_name":"Upgrade Shrine","player_choice":"Upgraded","floor":31.0,"gold_loss":0.0,"damage_taken":0.0,"cards_upgraded":["Steam"]},{"damage_healed":0.0,"max_hp_gain":0.0,"max_hp_loss":0.0,"gold_gain":0.0,"event_name":"Tomb of Lord Red Mask","player_choice":"Ignored","floor":38.0,"gold_loss":0.0,"damage_taken":0.0}],"is_beta":false,"boss_relics":[{"not_picked":["Velvet Choker","SacredBark"],"picked":"Calling Bell"},{"not_picked":["Snecko Eye","Fusion Hammer"],"picked":"Tiny House"}],"items_purged_floors":[36],"is_endless":false,"potions_floor_spawned":[1,5,7,14,19,24,30,30,37],"killed_by":"Transient","ascension_level":8}}