{"host":"kta213tp32cz47du","time":1610455137,"event":{"mods":["BaseMod","Better Altar","Better Match","Better Note","Better Sensory Stone","Better Skull","Better Third Choice","Better Vampires","Colored Map","Colored Powertips","Conspire","Curses Come First","Displayed Cursed Tome","Downfall","Force Act Four","Hubris","Infinite Spire","JesterMod","Magitek Elite","Marisa????????","Minty Spire (QoL Compilation)","Permanent Neow","Potion Indicator Mod","QueenMod","Quick Restart","Rare Cards Sparkle","Replay The Spire","Shade Mod","Shop Mod","Spikes Relics","StSLib","The Animator","The Blue Laboratory","The Bug Knight","The Cursed","The Marked","The Servant 0.9.4","TheSwordswoman","TheVelvet","TheWitcher","vexMod"],"gold_per_floor":[112,112,112,130,130,157,157,66,66,66,81,81,95,121,121,220,220,237,237,262,187,203,233,233,233,233,18,56,72,72,89,141,245,245,268,27,50,50,75,107,133,147,147,147,174,193,193,221,221,329,329,329],"floor_reached":51,"playtime":5696,"items_purged":["Strike_B","Defend_B","Defend_B"],"score":799,"play_id":"8f62bb0a-094d-4449-85d2-0dcae5195610","local_time":"20210112123857","is_ascension_mode":false,"campfire_choices":[{"data":"Dualcast","floor":7.0,"key":"SMITH"},{"data":"hubris:Ukulele","floor":12,"key":"SMITH"},{"floor":15,"key":"DIG"},{"data":"Echo Form","floor":24,"key":"SMITH"},{"data":"hubris:Fate","floor":30,"key":"SMITH"}],"circlet_count":0,"master_deck":["Defend_B","Defend_B","Zap","Dualcast+1","Electrodynamics+1","Turbo","Rainbow","hubris:Ukulele+1","Conserve Battery","Core Surge","Glacier","Melter+1","Echo Form+1","Ball Lightning","hubris:Fate+1","Conserve Battery+1","ReplayTheSpireMod:System Scan+1","Defragment","expansioncontent:DecasProtection","Ball Lightning+1","Machine Learning","Parasite","Static Discharge","Buffer"],"relics":["Cracked Core","MerchantsRug","Replay:Bandana","Anchor","Velvet Choker","infinitespire:SolderingIron","HornCleat","FossilizedHelix","Replay:Wax Seal","Coffee Dripper","Prayer Wheel","conspire:GlowingRock","Replay:Baseball","Guard_Bracelet","hubris:Towel","conspire:Flyswatter","vexMod:CursedCompass"],"acts_visited":["Exordium","TheCity","TheBeyond","Exordium"],"potions_floor_usage":[16,18,23,50,50,50],"damage_taken":[{"damage":7.0,"enemies":"Small Slimes","floor":1.0,"turns":4.0},{"damage":0.0,"enemies":"2 Louse","floor":4.0,"turns":2.0},{"damage":12.0,"enemies":"3 Sentries","floor":6.0,"turns":3.0},{"damage":1,"enemies":"Jaw Worm","floor":11,"turns":2},{"damage":1,"enemies":"Exordium Wildlife","floor":13,"turns":3},{"damage":0,"enemies":"Large Slime","floor":14,"turns":2},{"damage":5,"enemies":"Fading Forest","floor":16,"turns":11},{"damage":0,"enemies":"2 Thieves","floor":18,"turns":2},{"damage":0,"enemies":"Chosen","floor":20,"turns":3},{"damage":0,"enemies":"Centurion and Healer","floor":22,"turns":6},{"damage":24,"enemies":"Slavers","floor":23,"turns":4},{"damage":0,"enemies":"Nightmare","floor":28,"turns":8},{"damage":0,"enemies":"Snake Plant","floor":29,"turns":2},{"damage":0,"enemies":"Snecko","floor":31,"turns":5},{"damage":9,"enemies":"Collector","floor":33,"turns":10},{"damage":0,"enemies":"3 Shapes","floor":35,"turns":3},{"damage":0,"enemies":"3 Darklings","floor":37,"turns":3},{"damage":0,"enemies":"Transient","floor":39,"turns":5},{"damage":0,"enemies":"Reptomancer","floor":40,"turns":2},{"damage":0,"enemies":"Maw","floor":41,"turns":3},{"damage":0,"enemies":"4 Shapes","floor":42,"turns":1},{"damage":0,"enemies":"Nemesis","floor":45,"turns":3},{"damage":0,"enemies":"3 Darklings","floor":46,"turns":3},{"damage":0,"enemies":"Writhing Mass","floor":48,"turns":5},{"damage":59,"enemies":"Time Eater","floor":50,"turns":9}],"seed_played":"2027181100661570779","potions_obtained":[{"floor":6.0,"key":"blueLaboratory:BiasPotion"},{"floor":11,"key":"Strength Potion"},{"floor":14,"key":"AttackPotion"},{"floor":22,"key":"Block Potion"},{"floor":23,"key":"sneckomod:MuddlingPotion"},{"floor":29,"key":"Elixir"},{"floor":42,"key":"blueLaboratory:FrostheartPotion"},{"floor":45,"key":"Strength Potion"},{"floor":46,"key":"GamblersBrew"},{"floor":48,"key":"blueLaboratory:PyrophylliteBrew"},{"floor":49,"key":"blueLaboratory:ForbiddenFruitJuice"},{"floor":49,"key":"Fire Potion"}],"is_trial":false,"path_per_floor":["M","?","?","M","?","E","R","$","T","?","M","R","M","M","R_BF","B",null,"M","AVR","M","?","M","E","R","?","T","$","NM","M","R","M","R_BF","B",null,"M","$","M","AVR","M","E","M","M","T","?","E","M","?","M","R_BF","B",null],"character_chosen":"DEFECT","items_purchased":["MerchantsRug","FossilizedHelix","Defragment","expansioncontent:DecasProtection"],"campfire_rested":0,"item_purchase_floors":[8,27,36,36],"current_hp_per_floor":[47,40,40,40,36,31,31,31,31,31,37,37,43,50,50,52,75,75,75,75,75,75,58,58,58,58,58,65,72,72,75,75,73,75,75,75,75,75,75,75,75,75,75,75,75,75,75,75,75,65,65,65],"gold":329,"neow_bonus":"THREE_RARE_CARDS","is_daily":false,"chose_seed":false,"campfire_upgraded":4,"win_rate":0.0,"timestamp":1610455137,"path_taken":["M","?","?","M","?","E","R","?","T","?","?","R","M","M","R_BF","BOSS","M","AVR","M","?","M","E","R","?","T","?","NM","M","R","M","R_BF","BOSS","M","$","?","AVR","M","E","M","M","T","?","E","M","?","M","R_BF","BOSS"],"items_purchased_type":["Relic","Relic","Card","Card"],"build_version":"2020-12-22","purchased_purges":3,"victory":false,"max_hp_per_floor":[75,75,75,75,75,75,75,75,75,75,75,75,75,75,75,75,75,75,75,75,75,75,75,75,75,75,75,75,75,75,75,75,75,75,75,75,75,75,75,75,75,75,75,75,75,75,75,75,75,65,65,65],"card_choices":[{"not_picked":["Amplify","Reboot"],"picked":"Electrodynamics","floor":0.0},{"not_picked":["Darkness","BasicCrystalCard"],"picked":"Turbo","floor":1.0},{"not_picked":["Go for the Eyes","Panic Button"],"picked":"Self Repair","floor":4.0},{"not_picked":["Steam","Streamline"],"picked":"Rainbow","floor":6.0},{"not_picked":["BasicCrystalCard","Cold Snap"],"picked":"hubris:Ukulele","floor":11},{"not_picked":["Redo","Crystallizer","Sweeping Beam"],"picked":"SKIP","floor":13},{"not_picked":["Coolheaded","Hyperbeam"],"picked":"Conserve Battery","floor":14},{"not_picked":["Multi-Cast","Hyperbeam"],"picked":"Core Surge","floor":16},{"not_picked":["Hologram","Redo+1"],"picked":"Glacier","floor":18},{"not_picked":["Gash","Go for the Eyes","Blizzard"],"picked":"SKIP","floor":20},{"not_picked":["conspire:Rain+1","Genetic Algorithm+1"],"picked":"Melter+1","floor":21},{"not_picked":["Gash","Sweeping Beam"],"picked":"Echo Form","floor":22},{"not_picked":["Beam Cell","Redo","Compile Driver"],"picked":"SKIP","floor":23},{"not_picked":["Auto Shields","BasicCrystalCard"],"picked":"Ball Lightning","floor":28},{"not_picked":["infinitespire:Punishment","infinitespire:Starlight"],"picked":"hubris:Fate","floor":28},{"not_picked":["ReplayGash+1","Coolheaded"],"picked":"Conserve Battery+1","floor":29},{"not_picked":["Time Bomb+1","Barrage","Sunder+1"],"picked":"SKIP","floor":31},{"not_picked":["Hyperbeam","Thunder Strike"],"picked":"ReplayTheSpireMod:Fabricate Wheel","floor":33},{"not_picked":["FIFO Queue","Stack+1"],"picked":"ReplayTheSpireMod:System Scan+1","floor":35},{"not_picked":["Rebound","Sweeping Beam+1"],"picked":"Ball Lightning+1","floor":37},{"not_picked":["Auto Shields","Hologram","Chill"],"picked":"SKIP","floor":37},{"not_picked":["Coolheaded","Beam Cell","ReplaySort"],"picked":"SKIP","floor":39},{"not_picked":["Steam+1","Mirror Shield","Conserve Battery+1"],"picked":"SKIP","floor":39},{"not_picked":["Doom and Gloom+1","Ball Lightning+1"],"picked":"Machine Learning","floor":40},{"not_picked":["BootSequence","Sweeping Beam+1","Darkness"],"picked":"SKIP","floor":41},{"not_picked":["Self Repair","Gash","Recycle"],"picked":"SKIP","floor":41},{"not_picked":["Hologram","Streamline","Ball Lightning"],"picked":"SKIP","floor":42},{"not_picked":["Panic Button+1","Aggregate","Ball Lightning"],"picked":"SKIP","floor":42},{"not_picked":["Self Repair+1","Force Field","Hologram+1"],"picked":"SKIP","floor":45},{"not_picked":["Beam Cell+1","Barrage+1","hubris:PowerSurge+1"],"picked":"SKIP","floor":46},{"not_picked":["Reinforced Body","Steam Power+1","ReplayTheSpireMod:Repulse+1"],"picked":"SKIP","floor":46},{"not_picked":["Beam Cell+1","Barrage+1","hubris:PowerSurge+1"],"picked":"SKIP","floor":46},{"not_picked":["Reinforced Body","Steam Power+1","ReplayTheSpireMod:Repulse+1"],"picked":"SKIP","floor":46},{"not_picked":["Steam","Blizzard+1"],"picked":"Static Discharge","floor":48},{"not_picked":["ReplayTheSpireMod:Reroute Power","Skim","Rebound"],"picked":"SKIP","floor":48},{"not_picked":["Electrodynamics","Biased Cognition"],"picked":"Buffer","floor":50}],"player_experience":334786,"relics_obtained":[{"floor":6.0,"key":"Symbiotic Virus"},{"floor":9.0,"key":"Replay:Bandana"},{"floor":15,"key":"Anchor"},{"floor":23,"key":"Blue Doll"},{"floor":26,"key":"HornCleat"},{"floor":28,"key":"Replay:Wax Seal"},{"floor":40,"key":"Replay:Baseball"},{"floor":43,"key":"Guard_Bracelet"},{"floor":45,"key":"conspire:Flyswatter"}],"event_choices":[{"cards_removed":["Strike_B"],"damage_healed":0.0,"max_hp_gain":0.0,"max_hp_loss":0.0,"gold_gain":0.0,"event_name":"Golden Wing","player_choice":"Card Removal","floor":2.0,"gold_loss":0.0,"damage_taken":7.0},{"damage_healed":0.0,"max_hp_gain":0.0,"max_hp_loss":0.0,"gold_gain":0.0,"event_name":"Golden Idol","player_choice":"Ignored","floor":3.0,"gold_loss":0.0,"damage_taken":0.0},{"damage_healed":0,"gold_gain":0,"player_choice":"2","damage_taken":0,"max_hp_gain":0,"max_hp_loss":0,"event_name":"betterMatch:BetterMatch","floor":21,"gold_loss":0,"cards_obtained":["betterMatch:UncommonCard"]},{"damage_healed":0,"gold_gain":0,"player_choice":"Ignored","damage_taken":0,"max_hp_gain":0,"max_hp_loss":0,"event_name":"betterNote:BetterNote","floor":25,"gold_loss":0,"cards_obtained":["Defend_G"]},{"cards_removed":["Self Repair"],"damage_healed":0,"gold_gain":0,"player_choice":"Offered Uncommon","damage_taken":0,"max_hp_gain":0,"max_hp_loss":0,"event_name":"Bonfire Elementals","floor":47,"gold_loss":0}],"is_beta":false,"boss_relics":[{"not_picked":["hubris:CrackedHourglass","Pandora\u0027s Box"],"picked":"Velvet Choker"},{"not_picked":["Replay:Ancient Bell","hubris:HollowSoul"],"picked":"Coffee Dripper"},{"not_picked":["Replay:Grab Bag","Astrolabe"],"picked":"vexMod:CursedCompass"}],"items_purged_floors":[19,36,38],"is_endless":true,"potions_floor_spawned":[6,11,14,22,23,29,42,45,46,48],"ascension_level":0}}