{"host":"49c2zf0lajbcs427","time":1610444116,"event":{"mods":["AchievementEnabler","BaseMod","Colored Map","Colored Powertips","Highlight Path","Key Reminder","Minty Spire (QoL Compilation)","Relic Stats","StSLib"],"gold_per_floor":[119,119,119,135,100,100,100,22,48,80,94,169,169,200,200,320,320,345,361,377,377,393,393,436,451,451,451,451,491,7,7,7,126,126,149,149,163,188,202,202,202,202,202,215,215,253,253,316,316,316,316,316,27,70,70,70],"floor_reached":55,"playtime":5004,"items_purged":["Defend_B"],"score":718,"play_id":"36ada8b4-1cd0-41f2-bcd2-7d083c4581b5","local_time":"20210112223516","is_ascension_mode":false,"campfire_choices":[{"data":"Defragment","floor":7,"key":"SMITH"},{"data":"Genetic Algorithm","floor":15,"key":"SMITH"},{"floor":23,"key":"REST"},{"floor":28,"key":"REST"},{"data":"Buffer","floor":32,"key":"SMITH"},{"floor":40,"key":"REST"},{"floor":42,"key":"DIG"},{"floor":47,"key":"REST"},{"floor":49,"key":"RECALL"},{"data":"Parasite","floor":52,"key":"PURGE"}],"circlet_count":0,"master_deck":["Dualcast+1","Defragment+1","Reprogram+1","Sunder+1","Genetic Algorithm+1","White Noise","Cold Snap","Multi-Cast","Reinforced Body","Cold Snap","Aggregate+1","Reboot","Chaos","Hologram","Reprogram","Ball Lightning","Consume","Buffer+1","Amplify","Stack","Chaos","Self Repair","Hyperbeam","Recycle","Hologram+1","Reprogram+1","Streamline+1","Consume+1","Hologram+1","Hologram+1","Defragment+1"],"relics":["Velvet Choker","Shovel","War Paint","Pantograph","Golden Idol","Peace Pipe","Inserter","Kunai","Regal Pillow","Bird Faced Urn","Nunchaku","Ancient Tea Set","Lee\u0027s Waffle","Pandora\u0027s Box","Shuriken","Cables","Centennial Puzzle","StoneCalendar","Incense Burner","Boot"],"acts_visited":["Exordium","TheCity","TheBeyond","TheEnding"],"potions_floor_usage":[10,14,14,14,20,38,39,41,50],"damage_taken":[{"damage":3,"enemies":"Small Slimes","floor":1,"turns":3},{"damage":0,"enemies":"2 Louse","floor":4,"turns":2},{"damage":3,"enemies":"Gremlin Nob","floor":10,"turns":3},{"damage":0,"enemies":"Cultist","floor":11,"turns":3},{"damage":2,"enemies":"3 Sentries","floor":14,"turns":5},{"damage":21,"enemies":"The Guardian","floor":16,"turns":13},{"damage":42,"enemies":"3 Byrds","floor":18,"turns":6},{"damage":3,"enemies":"Chosen","floor":19,"turns":7},{"damage":10,"enemies":"Snake Plant","floor":20,"turns":6},{"damage":20,"enemies":"Centurion and Healer","floor":22,"turns":12},{"damage":33,"enemies":"Book of Stabbing","floor":24,"turns":11},{"damage":4,"enemies":"Cultist and Chosen","floor":25,"turns":9},{"damage":30,"enemies":"Gremlin Leader","floor":29,"turns":13},{"damage":77,"enemies":"Champ","floor":33,"turns":19},{"damage":49,"enemies":"3 Darklings","floor":35,"turns":6},{"damage":0,"enemies":"3 Shapes","floor":37,"turns":5},{"damage":57,"enemies":"Writhing Mass","floor":38,"turns":10},{"damage":24,"enemies":"3 Darklings","floor":39,"turns":6},{"damage":6,"enemies":"4 Shapes","floor":41,"turns":3},{"damage":0,"enemies":"Spire Growth","floor":44,"turns":6},{"damage":67,"enemies":"Nemesis","floor":46,"turns":11},{"damage":17,"enemies":"Mind Bloom Boss Battle","floor":48,"turns":9},{"damage":21,"enemies":"Time Eater","floor":50,"turns":19},{"damage":37,"enemies":"Shield and Spear","floor":54,"turns":12},{"damage":81,"enemies":"The Heart","floor":55,"turns":5}],"seed_played":"4793252960863050141","potions_obtained":[{"floor":1,"key":"AttackPotion"},{"floor":4,"key":"EntropicBrew"},{"floor":18,"key":"SneckoOil"},{"floor":20,"key":"FairyPotion"},{"floor":35,"key":"LiquidMemories"},{"floor":38,"key":"SneckoOil"},{"floor":39,"key":"SmokeBomb"},{"floor":46,"key":"Swift Potion"}],"is_trial":false,"path_per_floor":["M","?","?","M","?","?","R","$","T","E","M","?","?","E","R","B",null,"M","M","M","?","M","R","E","M","T","T","R","E","$","?","R","B",null,"M","?","M","M","M","R","M","R","T","M","?","E","R","?","R","B",null,"R","$","E","B"],"character_chosen":"DEFECT","items_purchased":["Sunder","Reprogram","Ancient Tea Set","Lee\u0027s Waffle","Ball Lightning","Incense Burner"],"campfire_rested":4,"item_purchase_floors":[8,30,30,30,30,53],"current_hp_per_floor":[72,54,47,47,65,65,65,65,65,62,62,51,33,31,31,35,75,33,30,20,20,22,44,11,7,7,7,44,18,82,82,82,7,82,46,46,59,26,29,68,64,64,64,70,70,20,58,76,76,72,78,75,75,53,0,0],"gold":70,"neow_bonus":"BOSS_RELIC","is_daily":false,"chose_seed":false,"campfire_upgraded":3,"win_rate":0.0,"timestamp":1610444116,"path_taken":["M","?","?","M","?","?","R","$","T","E","M","?","?","E","R","BOSS","M","M","M","?","?","R","E","M","T","?","R","E","$","?","R","BOSS","M","?","M","?","M","R","M","R","T","M","?","E","R","?","R","BOSS","R","$","E","BOSS"],"items_purchased_type":["Card","Card","Relic","Relic","Card","Relic"],"build_version":"2020-12-22","purchased_purges":1,"victory":false,"max_hp_per_floor":[75,75,75,75,75,75,75,75,75,75,75,75,75,75,75,75,75,75,75,75,75,75,75,75,75,75,75,75,75,82,82,82,82,82,82,82,82,82,82,82,82,82,82,82,78,78,78,78,78,78,78,75,75,75,75,75],"relic_stats":{"Regal Pillow":45,"Lee\u0027s Waffle":64,"Inserter":[86],"counters":[25,204],"Golden Idol":167,"StoneCalendar":[156],"War Paint":["Defend_B","Dualcast"],"Boot":[1],"Cables":[60,15,25,0,20],"Peace Pipe":1,"Nunchaku":[13],"Centennial Puzzle":[12],"Shovel":1,"Shuriken":[11],"Pantograph":69,"Bird Faced Urn":[94],"Pandora\u0027s Box":["Stack","Chaos","Self Repair","Hyperbeam","Recycle"],"Kunai":[21],"obtain_stats":[{"Regal Pillow":26,"Lee\u0027s Waffle":30,"Inserter":17,"Golden Idol":13,"Velvet Choker":0,"StoneCalendar":48,"Incense Burner":53,"War Paint":9,"Ancient Tea Set":30,"Boot":54,"Cables":42,"keyreminder:keyreminder":10,"Peace Pipe":14,"Nunchaku":29,"Centennial Puzzle":46,"Shovel":2,"Shuriken":36,"Pantograph":10,"Bird Faced Urn":27,"Pandora\u0027s Box":34,"Kunai":24,"Cracked Core":0},{"Regal Pillow":12,"Lee\u0027s Waffle":13,"Inserter":6,"Golden Idol":4,"Velvet Choker":0,"StoneCalendar":22,"Incense Burner":23,"War Paint":2,"Ancient Tea Set":13,"Boot":24,"Cables":19,"keyreminder:keyreminder":3,"Peace Pipe":5,"Nunchaku":13,"Centennial Puzzle":21,"Shovel":1,"Shuriken":15,"Pantograph":3,"Bird Faced Urn":12,"Pandora\u0027s Box":14,"Kunai":11,"Cracked Core":0},{"Regal Pillow":80,"Lee\u0027s Waffle":93,"Inserter":29,"Golden Idol":11,"Velvet Choker":0,"StoneCalendar":168,"Incense Burner":187,"War Paint":5,"Ancient Tea Set":93,"Boot":199,"Cables":142,"keyreminder:keyreminder":8,"Peace Pipe":16,"Nunchaku":93,"Centennial Puzzle":159,"Shovel":3,"Shuriken":118,"Pantograph":8,"Bird Faced Urn":80,"Pandora\u0027s Box":112,"Kunai":71,"Cracked Core":0}]},"card_choices":[{"not_picked":["Recycle","BootSequence"],"picked":"Defragment","floor":1},{"not_picked":["Rebound","Blizzard"],"picked":"Reprogram","floor":4},{"not_picked":["Leap","Skim"],"picked":"Genetic Algorithm","floor":10},{"not_picked":["Barrage","Redo"],"picked":"White Noise","floor":11},{"not_picked":["Go for the Eyes","Double Energy"],"picked":"Cold Snap","floor":14},{"not_picked":["Amplify","Thunder Strike"],"picked":"Multi-Cast","floor":16},{"not_picked":["Turbo","Stack"],"picked":"Reinforced Body","floor":18},{"not_picked":["Reinforced Body+1","Heatsinks","BootSequence"],"picked":"SKIP","floor":19},{"not_picked":["Capacitor","Turbo"],"picked":"Cold Snap","floor":20},{"not_picked":["Static Discharge","Scrape"],"picked":"Aggregate+1","floor":22},{"not_picked":["Turbo","Redo+1"],"picked":"Reboot","floor":24},{"not_picked":["Reinforced Body+1","Fusion+1"],"picked":"Chaos","floor":25},{"not_picked":["Barrage+1","Streamline+1"],"picked":"Hologram","floor":29},{"not_picked":["All For One","Thunder Strike"],"picked":"Amplify","floor":33},{"not_picked":["Consume+1","Undo"],"picked":"Hologram+1","floor":35},{"not_picked":["Redo+1","Doom and Gloom+1"],"picked":"Reprogram+1","floor":37},{"not_picked":["Gash","Cold Snap"],"picked":"Streamline+1","floor":38},{"not_picked":["Gash","Go for the Eyes"],"picked":"Consume+1","floor":39},{"not_picked":["Chaos","Redo","Steam+1"],"picked":"SKIP","floor":44},{"not_picked":["Gash","Beam Cell+1"],"picked":"Hologram+1","floor":46},{"not_picked":["Beam Cell+1","Barrage"],"picked":"Hologram+1","floor":48},{"not_picked":["Chill+1","Steam"],"picked":"Defragment+1","floor":54}],"player_experience":2308897,"relics_obtained":[{"floor":9,"key":"War Paint"},{"floor":10,"key":"Pantograph"},{"floor":14,"key":"Peace Pipe"},{"floor":24,"key":"Kunai"},{"floor":26,"key":"Regal Pillow"},{"floor":27,"key":"Bird Faced Urn"},{"floor":29,"key":"Nunchaku"},{"floor":42,"key":"Cables"},{"floor":46,"key":"Centennial Puzzle"},{"floor":48,"key":"StoneCalendar"},{"floor":54,"key":"Boot"}],"event_choices":[{"damage_healed":0,"gold_gain":0,"player_choice":"Success","damage_taken":18,"relics_obtained":["Shovel"],"max_hp_gain":0,"max_hp_loss":0,"event_name":"Scrap Ooze","floor":2,"gold_loss":0},{"cards_removed":["Strike_B"],"damage_healed":0,"gold_gain":0,"player_choice":"Card Removal","damage_taken":7,"max_hp_gain":0,"max_hp_loss":0,"event_name":"Golden Wing","floor":3,"gold_loss":0},{"damage_healed":18,"gold_gain":0,"player_choice":"Healed","damage_taken":0,"max_hp_gain":0,"max_hp_loss":0,"event_name":"The Cleric","floor":5,"gold_loss":35},{"damage_healed":0,"gold_gain":0,"player_choice":"Grow","damage_taken":0,"max_hp_gain":0,"max_hp_loss":0,"event_name":"Living Wall","floor":6,"gold_loss":0,"cards_upgraded":["Reprogram"]},{"damage_healed":0,"gold_gain":75,"player_choice":"Gather Gold","damage_taken":11,"max_hp_gain":0,"max_hp_loss":0,"event_name":"World of Goop","floor":12,"gold_loss":0},{"damage_healed":0,"gold_gain":0,"player_choice":"Take Damage","damage_taken":18,"relics_obtained":["Golden Idol"],"max_hp_gain":0,"max_hp_loss":0,"event_name":"Golden Idol","floor":13,"gold_loss":0},{"damage_healed":0,"gold_gain":0,"player_choice":"Upgraded","damage_taken":0,"max_hp_gain":0,"max_hp_loss":0,"event_name":"Upgrade Shrine","floor":21,"gold_loss":0,"cards_upgraded":["Sunder"]},{"damage_healed":0,"gold_gain":0,"cards_transformed":["Zap","Defend_B"],"player_choice":"Became Test Subject","damage_taken":0,"max_hp_gain":0,"max_hp_loss":0,"event_name":"Drug Dealer","floor":31,"gold_loss":0,"cards_obtained":["Consume","Buffer"]},{"damage_healed":0,"gold_gain":0,"player_choice":"Gave Potion","damage_taken":0,"relics_obtained":["Shuriken"],"max_hp_gain":0,"max_hp_loss":0,"event_name":"WeMeetAgain","floor":36,"gold_loss":0},{"damage_healed":0,"gold_gain":0,"player_choice":"Max HP","damage_taken":0,"max_hp_gain":0,"max_hp_loss":4,"event_name":"Winding Halls","floor":45,"gold_loss":0},{"damage_healed":0,"gold_gain":0,"player_choice":"Fight","damage_taken":0,"max_hp_gain":0,"max_hp_loss":0,"event_name":"MindBloom","floor":48,"gold_loss":0}],"is_beta":false,"boss_relics":[{"not_picked":["Fusion Hammer","Empty Cage"],"picked":"Inserter"},{"not_picked":["Busted Crown","Sozu"],"picked":"Pandora\u0027s Box"}],"items_purged_floors":[30],"is_endless":false,"potions_floor_spawned":[1,4,18,20,35,38,39,46],"killed_by":"The Heart","ascension_level":0}}