{"host":"5gc11emcm5chfr5t","time":1610472671,"event":{"mods":["2.2 Compatiblity","AchievementEnabler","BaseMod","Bestiary","Better Note","Colored Map","Colored Powertips","Downfall","Googly Eyes","Minty Spire (QoL Compilation)","Rare Cards Sparkle","StSLib"],"gold_per_floor":[119,119,119,119,137,137,176,201,224,237,278,328,363,388,388,388,388],"floor_reached":16,"playtime":604,"items_purged":[],"score":290,"play_id":"34861694-f265-4d81-b8a0-783a7cb7fdc2","local_time":"20210112123111","is_ascension_mode":true,"campfire_choices":[{"floor":6,"key":"RECALL"},{"floor":15,"key":"REST"}],"circlet_count":0,"master_deck":["AscendersBane","sneckomod:Strike","sneckomod:Strike","sneckomod:Defend","sneckomod:Defend","sneckomod:Defend","sneckomod:TailWhip","sneckomod:SnekBite","sneckomod:Unknown","sneckomod:Unknown","sneckomod:UnknownClassPURPLE","sneckomod:MorePower","sneckomod:Rotation","sneckomod:DiceBlock","sneckomod:UnknownWeak+1","sneckomod:UnknownCommonAttack+1","sneckomod:WideSting","sneckomod:UnknownVulnerable+1","sneckomod:Unknown3Cost+1","sneckomod:WideSting","sneckomod:UnknownClassGREEN"],"relics":["sneckomod:SneckoSoul","NeowsBlessing","Golden Idol","Lantern","Bag of Preparation","Anchor"],"acts_visited":["Exordium"],"potions_floor_usage":[10,10,11,13,16],"damage_taken":[{"damage":0,"enemies":"Small Slimes","floor":1,"turns":1},{"damage":0,"enemies":"Jaw Worm","floor":5,"turns":1},{"damage":0,"enemies":"Lagavulin","floor":7,"turns":1},{"damage":11,"enemies":"2 Louse","floor":8,"turns":3},{"damage":0,"enemies":"Gremlin Gang","floor":10,"turns":5},{"damage":25,"enemies":"3 Sentries","floor":11,"turns":8},{"damage":25,"enemies":"Lagavulin","floor":13,"turns":5},{"damage":5,"enemies":"Large Slime","floor":14,"turns":3},{"damage":42,"enemies":"Hexaghost","floor":16,"turns":10}],"seed_played":"-8424782829992317730","potions_obtained":[{"floor":1,"key":"SteroidPotion"},{"floor":8,"key":"PowerPotion"},{"floor":10,"key":"Block Potion"},{"floor":11,"key":"SkillPotion"},{"floor":13,"key":"DistilledChaos"}],"is_trial":false,"path_per_floor":["M","?","?","$","M","R","E","M","T","M","E","?","E","M","R","B"],"character_chosen":"THE_SNECKO","items_purchased":[],"campfire_rested":1,"item_purchase_floors":[],"current_hp_per_floor":[76,76,76,76,76,76,76,66,66,67,43,43,19,15,39,0,0],"gold":388,"neow_bonus":"THREE_ENEMY_KILL","is_daily":false,"chose_seed":false,"campfire_upgraded":0,"win_rate":0.0,"timestamp":1610472671,"path_taken":["M","?","?","$","M","R","E","M","T","M","E","?","E","?","R","BOSS"],"items_purchased_type":[],"build_version":"2020-12-22","purchased_purges":0,"victory":false,"max_hp_per_floor":[84,76,76,76,76,76,76,77,77,78,79,79,80,81,81,81,81],"card_choices":[{"not_picked":["sneckomod:DiceBlock","sneckomod:TrashToTreasure"],"picked":"sneckomod:UnknownClassPURPLE","floor":1},{"not_picked":["sneckomod:UnknownCommonSkill","sneckomod:MixItUp"],"picked":"sneckomod:Rotation","floor":5},{"not_picked":["sneckomod:MixItUp","sneckomod:Transmogrify"],"picked":"sneckomod:DiceBlock","floor":7},{"not_picked":["sneckomod:UnknownClassTHE_CHAMP_GRAY+1","sneckomod:UnknownClassGUARDIAN+1"],"picked":"sneckomod:UnknownWeak+1","floor":8},{"not_picked":["sneckomod:UnknownCommonAttack","sneckomod:UnknownWeak","sneckomod:SoulDraw"],"picked":"SKIP","floor":8},{"not_picked":["sneckomod:UnknownStrength+1","sneckomod:UnknownClassSLIMEBOUND+1"],"picked":"sneckomod:UnknownCommonAttack+1","floor":10},{"not_picked":["sneckomod:UnknownUncommonSkill","sneckomod:UnknownDexterity"],"picked":"sneckomod:WideSting","floor":10},{"not_picked":["sneckomod:Unknown0Cost+1","sneckomod:Unknown2Cost+1"],"picked":"sneckomod:UnknownVulnerable+1","floor":11},{"not_picked":["sneckomod:UnknownClassHEXA_GHOST_PURPLE","sneckomod:UnknownBlock","sneckomod:UnknownStrike"],"picked":"SKIP","floor":11},{"not_picked":["sneckomod:Unknown+1","sneckomod:Unknown2Cost+1"],"picked":"sneckomod:Unknown3Cost+1","floor":13},{"not_picked":["sneckomod:UnknownClassGUARDIAN","sneckomod:UnknownVulnerable"],"picked":"sneckomod:WideSting","floor":13},{"not_picked":["sneckomod:UnknownStrike","sneckomod:UnknownUncommonPower"],"picked":"sneckomod:UnknownClassGREEN","floor":14}],"player_experience":547080,"relics_obtained":[{"floor":7,"key":"Lantern"},{"floor":11,"key":"Bag of Preparation"},{"floor":13,"key":"Anchor"}],"event_choices":[{"damage_healed":0,"gold_gain":0,"player_choice":"Lose Max HP","damage_taken":0,"relics_obtained":["Golden Idol"],"max_hp_gain":0,"max_hp_loss":8,"event_name":"Golden Idol","floor":2,"gold_loss":0},{"damage_healed":0,"gold_gain":0,"cards_transformed":["sneckomod:Strike"],"player_choice":"Change","damage_taken":0,"max_hp_gain":0,"max_hp_loss":0,"event_name":"Living Wall","floor":3,"gold_loss":0,"cards_obtained":["sneckomod:MorePower"]},{"damage_healed":0,"gold_gain":50,"player_choice":"Pray","damage_taken":0,"max_hp_gain":0,"max_hp_loss":0,"event_name":"Golden Shrine","floor":12,"gold_loss":0}],"is_beta":false,"boss_relics":[],"items_purged_floors":[],"is_endless":false,"potions_floor_spawned":[1,8,10,11,13],"killed_by":"Hexaghost","ascension_level":20}}