{"host":"981nlwu0905dw1bz","time":1610468655,"event":{"mods":["AchievementEnabler","BaseMod","DeckTracker","Minty Spire (QoL Compilation)","Rare Cards Sparkle","SuperFastMode"],"gold_per_floor":[114,130,130,130,130,130,130,148,148,165,194,214,214,231,231,334,334,347,347,359,133,133,133,167,186,263,283,301,320,419,439,439,542,542,562,662,677,691,709,709,719,730,730,730,730,730,244,259,259,259,259],"floor_reached":50,"playtime":1858,"items_purged":["Strike_G"],"score":754,"play_id":"1fe28d30-5cb8-4ba6-9d67-92cec297b113","local_time":"20210113012415","is_ascension_mode":true,"campfire_choices":[{"data":"Dagger Spray","floor":6.0,"key":"SMITH"},{"floor":13.0,"key":"REST"},{"data":"Survivor","floor":15.0,"key":"SMITH"},{"data":"Adrenaline","floor":23.0,"key":"SMITH"},{"floor":32.0,"key":"REST"},{"floor":40.0,"key":"REST"},{"data":"Storm of Steel","floor":45.0,"key":"SMITH"},{"data":"Bouncing Flask","floor":49.0,"key":"SMITH"}],"circlet_count":0,"master_deck":["AscendersBane","Defend_G","Defend_G","Defend_G","Defend_G","Defend_G","Survivor+1","Neutralize+1","Dagger Spray+1","Blade Dance","Die Die Die","Blade Dance","Corpse Explosion","Riddle With Holes+1","Blade Dance+1","Quick Slash+1","Adrenaline+1","Neutralize","Bouncing Flask+1","Dodge and Roll+1","Bane+1","Storm of Steel+1","Choke"],"relics":["Ring of the Snake","Blue Candle","Singing Bowl","White Beast Statue","Meat on the Bone","Astrolabe","Ice Cream","Shuriken","WristBlade","Eternal Feather","Paper Crane","ClockworkSouvenir"],"acts_visited":["Exordium","TheCity","TheBeyond"],"potions_floor_usage":[],"damage_taken":[{"damage":0.0,"enemies":"Cultist","floor":1.0,"turns":4.0},{"damage":3.0,"enemies":"Jaw Worm","floor":2.0,"turns":6.0},{"damage":0.0,"enemies":"Small Slimes","floor":8.0,"turns":2.0},{"damage":5.0,"enemies":"Looter","floor":10.0,"turns":4.0},{"damage":27.0,"enemies":"Lagavulin","floor":11.0,"turns":6.0},{"damage":2.0,"enemies":"Blue Slaver","floor":12.0,"turns":3.0},{"damage":0.0,"enemies":"3 Louse","floor":14.0,"turns":3.0},{"damage":25.0,"enemies":"The Guardian","floor":16.0,"turns":15.0},{"damage":13.0,"enemies":"Shell Parasite","floor":18.0,"turns":5.0},{"damage":6.0,"enemies":"Spheric Guardian","floor":20.0,"turns":3.0},{"damage":13.0,"enemies":"Slavers","floor":24.0,"turns":2.0},{"damage":21.0,"enemies":"Snake Plant","floor":25.0,"turns":4.0},{"damage":3.0,"enemies":"Chosen and Byrds","floor":27.0,"turns":3.0},{"damage":13.0,"enemies":"Sentry and Sphere","floor":28.0,"turns":5.0},{"damage":21.0,"enemies":"Snake Plant","floor":29.0,"turns":4.0},{"damage":3.0,"enemies":"Chosen and Byrds","floor":31.0,"turns":3.0},{"damage":19.0,"enemies":"Collector","floor":33.0,"turns":5.0},{"damage":3.0,"enemies":"3 Shapes","floor":35.0,"turns":3.0},{"damage":3.0,"enemies":"Orb Walker","floor":37.0,"turns":4.0},{"damage":0.0,"enemies":"Maw","floor":38.0,"turns":6.0},{"damage":61.0,"enemies":"4 Shapes","floor":39.0,"turns":3.0},{"damage":14.0,"enemies":"Writhing Mass","floor":41.0,"turns":4.0},{"damage":26.0,"enemies":"Maw","floor":42.0,"turns":5.0},{"damage":22.0,"enemies":"Sphere and 2 Shapes","floor":48.0,"turns":4.0},{"damage":79,"enemies":"Awakened One","floor":50,"turns":7}],"seed_played":"-1270126425266890159","potions_obtained":[{"floor":1.0,"key":"Explosive Potion"},{"floor":10.0,"key":"LiquidMemories"},{"floor":11.0,"key":"LiquidBronze"},{"floor":12.0,"key":"Weak Potion"},{"floor":16.0,"key":"Explosive Potion"},{"floor":18.0,"key":"FearPotion"},{"floor":20.0,"key":"Regen Potion"},{"floor":24.0,"key":"Ancient Potion"},{"floor":28.0,"key":"SpeedPotion"},{"floor":29.0,"key":"EssenceOfSteel"},{"floor":31.0,"key":"SteroidPotion"},{"floor":33.0,"key":"Strength Potion"},{"floor":35.0,"key":"LiquidMemories"},{"floor":37.0,"key":"Swift Potion"},{"floor":38.0,"key":"Swift Potion"},{"floor":39.0,"key":"DistilledChaos"},{"floor":41.0,"key":"SpeedPotion"},{"floor":42.0,"key":"Fire Potion"},{"floor":48.0,"key":"Ancient Potion"}],"is_trial":false,"path_per_floor":["M","M","T","?","?","R","T","M","T","M","E","M","R","M","R","B",null,"M","?","M","$","?","R","E","M","T","M","M","M","?","M","R","B",null,"M","?","M","M","M","R","M","M","T","?","R","?","$","M","R","B"],"character_chosen":"THE_SILENT","items_purchased":["Adrenaline","Choke","Paper Crane","ClockworkSouvenir"],"campfire_rested":3,"item_purchase_floors":[21,47,47,47],"current_hp_per_floor":[63,60,60,60,60,60,60,60,60,57,30,42,64,64,64,39,65,54,54,50,50,50,50,51,42,42,53,54,47,47,46,71,52,78,77,77,76,78,31,59,59,47,47,86,86,86,86,66,78,0,0],"gold":259,"neow_bonus":"UPGRADE_CARD","is_daily":false,"chose_seed":false,"campfire_upgraded":5,"win_rate":0.0,"timestamp":1610468655,"path_taken":["M","M","?","?","?","R","?","M","T","M","E","M","R","M","R","BOSS","M","?","M","$","?","R","E","M","T","?","?","M","?","M","R","BOSS","M","?","M","M","M","R","M","?","T","?","R","?","$","M","R","BOSS"],"items_purchased_type":["Card","Card","Relic","Relic"],"build_version":"2020-12-22","purchased_purges":1,"victory":false,"max_hp_per_floor":[70,70,70,70,70,70,70,70,70,72,72,74,74,74,74,74,74,76,76,78,78,78,78,80,80,80,82,82,84,84,86,86,86,86,88,88,90,92,94,94,96,98,98,86,86,86,86,88,88,88,88],"card_choices":[{"not_picked":["Caltrops","Sucker Punch","Quick Slash"],"picked":"SKIP","floor":1.0},{"not_picked":["Poisoned Stab","Dodge and Roll"],"picked":"Dagger Spray","floor":2.0},{"not_picked":["Terror","Riddle With Holes"],"picked":"Blade Dance","floor":8.0},{"not_picked":["Bane","Backflip","Dagger Throw"],"picked":"Singing Bowl","floor":10.0},{"not_picked":["Skewer","Prepared"],"picked":"Die Die Die","floor":11.0},{"not_picked":["Poisoned Stab","Catalyst","Noxious Fumes"],"picked":"Singing Bowl","floor":12.0},{"not_picked":["Caltrops","Outmaneuver"],"picked":"Blade Dance","floor":14.0},{"not_picked":["Unload","Burst"],"picked":"Corpse Explosion","floor":16.0},{"not_picked":["Predator+1","Concentrate","Well Laid Plans"],"picked":"Singing Bowl","floor":18.0},{"not_picked":["Prepared","Slice+1","Quick Slash+1"],"picked":"Singing Bowl","floor":20.0},{"not_picked":["Dagger Spray","Setup","Acrobatics"],"picked":"Singing Bowl","floor":24.0},{"not_picked":["Backstab","Bane"],"picked":"Dodge and Roll+1","floor":25.0},{"not_picked":["Dagger Throw","Deadly Poison","Sucker Punch"],"picked":"Singing Bowl","floor":27.0},{"not_picked":["Noxious Fumes","Skewer"],"picked":"Bane+1","floor":28.0},{"not_picked":["Riddle With Holes","Masterful Stab","Dagger Throw"],"picked":"Singing Bowl","floor":29.0},{"not_picked":["Deflect","Wraith Form v2","Dodge and Roll"],"picked":"Singing Bowl","floor":31.0},{"not_picked":["Bullet Time","Wraith Form v2"],"picked":"Storm of Steel","floor":33.0},{"not_picked":["Caltrops","Prepared+1","Blade Dance"],"picked":"Singing Bowl","floor":35.0},{"not_picked":["Quick Slash","Bane+1","Caltrops+1"],"picked":"Singing Bowl","floor":37.0},{"not_picked":["Tactician+1","Caltrops+1","Sucker Punch"],"picked":"Singing Bowl","floor":38.0},{"not_picked":["Dagger Spray+1","Backflip","Underhanded Strike"],"picked":"Singing Bowl","floor":39.0},{"not_picked":["Dagger Throw+1","Poisoned Stab+1","Envenom"],"picked":"Singing Bowl","floor":41.0},{"not_picked":["Slice+1","Deadly Poison+1","Expertise"],"picked":"Singing Bowl","floor":42.0},{"not_picked":["Blade Dance","Flechettes","Quick Slash"],"picked":"Singing Bowl","floor":48.0}],"player_experience":543948,"relics_obtained":[{"floor":3.0,"key":"Blue Candle"},{"floor":7.0,"key":"Singing Bowl"},{"floor":9.0,"key":"White Beast Statue"},{"floor":11.0,"key":"Meat on the Bone"},{"floor":24.0,"key":"Ice Cream"},{"floor":26.0,"key":"Shuriken"},{"floor":43.0,"key":"Eternal Feather"}],"event_choices":[{"damage_healed":0.0,"max_hp_gain":0.0,"max_hp_loss":0.0,"gold_gain":0.0,"event_name":"Liars Game","player_choice":"Ignored","floor":4.0,"gold_loss":0.0,"damage_taken":0.0},{"damage_healed":0.0,"max_hp_gain":0.0,"max_hp_loss":0.0,"gold_gain":0.0,"event_name":"The Cleric","player_choice":"Leave","floor":5.0,"gold_loss":0.0,"damage_taken":0.0},{"cards_removed":["Strike_G"],"damage_healed":0.0,"max_hp_gain":0.0,"max_hp_loss":0.0,"gold_gain":0.0,"event_name":"Back to Basics","player_choice":"Elegance","floor":19.0,"gold_loss":0.0,"damage_taken":0.0},{"damage_healed":0.0,"max_hp_gain":0.0,"max_hp_loss":0.0,"gold_gain":0.0,"event_name":"Match and Keep!","player_choice":"2 cards matched","floor":22.0,"gold_loss":0.0,"damage_taken":0.0,"cards_obtained":["Neutralize","Bouncing Flask"]},{"damage_healed":0.0,"max_hp_gain":0.0,"max_hp_loss":0.0,"gold_gain":99.0,"event_name":"Nest","player_choice":"Stole From Cult","floor":30.0,"gold_loss":0.0,"damage_taken":0.0},{"damage_healed":0.0,"max_hp_gain":0.0,"max_hp_loss":0.0,"gold_gain":100.0,"event_name":"Golden Shrine","player_choice":"Pray","floor":36.0,"gold_loss":0.0,"damage_taken":0.0},{"damage_healed":86.0,"max_hp_gain":0.0,"max_hp_loss":12.0,"gold_gain":0.0,"event_name":"The Moai Head","player_choice":"Heal","floor":44.0,"gold_loss":0.0,"damage_taken":0.0},{"damage_healed":0.0,"max_hp_gain":0.0,"max_hp_loss":0.0,"gold_gain":0.0,"event_name":"Tomb of Lord Red Mask","player_choice":"Ignored","floor":46.0,"gold_loss":0.0,"damage_taken":0.0}],"is_beta":false,"boss_relics":[{"not_picked":["Snecko Eye","Fusion Hammer"],"picked":"Astrolabe"},{"not_picked":["Busted Crown","Velvet Choker"],"picked":"WristBlade"}],"items_purged_floors":[21],"is_endless":false,"potions_floor_spawned":[1,10,11,12,14,16,18,20,24,25,27,28,29,31,33,35,37,38,39,41,42,48],"killed_by":"Awakened One","ascension_level":11}}