{"host":"0tiuc76yumknr6qf","time":1610479827,"event":{"mods":["BaseMod","Colored Map","Highlight Path","Minty Spire (QoL Compilation)","StSLib","The Necromancer"],"gold_per_floor":[113,127,127,147,147,147,180,198,198,215,215,246,57,71,71,147,147,164,164,180,18,31,63,82,96,120,133,133,133,133],"floor_reached":29,"playtime":1583,"items_purged":[],"score":466,"play_id":"b441628f-fa1c-41e5-baf7-4e9a8cfe66c7","local_time":"20210112133027","is_ascension_mode":true,"campfire_choices":[{"data":"Cloudkill","floor":6,"key":"SMITH"},{"floor":11,"key":"REST"},{"data":"Apotheosis","floor":15,"key":"SMITH"},{"floor":28,"key":"REST"}],"circlet_count":0,"master_deck":["AscendersBane","Strike_W","Defend_W","Defend_W","Defend_W","Defend_W","Negative_Energy_Arrows","Bone_Wall","Cloudkill+1","Corrupt","Summon_Undead_Army","Siphon_Strength","Summon_Lich","Epidemic","Siphon_Strength","Spectral_Armor","Apotheosis+1","Grasp_Heart","Sadistic Nature","Stop_Heart","Necrotic_Claws"],"relics":["Vampire_Amulet","Dead Branch","The Courier","Bottled Lightning","Snecko Eye","Blue Candle","Centennial Puzzle"],"acts_visited":["Exordium","TheCity"],"potions_floor_usage":[12,29,29],"damage_taken":[{"damage":1,"enemies":"Cultist","floor":1,"turns":4},{"damage":4,"enemies":"2 Louse","floor":2,"turns":3},{"damage":16,"enemies":"Small Slimes","floor":4,"turns":3},{"damage":12,"enemies":"Lagavulin","floor":7,"turns":6},{"damage":11,"enemies":"Looter","floor":8,"turns":3},{"damage":2,"enemies":"Blue Slaver","floor":10,"turns":5},{"damage":25,"enemies":"3 Sentries","floor":12,"turns":6},{"damage":6,"enemies":"2 Fungi Beasts","floor":14,"turns":3},{"damage":26,"enemies":"The Guardian","floor":16,"turns":9},{"damage":0,"enemies":"Spheric Guardian","floor":18,"turns":2},{"damage":0,"enemies":"Shell Parasite","floor":20,"turns":4},{"damage":7,"enemies":"Chosen and Byrds","floor":22,"turns":3},{"damage":18,"enemies":"Book of Stabbing","floor":23,"turns":4},{"damage":10,"enemies":"Snake Plant","floor":24,"turns":3},{"damage":30,"enemies":"Sentry and Sphere","floor":25,"turns":5},{"damage":0,"enemies":"Snecko","floor":27,"turns":4},{"damage":24,"enemies":"Slavers","floor":29,"turns":2}],"seed_played":"637310580797201589","potions_obtained":[{"floor":1,"key":"Swift Potion"},{"floor":2,"key":"SteroidPotion"},{"floor":14,"key":"Dexterity Potion"}],"is_trial":false,"path_per_floor":["M","M","?","M","?","R","E","M","T","M","R","E","$","M","R","B",null,"M","?","M","$","M","E","M","M","T","M","R","E"],"character_chosen":"NECROMANCER","items_purchased":["Spectral_Armor","Apotheosis","Sadistic Nature"],"campfire_rested":2,"item_purchase_floors":[13,13,21],"current_hp_per_floor":[64,64,57,45,45,45,35,26,26,26,45,29,29,33,33,15,52,54,54,56,56,53,37,29,3,3,5,24,0,0],"gold":133,"neow_bonus":"THREE_RARE_CARDS","is_daily":false,"chose_seed":false,"campfire_upgraded":2,"win_rate":0.0,"timestamp":1610479827,"path_taken":["M","M","?","M","?","R","E","M","T","?","R","E","$","M","R","BOSS","M","?","M","$","M","E","?","M","T","M","R","E"],"items_purchased_type":["Card","Card","Card"],"build_version":"2020-12-22","purchased_purges":0,"victory":false,"max_hp_per_floor":[64,64,64,64,64,64,64,64,64,64,64,64,64,64,64,64,64,64,64,64,64,64,64,64,64,64,64,64,64,64],"card_choices":[{"not_picked":["Skeleton_Dragon","Hellfire"],"picked":"Cloudkill","floor":0},{"not_picked":["Finger_Of_Death","Toxic_Smoke_Screen"],"picked":"Corrupt","floor":1},{"not_picked":["Bone_Spikes","Shackles_Of_Pain"],"picked":"Summon_Undead_Army","floor":2},{"not_picked":["Bone_Spikes","Pandemic","Death_March_Dance"],"picked":"SKIP","floor":4},{"not_picked":["Bone_Bullets","Negative_Energy_Javelin"],"picked":"Siphon_Strength","floor":7},{"not_picked":["Bone_Armor","Negative_Energy_Mist"],"picked":"Summon_Lich","floor":8},{"not_picked":["Deaths_Shadow","Vampiric_Strike"],"picked":"Epidemic","floor":10},{"not_picked":["Grasp_Heart","Skeleton_Dragon"],"picked":"Siphon_Strength","floor":12},{"not_picked":["Blood_Whip","Negative_Energy_Javelin","Bone_Shift"],"picked":"SKIP","floor":14},{"not_picked":["Blood_Wake","Detonate_Bones"],"picked":"Grasp_Heart","floor":16},{"not_picked":["Death_March_Dance","Scare","Necromantic_Selection"],"picked":"SKIP","floor":18},{"not_picked":["Blood_Curse+1","Uncharnel","Toxic_Smoke_Screen+1"],"picked":"SKIP","floor":20},{"not_picked":["Bone_Spikes+1","Scare","Vampiric_Strike"],"picked":"SKIP","floor":22},{"not_picked":["Chill_Blood","Epidemic"],"picked":"Stop_Heart","floor":23},{"not_picked":["Bone_Bullets","Toxic_Smoke_Screen","Negative_Energy_Mist"],"picked":"SKIP","floor":24},{"not_picked":["Life_Tap","Bone_Shift"],"picked":"Necrotic_Claws","floor":25},{"not_picked":["Blood_Wake","Blood_Curse+1","Bone_Armor"],"picked":"SKIP","floor":27}],"player_experience":1984425,"relics_obtained":[{"floor":7,"key":"Dead Branch"},{"floor":9,"key":"The Courier"},{"floor":12,"key":"Bottled Lightning"},{"floor":23,"key":"Blue Candle"},{"floor":26,"key":"Centennial Puzzle"}],"event_choices":[{"cards_removed":["Strike_W"],"damage_healed":0,"gold_gain":0,"player_choice":"Card Removal","damage_taken":7,"max_hp_gain":0,"max_hp_loss":0,"event_name":"Golden Wing","floor":3,"gold_loss":0},{"cards_removed":["Strike_W"],"damage_healed":0,"gold_gain":0,"player_choice":"Purged","damage_taken":0,"max_hp_gain":0,"max_hp_loss":0,"event_name":"Purifier","floor":5,"gold_loss":0},{"cards_removed":["Strike_W"],"damage_healed":0,"gold_gain":0,"player_choice":"Purged","damage_taken":0,"max_hp_gain":0,"max_hp_loss":0,"event_name":"Purifier","floor":19,"gold_loss":0}],"is_beta":false,"boss_relics":[{"not_picked":["Empty Cage","Calling Bell"],"picked":"Snecko Eye"}],"items_purged_floors":[],"is_endless":false,"potions_floor_spawned":[1,2,14,16,22,23,24,27],"killed_by":"Slavers","ascension_level":16}}