{"host":"jkrqlov8aogccnw1","time":1610415633,"event":{"mods":["BaseMod","Colored Map","Colored Powertips","Downfall","GifTheSpireLib","Minty Spire (QoL Compilation)","Permanent Neow","Rare Cards Sparkle","Relic Filter","StSLib"],"gold_per_floor":[99,116,116,133,133,133,157,207,0,10,43,62,62,97,115,215,215,215,234,116,128,140,140,163,182,82,100,116,150,185,235,235,235,235],"floor_reached":32,"playtime":1663,"items_purged":[],"score":312,"play_id":"e03fe4a5-4066-42ad-9dd5-1bb4bf44cfc4","local_time":"20210111204033","is_ascension_mode":true,"campfire_choices":[{"data":"champ:Taunt","floor":1,"key":"SMITH"},{"data":"champ:LastStand","floor":13,"key":"SMITH"},{"data":"champ:TripleStrike","floor":18,"key":"SMITH"},{"floor":23,"key":"RECALL"},{"data":"champ:ShieldSlam","floor":26,"key":"SMITH"}],"circlet_count":0,"master_deck":["champ:Strike+1","champ:Strike","champ:Strike+1","champ:Strike","champ:Defend","champ:Defend","champ:Defend","champ:Defend+1","champ:Execute","champ:Taunt+1","champ:ShieldSlam+1","downfall:Malfunctioning","champ:Backstep","champ:BringItOn","champ:TripleStrike+1","champ:PreciseThrust","champ:LastStand+1","champ:AdrenalArmor+1","champ:DefensiveStyle","champ:DefensiveShout+1","champ:UltimateStance+1","champ:GutPunch","champ:RisingSlash","champ:FocusedBerserking+1","champ:Encircle","champ:SkillfulDodge+1","champ:ShieldSigil+1","champ:RageSigil+1","champ:DeathBlow+1","champ:FlashCut","champ:EndlessRage","champ:Shatter","Necronomicurse"],"relics":["champ:ChampionCrown","champ:DefensiveTrainingManual","SsserpentHead","Strawberry","Matryoshka","Toxic Egg 2","Vajra","Philosopher\u0027s Stone","PreservedInsect","downfall:HeartBlessingRed","Anchor","Necronomicon"],"acts_visited":["Exordium","TheCity"],"potions_floor_usage":[27,29,29,29,29,30,32],"damage_taken":[{"damage":25,"enemies":"Jaw Worm","floor":2,"turns":4},{"damage":5,"enemies":"2 Louse","floor":4,"turns":3},{"damage":0,"enemies":"Cultist","floor":8,"turns":1},{"damage":20,"enemies":"downfall:FleeingMerchant","floor":9,"turns":4},{"damage":26,"enemies":"Exordium Thugs","floor":10,"turns":6},{"damage":39,"enemies":"Lagavulin","floor":11,"turns":7},{"damage":29,"enemies":"Lots of Slimes","floor":12,"turns":5},{"damage":2,"enemies":"Gremlin Nob","floor":14,"turns":4},{"damage":0,"enemies":"2 Fungi Beasts","floor":15,"turns":3},{"damage":42,"enemies":"downfall:Silent","floor":16,"turns":9},{"damage":35,"enemies":"3 Byrds","floor":19,"turns":6},{"damage":15,"enemies":"downfall:FleeingMerchant","floor":20,"turns":4},{"damage":23,"enemies":"Shell Parasite","floor":21,"turns":4},{"damage":36,"enemies":"Snake Plant","floor":22,"turns":3},{"damage":47,"enemies":"Centurion and Healer","floor":25,"turns":3},{"damage":30,"enemies":"Sentry and Sphere","floor":27,"turns":3},{"damage":45,"enemies":"Cultist and Chosen","floor":28,"turns":3},{"damage":45,"enemies":"Gremlin Leader","floor":29,"turns":5},{"damage":25,"enemies":"downfall:FleeingMerchant","floor":30,"turns":4},{"damage":18,"enemies":"Centurion and Healer","floor":32,"turns":2}],"seed_played":"788000153307341866","potions_obtained":[{"floor":4,"key":"Dexterity Potion"},{"floor":11,"key":"BlessingOfTheForge"},{"floor":14,"key":"Swift Potion"},{"floor":27,"key":"EntropicBrew"}],"is_trial":false,"path_per_floor":["R","M","?","M","?","?","T","M","$","M","E","M","R","E","M","B",null,"R","M","$","M","M","R","T","M","R","M","M","E","$","?","M"],"character_chosen":"THE_CHAMP","items_purchased":["Matryoshka","champ:FocusedBerserking+1","champ:Encircle"],"campfire_rested":0,"item_purchase_floors":[9,20,20],"current_hp_per_floor":[90,85,85,80,80,80,87,87,87,71,47,28,28,26,26,19,97,97,77,77,74,43,43,43,26,26,26,26,26,26,10,0,0,0],"gold":235,"neow_bonus":"RANDOM_COMMON_RELIC","is_daily":false,"chose_seed":false,"campfire_upgraded":4,"win_rate":0.0,"timestamp":1610415633,"path_taken":["R","M","?","M","?","?","T","?","?","M","E","M","R","E","M","BOSS","R","M","$","M","M","R","T","M","R","M","M","E","?","?","M"],"items_purchased_type":["Relic","Card","Card"],"build_version":"2020-12-22","purchased_purges":0,"victory":false,"max_hp_per_floor":[90,90,90,90,90,90,97,97,97,97,97,97,97,97,97,97,97,97,97,97,97,97,97,97,97,97,97,97,97,97,97,97,97,97],"card_choices":[{"not_picked":["champ:SetATrap","champ:Backstep"],"picked":"champ:ShieldSlam","floor":2},{"not_picked":["champ:ShieldWall","champ:SkillfulDodge"],"picked":"champ:Backstep","floor":4},{"not_picked":["champ:PerfectedStrike","champ:Shatter"],"picked":"champ:BringItOn","floor":8},{"not_picked":["champ:Shatter","champ:HeartStrike"],"picked":"champ:TripleStrike","floor":9},{"not_picked":["champ:DefensiveShout","champ:BringItOn"],"picked":"champ:PreciseThrust","floor":10},{"not_picked":["champ:DeathBlow","champ:FocusedBerserking+1"],"picked":"champ:LastStand","floor":11},{"not_picked":["champ:Haymaker","champ:EnGarde+1"],"picked":"champ:AdrenalArmor+1","floor":12},{"not_picked":["champ:Lariat+1","champ:EnGarde+1"],"picked":"champ:DefensiveStyle","floor":14},{"not_picked":["champ:FancyFootwork+1","champ:CrownThrow"],"picked":"champ:DefensiveShout+1","floor":15},{"not_picked":["champ:VampiricStrike","champ:HoldFirm+1"],"picked":"champ:UltimateStance+1","floor":16},{"not_picked":["champ:BringItOn+1","champ:FaceSlap"],"picked":"champ:GutPunch","floor":19},{"not_picked":["champ:Lariat+1","champ:EnGarde+1"],"picked":"champ:RisingSlash","floor":20},{"not_picked":["champ:RapidStrikes","champ:Circumvent+1"],"picked":"champ:SkillfulDodge+1","floor":21},{"not_picked":["champ:Shatter","champ:PerfectedStrike"],"picked":"champ:ShieldSigil+1","floor":22},{"not_picked":["champ:Backstep+1","champ:AdrenalArmor+1"],"picked":"champ:RageSigil+1","floor":25},{"not_picked":["champ:CalledShot+1","champ:TornadoPunch"],"picked":"champ:DeathBlow+1","floor":27},{"not_picked":["champ:BladeFlurry","champ:AdrenalArmor+1"],"picked":"champ:FlashCut","floor":28},{"not_picked":["champ:UltimateStance+1","champ:AdrenalArmor+1"],"picked":"champ:EndlessRage","floor":29},{"not_picked":["champ:PerfectedStrike","champ:Haymaker"],"picked":"champ:Shatter","floor":30}],"player_experience":296853,"relics_obtained":[{"floor":7,"key":"Strawberry"},{"floor":11,"key":"Toxic Egg 2"},{"floor":14,"key":"Vajra"},{"floor":24,"key":"PreservedInsect"},{"floor":29,"key":"Anchor"},{"floor":31,"key":"Necronomicon"}],"event_choices":[{"damage_healed":0,"gold_gain":0,"player_choice":"Trade","damage_taken":0,"relics_obtained":["SsserpentHead"],"max_hp_gain":0,"max_hp_loss":0,"event_name":"FaceTrader","floor":6,"gold_loss":0}],"is_beta":false,"boss_relics":[{"not_picked":["Fusion Hammer","SlaversCollar"],"picked":"Philosopher\u0027s Stone"}],"items_purged_floors":[],"is_endless":false,"potions_floor_spawned":[4,11,14,15,27,28],"killed_by":"Centurion and Healer","ascension_level":1}}