{"host":"d739yreqm0rh30t5","time":1610441272,"event":{"mods":["BaseMod","BetterRewards","Colored Powertips","Downfall","Googly Eyes","Hermit","Minty Spire (QoL Compilation)","Replay The Spire","Shop Mod","StSLib","The Cursed"],"gold_per_floor":[112,112,130,100,119,152,152,186,186,186,221,221,239,250,250,345,345,356,368,86,11,31,56,56,70,122,122,122,82,112,125,125,230,230,240,55,55,105,121,155,155,155,155,155,166,93,93,113,113,113,113],"floor_reached":50,"playtime":4734,"items_purged":[],"score":554,"play_id":"164b03cd-0f9a-4434-9288-6f8565def31b","local_time":"20210112094752","is_ascension_mode":true,"campfire_choices":[{"floor":7,"key":"REST"},{"data":"Armaments","floor":12,"key":"SMITH"},{"floor":15,"key":"REST"},{"floor":24,"key":"REST"},{"floor":32,"key":"REST"},{"data":"Berserk","floor":41,"key":"SMITH"},{"data":"Demon Form","floor":44,"key":"SMITH"},{"floor":47,"key":"REST"},{"floor":49,"key":"REST"}],"circlet_count":0,"master_deck":["Strike_R","Strike_R","Strike_R","Defend_R","Defend_R","Defend_R","Defend_R","Bash","Thunderclap","Heavy Blade","Armaments+1","Body Slam","Barricade+1","Flex","Berserk+1","Double Tap","Shockwave","Iron Wave+1","Inflame","Shrug It Off","Flex","Fiend Fire","Headbutt+1","Demon Form+1","Twin Strike","Spot Weakness","Specialist","Parasite","Shrug It Off","Inflame","Clash"],"relics":["Burning Blood","Champion Belt","Omamori","Kunai","Pen Nib","Red Skull","Nunchaku","Cursed Key","MerchantsRug","Bottled Flame","Juzu Bracelet","Boot","SlaversCollar","Lantern","Mango","Turnip","Thread and Needle"],"acts_visited":["TheCity","TheBeyond"],"potions_floor_usage":[8,16,30,30,50,50],"damage_taken":[{"damage":2.0,"enemies":"Small Slimes","floor":1.0,"turns":4.0},{"damage":4.0,"enemies":"2 Louse","floor":3.0,"turns":2.0},{"damage":0.0,"enemies":"Cultist","floor":5.0,"turns":3.0},{"damage":39,"enemies":"3 Sentries","floor":6,"turns":9},{"damage":30,"enemies":"Lagavulin","floor":8,"turns":7},{"damage":14,"enemies":"Gremlin Nob","floor":11,"turns":4},{"damage":3,"enemies":"3 Louse","floor":13,"turns":2},{"damage":10,"enemies":"Exordium Wildlife","floor":14,"turns":4},{"damage":10,"enemies":"Hexaghost","floor":16,"turns":13},{"damage":31,"enemies":"2 Thieves","floor":18,"turns":4},{"damage":0,"enemies":"Spheric Guardian","floor":19,"turns":3},{"damage":14,"enemies":"Centurion and Healer","floor":22,"turns":6},{"damage":26,"enemies":"Book of Stabbing","floor":23,"turns":5},{"damage":0,"enemies":"Snecko","floor":25,"turns":2},{"damage":46,"enemies":"Slavers","floor":30,"turns":7},{"damage":5,"enemies":"Snake Plant","floor":31,"turns":4},{"damage":21,"enemies":"Collector","floor":33,"turns":9},{"damage":34,"enemies":"3 Darklings","floor":35,"turns":8},{"damage":0,"enemies":"Mind Bloom Boss Battle","floor":38,"turns":3},{"damage":2,"enemies":"Orb Walker","floor":39,"turns":3},{"damage":12,"enemies":"R_Hoarder","floor":40,"turns":7},{"damage":29,"enemies":"Jaw Worm Horde","floor":45,"turns":5},{"damage":35,"enemies":"Sphere and 2 Shapes","floor":48,"turns":6},{"damage":77,"enemies":"Awakened One","floor":50,"turns":11}],"seed_played":"-5574900348294849399","potions_obtained":[{"floor":3.0,"key":"Fire Potion"},{"floor":4.0,"key":"PowerPotion"},{"floor":4.0,"key":"Weak Potion"},{"floor":13,"key":"GamblersBrew"},{"floor":16,"key":"ColorlessPotion"},{"floor":19,"key":"LiquidMemories"},{"floor":48,"key":"Dexterity Potion"}],"is_trial":false,"path_per_floor":["M","?","M","?","M","E","R","E","T","?","E","R","M","M","R","B",null,"M","M","$","?","M","E","R","M","T","?","?","?","E","M","R","B",null,"M","$","?","?","M","E","R","?","T","R","M","$","R","M","R","B"],"character_chosen":"IRONCLAD","items_purchased":["MerchantsRug","Inflame","Shrug It Off","Flex","Lantern","Spot Weakness","Inflame"],"campfire_rested":6,"item_purchase_floors":[20,20,20,20,36,36,46],"current_hp_per_floor":[60,42,44,44,50,17,41,17,17,37,29,29,32,28,52,48,80,55,61,61,61,53,33,57,63,63,63,63,63,23,24,48,33,80,52,52,52,72,76,70,70,60,60,60,37,37,65,36,64,0,0],"gold":113,"neow_bonus":"ONE_RARE_RELIC","is_daily":false,"chose_seed":false,"campfire_upgraded":3,"win_rate":0.0,"timestamp":1610441272,"path_taken":["M","?","M","?","?","E","R","E","T","?","E","R","M","M","R","BOSS","M","M","$","?","M","E","R","M","T","?","?","?","E","M","R","BOSS","M","$","?","?","M","E","R","?","T","R","M","?","R","M","R","BOSS"],"items_purchased_type":["Relic","Card","Card","Card","Relic","Card","Card"],"build_version":"2020-12-22","purchased_purges":0,"victory":false,"max_hp_per_floor":[80,80,80,80,80,80,80,80,80,80,80,80,80,80,80,80,80,80,80,80,80,80,80,80,80,80,80,80,80,80,80,80,80,80,80,80,80,94,94,94,94,94,94,94,94,94,94,94,94,94,94],"card_choices":[{"not_picked":["Dark Embrace","Perfected Strike"],"picked":"Thunderclap","floor":1.0},{"not_picked":["Clash","Twin Strike"],"picked":"Heavy Blade","floor":3.0},{"not_picked":["Seeing Red","Feel No Pain"],"picked":"Armaments","floor":5.0},{"not_picked":["Intimidate","Pommel Strike"],"picked":"Body Slam","floor":6},{"not_picked":["ReplayTheSpireMod:Corrosion Curse","ReplayTheSpireMod:Muscle Training"],"picked":"Barricade","floor":8},{"not_picked":["Clothesline","Headbutt"],"picked":"Flex","floor":11},{"not_picked":["Body Slam","Infernal Blade"],"picked":"Berserk","floor":13},{"not_picked":["Armaments","Burning Pact","Heavy Blade"],"picked":"SKIP","floor":14},{"not_picked":["Hemogenesis","Bludgeon"],"picked":"Double Tap","floor":16},{"not_picked":["Replay:Undeath\u0027s Touch","ReplayReversal+1"],"picked":"Shockwave","floor":18},{"not_picked":["Havoc","Headbutt"],"picked":"Iron Wave+1","floor":19},{"not_picked":["Replay:Undeath\u0027s Touch","Perfected Strike","Abandon"],"picked":"SKIP","floor":22},{"not_picked":["Shrug It Off","Clothesline","Ghostly Armor"],"picked":"SKIP","floor":23},{"not_picked":["Body Slam","ReplayReversal","True Grit"],"picked":"SKIP","floor":25},{"not_picked":["Sentinel","Feel No Pain"],"picked":"Fiend Fire","floor":30},{"not_picked":["Heavy Blade","ReplayTheSpireMod:Corrosion Curse"],"picked":"Headbutt+1","floor":31},{"not_picked":["Limit Break","Juggernaut"],"picked":"Demon Form","floor":33},{"not_picked":["True Grit+1","ReplayTheSpireMod:Strike From Hell+1"],"picked":"Twin Strike","floor":35},{"not_picked":["Feel No Pain+1","Brutality","Wild Strike+1"],"picked":"SKIP","floor":39},{"not_picked":["Exhume","Disarm","True Grit+1"],"picked":"SKIP","floor":40},{"not_picked":["Purity","Replay:Parry"],"picked":"Specialist","floor":42},{"not_picked":["Burning Pact","Pommel Strike+1"],"picked":"Shrug It Off","floor":45},{"not_picked":["Rupture+1","Run Through"],"picked":"Clash","floor":48}],"player_experience":139443,"relics_obtained":[{"floor":6,"key":"Kunai"},{"floor":8,"key":"Pen Nib"},{"floor":9,"key":"Red Skull"},{"floor":11,"key":"Nunchaku"},{"floor":23,"key":"Bottled Flame"},{"floor":26,"key":"Juzu Bracelet"},{"floor":30,"key":"Boot"},{"floor":38,"key":"Mango"},{"floor":40,"key":"Turnip"},{"floor":43,"key":"Thread and Needle"}],"event_choices":[{"damage_healed":0.0,"max_hp_gain":0.0,"max_hp_loss":0.0,"gold_gain":0.0,"event_name":"Scrap Ooze","player_choice":"Success","floor":2.0,"gold_loss":0.0,"damage_taken":18.0,"relics_obtained":["Omamori"]},{"damage_healed":0.0,"max_hp_gain":0.0,"max_hp_loss":0.0,"gold_gain":0.0,"event_name":"The Woman in Blue","player_choice":"Bought 2 Potions","floor":4.0,"gold_loss":0.0,"damage_taken":0.0},{"damage_healed":20,"gold_gain":0,"player_choice":"Healed and dodged fight","damage_taken":0,"max_hp_gain":0,"max_hp_loss":0,"event_name":"Mushrooms","floor":10,"gold_loss":0,"cards_obtained":["Parasite"]},{"cards_removed":["Strike_R"],"damage_healed":0,"gold_gain":0,"player_choice":"Gave Gold","damage_taken":0,"max_hp_gain":0,"max_hp_loss":0,"event_name":"Beggar","floor":21,"gold_loss":75},{"cards_removed":["Strike_R"],"damage_healed":0,"gold_gain":0,"player_choice":"Took Card","damage_taken":0,"max_hp_gain":0,"max_hp_loss":0,"event_name":"NoteForYourself","floor":27,"gold_loss":0,"cards_obtained":["Strike_R"]},{"damage_healed":0,"gold_gain":0,"player_choice":"Ignored","damage_taken":0,"max_hp_gain":0,"max_hp_loss":0,"event_name":"Ghosts","floor":28,"gold_loss":0},{"damage_healed":0,"gold_gain":0,"player_choice":"Upgrade","damage_taken":0,"max_hp_gain":0,"max_hp_loss":0,"event_name":"Designer","floor":29,"gold_loss":40,"cards_upgraded":["Barricade"]},{"cards_removed":["Strike_R"],"damage_healed":0,"gold_gain":0,"player_choice":"Removed Attack","damage_taken":0,"max_hp_gain":0,"max_hp_loss":0,"event_name":"Falling","floor":37,"gold_loss":0},{"damage_healed":0,"gold_gain":0,"player_choice":"Fight","damage_taken":0,"max_hp_gain":0,"max_hp_loss":0,"event_name":"MindBloom","floor":38,"gold_loss":0},{"damage_healed":0,"gold_gain":0,"player_choice":"Memory 3","damage_taken":10,"max_hp_gain":0,"max_hp_loss":0,"event_name":"SensoryStone","floor":42,"gold_loss":0}],"is_beta":false,"boss_relics":[{"not_picked":["Astrolabe","Sozu"],"picked":"Cursed Key"},{"not_picked":["SacredBark","Pandora\u0027s Box"],"picked":"SlaversCollar"}],"items_purged_floors":[],"is_endless":false,"potions_floor_spawned":[3,5,13,16,19,22,35,48],"killed_by":"Awakened One","ascension_level":1}}