{"host":"oy4pyvr762z5n0bb","time":1610421077,"event":{"mods":["AchievementEnabler","BaseMod","Colored Map","Colored Powertips","Googly Eyes","Key Reminder","Minty Spire (QoL Compilation)","Quick Restart","Relic Sorter","Slay the Relics Exporter","StSLib","SuperFastMode","Unceasing Turn Reminder","slay the spire mod where everything is the same but ironclad has a cowboy hat"],"gold_per_floor":[118,128,53,69,69,99,99,116,143,169,169,184,184,218,218,322,322,339,359,359,458,482,482,482],"floor_reached":23,"playtime":460,"items_purged":[],"score":269,"play_id":"8d6293f2-43c6-411a-af7f-15060dc27452","local_time":"20210111191117","is_ascension_mode":true,"campfire_choices":[{"floor":7,"key":"REST"},{"data":"Conclude","floor":11,"key":"SMITH"},{"data":"FlyingSleeves","floor":13,"key":"SMITH"},{"data":"BattleHymn","floor":15,"key":"SMITH"}],"circlet_count":0,"master_deck":["Strike_P","Strike_P","Defend_P","Defend_P","Defend_P","Defend_P","Eruption+1","Vigilance","FlurryOfBlows","FearNoEvil","Consecrate","Evaluate+1","FollowUp+1","FlyingSleeves+1","EmptyFist+1","Conclude+1","BattleHymn+1","Ragnarok","FlyingSleeves"],"relics":["PureWater","NeowsBlessing","MealTicket","Akabeko","Whetstone","Bird Faced Urn","Empty Cage","Tiny Chest"],"acts_visited":["Exordium","TheCity"],"potions_floor_usage":[10],"damage_taken":[{"damage":0,"enemies":"2 Louse","floor":1,"turns":1},{"damage":0,"enemies":"Jaw Worm","floor":2,"turns":1},{"damage":0,"enemies":"Small Slimes","floor":4,"turns":2},{"damage":19,"enemies":"3 Sentries","floor":6,"turns":6},{"damage":0,"enemies":"2 Fungi Beasts","floor":8,"turns":2},{"damage":2,"enemies":"Lagavulin","floor":10,"turns":4},{"damage":0,"enemies":"3 Louse","floor":12,"turns":3},{"damage":0,"enemies":"Gremlin Nob","floor":14,"turns":2},{"damage":22,"enemies":"Hexaghost","floor":16,"turns":8},{"damage":26,"enemies":"3 Byrds","floor":18,"turns":3},{"damage":28,"enemies":"2 Thieves","floor":19,"turns":3},{"damage":29,"enemies":"Slavers","floor":23,"turns":1}],"seed_played":"-7043537887180556265","potions_obtained":[{"floor":2,"key":"CultistPotion"},{"floor":4,"key":"SpeedPotion"},{"floor":6,"key":"PowerPotion"},{"floor":16,"key":"StancePotion"}],"is_trial":false,"path_per_floor":["M","M","$","M","?","E","R","M","T","E","R","M","R","E","R","B",null,"M","M","?","?","T","E"],"character_chosen":"WATCHER","items_purchased":["Consecrate","Evaluate"],"campfire_rested":1,"item_purchase_floors":[3,3],"current_hp_per_floor":[72,72,72,72,58,39,60,60,60,58,58,58,58,58,58,38,72,46,20,20,20,20,0,0],"gold":482,"neow_bonus":"THREE_ENEMY_KILL","is_daily":false,"chose_seed":false,"campfire_upgraded":3,"win_rate":0.0,"timestamp":1610421077,"path_taken":["M","M","$","M","?","E","R","M","T","E","R","M","R","E","R","BOSS","M","M","?","?","?","E"],"items_purchased_type":["Card","Card"],"build_version":"2020-12-22","purchased_purges":0,"victory":false,"max_hp_per_floor":[72,72,72,72,72,72,72,72,72,72,72,72,72,72,72,72,72,72,72,72,72,72,72,72],"card_choices":[{"not_picked":["Halt","EmptyBody"],"picked":"FlurryOfBlows","floor":1},{"not_picked":["Worship","Collect"],"picked":"FearNoEvil","floor":2},{"not_picked":["PathToVictory","FlyingSleeves"],"picked":"FollowUp","floor":4},{"not_picked":["Weave","ThirdEye"],"picked":"FlyingSleeves","floor":6},{"not_picked":["EmptyMind","Wireheading"],"picked":"EmptyFist","floor":8},{"not_picked":["SignatureMove","Fasting2"],"picked":"Conclude","floor":10},{"not_picked":["Meditate","DeceiveReality","Prostrate"],"picked":"SKIP","floor":12},{"not_picked":["Vengeance","Consecrate"],"picked":"BattleHymn","floor":14},{"not_picked":["Omniscience","DeusExMachina"],"picked":"Ragnarok","floor":16},{"not_picked":["ClearTheMind","SashWhip"],"picked":"FlyingSleeves","floor":18},{"not_picked":["Consecrate","Prostrate","SashWhip"],"picked":"SKIP","floor":19}],"player_experience":733989,"relics_obtained":[{"floor":6,"key":"MealTicket"},{"floor":9,"key":"Akabeko"},{"floor":10,"key":"Whetstone"},{"floor":14,"key":"Bird Faced Urn"},{"floor":22,"key":"Tiny Chest"}],"event_choices":[{"damage_healed":0,"gold_gain":0,"player_choice":"Entered Light","damage_taken":14,"max_hp_gain":0,"max_hp_loss":0,"event_name":"Shining Light","floor":5,"gold_loss":0,"cards_upgraded":["Eruption","Evaluate"]},{"damage_healed":0,"gold_gain":0,"player_choice":"Ignored","damage_taken":0,"max_hp_gain":0,"max_hp_loss":0,"event_name":"Ghosts","floor":20,"gold_loss":0},{"damage_healed":0,"gold_gain":99,"player_choice":"Stole From Cult","damage_taken":0,"max_hp_gain":0,"max_hp_loss":0,"event_name":"Nest","floor":21,"gold_loss":0}],"is_beta":false,"boss_relics":[{"not_picked":["Tiny House","Calling Bell"],"picked":"Empty Cage"}],"items_purged_floors":[],"is_endless":false,"potions_floor_spawned":[2,4,6,8,16,19],"killed_by":"Slavers","ascension_level":3}}