{"host":"bavnrlhi49015oee","time":1610438696,"event":{"mods":["BaseMod","Become a monster 百变怪","Colored Powertips","Lobotomy","LobotomyExtend","Minty Spire (QoL Compilation)","Nova Terra(诺娃・泰拉)","Quick Restart","Ryuuou龙王","StSLib","Uncapped"],"gold_per_floor":[120,133,146,146,157,134,134,134,134,63,238,187,287,63,63,103,103,103,103],"floor_reached":18,"playtime":484,"items_purged":["Doubt"],"score":162,"play_id":"0077fcd7-a821-42d9-bc7c-77324156b0e2","local_time":"20210112160456","is_ascension_mode":false,"campfire_choices":[],"circlet_count":0,"master_deck":["SpecialBullet","SpecialBullet","SpecialBullet","SpecialBullet","SpecialBullet","SpecialBullet","SpecialBullet","SecurityCode","InformationCode","CentralCode","BodiesMountain","Spore","Freischutz","Diffraction+1","CENSORED_ego","BigBadWolf","TheSmile+1","Wellcheers","Diffraction","SpiderBud","Laetitia_ego","Woodsman","Heaven","Scorched","Justitia"],"relics":["CogitoBucket","MealTicket","RabbitCall","LetterFromLob","War Paint","Lantern","AspirationHeart","Bronze Scales","Black Star","InspiredRelic"],"acts_visited":["Exordium","TheCity"],"potions_floor_usage":[10,16],"damage_taken":[{"damage":11,"enemies":"Jaw Worm","floor":1,"turns":2},{"damage":0,"enemies":"Small Slimes","floor":2,"turns":2},{"damage":6,"enemies":"Cultist","floor":3,"turns":3},{"damage":12,"enemies":"Blue Slaver","floor":5,"turns":3},{"damage":40,"enemies":"Lagavulin","floor":6,"turns":4},{"damage":27,"enemies":"Lots of Slimes","floor":10,"turns":3},{"damage":0,"enemies":"3 Louse","floor":12,"turns":1},{"damage":14,"enemies":"Hexaghost","floor":16,"turns":5}],"seed_played":"8177249760172414095","potions_obtained":[{"floor":3,"key":"Weak Potion"},{"floor":5,"key":"Explosive Potion"},{"floor":6,"key":"Strength Potion"},{"floor":16,"key":"Energy Potion"}],"is_trial":false,"path_per_floor":["M","M","M","?","M","E","$","R","T","M","?","M","?","$","R","B",null,"M"],"character_chosen":"Angela","items_purchased":["Bronze Scales"],"campfire_rested":0,"item_purchase_floors":[14],"current_hp_per_floor":[67,70,70,70,70,44,59,59,59,62,62,77,77,80,80,80,80,0,0],"gold":103,"neow_bonus":"RANDOM_COMMON_RELIC","is_daily":false,"chose_seed":false,"campfire_upgraded":0,"win_rate":0.0,"timestamp":1610438696,"path_taken":["M","M","M","?","M","E","$","R","T","M","?","M","?","$","R","BOSS","M"],"items_purchased_type":["Relic"],"build_version":"2020-12-22","purchased_purges":1,"victory":false,"max_hp_per_floor":[70,70,70,70,70,70,70,70,70,80,80,80,80,80,80,80,80,75,75],"card_choices":[{"not_picked":["SpiderBud","MeatLantern"],"picked":"BodiesMountain","floor":1},{"not_picked":["FourthMatchFlame"],"picked":"Spore","floor":1},{"not_picked":["Bloodbath","VoidDream"],"picked":"Freischutz","floor":2},{"not_picked":["Beak"],"picked":"Diffraction","floor":2},{"not_picked":["Penitence"],"picked":"CENSORED_ego","floor":3},{"not_picked":["Rudolta","Wellcheers"],"picked":"BigBadWolf","floor":5},{"not_picked":["SomewhereSpear"],"picked":"TheSmile","floor":5},{"not_picked":["PunishingBird","MHz"],"picked":"Wellcheers","floor":6},{"not_picked":["Soda"],"picked":"Diffraction","floor":6},{"not_picked":["WallGazer","VoidDream"],"picked":"SpiderBud","floor":10},{"not_picked":["Tough"],"picked":"Laetitia_ego","floor":10},{"not_picked":["MHz","GalaxyChild"],"picked":"Woodsman","floor":12},{"not_picked":["Noise"],"picked":"Heaven","floor":12},{"not_picked":["Scarecrow","Laetitia"],"picked":"Scorched","floor":16},{"not_picked":["SoundOfStar"],"picked":"Justitia","floor":16}],"player_experience":124442,"relics_obtained":[{"floor":1,"key":"LetterFromLob"},{"floor":6,"key":"War Paint"},{"floor":9,"key":"Lantern"}],"event_choices":[{"damage_healed":0,"gold_gain":0,"player_choice":"Ignored","damage_taken":0,"max_hp_gain":0,"max_hp_loss":0,"event_name":"Golden Wing","floor":4,"gold_loss":0},{"damage_healed":0,"gold_gain":175,"player_choice":"AGREE","damage_taken":0,"max_hp_gain":0,"max_hp_loss":0,"event_name":"Liars Game","floor":11,"gold_loss":0,"cards_obtained":["Doubt"]},{"damage_healed":0,"gold_gain":100,"player_choice":"Gold","damage_taken":0,"max_hp_gain":0,"max_hp_loss":0,"event_name":"Wheel of Change","floor":13,"gold_loss":0}],"is_beta":false,"boss_relics":[{"not_picked":["Philosopher\u0027s Stone","Busted Crown"],"picked":"Black Star"}],"items_purged_floors":[14],"is_endless":false,"potions_floor_spawned":[3,5,6,16],"ascension_level":0}}