{"host":"wha9hktbkslqvblg","time":1610465802,"event":{"mods":["BaseMod","Colored Map","Minty Spire (QoL Compilation)","Relic Stats","SuperFastMode","everything is the same but u backflip on backflip"],"gold_per_floor":[111,186,186,202,202,236,249,264,264,279,279,291,216,234,234,313,313,327,15,34,34,45,45,78,90,90,102,102,119,139,167,167,245,245,264,280,295,307,307,332,332,363,363,377,409,422,435,464,464,464,464,464,464,79,112,112],"floor_reached":57,"playtime":2199,"items_purged":["Poisoned Stab"],"score":3094,"play_id":"5ba0bbcb-a136-45dd-96da-878782744ab2","local_time":"20210113003642","is_ascension_mode":true,"campfire_choices":[{"data":"Cloak And Dagger","floor":11.0,"key":"SMITH"},{"data":"Accuracy","floor":15.0,"key":"SMITH"},{"data":"Phantasmal Killer","floor":23.0,"key":"SMITH"},{"data":"After Image","floor":32.0,"key":"SMITH"},{"floor":41.0,"key":"RECALL"},{"data":"Wraith Form v2","floor":49.0,"key":"SMITH"},{"data":"Burst","floor":53.0,"key":"SMITH"}],"circlet_count":0,"master_deck":["AscendersBane","Survivor","Neutralize","Cloak And Dagger+1","Calculated Gamble","Finisher","Accuracy+1","Infinite Blades","Phantasmal Killer+1","Backflip","Accuracy","Cloak And Dagger","After Image+1","Prepared","Wraith Form v2+1","Well Laid Plans","Backflip+1","Blade Dance","Clumsy","Burst+1","Terror"],"relics":["Ring of the Snake","NeowsBlessing","Ornamental Fan","Letter Opener","Singing Bowl","Pandora\u0027s Box","ClockworkSouvenir","Pen Nib","Mango","Ninja Scroll","Cursed Key","Centennial Puzzle","Smiling Mask","Vajra","Omamori","PrismaticShard","Anchor"],"acts_visited":["Exordium","TheCity","TheBeyond","TheEnding"],"potions_floor_usage":[55],"damage_taken":[{"damage":0.0,"enemies":"Small Slimes","floor":1.0,"turns":1.0},{"damage":0.0,"enemies":"2 Louse","floor":4.0,"turns":1.0},{"damage":0.0,"enemies":"Lagavulin","floor":6.0,"turns":1.0},{"damage":1.0,"enemies":"Cultist","floor":7.0,"turns":4.0},{"damage":8.0,"enemies":"Blue Slaver","floor":8.0,"turns":6.0},{"damage":16.0,"enemies":"3 Louse","floor":10.0,"turns":5.0},{"damage":0.0,"enemies":"Looter","floor":12.0,"turns":2.0},{"damage":0.0,"enemies":"Large Slime","floor":14.0,"turns":2.0},{"damage":2.0,"enemies":"Hexaghost","floor":16.0,"turns":9.0},{"damage":0.0,"enemies":"Chosen","floor":18.0,"turns":2.0},{"damage":0.0,"enemies":"Spheric Guardian","floor":20.0,"turns":2.0},{"damage":0.0,"enemies":"3 Cultists","floor":22.0,"turns":3.0},{"damage":20.0,"enemies":"Slavers","floor":24.0,"turns":3.0},{"damage":11.0,"enemies":"Snake Plant","floor":25.0,"turns":3.0},{"damage":3.0,"enemies":"Centurion and Healer","floor":27.0,"turns":3.0},{"damage":3.0,"enemies":"Snecko","floor":29.0,"turns":3.0},{"damage":2.0,"enemies":"Snake Plant","floor":30.0,"turns":3.0},{"damage":0.0,"enemies":"Book of Stabbing","floor":31.0,"turns":3.0},{"damage":3.0,"enemies":"Automaton","floor":33.0,"turns":5.0},{"damage":0.0,"enemies":"3 Darklings","floor":35.0,"turns":4.0},{"damage":3.0,"enemies":"3 Shapes","floor":36.0,"turns":3.0},{"damage":0.0,"enemies":"Jaw Worm Horde","floor":37.0,"turns":3.0},{"damage":3.0,"enemies":"Writhing Mass","floor":38.0,"turns":4.0},{"damage":29.0,"enemies":"Nemesis","floor":40.0,"turns":7.0},{"damage":0.0,"enemies":"Giant Head","floor":42.0,"turns":6.0},{"damage":3.0,"enemies":"Spire Growth","floor":44.0,"turns":3.0},{"damage":1.0,"enemies":"Reptomancer","floor":45.0,"turns":4.0},{"damage":0.0,"enemies":"4 Shapes","floor":46.0,"turns":3.0},{"damage":23.0,"enemies":"Writhing Mass","floor":47.0,"turns":4.0},{"damage":0.0,"enemies":"Giant Head","floor":48.0,"turns":5.0},{"damage":9.0,"enemies":"Donu and Deca","floor":50.0,"turns":6.0},{"damage":53.0,"enemies":"Time Eater","floor":51.0,"turns":10.0},{"damage":0,"enemies":"Shield and Spear","floor":55,"turns":3},{"damage":114,"enemies":"The Heart","floor":56,"turns":7}],"seed_played":"7598738105106610389","potions_obtained":[{"floor":1.0,"key":"PowerPotion"},{"floor":4.0,"key":"Regen Potion"},{"floor":8.0,"key":"Swift Potion"},{"floor":16.0,"key":"GhostInAJar"},{"floor":18.0,"key":"DistilledChaos"},{"floor":24.0,"key":"DuplicationPotion"},{"floor":25.0,"key":"Poison Potion"},{"floor":29.0,"key":"FairyPotion"},{"floor":40.0,"key":"Block Potion"},{"floor":44.0,"key":"FairyPotion"}],"is_trial":false,"path_per_floor":["M","?","?","M","?","E","M","M","T","M","R","M","?","M","R","B",null,"M","$","M","?","M","R","E","M","T","M","?","M","M","E","R","B",null,"M","M","M","M","?","E","R","E","T","M","E","M","M","E","R","B","B",null,"R","$","E","B",null],"character_chosen":"THE_SILENT","items_purchased":["Backflip","ClockworkSouvenir","Accuracy","PrismaticShard","CunningPotion","Terror"],"campfire_rested":0,"item_purchase_floors":[19,19,19,54,54,54],"current_hp_per_floor":[59,48,37,37,37,37,36,28,28,12,12,12,12,12,12,25,56,58,58,60,60,62,62,44,35,49,48,35,32,32,32,32,29,78,80,79,81,78,78,49,49,49,49,48,49,51,30,30,30,21,14,81,81,81,83,28],"gold":112,"neow_bonus":"THREE_ENEMY_KILL","is_daily":false,"chose_seed":false,"campfire_upgraded":6,"win_rate":0.0,"timestamp":1610465802,"path_taken":["M","?","?","M","?","E","M","M","T","M","R","M","?","M","R","BOSS","M","$","M","?","M","R","E","M","T","M","?","?","M","E","R","BOSS","M","M","M","M","?","E","R","E","T","M","E","M","M","E","R","BOSS","BOSS","R","$","E","BOSS"],"items_purchased_type":["Card","Relic","Card","Relic","Potion","Card"],"build_version":"2020-12-22","purchased_purges":1,"victory":true,"max_hp_per_floor":[66,66,66,66,66,66,66,66,66,66,66,66,66,66,66,66,66,68,68,70,70,72,72,74,76,90,92,92,92,94,94,94,94,94,96,98,100,100,95,95,95,95,95,97,99,101,103,103,103,103,103,103,103,103,105,105],"relic_stats":{"Centennial Puzzle":[18],"Singing Bowl":30,"counters":[34,133],"Ornamental Fan":[384],"Pandora\u0027s Box":["Deadly Poison","Grand Finale","Concentrate","Phantasmal Killer","Acrobatics","Glass Knife","Grand Finale","Infinite Blades","Dagger Spray"],"Pen Nib":[32],"Letter Opener":[330],"Cursed Key":1,"Smiling Mask":25,"obtain_stats":[{"NeowsBlessing":0,"Singing Bowl":9,"Vajra":45,"Mango":26,"Pen Nib":24,"Omamori":48,"Letter Opener":6,"Cursed Key":34,"Smiling Mask":42,"PrismaticShard":54,"ClockworkSouvenir":19,"Centennial Puzzle":40,"Anchor":55,"Ornamental Fan":3,"Ninja Scroll":31,"Pandora\u0027s Box":17,"Ring of the Snake":0},{"NeowsBlessing":0,"Singing Bowl":5,"Vajra":27,"Mango":14,"Pen Nib":13,"Omamori":30,"Letter Opener":3,"Cursed Key":19,"Smiling Mask":25,"PrismaticShard":32,"ClockworkSouvenir":10,"Centennial Puzzle":24,"Anchor":33,"Ornamental Fan":1,"Ninja Scroll":18,"Pandora\u0027s Box":9,"Ring of the Snake":0},{"NeowsBlessing":0,"Singing Bowl":13,"Vajra":95,"Mango":44,"Pen Nib":41,"Omamori":107,"Letter Opener":3,"Cursed Key":61,"Smiling Mask":88,"PrismaticShard":123,"ClockworkSouvenir":33,"Centennial Puzzle":82,"Anchor":126,"Ornamental Fan":1,"Ninja Scroll":56,"Pandora\u0027s Box":31,"Ring of the Snake":0}],"Ring of the Snake":[68]},"card_choices":[{"not_picked":["Accuracy","All Out Attack"],"picked":"Cloak And Dagger","floor":1.0},{"not_picked":["Flechettes","Catalyst"],"picked":"Calculated Gamble","floor":4.0},{"not_picked":["Storm of Steel","Deflect","Choke"],"picked":"SKIP","floor":6.0},{"not_picked":["Quick Slash","Bane"],"picked":"Finisher","floor":7.0},{"not_picked":["Backflip","Underhanded Strike","Prepared"],"picked":"SKIP","floor":8.0},{"not_picked":["Caltrops","Expertise"],"picked":"Poisoned Stab","floor":10.0},{"not_picked":["Riddle With Holes","Distraction"],"picked":"Accuracy","floor":12.0},{"not_picked":["Prepared","Eviscerate"],"picked":"Infinite Blades","floor":14.0},{"not_picked":["Storm of Steel","Burst"],"picked":"Phantasmal Killer","floor":16.0},{"not_picked":["Heel Hook","Escape Plan","Riddle With Holes+1"],"picked":"Singing Bowl","floor":18.0},{"not_picked":["Sucker Punch","Dagger Spray","Bane"],"picked":"Singing Bowl","floor":20.0},{"not_picked":["Dagger Spray","Dagger Throw","Backflip"],"picked":"Singing Bowl","floor":22.0},{"not_picked":["Flying Knee","Bane","Finisher"],"picked":"Singing Bowl","floor":24.0},{"not_picked":["Outmaneuver","Dagger Throw","Deflect"],"picked":"Singing Bowl","floor":25.0},{"not_picked":["Backflip","PiercingWail","Eviscerate"],"picked":"Singing Bowl","floor":27.0},{"not_picked":["Cloak And Dagger","Calculated Gamble"],"picked":"After Image","floor":29.0},{"not_picked":["Backflip","Outmaneuver","Infinite Blades+1"],"picked":"Singing Bowl","floor":30.0},{"not_picked":["Poisoned Stab+1","Dagger Throw"],"picked":"Prepared","floor":31.0},{"not_picked":["A Thousand Cuts","Phantasmal Killer"],"picked":"Wraith Form v2","floor":33.0},{"not_picked":["Tactician+1","Dagger Spray","Sucker Punch"],"picked":"Singing Bowl","floor":35.0},{"not_picked":["Blade Dance","Quick Slash","Predator+1"],"picked":"Singing Bowl","floor":36.0},{"not_picked":["Heel Hook","Distraction","Calculated Gamble"],"picked":"Singing Bowl","floor":37.0},{"not_picked":["Cloak And Dagger","Dagger Throw+1"],"picked":"Well Laid Plans","floor":38.0},{"not_picked":["Poisoned Stab","Catalyst"],"picked":"Backflip+1","floor":40.0},{"not_picked":["Phantasmal Killer","Poisoned Stab"],"picked":"Blade Dance","floor":42.0},{"not_picked":["Backflip","Deadly Poison","Deflect"],"picked":"Singing Bowl","floor":44.0},{"not_picked":["Predator","Poisoned Stab","Well Laid Plans"],"picked":"Singing Bowl","floor":45.0},{"not_picked":["All Out Attack","Masterful Stab+1","Blade Dance"],"picked":"Singing Bowl","floor":46.0},{"not_picked":["Deflect","Backstab","Outmaneuver+1"],"picked":"Singing Bowl","floor":47.0},{"not_picked":["Leg Sweep","Prepared"],"picked":"Burst","floor":48.0},{"not_picked":["Evaluate","Steam","FlyingSleeves"],"picked":"Singing Bowl","floor":55}],"player_experience":963275,"relics_obtained":[{"floor":6.0,"key":"Letter Opener"},{"floor":9.0,"key":"Singing Bowl"},{"floor":24.0,"key":"Pen Nib"},{"floor":26.0,"key":"Mango"},{"floor":31.0,"key":"Ninja Scroll"},{"floor":40.0,"key":"Centennial Puzzle"},{"floor":42.0,"key":"Smiling Mask"},{"floor":45.0,"key":"Vajra"},{"floor":48.0,"key":"Omamori"},{"floor":55,"key":"Anchor"}],"event_choices":[{"damage_healed":0.0,"max_hp_gain":0.0,"max_hp_loss":0.0,"gold_gain":75.0,"event_name":"World of Goop","player_choice":"Gather Gold","floor":2.0,"gold_loss":0.0,"damage_taken":11.0},{"damage_healed":0.0,"max_hp_gain":0.0,"max_hp_loss":0.0,"gold_gain":0.0,"event_name":"Scrap Ooze","player_choice":"Success","floor":3.0,"gold_loss":0.0,"damage_taken":11.0,"relics_obtained":["Ornamental Fan"]},{"damage_healed":0.0,"max_hp_gain":0.0,"max_hp_loss":0.0,"gold_gain":0.0,"event_name":"Liars Game","player_choice":"Ignored","floor":5.0,"gold_loss":0.0,"damage_taken":0.0},{"cards_removed":["Defend_G"],"damage_healed":0.0,"max_hp_gain":0.0,"max_hp_loss":0.0,"gold_gain":0.0,"event_name":"The Cleric","player_choice":"Card Removal","floor":13.0,"gold_loss":75.0,"damage_taken":0.0},{"damage_healed":0.0,"max_hp_gain":0.0,"max_hp_loss":0.0,"gold_gain":0.0,"event_name":"The Library","player_choice":"Read","floor":21.0,"gold_loss":0.0,"damage_taken":0.0,"cards_obtained":["Cloak And Dagger"]},{"damage_healed":0.0,"max_hp_gain":0.0,"max_hp_loss":0.0,"gold_gain":0.0,"event_name":"Wheel of Change","player_choice":"Damaged","floor":28.0,"gold_loss":0.0,"damage_taken":13.0},{"damage_healed":0.0,"max_hp_gain":0.0,"max_hp_loss":5.0,"gold_gain":0.0,"event_name":"Winding Halls","player_choice":"Max HP","floor":39.0,"gold_loss":0.0,"damage_taken":0.0}],"is_beta":false,"boss_relics":[{"not_picked":["Fusion Hammer","WristBlade"],"picked":"Pandora\u0027s Box"},{"not_picked":["SacredBark","Velvet Choker"],"picked":"Cursed Key"}],"items_purged_floors":[54],"is_endless":false,"potions_floor_spawned":[1,4,8,10,16,18,24,25,29,30,31,33,37,40,42,44,48],"ascension_level":20}}