{"host":"yganem311pbhnzmn","time":1610464348,"event":{"mods":["AchievementEnabler","BaseMod","BetterRewards","Colored Map","Minty Spire (QoL Compilation)","Replay The Spire","Shop Mod","StSLib","SuperFastMode"],"gold_per_floor":[111,111,129,204,204,234,234,244,244,244,244,262,262,273,273,378,678,661,680,680,118,128,128,139,139,139,174,174,174,194,48,48,153,153,168,268,286,296,315,315,329,329,380,395,395,18,88,106,106,118],"floor_reached":51,"playtime":2524,"items_purged":["Parasite"],"score":777,"play_id":"2872293b-9225-4975-a4b4-f0b341f9c87a","local_time":"20210113001228","daily_mods":["Heirloom","Time Dilation"],"is_ascension_mode":true,"campfire_choices":[{"data":"Buffer","floor":7,"key":"SMITH"},{"data":"White Noise","floor":10,"key":"SMITH"},{"data":"Glacier","floor":13,"key":"SMITH"},{"data":"Hello World","floor":15,"key":"SMITH"},{"data":"Gash","floor":23,"key":"SMITH"},{"data":"Go for the Eyes","floor":23,"key":"SMITH"},{"data":"Dualcast","floor":25,"key":"SMITH"},{"data":"Leap","floor":25,"key":"SMITH"},{"data":"Echo Form","floor":28,"key":"SMITH"},{"data":"Zap","floor":28,"key":"SMITH"},{"data":"Defragment","floor":32,"key":"SMITH"},{"data":"Go for the Eyes","floor":32,"key":"SMITH"},{"data":"Amplify","floor":40,"key":"SMITH"},{"data":"Machine Learning","floor":40,"key":"SMITH"},{"floor":42,"key":"REST"},{"floor":45,"key":"REST"},{"data":"Loop","floor":49,"key":"SMITH"},{"data":"Gash","floor":49,"key":"SMITH"}],"circlet_count":0,"master_deck":["Strike_B","Strike_B","Strike_B+1","Strike_B","Defend_B","Defend_B","Defend_B","Defend_B","Zap+1","Dualcast+1","Go for the Eyes+1","Gash+1","Buffer+1","White Noise+1","Glacier+1","Hello World+1","CurseOfTheBell","Go for the Eyes+1","Leap+1","Echo Form+1","Gash+1","Defragment+1","Amplify+1","ReplayGash+1","Beam Cell+1","Conserve Battery+1","Machine Learning+1","Go for the Eyes","Loop+1","Gash+1","Amnesia","FIFO Queue","BootSequence+1"],"relics":["FrozenCore","Gambling Chip","FossilizedHelix","Emotion Chip","Art of War","Calling Bell","Bag of Marbles","Question Card","Old Coin","ReplayTheSpireMod:Ninjato","Replay:Arrowhead","Chameleon Ring","Replay:Bottled Flurry","Lee\u0027s Waffle","Replay:Bandana","Solar Panel","ReplayTheSpireMod:CursedCoin"],"acts_visited":["Exordium","TheCity","TheBeyond"],"potions_floor_usage":[16,22,41,48],"damage_taken":[{"damage":2,"enemies":"2 Louse","floor":1,"turns":3},{"damage":0,"enemies":"Small Slimes","floor":3,"turns":2},{"damage":20,"enemies":"Replay:BlueRogue","floor":6,"turns":6},{"damage":0,"enemies":"Cultist","floor":8,"turns":4},{"damage":0,"enemies":"Exordium Wildlife","floor":12,"turns":3},{"damage":8,"enemies":"Lots of Slimes","floor":14,"turns":4},{"damage":14,"enemies":"Hexaghost","floor":16,"turns":9},{"damage":10,"enemies":"2 Thieves","floor":18,"turns":4},{"damage":20,"enemies":"3 Byrds","floor":19,"turns":7},{"damage":13,"enemies":"Cultist and Chosen","floor":22,"turns":5},{"damage":0,"enemies":"Snecko","floor":24,"turns":6},{"damage":24,"enemies":"Gremlin Leader","floor":27,"turns":7},{"damage":3,"enemies":"Snake Plant","floor":30,"turns":3},{"damage":0,"enemies":"Automaton","floor":33,"turns":13},{"damage":13,"enemies":"3 Darklings","floor":35,"turns":7},{"damage":0,"enemies":"3 Shapes","floor":37,"turns":10},{"damage":0,"enemies":"Transient","floor":38,"turns":5},{"damage":36,"enemies":"4 Shapes","floor":39,"turns":9},{"damage":0,"enemies":"Writhing Mass","floor":41,"turns":10},{"damage":23,"enemies":"Sphere and 2 Shapes","floor":44,"turns":6},{"damage":4,"enemies":"Transient","floor":48,"turns":5},{"damage":23,"enemies":"Donu and Deca","floor":50,"turns":12}],"seed_played":"7488678408797661647","potions_obtained":[{"floor":1,"key":"EssenceOfDarkness"},{"floor":12,"key":"FearPotion"},{"floor":14,"key":"Regen Potion"},{"floor":16,"key":"Weak Potion"},{"floor":22,"key":"SpeedPotion"},{"floor":27,"key":"Reflective Coating"},{"floor":44,"key":"Adrenaline Potion"},{"floor":48,"key":"Adrenaline Potion"}],"is_trial":true,"path_per_floor":["M","?","M","?","?","E","R","M","T","R","?","M","R","M","R","B",null,"M","M","?","$","M","R","M","R","T","E","R","?","M","$","R","B",null,"M","?","M","M","M","R","M","R","T","M","R","$","$","M","R","B",null],"character_chosen":"DEFECT","items_purchased":["Go for the Eyes","ReplayTheSpireMod:Ninjato","Replay:Arrowhead","Lee\u0027s Waffle","Solar Panel","Gash","ReplayTheSpireMod:CursedCoin","FIFO Queue"],"campfire_rested":2,"item_purchase_floors":[21,21,21,31,46,46,47,47],"current_hp_per_floor":[73,73,73,62,62,42,42,42,42,42,42,42,42,34,34,35,75,65,45,75,75,62,62,62,62,62,38,38,38,35,82,82,82,82,69,69,69,69,33,33,33,57,57,34,58,58,58,56,56,41],"gold":118,"neow_bonus":"","is_daily":false,"chose_seed":false,"campfire_upgraded":16,"win_rate":0.0,"timestamp":1610464348,"path_taken":["M","?","M","?","?","E","R","M","T","R","?","M","R","M","R","BOSS","M","?","?","$","M","R","?","R","T","E","R","?","M","?","R","BOSS","M","?","M","M","M","R","?","R","T","M","R","?","$","M","R","BOSS"],"items_purchased_type":["Card","Relic","Relic","Relic","Relic","Card","Relic","Card"],"build_version":"2020-12-22","purchased_purges":1,"victory":true,"max_hp_per_floor":[75,75,75,75,75,75,75,75,75,75,75,75,75,75,75,75,75,75,75,75,75,75,75,75,75,75,75,75,75,75,82,82,82,82,82,82,82,82,82,82,82,82,82,82,82,79,79,79,79,79],"card_choices":[{"not_picked":["ReplaySort","Leap"],"picked":"Go for the Eyes","floor":1},{"not_picked":["Stack","Turbo"],"picked":"Gash","floor":3},{"not_picked":["Rainbow","ReplayRNGCard"],"picked":"Buffer","floor":6},{"not_picked":["Coolheaded","Panic Button"],"picked":"White Noise","floor":8},{"not_picked":["ReplaySolidLightProjector","Blizzard"],"picked":"Glacier","floor":12},{"not_picked":["Cold Snap","All For One"],"picked":"Hello World","floor":14},{"not_picked":["Rebound+1","Streamline","Doom and Gloom+1","Coolheaded"],"picked":"SKIP","floor":18},{"not_picked":["Hyperbeam","Cold Snap","Hologram","Undo"],"picked":"SKIP","floor":19},{"not_picked":["Cold Snap+1","Panic Button+1","Turbo+1","Barrage+1"],"picked":"SKIP","floor":22},{"not_picked":["Streamline+1","Compile Driver+1","Cold Snap"],"picked":"Leap","floor":24},{"not_picked":["Double Energy","Cold Snap","Steam"],"picked":"Echo Form","floor":27},{"not_picked":["Force Field","Leap","Self Repair+1"],"picked":"Defragment","floor":30},{"not_picked":["Seek","ReplayTheSpireMod:Omega Cannon","Echo Form"],"picked":"Amplify","floor":33},{"not_picked":["Streamline+1","Melter","Hologram"],"picked":"ReplayGash+1","floor":35},{"not_picked":["Stack+1","Fusion","Cold Snap+1"],"picked":"Beam Cell+1","floor":37},{"not_picked":["Redo","Go for the Eyes","Cold Snap"],"picked":"Conserve Battery+1","floor":38},{"not_picked":["Darkness","Conserve Battery","BasicCrystalCard"],"picked":"Machine Learning","floor":39},{"not_picked":["Stack+1","Steam","Glacier+1"],"picked":"Go for the Eyes","floor":41},{"not_picked":["Doom and Gloom+1","Hologram","Darkness"],"picked":"Loop","floor":44},{"not_picked":["ReplaySolidLightProjector+1","Consume","Undo"],"picked":"BootSequence+1","floor":48}],"player_experience":132025,"relics_obtained":[{"floor":6,"key":"FossilizedHelix"},{"floor":9,"key":"Emotion Chip"},{"floor":17,"key":"Bag of Marbles"},{"floor":17,"key":"Question Card"},{"floor":17,"key":"Old Coin"},{"floor":26,"key":"Chameleon Ring"},{"floor":27,"key":"Replay:Bottled Flurry"},{"floor":43,"key":"Replay:Bandana"}],"event_choices":[{"damage_healed":0,"gold_gain":0,"player_choice":"Ignored","damage_taken":0,"max_hp_gain":0,"max_hp_loss":0,"event_name":"Golden Wing","floor":2,"gold_loss":0},{"damage_healed":0,"gold_gain":75,"player_choice":"Gather Gold","damage_taken":11,"max_hp_gain":0,"max_hp_loss":0,"event_name":"World of Goop","floor":4,"gold_loss":0},{"damage_healed":0,"gold_gain":0,"player_choice":"Gave Potion","damage_taken":0,"relics_obtained":["Art of War"],"max_hp_gain":0,"max_hp_loss":0,"event_name":"WeMeetAgain","floor":11,"gold_loss":0},{"damage_healed":30,"gold_gain":0,"player_choice":"Full Heal","damage_taken":0,"max_hp_gain":0,"max_hp_loss":0,"event_name":"Wheel of Change","floor":20,"gold_loss":0},{"damage_healed":0,"gold_gain":0,"player_choice":"Copied","damage_taken":0,"max_hp_gain":0,"max_hp_loss":0,"event_name":"Duplicator","floor":29,"gold_loss":0,"cards_obtained":["Gash"]},{"damage_healed":0,"gold_gain":100,"player_choice":"Pray","damage_taken":0,"max_hp_gain":0,"max_hp_loss":0,"event_name":"Golden Shrine","floor":36,"gold_loss":0}],"is_beta":false,"boss_relics":[{"not_picked":["Replay:Drink Me","Ectoplasm"],"picked":"Calling Bell"},{"not_picked":["Astrolabe","SlaversCollar"],"picked":"FrozenCore"}],"items_purged_floors":[46],"is_endless":false,"potions_floor_spawned":[1,12,14,16,22,27,35,44,48],"ascension_level":1}}