{"host":"6he3f0ic6yesrium","time":1610477861,"event":{"mods":["BaseMod","Better Altar","Better Match","Better Note","Better Sensory Stone","Better Skull","Better Third Choice","Colored Map","Conspire","Hubris","Marisa????????","Minty Spire (QoL Compilation)","Replay The Spire","Shade Mod","StSLib","The Alterego","The Mystic","The Necromancer","The Runesmith"],"gold_per_floor":[110,110,31,31,31,63,63,81,135,135,152,210,224,237,237,332,332,352,352,370,370,645,656,606,606,606,290,304,51,62,78,78,78,78],"floor_reached":33,"playtime":1247,"items_purged":["Regret","Regret"],"score":274,"play_id":"f00b3e1d-ce73-4e59-abf1-e4dda7be9790","local_time":"20210112135741","is_ascension_mode":false,"campfire_choices":[{"data":"mysticmod:CorrosiveTouch","floor":7.0,"key":"SMITH"},{"data":"mysticmod:ShockingGrasp","floor":10.0,"key":"SMITH"},{"data":"mysticmod:Disintegrate","floor":15,"key":"SMITH"},{"floor":25,"key":"REST"},{"data":"mysticmod:CorrosiveTouch","floor":32,"key":"SMITH"}],"circlet_count":0,"master_deck":["mysticmod:Strike_Mystic","mysticmod:Strike_Mystic","mysticmod:Strike_Mystic","mysticmod:Strike_Mystic","mysticmod:Defend_Mystic","mysticmod:Defend_Mystic","mysticmod:Defend_Mystic","mysticmod:Defend_Mystic","mysticmod:ArcaneDodge","mysticmod:ShockingGrasp+1","mysticmod:LightningBolt","mysticmod:MightyMagic","mysticmod:CorrosiveTouch+1","mysticmod:PowerSlash","mysticmod:Riposte","mysticmod:EarthenWall","mysticmod:ChargedParry","mysticmod:ComponentsPouch","mysticmod:Probe","mysticmod:ChargedParry","mysticmod:Disintegrate+1","mysticmod:SpellRecall","mysticmod:Daze+1","mysticmod:Grease","mysticmod:KeenEdge+1","mysticmod:Riposte+1","mysticmod:MagicMissile+1","mysticmod:Doublecast","mysticmod:CorrosiveTouch+1","mysticmod:VorpalThrust"],"relics":["mysticmod:SpellBook","NeowsBlessing","Replay:Bottled Flurry","GremlinMask","Prayer Wheel","Juzu Bracelet","Painkiller Herb","ReplayTheSpireMod:Shallot","hubris:CrystalStatue","Bronze Scales","conspire:TreasureMap"],"acts_visited":["Exordium","TheCity"],"potions_floor_usage":[16,21,23,28,28,28,31,33],"damage_taken":[{"damage":0.0,"enemies":"Jaw Worm","floor":1.0,"turns":1.0},{"damage":0.0,"enemies":"Lagavulin","floor":6.0,"turns":1.0},{"damage":0.0,"enemies":"2 Louse","floor":8.0,"turns":1.0},{"damage":6.0,"enemies":"Cultist","floor":11.0,"turns":3.0},{"damage":7.0,"enemies":"3 Louse","floor":13.0,"turns":4.0},{"damage":4,"enemies":"2 Fungi Beasts","floor":14,"turns":2},{"damage":42,"enemies":"Slime Boss","floor":16,"turns":10},{"damage":7,"enemies":"Chosen","floor":18,"turns":4},{"damage":29,"enemies":"3 Byrds","floor":20,"turns":7},{"damage":0,"enemies":"3 Cultists","floor":21,"turns":2},{"damage":20,"enemies":"conspire:HollyBat","floor":23,"turns":9},{"damage":4,"enemies":"Cultist and Chosen","floor":28,"turns":3},{"damage":6,"enemies":"Snake Plant","floor":30,"turns":3},{"damage":12,"enemies":"Shelled Parasite and Fungi","floor":31,"turns":3},{"damage":41,"enemies":"Collector","floor":33,"turns":6}],"seed_played":"-9204799190413730489","potions_obtained":[{"floor":6.0,"key":"Reflective Coating"},{"floor":11.0,"key":"Elixir"},{"floor":16,"key":"Elixir"},{"floor":20,"key":"SmokeBomb"},{"floor":23,"key":"Regen Potion"},{"floor":30,"key":"Explosive Potion"},{"floor":31,"key":"ColorlessPotion"}],"is_trial":false,"path_per_floor":["M","?","$","?","?","E","R","M","T","R","M","?","M","M","R","B",null,"?","?","?","?","?","?","?","T","T","T","?","T","?","?","T","B"],"character_chosen":"MYSTIC_CLASS","items_purchased":["mysticmod:MightyMagic","Fruit Juice","Bronze Scales","conspire:TreasureMap"],"campfire_rested":1,"item_purchase_floors":[3,27,27,29],"current_hp_per_floor":[77,77,77,77,77,77,77,77,77,77,71,71,64,60,60,18,77,70,70,41,41,41,21,21,44,44,44,57,57,51,39,39,0,0],"gold":78,"neow_bonus":"THREE_ENEMY_KILL","is_daily":false,"chose_seed":false,"campfire_upgraded":4,"win_rate":0.0,"timestamp":1610477861,"path_taken":["M","?","$","?","?","E","R","?","T","R","M","?","M","M","R","BOSS","?","?","?","?","?","?","?","T","T","T","?","T","?","?","T","BOSS"],"items_purchased_type":["Card","Potion","Relic","Relic"],"build_version":"2020-12-22","purchased_purges":2,"victory":false,"max_hp_per_floor":[77,77,77,77,77,77,77,77,77,77,77,77,77,77,77,77,77,77,77,77,77,77,77,77,77,77,77,82,82,82,82,82,82,82],"card_choices":[{"not_picked":["mysticmod:StyleChange","mysticmod:FiveFootStep"],"picked":"mysticmod:LightningBolt","floor":1.0},{"not_picked":["mysticmod:TomeOfSpells","mysticmod:Disengage"],"picked":"mysticmod:CorrosiveTouch","floor":6.0},{"not_picked":["mysticmod:Grease","mysticmod:CureLightWounds"],"picked":"mysticmod:PowerSlash","floor":8.0},{"not_picked":["mysticmod:Snowball","mysticmod:Fireball"],"picked":"mysticmod:Riposte","floor":8.0},{"not_picked":["mysticmod:Shield","mysticmod:ComponentsPouch"],"picked":"mysticmod:EarthenWall","floor":11.0},{"not_picked":["mysticmod:ComponentsPouch","mysticmod:Daze"],"picked":"mysticmod:ChargedParry","floor":11.0},{"not_picked":["mysticmod:SuddenClarity","mysticmod:BladeMaster"],"picked":"mysticmod:ComponentsPouch","floor":13.0},{"not_picked":["mysticmod:LightningBolt","mysticmod:DiviningBlow"],"picked":"mysticmod:Probe","floor":13.0},{"not_picked":["mysticmod:ComboCaster","mysticmod:Riposte"],"picked":"mysticmod:ChargedParry","floor":14},{"not_picked":["mysticmod:Disengage","mysticmod:PunishingArmor"],"picked":"mysticmod:Disintegrate","floor":14},{"not_picked":["mysticmod:ClosingBarrage","mysticmod:SpontaneousCaster"],"picked":"mysticmod:SpellRecall","floor":16},{"not_picked":["mysticmod:MirrorStrike","mysticmod:PowerSlash"],"picked":"mysticmod:Daze+1","floor":18},{"not_picked":["mysticmod:TomeOfSpells","mysticmod:IllusionOfCalm"],"picked":"mysticmod:Grease","floor":18},{"not_picked":["mysticmod:ComboCaster","mysticmod:ObscuringMist"],"picked":"mysticmod:KeenEdge+1","floor":20},{"not_picked":["mysticmod:Daze","mysticmod:FloatingDisk","mysticmod:DiviningBlow"],"picked":"SKIP","floor":20},{"not_picked":["mysticmod:ComboCaster+1","mysticmod:TomeOfSpells"],"picked":"mysticmod:Riposte+1","floor":23},{"not_picked":["mysticmod:DiviningBlow","mysticmod:HeavyStrike"],"picked":"mysticmod:MagicMissile+1","floor":23},{"not_picked":["mysticmod:BulkUp+1","mysticmod:DiviningBlow+1"],"picked":"mysticmod:Doublecast","floor":28},{"not_picked":["mysticmod:ComponentsPouch","mysticmod:ArcaneAccuracy","mysticmod:Stoneskin"],"picked":"SKIP","floor":28},{"not_picked":["mysticmod:Stoneskin","mysticmod:TomeOfSpells","mysticmod:Grapple+1"],"picked":"SKIP","floor":30},{"not_picked":["mysticmod:BulkUp","mysticmod:Disengage","mysticmod:TomeOfSpells"],"picked":"SKIP","floor":30},{"not_picked":["mysticmod:Stoneskin","mysticmod:EarthenWall"],"picked":"mysticmod:CorrosiveTouch","floor":31},{"not_picked":["mysticmod:CorrosiveTouch","mysticmod:EnchantedMoulinet"],"picked":"mysticmod:VorpalThrust","floor":31}],"player_experience":305560,"relics_obtained":[{"floor":6.0,"key":"Prayer Wheel"},{"floor":9.0,"key":"Juzu Bracelet"},{"floor":19,"key":"ReplayTheSpireMod:Shallot"},{"floor":26,"key":"hubris:CrystalStatue"}],"event_choices":[{"damage_healed":0.0,"max_hp_gain":0.0,"max_hp_loss":0.0,"gold_gain":0.0,"event_name":"Big Fish","player_choice":"Box","floor":2.0,"gold_loss":0.0,"damage_taken":0.0,"relics_obtained":["Replay:Bottled Flurry"],"cards_obtained":["Regret"]},{"damage_healed":0.0,"max_hp_gain":0.0,"max_hp_loss":0.0,"gold_gain":0.0,"event_name":"conspire:Investor","player_choice":"Leave","floor":4.0,"gold_loss":0.0,"damage_taken":0.0},{"damage_healed":0.0,"max_hp_gain":0.0,"max_hp_loss":0.0,"gold_gain":0.0,"event_name":"FaceTrader","player_choice":"Trade","floor":5.0,"gold_loss":0.0,"damage_taken":0.0,"relics_obtained":["GremlinMask"]},{"damage_healed":0.0,"max_hp_gain":0.0,"max_hp_loss":0.0,"gold_gain":58.0,"event_name":"Golden Wing","player_choice":"Gained Gold","floor":12.0,"gold_loss":0.0,"damage_taken":0.0},{"damage_healed":0,"gold_gain":0,"player_choice":"Relic","damage_taken":0,"max_hp_gain":0,"max_hp_loss":0,"event_name":"Wheel of Change","floor":19,"gold_loss":0},{"damage_healed":0,"gold_gain":275,"player_choice":"Desecrate","damage_taken":0,"max_hp_gain":0,"max_hp_loss":0,"event_name":"Golden Shrine","floor":22,"gold_loss":0,"cards_obtained":["Regret"]},{"damage_healed":0,"gold_gain":0,"player_choice":"Bet on Murderer","damage_taken":0,"max_hp_gain":0,"max_hp_loss":0,"event_name":"The Joust","floor":24,"gold_loss":50}],"is_beta":false,"boss_relics":[{"not_picked":["Replay:Drink Me","hubris:RunicObelisk"],"picked":"Painkiller Herb"}],"items_purged_floors":[27,29],"is_endless":false,"potions_floor_spawned":[6,11,16,20,23,30,31],"killed_by":"Collector","ascension_level":0}}