{"host":"J","time":1610481419,"event":{"mods":["BaseMod","Better Third Choice","Minty Spire (QoL Compilation)","StSLib"],"gold_per_floor":[216,1,16,32,42,42,42,75,75,87,112,125,125,158,158,235,235,246,226,246,257,257,292,292,308,308,333,349,349,367,151,151,151,151],"floor_reached":33,"language":"ENG","playtime":1188,"items_purged":["Defend_P"],"score":718,"play_id":"c78175fa-7024-4334-9600-e2f8f5fcb478","local_time":"20210112205659","is_ascension_mode":true,"campfire_choices":[{"data":"Eruption","floor":6.0,"key":"SMITH"},{"data":"FlurryOfBlows","floor":13.0,"key":"SMITH"},{"data":"TalkToTheHand","floor":15.0,"key":"SMITH"},{"floor":24.0,"key":"REST"},{"floor":29,"key":"REST"},{"floor":32,"key":"REST"}],"circlet_count":0,"master_deck":["AscendersBane","Eruption+1","Vigilance+1","TalkToTheHand+1","WheelKick+1","Consecrate","CutThroughFate","EmptyFist","CarveReality","FollowUp","FlurryOfBlows+1","LessonLearned+1","Evaluate","Ragnarok+1","LessonLearned","Perseverance","LikeWater+1","Establishment+1","Prostrate","Tantrum+1","WindmillStrike","Prostrate+1","Swivel","EmptyBody"],"relics":["PureWater","Frozen Egg 2","White Beast Statue","Centennial Puzzle","Bottled Flame","Pandora\u0027s Box","TeardropLocket","Question Card","Happy Flower","Toolbox"],"acts_visited":["Exordium","TheCity"],"potions_floor_usage":[27,27],"damage_taken":[{"damage":3.0,"enemies":"2 Louse","floor":1.0,"turns":4.0},{"damage":0.0,"enemies":"Cultist","floor":3.0,"turns":3.0},{"damage":3.0,"enemies":"Small Slimes","floor":4.0,"turns":3.0},{"damage":0.0,"enemies":"Blue Slaver","floor":5.0,"turns":2.0},{"damage":0.0,"enemies":"Gremlin Nob","floor":8.0,"turns":1.0},{"damage":0.0,"enemies":"Looter","floor":10.0,"turns":1.0},{"damage":10.0,"enemies":"3 Sentries","floor":11.0,"turns":4.0},{"damage":0.0,"enemies":"Large Slime","floor":12.0,"turns":1.0},{"damage":21.0,"enemies":"Lagavulin","floor":14.0,"turns":4.0},{"damage":2.0,"enemies":"Hexaghost","floor":16.0,"turns":7.0},{"damage":3.0,"enemies":"Chosen","floor":18.0,"turns":5.0},{"damage":17.0,"enemies":"2 Thieves","floor":20.0,"turns":4.0},{"damage":13.0,"enemies":"Cultist and Chosen","floor":21.0,"turns":5.0},{"damage":20.0,"enemies":"Book of Stabbing","floor":23.0,"turns":3.0},{"damage":28.0,"enemies":"Snake Plant","floor":25.0,"turns":3.0},{"damage":0,"enemies":"Gremlin Leader","floor":27,"turns":5},{"damage":0,"enemies":"3 Cultists","floor":28,"turns":3},{"damage":0,"enemies":"Cultist and Chosen","floor":30,"turns":2},{"damage":53,"enemies":"Champ","floor":33,"turns":14}],"seed_played":"7033952767455725960","potions_obtained":[{"floor":1.0,"key":"GamblersBrew"},{"floor":8.0,"key":"Ancient Potion"},{"floor":10.0,"key":"BottledMiracle"},{"floor":11.0,"key":"Explosive Potion"},{"floor":12.0,"key":"Fire Potion"},{"floor":14.0,"key":"FearPotion"},{"floor":18.0,"key":"Fruit Juice"},{"floor":19.0,"key":"ColorlessPotion"},{"floor":20.0,"key":"LiquidBronze"},{"floor":21.0,"key":"SteroidPotion"},{"floor":23.0,"key":"SpeedPotion"},{"floor":25.0,"key":"AttackPotion"},{"floor":27,"key":"Dexterity Potion"},{"floor":28,"key":"Strength Potion"},{"floor":30,"key":"DuplicationPotion"}],"is_trial":false,"path_per_floor":["M","$","M","M","M","R","?","E","T","M","E","M","R","E","R","B",null,"M","?","M","M","?","E","R","M","T","E","M","R","M","$","R","B"],"character_chosen":"WATCHER","items_purchased":["WheelKick","AttackPotion","Toolbox","EmptyBody"],"campfire_rested":3,"item_purchase_floors":[2,2,31,31],"current_hp_per_floor":[58,58,58,55,55,55,55,55,55,55,45,45,45,24,24,22,57,59,59,42,29,29,9,30,2,2,2,2,23,23,23,44,0,0],"gold":151,"neow_bonus":"HUNDRED_GOLD","is_daily":false,"chose_seed":false,"campfire_upgraded":3,"win_rate":0.0,"timestamp":1610481419,"path_taken":["M","$","M","M","M","R","?","E","T","M","E","M","R","E","R","BOSS","M","?","M","?","?","E","R","M","T","E","M","R","M","$","R","BOSS"],"items_purchased_type":["Card","Potion","Relic","Card"],"build_version":"2020-12-18","purchased_purges":1,"victory":false,"max_hp_per_floor":[68,68,68,68,68,68,68,68,68,68,68,68,68,68,68,68,68,73,73,73,73,73,73,73,73,73,73,73,73,73,73,73,73,73],"card_choices":[{"not_picked":["Halt","Protect"],"picked":"TalkToTheHand","floor":1.0},{"not_picked":["Evaluate","Perseverance"],"picked":"Consecrate","floor":3.0},{"not_picked":["Fasting2","PathToVictory"],"picked":"CutThroughFate","floor":4.0},{"not_picked":["Halt","Crescendo"],"picked":"EmptyFist","floor":5.0},{"not_picked":["SignatureMove","Wireheading+1"],"picked":"CarveReality","floor":8.0},{"not_picked":["Perseverance","Brilliance"],"picked":"FollowUp","floor":10.0},{"not_picked":["Swivel","EmptyFist","ReachHeaven"],"picked":"SKIP","floor":11.0},{"not_picked":["Swivel","EmptyFist","ReachHeaven"],"picked":"SKIP","floor":11.0},{"not_picked":["Evaluate","Worship"],"picked":"FlurryOfBlows","floor":12.0},{"not_picked":["BowlingBash","Judgement","WheelKick"],"picked":"SKIP","floor":14.0},{"not_picked":["Judgement","Establishment+1"],"picked":"LessonLearned","floor":16.0},{"not_picked":["Indignation","PathToVictory"],"picked":"Prostrate","floor":18.0},{"not_picked":["Prostrate","CrushJoints"],"picked":"Tantrum","floor":20.0},{"not_picked":["CutThroughFate","ForeignInfluence","Consecrate"],"picked":"SKIP","floor":21.0},{"not_picked":["JustLucky","Omniscience"],"picked":"WindmillStrike","floor":23.0},{"not_picked":["JustLucky","PathToVictory","FollowUp+1"],"picked":"SKIP","floor":25.0},{"not_picked":["CarveReality+1","Conclude","SandsOfTime"],"picked":"Prostrate","floor":27},{"not_picked":["FollowUp","DeceiveReality","SashWhip"],"picked":"Swivel","floor":28},{"not_picked":["Sanctity","SandsOfTime","CutThroughFate","Scrawl"],"picked":"SKIP","floor":30}],"player_experience":1087629,"relics_obtained":[{"floor":8.0,"key":"Frozen Egg 2"},{"floor":9.0,"key":"White Beast Statue"},{"floor":11.0,"key":"Centennial Puzzle"},{"floor":14.0,"key":"Bottled Flame"},{"floor":23.0,"key":"TeardropLocket"},{"floor":26.0,"key":"Question Card"},{"floor":27,"key":"Happy Flower"}],"event_choices":[{"damage_healed":0.0,"max_hp_gain":0.0,"max_hp_loss":0.0,"gold_gain":0.0,"event_name":"betterThird:BetterSerpent","player_choice":"Ignored","floor":7.0,"gold_loss":0.0,"damage_taken":42.0},{"damage_healed":0.0,"max_hp_gain":0.0,"max_hp_loss":0.0,"gold_gain":0.0,"event_name":"The Woman in Blue","player_choice":"Bought 1 Potion","floor":19.0,"gold_loss":0.0,"damage_taken":0.0},{"cards_removed":["ConjureBlade"],"damage_healed":0.0,"max_hp_gain":0.0,"max_hp_loss":0.0,"gold_gain":0.0,"event_name":"betterThird:BetterWriting","player_choice":"Elegance","floor":22.0,"gold_loss":0.0,"damage_taken":0.0}],"is_beta":true,"boss_relics":[{"not_picked":["Runic Dome","Ectoplasm"],"picked":"Pandora\u0027s Box"}],"items_purged_floors":[2],"is_endless":false,"potions_floor_spawned":[1,5,8,10,11,12,14,16,18,20,21,23,25,27,28,30],"killed_by":"Champ","ascension_level":20}}