{"host":"fkig9nrckec4xsh0","time":1610429324,"event":{"mods":["BaseMod","Colored Map","Minty Spire (QoL Compilation)","Quick Restart","Replay The Spire","StSLib"],"gold_per_floor":[112,112,13,24,34,60,60,85,85,85,115,115,130,8,8,8,8],"floor_reached":16,"playtime":615,"items_purged":["Defend_G"],"score":164,"play_id":"88faeeb1-6f9f-4124-b707-036f4826e28b","local_time":"20210112002844","is_ascension_mode":true,"campfire_choices":[{"data":"Calculated Gamble","floor":7,"key":"SMITH"},{"floor":12,"key":"REST"},{"floor":15,"key":"REST"}],"circlet_count":0,"master_deck":["Strike_G","Strike_G","Strike_G","Strike_G","Strike_G","Defend_G","Defend_G","Defend_G","Defend_G","Survivor","Neutralize","Replay:Poison Smokescreen","ReplayTheSpireMod:The Works","Deadly Poison","Calculated Gamble+1","Outmaneuver","Dagger Throw","Tactician","Blade Dance","Dash","Acrobatics"],"relics":["Ring of the Snake","NeowsBlessing","Centennial Puzzle","Shuriken","Boot","Onion Ring"],"acts_visited":["Exordium"],"potions_floor_usage":[6,8,11],"damage_taken":[{"damage":0,"enemies":"Small Slimes","floor":1,"turns":1},{"damage":0,"enemies":"Cultist","floor":4,"turns":1},{"damage":0,"enemies":"2 Louse","floor":5,"turns":1},{"damage":12,"enemies":"Gremlin Nob","floor":6,"turns":2},{"damage":29,"enemies":"Lagavulin","floor":8,"turns":6},{"damage":26,"enemies":"3 Sentries","floor":11,"turns":9},{"damage":17,"enemies":"Gremlin Gang","floor":13,"turns":4},{"damage":0,"enemies":"Hexaghost","floor":16,"turns":2}],"seed_played":"-5126665368438649020","potions_obtained":[{"floor":1,"key":"Poison Potion"},{"floor":2,"key":"Venom Potion"},{"floor":2,"key":"GamblersBrew"},{"floor":2,"key":"AttackPotion"},{"floor":5,"key":"Death Potion"},{"floor":13,"key":"Milkshake"}],"is_trial":false,"path_per_floor":["M","?","$","M","M","E","R","E","T","?","E","R","M","$","R","B"],"character_chosen":"THE_SILENT","items_purchased":["ReplayTheSpireMod:The Works","Deadly Poison","Acrobatics"],"campfire_rested":2,"item_purchase_floors":[3,3,14],"current_hp_per_floor":[70,70,70,70,70,58,58,29,29,29,3,24,7,7,28,28,28],"gold":8,"neow_bonus":"THREE_ENEMY_KILL","is_daily":false,"chose_seed":false,"campfire_upgraded":1,"win_rate":0.0,"timestamp":1610429324,"path_taken":["M","?","$","?","?","E","R","E","T","?","E","R","?","$","R","BOSS"],"items_purchased_type":["Card","Card","Card"],"build_version":"2020-12-22","purchased_purges":1,"victory":false,"max_hp_per_floor":[70,70,70,70,70,70,70,70,70,70,70,70,70,70,70,70,70],"card_choices":[{"not_picked":["Fluid Movement","Backstab"],"picked":"Replay:Poison Smokescreen","floor":1},{"not_picked":["Underhanded Strike","Infinite Blades"],"picked":"Calculated Gamble","floor":4},{"not_picked":["Sucker Punch","Concentrate"],"picked":"Outmaneuver","floor":5},{"not_picked":["Night Terror","Leg Sweep"],"picked":"Dagger Throw","floor":6},{"not_picked":["Toxin Wave","Concentrate"],"picked":"Tactician","floor":8},{"not_picked":["Deadly Poison","Outmaneuver"],"picked":"Blade Dance","floor":11},{"not_picked":["Sucker Punch","Underhanded Strike"],"picked":"Dash","floor":13}],"player_experience":288589,"relics_obtained":[{"floor":6,"key":"Centennial Puzzle"},{"floor":8,"key":"Shuriken"},{"floor":9,"key":"Boot"},{"floor":11,"key":"Onion Ring"}],"event_choices":[{"damage_healed":0,"gold_gain":0,"player_choice":"Got Potions","damage_taken":0,"max_hp_gain":0,"max_hp_loss":0,"event_name":"Lab","floor":2,"gold_loss":0},{"damage_healed":0,"gold_gain":0,"player_choice":"0 cards matched","damage_taken":0,"max_hp_gain":0,"max_hp_loss":0,"event_name":"Match and Keep!","floor":10,"gold_loss":0,"cards_obtained":[]}],"is_beta":false,"boss_relics":[],"items_purged_floors":[14],"is_endless":false,"potions_floor_spawned":[1,5,13],"killed_by":"Hexaghost","ascension_level":3}}