{"host":"a1eatafr7pisesky","time":1610451435,"event":{"mods":["AchievementEnabler","BaseMod","Colored Map","Keyboard Shortcuts","Minty Spire (QoL Compilation)","Say the Spire","StSLib","SuperFastMode","everything is the same but u backflip on backflip"],"gold_per_floor":[362,381,235,235,260,296,296,296,347,382,382,396,396,396],"floor_reached":13,"playtime":279,"items_purged":["Doubt"],"score":130,"play_id":"7f3cb56b-a48e-449a-98e0-a831245c457a","local_time":"20210112203715","is_ascension_mode":true,"campfire_choices":[{"floor":8.0,"key":"REST"}],"circlet_count":0,"master_deck":["Strike_P","Strike_P","Strike_P","Strike_P","Defend_P","Defend_P","Defend_P","Defend_P","Eruption","Vigilance","Worship","CutThroughFate+1","MentalFortress","FollowUp+1","CrushJoints","ClearTheMind"],"relics":["PureWater","Golden Idol","Bronze Scales","Whetstone","Bag of Marbles"],"acts_visited":["Exordium"],"potions_floor_usage":[],"damage_taken":[{"damage":10.0,"enemies":"2 Louse","floor":1.0,"turns":4.0},{"damage":9.0,"enemies":"Jaw Worm","floor":2.0,"turns":4.0},{"damage":3.0,"enemies":"Cultist","floor":5.0,"turns":3.0},{"damage":33.0,"enemies":"Gremlin Nob","floor":6.0,"turns":4.0},{"damage":25.0,"enemies":"3 Sentries","floor":10.0,"turns":9.0},{"damage":0,"enemies":"Blue Slaver","floor":12,"turns":1},{"damage":40,"enemies":"Gremlin Nob","floor":13,"turns":3}],"seed_played":"-7489389510564606008","potions_obtained":[{"floor":1.0,"key":"ColorlessPotion"},{"floor":6.0,"key":"GamblersBrew"}],"is_trial":false,"path_per_floor":["M","M","$","?","M","E","?","R","T","E","?","M","E"],"character_chosen":"WATCHER","items_purchased":["MentalFortress"],"campfire_rested":1,"item_purchase_floors":[3],"current_hp_per_floor":[55,46,46,46,43,10,10,30,30,5,27,27,0,0],"gold":396,"neow_bonus":"TWO_FIFTY_GOLD","is_daily":false,"chose_seed":false,"campfire_upgraded":0,"win_rate":0.0,"timestamp":1610451435,"path_taken":["M","M","$","?","M","E","?","R","T","E","?","M","E"],"items_purchased_type":["Card"],"build_version":"2020-12-22","purchased_purges":1,"victory":false,"max_hp_per_floor":[72,72,72,67,67,67,67,67,67,67,67,67,67,67],"card_choices":[{"not_picked":["Collect","Evaluate"],"picked":"Worship","floor":1.0},{"not_picked":["Protect","JustLucky"],"picked":"CutThroughFate","floor":2.0},{"not_picked":["Protect","Crescendo"],"picked":"FollowUp","floor":5.0},{"not_picked":["MasterReality","Crescendo","Evaluate"],"picked":"SKIP","floor":6.0},{"not_picked":["JustLucky","ThirdEye"],"picked":"CrushJoints","floor":10.0},{"not_picked":["Prostrate","CutThroughFate"],"picked":"ClearTheMind","floor":12}],"player_experience":306383,"relics_obtained":[{"floor":6.0,"key":"Bronze Scales"},{"floor":9.0,"key":"Whetstone"},{"floor":10.0,"key":"Bag of Marbles"}],"event_choices":[{"damage_healed":0.0,"max_hp_gain":0.0,"max_hp_loss":5.0,"gold_gain":0.0,"event_name":"Golden Idol","player_choice":"Lose Max HP","floor":4.0,"gold_loss":0.0,"damage_taken":0.0,"relics_obtained":["Golden Idol"]},{"damage_healed":0.0,"max_hp_gain":0.0,"max_hp_loss":0.0,"gold_gain":0.0,"event_name":"Shining Light","player_choice":"Ignored","floor":7.0,"gold_loss":0.0,"damage_taken":0.0},{"damage_healed":22,"gold_gain":0,"player_choice":"Banana","damage_taken":0,"max_hp_gain":0,"max_hp_loss":0,"event_name":"Big Fish","floor":11,"gold_loss":0}],"is_beta":false,"boss_relics":[],"items_purged_floors":[3],"is_endless":false,"potions_floor_spawned":[1,6],"killed_by":"Gremlin Nob","ascension_level":8}}