{"host":"yqhiqbig8kve4qcd","time":1610422921,"event":{"mods":["Aspiration","BaseMod","Block Reminder","Colored Powertips","Conspire","Downfall","Filter the Spire","Hermit","Hubris","Infinite Spire","Minty Spire (QoL Compilation)","Permanent Neow","Quick Restart","Replay The Spire","StSLib","The Jungle","vexMod"],"gold_per_floor":[109,121,121,177,192,29,46,46,99,99,117,117,129,139,139,237,237,248,202,191,191,191],"floor_reached":21,"playtime":2404,"items_purged":["hermit:Strike_Hermit"],"score":223,"play_id":"e5fe381f-1d9f-421b-8bea-ed292a6a6bf9","local_time":"20210111224201","is_ascension_mode":false,"campfire_choices":[{"data":"Replay:SS_forest_2","floor":10,"key":"SMITH"},{"data":"hermit:Manifest","floor":12,"key":"SMITH"},{"floor":15,"key":"REST"}],"circlet_count":0,"master_deck":["hermit:Strike_Hermit","hermit:Strike_Hermit","hermit:Strike_Hermit","hermit:Defend_Hermit","hermit:Defend_Hermit","hermit:Defend_Hermit","hermit:Defend_Hermit","hermit:Snapshot","hermit:Covet+1","hermit:Reprieve","hermit:Misfire","hermit:GhostlyPresence","hermit:Manifest+1","Replay:SS_forest_2+1","hermit:RoundhouseKick","hermit:Roulette","hermit:Vantage","hermit:Dive","hubris:NaturalOne","hermit:EternalForm","hermit:Quickdraw+1","hermit:Feint","hermit:HighCaliber"],"relics":["hermit:Momento","hubris:Icosahedron","Replay:Grab Bag","infinitespire:Cupcake","Replay:Fungal Core","hubris:Backtick","aspiration:KaomsHeart"],"acts_visited":["Exordium","TheCity"],"potions_floor_usage":[16,16,20,20,20,20,20,20],"damage_taken":[{"damage":0,"enemies":"Small Slimes","floor":1,"turns":3},{"damage":0,"enemies":"2 Louse","floor":2,"turns":2},{"damage":1,"enemies":"Cultist","floor":5,"turns":3},{"damage":15,"enemies":"Lots of Slimes","floor":7,"turns":6},{"damage":7,"enemies":"Exordium Wildlife","floor":11,"turns":5},{"damage":11,"enemies":"3 Louse","floor":13,"turns":2},{"damage":0,"enemies":"Blue Slaver","floor":14,"turns":3},{"damage":33,"enemies":"Hexaghost","floor":16,"turns":16},{"damage":48,"enemies":"Spheric Guardian","floor":18,"turns":6},{"damage":26,"enemies":"2 Thieves","floor":20,"turns":4},{"damage":17,"enemies":"Shelled Parasite and Fungi","floor":21,"turns":3}],"seed_played":"-1430427113022196840","potions_obtained":[{"floor":7,"key":"SpeedPotion"},{"floor":11,"key":"champ:CounterPotion"},{"floor":13,"key":"champ:CounterPotion"},{"floor":16,"key":"Dexterity Potion"},{"floor":18,"key":"EntropicBrew"}],"is_trial":false,"path_per_floor":["M","M","?","?","M","$","M","?","T","R","M","R","M","M","R","B",null,"M","$","M","M"],"character_chosen":"HERMIT","items_purchased":["Replay:SS_forest_2","aspiration:KMNothing","aspiration:KMNothing","aspiration:KMNothing","hermit:Feint"],"campfire_rested":1,"item_purchase_floors":[6,19,19,19,19],"current_hp_per_floor":[75,75,75,75,74,74,59,59,59,59,56,56,45,45,67,34,175,127,127,109,92,92],"gold":191,"neow_bonus":"ONE_RANDOM_RARE_CARD","is_daily":false,"chose_seed":false,"campfire_upgraded":2,"win_rate":0.0,"timestamp":1610422921,"path_taken":["M","M","?","?","M","$","M","?","T","R","M","R","M","M","R","BOSS","M","$","M","M"],"items_purchased_type":["Card","Relic","Relic","Relic","Card"],"build_version":"2020-12-22","purchased_purges":1,"victory":false,"max_hp_per_floor":[75,75,75,75,75,75,75,75,75,75,75,75,75,75,75,75,175,175,175,175,175,175],"card_choices":[{"not_picked":["hermit:CalledShot","hermit:Glare"],"picked":"hermit:Misfire","floor":1},{"not_picked":["hermit:TakeCover","hermit:BigShot"],"picked":"hermit:GhostlyPresence","floor":2},{"not_picked":["hermit:BodyArmor","hermit:LowProfile"],"picked":"hermit:Manifest","floor":5},{"not_picked":["hermit:Dive","hermit:ShadowCloak"],"picked":"hermit:RoundhouseKick","floor":7},{"not_picked":["hermit:DeadMansHand","hermit:Coalescence"],"picked":"hermit:Roulette","floor":11},{"not_picked":["hermit:BodyArmor","hermit:LuckOfTheDraw"],"picked":"hermit:Vantage","floor":13},{"not_picked":["hermit:Glare","hermit:LowProfile"],"picked":"hermit:Dive","floor":14},{"not_picked":["hermit:Gambit","hermit:Purgatory"],"picked":"hermit:EternalForm","floor":16},{"not_picked":["hermit:Desperado","hermit:DeadMansHand"],"picked":"hermit:Quickdraw+1","floor":18},{"not_picked":["hermit:WideOpen","hermit:DeadMansHand"],"picked":"hermit:HighCaliber","floor":20}],"player_experience":426258,"relics_obtained":[],"event_choices":[{"damage_healed":0,"gold_gain":56,"player_choice":"Gained Gold","damage_taken":0,"max_hp_gain":0,"max_hp_loss":0,"event_name":"Golden Wing","floor":4,"gold_loss":0},{"damage_healed":0,"gold_gain":0,"player_choice":"Forge","damage_taken":0,"max_hp_gain":0,"max_hp_loss":0,"event_name":"Accursed Blacksmith","floor":8,"gold_loss":0,"cards_upgraded":["hermit:Covet"]}],"is_beta":false,"boss_relics":[{"not_picked":["Astrolabe","vexMod:CursedCompass"],"picked":"Replay:Grab Bag"},{"not_picked":["Sozu","vexMod:DeviousBotling"],"picked":"infinitespire:Cupcake"},{"not_picked":["ChewingGum","Replay:Bronze Core"],"picked":"Replay:Fungal Core"},{"not_picked":["aspiration:RitualDagger","Kintsugi"],"picked":"hubris:Backtick"}],"items_purged_floors":[6],"is_endless":false,"potions_floor_spawned":[7,11,13,16,18],"killed_by":"Shelled Parasite and Fungi","ascension_level":0}}