{"host":"appz8zkad29u9482","time":1610481790,"event":{"mods":["2.2 Compatiblity","Act Like it!","Aspiration","BaseMod","Beaked The Cultist","Better Altar","Better Match","Better Note","Better Skull","Better Third Choice","BetterRewards","CapriCore","Conspire","Disable Question Mark Monsters","Energized Spire","Gensokyo","GifTheSpireLib","Gold Saver","Halation","Hermit","Hubris","Infinite Spire","Jedi Mod","Marisa????????","Minty Spire (QoL Compilation)","Permanent Neow","Reimu??????","Replay The Spire","Somnambulant","Spicy Shops","StSLib","Strawberry Spire","Stuff the Spire","The Administrix","The Animator","The Cursed","The Hierophant","The Immortal","yUi"],"gold_per_floor":[547,547,54,101,101,101,139,154,181,193,193],"floor_reached":10,"language":"ENG","playtime":578,"items_purged":[],"score":77,"play_id":"d7e8b3fa-933b-4626-85fa-0d36f0a19c00","local_time":"20210112100310","is_ascension_mode":true,"campfire_choices":[{"data":"Footwork","floor":6,"key":"SMITH"}],"circlet_count":0,"master_deck":["Strike_G","Strike_G","Strike_G","Strike_G","Strike_G","Defend_G","Defend_G","Defend_G","Defend_G","Defend_G","Survivor","Neutralize","strawberrySpire:Rummage+1","Footwork+1","StuffTheSpire:FreeRealEstate","strawberrySpire:SideSwipe","Escape Plan","StuffTheSpire:Python"],"relics":["Ring of the Snake","jedi:rubbersling","ReplayTheSpireMod:TigerMarble","StuffTheSpire:MayFlowers","infinitespire:Beetle Shell","Replay:Kaleidoscope","Lantern"],"acts_visited":["Exordium"],"potions_floor_usage":[4,7,7,10],"damage_taken":[{"damage":5,"enemies":"Small Slimes","floor":1,"turns":4},{"damage":20,"enemies":"conspire:MimicChest","floor":4,"turns":8},{"damage":32,"enemies":"Gremlin Nob","floor":7,"turns":5},{"damage":0,"enemies":"Jaw Worm","floor":8,"turns":2},{"damage":16,"enemies":"3 Sentries","floor":10,"turns":4}],"seed_played":"6984311673143877203","potions_obtained":[{"floor":1,"key":"jedi:StrikingPotion"},{"floor":4,"key":"EntropicBrew"}],"is_trial":false,"path_per_floor":["M","?","$","?","?","R","E","M","T","E"],"character_chosen":"THE_SILENT","items_purchased":["Footwork","jedi:rubbersling","StuffTheSpire:FreeRealEstate","ReplayTheSpireMod:TigerMarble"],"campfire_rested":0,"item_purchase_floors":[3,3,3,3],"current_hp_per_floor":[65,65,65,45,45,45,13,13,13,0,0],"gold":193,"neow_bonus":"HUNDRED_GOLD","is_daily":false,"chose_seed":false,"campfire_upgraded":1,"win_rate":0.0,"timestamp":1610481790,"path_taken":["M","?","$","?","?","R","E","?","T","E"],"items_purchased_type":["Card","Relic","Card","Relic"],"build_version":"2020-12-22","purchased_purges":0,"victory":false,"max_hp_per_floor":[70,70,70,70,70,70,70,70,70,70,70],"card_choices":[{"not_picked":["Riddle With Holes","Eviscerate"],"picked":"strawberrySpire:Rummage","floor":1},{"not_picked":["StuffTheSpire:ClusterCrunch","strawberrySpire:Urgency"],"picked":"strawberrySpire:SideSwipe","floor":4},{"not_picked":["Expertise","Quick Slash"],"picked":"Escape Plan","floor":7},{"not_picked":["Distraction","jedi:pocketpoison"],"picked":"StuffTheSpire:Python","floor":8}],"player_experience":544498,"relics_obtained":[{"floor":4,"key":"StuffTheSpire:MayFlowers"},{"floor":5,"key":"infinitespire:Beetle Shell"},{"floor":7,"key":"Replay:Kaleidoscope"},{"floor":9,"key":"Lantern"}],"event_choices":[],"is_beta":false,"boss_relics":[],"items_purged_floors":[],"is_endless":false,"potions_floor_spawned":[1,4],"killed_by":"3 Sentries","ascension_level":4}}