{"host":"pzq1vc4uuxkm5fg8","time":1610486260,"event":{"mods":["BaseMod","BetterRewards","Downfall","Hermit","Marisa????????","Minty Spire (QoL Compilation)","Shop Mod","StSLib","The Cursed"],"gold_per_floor":[216,180,199,213,232,265,265,265,265,198,217,234,249,279,279,284,284],"floor_reached":16,"language":"ENG","playtime":1429,"items_purged":[],"score":114,"play_id":"7d7b6d73-c37a-40cc-bf24-3f98a4463968","local_time":"20210112161740","is_ascension_mode":false,"campfire_choices":[{"floor":7,"key":"REST"},{"floor":15,"key":"REST"}],"circlet_count":0,"master_deck":["hermit:Strike_Hermit","hermit:Strike_Hermit","hermit:Strike_Hermit","hermit:Strike_Hermit","hermit:Defend_Hermit","hermit:Defend_Hermit","hermit:Defend_Hermit","hermit:Defend_Hermit","hermit:Snapshot","hermit:Covet","hermit:Headshot","hermit:BigShot","hermit:Vantage","hermit:Virtue","hermit:Showdown","hermit:Deadeye","hermit:LoneWolf","hermit:EyeOfTheStorm","hermit:GoldenBullet","hermit:Scavenge","hermit:TakeCover"],"relics":["hermit:Momento","FossilizedHelix","Blue Candle","Mercury Hourglass"],"acts_visited":["Exordium"],"potions_floor_usage":[12,14,14,16],"damage_taken":[{"damage":0,"enemies":"2 Louse","floor":1,"turns":2},{"damage":1,"enemies":"Cultist","floor":3,"turns":3},{"damage":3,"enemies":"Small Slimes","floor":4,"turns":3},{"damage":5,"enemies":"Exordium Wildlife","floor":5,"turns":4},{"damage":39,"enemies":"Lagavulin","floor":6,"turns":7},{"damage":5,"enemies":"Looter","floor":11,"turns":3},{"damage":0,"enemies":"Large Slime","floor":12,"turns":6},{"damage":12,"enemies":"Red Slaver","floor":13,"turns":4},{"damage":14,"enemies":"3 Sentries","floor":14,"turns":6},{"damage":55,"enemies":"Hexaghost","floor":16,"turns":14}],"seed_played":"-2624780751535856082","potions_obtained":[{"floor":1,"key":"Swift Potion"},{"floor":4,"key":"Dexterity Potion"},{"floor":5,"key":"Regen Potion"},{"floor":12,"key":"Block Potion"}],"is_trial":false,"path_per_floor":["M","$","M","M","M","E","R","?","T","$","M","M","M","E","R","B"],"character_chosen":"HERMIT","items_purchased":["hermit:BigShot","hermit:LoneWolf"],"campfire_rested":2,"item_purchase_floors":[2,10],"current_hp_per_floor":[75,75,74,71,66,27,49,49,49,49,44,44,32,33,55,0,0],"gold":284,"neow_bonus":"HUNDRED_GOLD","is_daily":false,"chose_seed":false,"campfire_upgraded":0,"win_rate":0.0,"timestamp":1610486260,"path_taken":["M","$","M","M","M","E","R","?","T","$","M","M","M","E","R","BOSS"],"items_purchased_type":["Card","Card"],"build_version":"2020-12-22","purchased_purges":0,"victory":false,"max_hp_per_floor":[75,75,75,75,75,75,75,75,75,75,75,75,75,75,75,75,75],"card_choices":[{"not_picked":["hermit:Quickdraw","hermit:Glare"],"picked":"hermit:Headshot","floor":1},{"not_picked":["hermit:WideOpen","hermit:Glare"],"picked":"hermit:Vantage","floor":3},{"not_picked":["hermit:Quickdraw","hermit:HighCaliber"],"picked":"hermit:Virtue","floor":4},{"not_picked":["hermit:Grudge","hermit:ShadowCloak"],"picked":"hermit:Showdown","floor":5},{"not_picked":["hermit:TakeCover","hermit:Combo"],"picked":"hermit:Deadeye","floor":6},{"not_picked":["hermit:Virtue","hermit:CalledShot"],"picked":"hermit:EyeOfTheStorm","floor":11},{"not_picked":["hermit:LowProfile","hermit:Snipe"],"picked":"hermit:GoldenBullet","floor":12},{"not_picked":["hermit:Gestalt","hermit:WideOpen"],"picked":"hermit:Scavenge","floor":13},{"not_picked":["hermit:Ricochet","hermit:CursedWeapon"],"picked":"hermit:TakeCover","floor":14}],"player_experience":314036,"relics_obtained":[{"floor":6,"key":"FossilizedHelix"},{"floor":9,"key":"Blue Candle"},{"floor":14,"key":"Mercury Hourglass"}],"event_choices":[{"damage_healed":0,"gold_gain":0,"player_choice":"Ignored","damage_taken":0,"max_hp_gain":0,"max_hp_loss":0,"event_name":"Purifier","floor":8,"gold_loss":0}],"is_beta":false,"boss_relics":[],"items_purged_floors":[],"is_endless":false,"potions_floor_spawned":[1,4,5,12,13],"killed_by":"Hexaghost","ascension_level":0}}