{"host":"jggt5i9rbuoqvque","time":1610453576,"event":{"mods":["BaseMod","Colored Map","Minty Spire (QoL Compilation)","StSLib"],"gold_per_floor":[111,123,48,58,68,68,99,99,99,99,133,150,176,176,176,278,278,293,307,317,47,63,63,63,63],"floor_reached":24,"playtime":601,"items_purged":["Clumsy","Strike_R"],"score":319,"play_id":"386cb170-e36f-437f-b455-6c42abb8aa09","local_time":"20210112211256","is_ascension_mode":true,"campfire_choices":[{"data":"Feed","floor":6,"key":"SMITH"},{"data":"Bash","floor":8,"key":"SMITH"},{"data":"Bludgeon","floor":10,"key":"SMITH"},{"data":"Spot Weakness","floor":15,"key":"SMITH"},{"data":"Ghostly Armor","floor":23,"key":"SMITH"}],"circlet_count":0,"master_deck":["Strike_R","Strike_R","Strike_R","Strike_R","Defend_R","Defend_R","Defend_R","Defend_R","Bash+1","Feed+1","Bludgeon+1","Spot Weakness+1","Heavy Blade+1","Mayhem+1","Ghostly Armor+1"],"relics":["Burning Blood","Calipers","Ornamental Fan","HornCleat","Frozen Egg 2","SacredBark"],"acts_visited":["Exordium","TheCity"],"potions_floor_usage":[2,11,19,20],"damage_taken":[{"damage":8.0,"enemies":"Small Slimes","floor":1.0,"turns":3.0},{"damage":1,"enemies":"2 Louse","floor":2,"turns":2},{"damage":6,"enemies":"Cultist","floor":4,"turns":3},{"damage":10,"enemies":"Exordium Wildlife","floor":5,"turns":4},{"damage":32,"enemies":"Gremlin Nob","floor":7,"turns":4},{"damage":20,"enemies":"3 Sentries","floor":11,"turns":9},{"damage":18,"enemies":"Large Slime","floor":12,"turns":5},{"damage":2,"enemies":"Gremlin Nob","floor":13,"turns":3},{"damage":61,"enemies":"Hexaghost","floor":16,"turns":8},{"damage":29,"enemies":"3 Byrds","floor":18,"turns":6},{"damage":39,"enemies":"2 Thieves","floor":19,"turns":4},{"damage":7,"enemies":"Snake Plant","floor":20,"turns":4},{"damage":19,"enemies":"Sentry and Sphere","floor":22,"turns":4},{"damage":82,"enemies":"Gremlin Leader","floor":24,"turns":4}],"seed_played":"2172687704234761801","potions_obtained":[{"floor":1.0,"key":"FearPotion"},{"floor":5,"key":"Regen Potion"},{"floor":16,"key":"Regen Potion"},{"floor":18,"key":"Regen Potion"}],"is_trial":false,"path_per_floor":["M","M","$","M","M","R","E","R","T","R","E","M","E","?","R","B",null,"M","M","M","$","M","R","E"],"character_chosen":"IRONCLAD","items_purchased":["Mayhem+1"],"campfire_rested":0,"item_purchase_floors":[21],"current_hp_per_floor":[73,81,81,81,80,80,58,58,58,58,63,51,55,87,87,36,85,66,64,90,90,77,77,0,0],"gold":63,"neow_bonus":"THREE_RARE_CARDS","is_daily":false,"chose_seed":false,"campfire_upgraded":5,"win_rate":0.0,"timestamp":1610453576,"path_taken":["M","M","$","M","M","R","E","R","T","R","E","M","E","?","R","BOSS","M","M","M","$","M","R","E"],"items_purchased_type":["Card"],"build_version":"2020-12-22","purchased_purges":2,"victory":false,"max_hp_per_floor":[83,86,86,86,89,89,93,93,93,93,97,97,97,97,97,101,101,105,109,109,109,109,109,109,109],"card_choices":[{"not_picked":["Brutality","Impervious"],"picked":"Feed","floor":0.0},{"not_picked":["Pummel","Anger","Iron Wave"],"picked":"SKIP","floor":1.0},{"not_picked":["Fire Breathing","Infernal Blade","Havoc"],"picked":"SKIP","floor":2},{"not_picked":["True Grit","Sword Boomerang"],"picked":"Bludgeon","floor":4},{"not_picked":["Clothesline","Clash","Anger"],"picked":"SKIP","floor":5},{"not_picked":["Anger","Twin Strike","Perfected Strike"],"picked":"SKIP","floor":7},{"not_picked":["Havoc","Hemokinesis","Seeing Red"],"picked":"SKIP","floor":11},{"not_picked":["Twin Strike","Heavy Blade","Bloodletting"],"picked":"SKIP","floor":12},{"not_picked":["Warcry","Burning Pact"],"picked":"Spot Weakness","floor":13},{"not_picked":["Armaments+1","Sword Boomerang","Sentinel+1"],"picked":"SKIP","floor":18},{"not_picked":["Sever Soul","Second Wind"],"picked":"Heavy Blade+1","floor":19},{"not_picked":["Blood for Blood+1","Headbutt","Twin Strike+1"],"picked":"SKIP","floor":20},{"not_picked":["Dropkick","Headbutt"],"picked":"Ghostly Armor","floor":22}],"player_experience":323736,"relics_obtained":[{"floor":7,"key":"Calipers"},{"floor":9,"key":"Ornamental Fan"},{"floor":11,"key":"HornCleat"},{"floor":13,"key":"Frozen Egg 2"}],"event_choices":[{"damage_healed":32,"gold_gain":0,"player_choice":"Banana","damage_taken":0,"max_hp_gain":0,"max_hp_loss":0,"event_name":"Big Fish","floor":14,"gold_loss":0}],"is_beta":false,"boss_relics":[{"not_picked":["Snecko Eye","Pandora\u0027s Box"],"picked":"SacredBark"}],"items_purged_floors":[3,21],"is_endless":false,"potions_floor_spawned":[1,5,16,18],"killed_by":"Gremlin Leader","ascension_level":7}}