{"host":"684z1xpuwaoqmmh1","time":1610419267,"event":{"mods":["Bard","BaseMod","Downfall","Hermit","Jorbs\u0027s Wanderer Trilogy","Marisa????????","Minty Spire (QoL Compilation)","Robot Space Explorer","Shade Mod","StSLib","The Hierophant","The Marked","The Mystic"],"gold_per_floor":[111,12,32,32,32,32,57,57,57,72,72,107,131,158,158,229,229,247,271,103,121,121,121,135,135],"floor_reached":24,"playtime":768,"items_purged":["hermit:Defend_Hermit","hermit:Strike_Hermit"],"score":406,"play_id":"cb3b6a45-9b0e-4eb0-ac4f-04ab4c62e120","local_time":"20210112044107","is_ascension_mode":true,"campfire_choices":[{"data":"hermit:EyeOfTheStorm","floor":6.0,"key":"SMITH"},{"data":"hermit:Roughhouse","floor":8.0,"key":"SMITH"},{"data":"hermit:Scavenge","floor":11.0,"key":"SMITH"},{"data":"hermit:BigShot","floor":15,"key":"SMITH"},{"data":"hermit:Adapt","floor":23,"key":"SMITH"}],"circlet_count":0,"master_deck":["AscendersBane","hermit:Defend_Hermit","hermit:Defend_Hermit","hermit:Defend_Hermit","hermit:Snapshot","hermit:Covet","hermit:EyeOfTheStorm+1","hermit:LowProfile","hermit:Deadeye","hermit:Roughhouse+1","hermit:Scavenge+1","hermit:BigShot+1","hermit:Misfire","hermit:Adapt+1","CurseOfTheBell","hermit:Feint+1","hermit:FullyLoaded+1","hermit:Scavenge","hermit:Determination+1","hermit:FromBeyond","hermit:Vantage+1","Bite","Bite","Bite","Bite","Bite"],"relics":["hermit:Momento","NeowsBlessing","Bronze Scales","Mercury Hourglass","hermit:Horseshoe","Calling Bell","Centennial Puzzle","Frozen Egg 2","Prayer Wheel"],"acts_visited":["Exordium","TheCity"],"potions_floor_usage":[12,12,21,24,24],"damage_taken":[{"damage":0.0,"enemies":"Cultist","floor":1.0,"turns":1.0},{"damage":0.0,"enemies":"Small Slimes","floor":3.0,"turns":1.0},{"damage":0.0,"enemies":"3 Sentries","floor":7.0,"turns":2.0},{"damage":0.0,"enemies":"Jaw Worm","floor":10.0,"turns":2.0},{"damage":13,"enemies":"Lagavulin","floor":12,"turns":10},{"damage":0,"enemies":"Blue Slaver","floor":13,"turns":3},{"damage":0,"enemies":"Red Slaver","floor":14,"turns":3},{"damage":29,"enemies":"Hexaghost","floor":16,"turns":8},{"damage":13,"enemies":"3 Byrds","floor":18,"turns":2},{"damage":6,"enemies":"Spheric Guardian","floor":19,"turns":3},{"damage":12,"enemies":"Chosen and Byrds","floor":21,"turns":6},{"damage":42,"enemies":"Gremlin Leader","floor":24,"turns":3}],"seed_played":"2251293410606143481","potions_obtained":[{"floor":1.0,"key":"Weak Potion"},{"floor":3.0,"key":"PowerPotion"},{"floor":7.0,"key":"hexamod:EctoCoolerPotion"},{"floor":14,"key":"BlessingOfTheForge"},{"floor":19,"key":"SneckoOil"},{"floor":21,"key":"hexamod:EctoCoolerPotion"}],"is_trial":false,"path_per_floor":["M","$","M","?","$","R","E","R","T","M","R","E","M","M","R","B",null,"M","M","$","M","?","R","E"],"character_chosen":"HERMIT","items_purchased":["hermit:LowProfile","hermit:Determination+1"],"campfire_rested":0,"item_purchase_floors":[2,20],"current_hp_per_floor":[68,68,68,61,61,61,61,61,61,61,61,48,48,48,48,19,61,48,42,42,30,30,30,0,0],"gold":135,"neow_bonus":"THREE_ENEMY_KILL","is_daily":false,"chose_seed":false,"campfire_upgraded":5,"win_rate":0.0,"timestamp":1610419267,"path_taken":["M","$","?","?","$","R","E","R","T","M","R","E","M","M","R","BOSS","M","M","$","M","?","R","E"],"items_purchased_type":["Card","Card"],"build_version":"2020-12-22","purchased_purges":2,"victory":false,"max_hp_per_floor":[75,75,75,75,75,75,75,75,75,75,75,75,75,75,75,75,75,75,75,75,75,52,52,52,52],"card_choices":[{"not_picked":["hermit:Malice","hermit:HoleUp"],"picked":"hermit:EyeOfTheStorm","floor":1.0},{"not_picked":["hermit:CursedWeapon","hermit:Glare"],"picked":"hermit:Deadeye","floor":3.0},{"not_picked":["hermit:Manifest","hermit:HoleUp"],"picked":"hermit:Roughhouse","floor":7.0},{"not_picked":["hermit:Snipe","hermit:Grudge"],"picked":"hermit:Scavenge","floor":10.0},{"not_picked":["hermit:Manifest","hermit:EternalForm"],"picked":"hermit:BigShot","floor":12},{"not_picked":["hermit:Gestalt","hermit:CalledShot","hermit:Manifest"],"picked":"SKIP","floor":13},{"not_picked":["hermit:EyeOfTheStorm","hermit:CursedWeapon"],"picked":"hermit:Misfire","floor":14},{"not_picked":["hermit:HeroicBravado","hermit:EternalForm"],"picked":"hermit:Adapt","floor":16},{"not_picked":["hermit:Manifest","hermit:Shortfuse"],"picked":"hermit:Feint+1","floor":18},{"not_picked":["hermit:Gestalt","hermit:CalledShot"],"picked":"hermit:FullyLoaded+1","floor":18},{"not_picked":["hermit:Spite","hermit:Deadeye"],"picked":"hermit:Scavenge","floor":19},{"not_picked":["hermit:Manifest","hermit:Coalescence","hermit:CalledShot"],"picked":"SKIP","floor":19},{"not_picked":["hermit:Dive","hermit:Grudge"],"picked":"hermit:FromBeyond","floor":21},{"not_picked":["hermit:DeadMansHand","hermit:TrackingShot"],"picked":"hermit:Vantage+1","floor":21}],"player_experience":2502144,"relics_obtained":[{"floor":7.0,"key":"Bronze Scales"},{"floor":9.0,"key":"Mercury Hourglass"},{"floor":12,"key":"hermit:Horseshoe"},{"floor":17,"key":"Centennial Puzzle"},{"floor":17,"key":"Frozen Egg 2"},{"floor":17,"key":"Prayer Wheel"}],"event_choices":[{"cards_removed":["hermit:Strike_Hermit"],"damage_healed":0.0,"max_hp_gain":0.0,"max_hp_loss":0.0,"gold_gain":0.0,"event_name":"Golden Wing","player_choice":"Card Removal","floor":4.0,"gold_loss":0.0,"damage_taken":7.0},{"damage_healed":0,"gold_gain":0,"player_choice":"Became a vampire","damage_taken":0,"max_hp_gain":0,"max_hp_loss":23,"event_name":"Vampires","floor":22,"gold_loss":0,"cards_obtained":["Bite","Bite","Bite","Bite","Bite"]}],"is_beta":false,"boss_relics":[{"not_picked":["Runic Dome","Tiny House"],"picked":"Calling Bell"}],"items_purged_floors":[2,20],"is_endless":false,"potions_floor_spawned":[1,3,7,14,19,21],"killed_by":"Gremlin Leader","ascension_level":13}}