{"host":"c6u7e77myxvw4d0m","time":1610448439,"event":{"mods":["AchievementEnabler","BaseMod","Bestiary","Colored Map","Colored Powertips","Minty Spire (QoL Compilation)","Rare Cards Sparkle","Relic Stats","everything is the same but u backflip on backflip"],"gold_per_floor":[116,136,136,153,3,28,28,54,54,73,23,23,43,57,57,158,158,173,272,285,303,13,47,61,61,61,95,95,95,95,130,130,239,239,266,266,366,4,22,60,60,85,119,139,158,11,31,52,52,52,52],"floor_reached":50,"playtime":5467,"items_purged":["Normality"],"score":1070,"play_id":"e609bb75-740e-4e19-bb8c-c4d303b29eaf","local_time":"20210112124719","is_ascension_mode":true,"campfire_choices":[{"data":"Crippling Poison","floor":7,"key":"SMITH"},{"floor":12,"key":"REST"},{"data":"Deadly Poison","floor":15,"key":"SMITH"},{"data":"Catalyst","floor":28,"key":"SMITH"},{"data":"Burst","floor":32,"key":"SMITH"},{"data":"Noxious Fumes","floor":41,"key":"SMITH"},{"floor":49,"key":"RECALL"}],"circlet_count":0,"master_deck":["AscendersBane","Strike_G","Strike_G","Strike_G","Defend_G","Defend_G","Defend_G","Defend_G","Defend_G","Survivor","Neutralize+1","Sucker Punch","Deadly Poison+1","Blade Dance","Footwork","Crippling Poison+1","Burst+1","Corpse Explosion","Backstab","Poisoned Stab","Venomology","Leg Sweep","Backflip","Crippling Poison","Catalyst+1","Prepared","Tactician","Bullet Time","Cloak And Dagger","Noxious Fumes+1","Dark Shackles","Escape Plan","Catalyst","Footwork+1","Blur","Deadly Poison","Caltrops"],"relics":["Ring of the Snake","The Specimen","Du-Vu Doll","Calipers","Cursed Key","HornCleat","Pear","Lantern","CeramicFish","Runic Pyramid","Lee\u0027s Waffle","Ancient Tea Set","MealTicket"],"acts_visited":["Exordium","TheCity","TheBeyond"],"potions_floor_usage":[10,16,20,21,21,23,27,27,31,31,40,44,47,48,50,50],"damage_taken":[{"damage":1,"enemies":"Jaw Worm","floor":1,"turns":4},{"damage":2,"enemies":"Cultist","floor":2,"turns":4},{"damage":2,"enemies":"2 Louse","floor":4,"turns":3},{"damage":26,"enemies":"Gremlin Nob","floor":6,"turns":5},{"damage":21,"enemies":"Lagavulin","floor":8,"turns":9},{"damage":4,"enemies":"Exordium Wildlife","floor":10,"turns":2},{"damage":0,"enemies":"3 Louse","floor":13,"turns":2},{"damage":0,"enemies":"Looter","floor":14,"turns":3},{"damage":11,"enemies":"Hexaghost","floor":16,"turns":9},{"damage":0,"enemies":"Chosen","floor":18,"turns":4},{"damage":7,"enemies":"2 Thieves","floor":20,"turns":3},{"damage":11,"enemies":"Centurion and Healer","floor":21,"turns":5},{"damage":2,"enemies":"Gremlin Leader","floor":23,"turns":6},{"damage":7,"enemies":"Snecko","floor":24,"turns":5},{"damage":4,"enemies":"Book of Stabbing","floor":27,"turns":5},{"damage":5,"enemies":"Gremlin Leader","floor":31,"turns":5},{"damage":53,"enemies":"Automaton","floor":33,"turns":12},{"damage":17,"enemies":"Orb Walker","floor":35,"turns":4},{"damage":2,"enemies":"3 Darklings","floor":39,"turns":4},{"damage":0,"enemies":"Giant Head","floor":40,"turns":6},{"damage":2,"enemies":"Nemesis","floor":42,"turns":5},{"damage":0,"enemies":"Maw","floor":44,"turns":6},{"damage":19,"enemies":"Sphere and 2 Shapes","floor":45,"turns":5},{"damage":23,"enemies":"3 Darklings","floor":47,"turns":2},{"damage":0,"enemies":"Transient","floor":48,"turns":5},{"damage":67,"enemies":"Time Eater","floor":50,"turns":12}],"seed_played":"-3035684384915234507","potions_obtained":[{"floor":6,"key":"SmokeBomb"},{"floor":8,"key":"Poison Potion"},{"floor":10,"key":"AttackPotion"},{"floor":16,"key":"Fire Potion"},{"floor":18,"key":"SteroidPotion"},{"floor":21,"key":"PowerPotion"},{"floor":23,"key":"ColorlessPotion"},{"floor":35,"key":"DuplicationPotion"}],"is_trial":false,"path_per_floor":["M","M","?","M","$","E","R","E","T","M","?","R","M","M","R","B",null,"M","?","M","M","$","E","M","?","T","E","R","?","?","E","R","B",null,"M","?","?","$","M","E","R","E","T","M","M","$","M","M","R","B"],"character_chosen":"THE_SILENT","items_purchased":["Footwork","Crippling Poison","HornCleat","Crippling Poison","Noxious Fumes","Lee\u0027s Waffle","Dark Shackles","Dexterity Potion","Blur"],"campfire_rested":1,"item_purchase_floors":[5,5,22,22,38,38,38,38,46],"current_hp_per_floor":[62,60,60,58,58,32,32,11,11,7,7,28,28,28,28,17,57,57,57,50,39,39,47,40,40,40,36,36,62,62,57,57,4,61,44,44,44,87,85,85,85,83,83,83,64,79,56,56,56,0,0],"gold":52,"neow_bonus":"UPGRADE_CARD","is_daily":false,"chose_seed":false,"campfire_upgraded":5,"win_rate":0.0,"timestamp":1610448439,"path_taken":["M","M","?","M","$","E","R","E","T","?","?","R","M","M","R","BOSS","M","?","M","M","$","E","M","?","T","E","R","?","?","E","R","BOSS","M","?","?","$","M","E","R","E","T","M","M","$","M","?","R","BOSS"],"items_purchased_type":["Card","Card","Relic","Card","Card","Relic","Card","Potion","Card"],"build_version":"2020-12-22","purchased_purges":1,"victory":false,"max_hp_per_floor":[70,70,70,70,70,70,70,70,70,70,70,70,70,70,70,70,70,70,70,70,70,70,80,80,80,80,80,80,80,80,80,80,80,80,80,80,80,87,87,87,87,87,87,87,87,87,87,87,87,87,87],"relic_stats":{"Lee\u0027s Waffle":43,"counters":[26,135],"CeramicFish":108,"MealTicket":15,"Cursed Key":1,"obtain_stats":[{"Lantern":27,"Lee\u0027s Waffle":38,"Calipers":9,"Pear":23,"The Specimen":6,"CeramicFish":31,"Cursed Key":17,"Ancient Tea Set":40,"Du-Vu Doll":8,"HornCleat":22,"MealTicket":42,"Ring of the Snake":0,"Runic Pyramid":34},{"Lantern":15,"Lee\u0027s Waffle":18,"Calipers":5,"Pear":13,"The Specimen":4,"CeramicFish":16,"Cursed Key":9,"Ancient Tea Set":20,"Du-Vu Doll":5,"HornCleat":12,"MealTicket":21,"Ring of the Snake":0,"Runic Pyramid":17},{"Lantern":69,"Lee\u0027s Waffle":90,"Calipers":25,"Pear":59,"The Specimen":16,"CeramicFish":74,"Cursed Key":41,"Ancient Tea Set":100,"Du-Vu Doll":25,"HornCleat":53,"MealTicket":105,"Ring of the Snake":0,"Runic Pyramid":86}],"Ring of the Snake":[52]},"card_choices":[{"not_picked":["Underhanded Strike","Deflect"],"picked":"Sucker Punch","floor":1},{"not_picked":["Bane","Setup"],"picked":"Deadly Poison","floor":2},{"not_picked":["Infinite Blades","Eviscerate"],"picked":"Blade Dance","floor":4},{"not_picked":["Infinite Blades","Deflect"],"picked":"Burst","floor":6},{"not_picked":["Deadly Poison","PiercingWail"],"picked":"Corpse Explosion","floor":8},{"not_picked":["Setup","Acrobatics"],"picked":"Backstab","floor":10},{"not_picked":["Backflip","Dagger Throw"],"picked":"Poisoned Stab","floor":13},{"not_picked":["Acrobatics","Calculated Gamble"],"picked":"Footwork","floor":14},{"not_picked":["Bullet Time","Unload"],"picked":"Venomology","floor":16},{"not_picked":["Blade Dance","Prepared","Underhanded Strike"],"picked":"SKIP","floor":18},{"not_picked":["All Out Attack+1","Riddle With Holes"],"picked":"Leg Sweep","floor":20},{"not_picked":["Flechettes","Dagger Spray+1"],"picked":"Backflip","floor":21},{"not_picked":["Slice","Eviscerate","Quick Slash"],"picked":"SKIP","floor":23},{"not_picked":["Deflect+1","Acrobatics"],"picked":"Catalyst","floor":24},{"not_picked":["Corpse Explosion","Phantasmal Killer"],"picked":"Prepared","floor":27},{"not_picked":["Blur","Deflect"],"picked":"Tactician","floor":31},{"not_picked":["Glass Knife","Malaise"],"picked":"Bullet Time","floor":33},{"not_picked":["Underhanded Strike","Backstab"],"picked":"Cloak And Dagger","floor":35},{"not_picked":["Blade Dance","Poisoned Stab+1","Quick Slash+1"],"picked":"SKIP","floor":39},{"not_picked":["Slice+1","Backstab+1"],"picked":"Escape Plan","floor":40},{"not_picked":["Backstab","Predator+1","Finisher"],"picked":"SKIP","floor":42},{"not_picked":["Calculated Gamble","Flying Knee+1"],"picked":"Catalyst","floor":44},{"not_picked":["Deflect+1","Dagger Spray"],"picked":"Footwork+1","floor":45},{"not_picked":["Crippling Poison","Sucker Punch+1"],"picked":"Deadly Poison","floor":47},{"not_picked":["Bullet Time","PiercingWail"],"picked":"Caltrops","floor":48}],"player_experience":342840,"relics_obtained":[{"floor":6,"key":"The Specimen"},{"floor":8,"key":"Du-Vu Doll"},{"floor":9,"key":"Calipers"},{"floor":23,"key":"Pear"},{"floor":27,"key":"Lantern"},{"floor":31,"key":"CeramicFish"},{"floor":40,"key":"Ancient Tea Set"},{"floor":42,"key":"MealTicket"}],"event_choices":[{"cards_removed":["Strike_G"],"damage_healed":0,"gold_gain":0,"player_choice":"Card Removal","damage_taken":0,"max_hp_gain":0,"max_hp_loss":0,"event_name":"Wheel of Change","floor":3,"gold_loss":0},{"cards_removed":["Strike_G"],"damage_healed":0,"gold_gain":0,"player_choice":"Card Removal","damage_taken":0,"max_hp_gain":0,"max_hp_loss":0,"event_name":"The Cleric","floor":11,"gold_loss":50},{"damage_healed":0,"gold_gain":99,"player_choice":"Stole From Cult","damage_taken":0,"max_hp_gain":0,"max_hp_loss":0,"event_name":"Nest","floor":19,"gold_loss":0},{"damage_healed":0,"gold_gain":0,"player_choice":"Ignored","damage_taken":0,"max_hp_gain":0,"max_hp_loss":0,"event_name":"Vampires","floor":25,"gold_loss":0},{"damage_healed":26,"gold_gain":0,"player_choice":"Heal","damage_taken":0,"max_hp_gain":0,"max_hp_loss":0,"event_name":"The Library","floor":29,"gold_loss":0},{"damage_healed":0,"gold_gain":0,"player_choice":"Ignored","damage_taken":0,"max_hp_gain":0,"max_hp_loss":0,"event_name":"Cursed Tome","floor":30,"gold_loss":0},{"cards_removed":["Footwork"],"damage_healed":0,"gold_gain":0,"player_choice":"Removed Power","damage_taken":0,"max_hp_gain":0,"max_hp_loss":0,"event_name":"Falling","floor":36,"gold_loss":0},{"damage_healed":0,"gold_gain":100,"player_choice":"Pray","damage_taken":0,"max_hp_gain":0,"max_hp_loss":0,"event_name":"Golden Shrine","floor":37,"gold_loss":0}],"is_beta":false,"boss_relics":[{"not_picked":["Fusion Hammer","Coffee Dripper"],"picked":"Cursed Key"},{"not_picked":["HoveringKite","SlaversCollar"],"picked":"Runic Pyramid"}],"items_purged_floors":[46],"is_endless":false,"potions_floor_spawned":[6,8,10,16,18,21,23,35,42,47,48],"killed_by":"Time Eater","ascension_level":12}}