{"host":"sjo4oracihb00px1","time":1610422209,"event":{"mods":["Astrologer","BaseMod","Better Note","Colored Powertips","Defective Defect","Friendly Minions","Hermit","HololiveMod","Hubris","Jorbs\u0027s Wanderer Trilogy","Kiyohime????","Marisa????????","Minty Spire (QoL Compilation)","Quick Restart","Random Character Button","Remilia??????","Replay The Spire","Shop Mod","ShortenTheSpire","Somnambulant","StSLib","The Administrix","The Animator","The Awakened One except there are too many feathers","The Bug Knight","The Cursed","The Death Knight","The Disciple","The Gatherer","The IronCluck","The Necromancer","The Problem Sleuth","The Runesmith","The Servant 0.9.4","The Vixen","TheBandit","Waifu the Spire","Wandering Minibosses","Yuri Mod","everything is the same but u backflip on backflip","slay the spire mod where everything is the same but ironclad has a cowboy hat","thorton"],"gold_per_floor":[110,110,110,125,125,160,172,203,284,284,310,310,16,38,38,149,149,78,78],"floor_reached":18,"playtime":1591,"items_purged":[],"score":224,"play_id":"1c8abf49-e9b4-43c0-b525-4b1a83c225da","local_time":"20210111223009","is_ascension_mode":true,"campfire_choices":[{"data":"Zap","floor":10.0,"key":"SMITH"},{"data":"Double Energy","floor":12.0,"key":"SMITH"},{"data":"BasicCrystalCard","floor":15.0,"key":"SMITH"}],"circlet_count":0,"master_deck":["Strike_B+1","Strike_B","Strike_B","Strike_B","Defend_B","Defend_B","Defend_B","Defend_B","Zap+1","Dualcast","Double Energy+1","Regret","Steam","Lockon","hubris:SpecializedCircuitry","Redo","BasicCrystalCard+1","Rebound","Creative AI"],"relics":["FrozenCore","NeowsBlessing","hubris:GlazedTorus","Gambling Chip","Replay:Bandana","Solar Panel","Boot","Pet Ghost"],"acts_visited":["Exordium","TheCity"],"potions_floor_usage":[16],"damage_taken":[{"damage":0.0,"enemies":"Small Slimes","floor":1.0,"turns":1.0},{"damage":0.0,"enemies":"Jaw Worm","floor":4.0,"turns":1.0},{"damage":0.0,"enemies":"Lagavulin","floor":6.0,"turns":1.0},{"damage":0.0,"enemies":"2 Louse","floor":7.0,"turns":2.0},{"damage":16.0,"enemies":"Gremlin Nob","floor":8.0,"turns":3.0},{"damage":6.0,"enemies":"Looter","floor":11.0,"turns":5.0},{"damage":1.0,"enemies":"2 Fungi Beasts","floor":14.0,"turns":2.0},{"damage":46,"enemies":"The Guardian","floor":16,"turns":8},{"damage":40,"enemies":"2 Thieves","floor":18,"turns":3}],"seed_played":"2233557125013874260","potions_obtained":[{"floor":1.0,"key":"DuplicationPotion"},{"floor":6.0,"key":"Elixir"},{"floor":7.0,"key":"Weak Potion"},{"floor":8.0,"key":"LiquidMemories"}],"is_trial":false,"path_per_floor":["M","?","?","M","$","E","M","E","T","R","M","R","$","M","R","B",null,"M"],"character_chosen":"DEFECT","items_purchased":["Boot","Pet Ghost"],"campfire_rested":0,"item_purchase_floors":[13,13],"current_hp_per_floor":[75,75,75,75,75,75,75,59,59,59,53,53,53,54,54,8,75,35,35],"gold":78,"neow_bonus":"THREE_ENEMY_KILL","is_daily":false,"chose_seed":false,"campfire_upgraded":3,"win_rate":0.0,"timestamp":1610422209,"path_taken":["M","?","?","M","$","E","M","E","T","R","M","R","$","M","R","BOSS","M"],"items_purchased_type":["Relic","Relic"],"build_version":"2020-12-22","purchased_purges":0,"victory":false,"max_hp_per_floor":[75,75,75,75,75,75,75,75,75,75,75,75,75,75,75,75,75,75,75],"card_choices":[{"not_picked":["Compile Driver","Steam"],"picked":"Double Energy","floor":1.0},{"not_picked":["Stack","Coolheaded"],"picked":"Steam","floor":4.0},{"not_picked":["ReplayTheSpireMod:System Scan","Go for the Eyes"],"picked":"Lockon","floor":6.0},{"not_picked":["Ball Lightning","Cold Snap"],"picked":"hubris:SpecializedCircuitry","floor":7.0},{"not_picked":["Conserve Battery","Barrage"],"picked":"Redo","floor":8.0},{"not_picked":["Ball Lightning","Amplify"],"picked":"BasicCrystalCard","floor":11.0},{"not_picked":["Double Energy","Gash"],"picked":"Rebound","floor":14.0},{"not_picked":["Mirror Shield","Meteor Strike"],"picked":"Creative AI","floor":16}],"player_experience":717149,"relics_obtained":[{"floor":6.0,"key":"Gambling Chip"},{"floor":8.0,"key":"Replay:Bandana"},{"floor":9.0,"key":"Solar Panel"}],"event_choices":[{"damage_healed":0.0,"max_hp_gain":0.0,"max_hp_loss":0.0,"gold_gain":0.0,"event_name":"Big Fish","player_choice":"Box","floor":3.0,"gold_loss":0.0,"damage_taken":0.0,"relics_obtained":["hubris:GlazedTorus"],"cards_obtained":["Regret"]}],"is_beta":false,"boss_relics":[{"not_picked":["hubris:GrandSneckoEye","Replay:Bronze Core"],"picked":"FrozenCore"}],"items_purged_floors":[],"is_endless":false,"potions_floor_spawned":[1,6,7,8],"killed_by":"2 Thieves","ascension_level":3}}