{"host":"t75twhtg6c476ygg","time":1610452620,"event":{"mods":["AchievementEnabler","BaseMod","Colored Powertips","Minty Spire (QoL Compilation)","Quick Restart","Relic Stats","StSLib","SuperFastMode"],"gold_per_floor":[114,129,144,144,159,174,189,204,204,204,219,249,279,294,294,394,394,409,659,689,289,199,199,229,229,254,269,299,314,329,359,371,483,495,522,549,561,588,615,657,684,726,738,780,807,834,846,873,885,897],"floor_reached":51,"playtime":1746,"items_purged":[],"score":1337,"play_id":"0ac56dea-8051-4c4c-89bb-2aac774707d6","local_time":"20210112115700","daily_mods":["Cursed Run","Hoarder","DeadlyEvents"],"is_ascension_mode":false,"campfire_choices":[{"data":"Fasting2","floor":10.0,"key":"SMITH"},{"data":"Fasting2","floor":15.0,"key":"SMITH"},{"data":"TalkToTheHand","floor":23.0,"key":"SMITH"},{"data":"TalkToTheHand","floor":25.0,"key":"SMITH"},{"data":"Vigilance","floor":32,"key":"SMITH"},{"floor":47,"key":"REST"},{"floor":49,"key":"REST"}],"circlet_count":0,"master_deck":["Eruption+1","Vigilance+1","TalkToTheHand+1","TalkToTheHand+1","Fasting2+1","Fasting2+1","Consecrate+1","Consecrate+1","Consecrate+1","SpiritShield+1","SpiritShield+1","Panacea+1","Panacea+1","Panacea+1","Normality","Normality","Normality","Consecrate+1","Consecrate+1","Consecrate+1","Injury","Injury","Injury","Consecrate+1","Consecrate+1","Consecrate+1","LessonLearned+1","LessonLearned+1","LessonLearned+1","Limit Break+1","Limit Break+1","Limit Break+1","Pain","Pain","Pain","Heavy Blade+1","Heavy Blade+1","Heavy Blade+1","Normality","Normality","Normality","Scrape+1","Scrape+1","Scrape+1","Injury","Injury","Injury","Regret","Regret","Regret"],"relics":["Cursed Key","Darkstone Periapt","Du-Vu Doll","Orichalcum","Frozen Egg 2","GoldenEye","Blue Candle","Black Star","Calipers","Pen Nib","PrismaticShard","Art of War","Sundial","Ornamental Fan","Akabeko","War Paint","Vajra","Centennial Puzzle","MawBank","Pear","Calling Bell","Strawberry","Question Card","Lizard Tail","Damaru","Torii","Mummified Hand","Ginger","MealTicket","Blood Vial","Dream Catcher"],"acts_visited":["Exordium","TheCity","TheBeyond"],"potions_floor_usage":[31,31,35,35],"damage_taken":[{"damage":0.0,"enemies":"Cultist","floor":1.0,"turns":2.0},{"damage":0.0,"enemies":"2 Louse","floor":2.0,"turns":2.0},{"damage":4.0,"enemies":"Jaw Worm","floor":3.0,"turns":5.0},{"damage":0.0,"enemies":"Looter","floor":5.0,"turns":3.0},{"damage":0.0,"enemies":"Gremlin Gang","floor":6.0,"turns":1.0},{"damage":0.0,"enemies":"Large Slime","floor":7.0,"turns":7.0},{"damage":13.0,"enemies":"Red Slaver","floor":8.0,"turns":3.0},{"damage":0.0,"enemies":"Looter","floor":11.0,"turns":4.0},{"damage":5.0,"enemies":"Lagavulin","floor":12.0,"turns":5.0},{"damage":20.0,"enemies":"Gremlin Nob","floor":13.0,"turns":4.0},{"damage":0.0,"enemies":"Exordium Thugs","floor":14.0,"turns":2.0},{"damage":3.0,"enemies":"Hexaghost","floor":16.0,"turns":8.0},{"damage":11.0,"enemies":"2 Thieves","floor":18.0,"turns":2.0},{"damage":0.0,"enemies":"Gremlin Leader","floor":20.0,"turns":2.0},{"damage":4.0,"enemies":"Book of Stabbing","floor":24.0,"turns":2.0},{"damage":0.0,"enemies":"Chosen","floor":27.0,"turns":1.0},{"damage":35.0,"enemies":"Slavers","floor":28.0,"turns":5.0},{"damage":6.0,"enemies":"3 Cultists","floor":29.0,"turns":3.0},{"damage":5.0,"enemies":"Cultist and Chosen","floor":30.0,"turns":3.0},{"damage":0,"enemies":"Gremlin Leader","floor":31,"turns":1},{"damage":13,"enemies":"Champ","floor":33,"turns":4},{"damage":7,"enemies":"3 Darklings","floor":35,"turns":2},{"damage":11,"enemies":"3 Shapes","floor":36,"turns":2},{"damage":0,"enemies":"Jaw Worm Horde","floor":38,"turns":1},{"damage":7,"enemies":"4 Shapes","floor":39,"turns":2},{"damage":18,"enemies":"Giant Head","floor":40,"turns":2},{"damage":0,"enemies":"3 Darklings","floor":41,"turns":1},{"damage":1,"enemies":"Reptomancer","floor":42,"turns":1},{"damage":11,"enemies":"Giant Head","floor":44,"turns":2},{"damage":6,"enemies":"Sphere and 2 Shapes","floor":45,"turns":3},{"damage":1,"enemies":"Writhing Mass","floor":46,"turns":2},{"damage":14,"enemies":"Jaw Worm Horde","floor":48,"turns":2},{"damage":59,"enemies":"Time Eater","floor":50,"turns":3}],"seed_played":"-5514344210177769252","potions_obtained":[{"floor":1.0,"key":"GamblersBrew"},{"floor":3.0,"key":"Block Potion"},{"floor":8.0,"key":"Weak Potion"},{"floor":13.0,"key":"BlessingOfTheForge"},{"floor":31,"key":"AttackPotion"},{"floor":35,"key":"BottledMiracle"},{"floor":38,"key":"EntropicBrew"}],"is_trial":false,"path_per_floor":["M","M","M","?","M","M","M","M","T","R","M","E","E","M","R","B",null,"M","?","E","$","?","R","E","R","T","M","E","M","M","E","R","B",null,"M","M","?","M","M","E","M","E","T","E","M","M","R","M","R","B",null],"character_chosen":"WATCHER","items_purchased":["Art of War","Sundial"],"campfire_rested":2,"item_purchase_floors":[21,21],"current_hp_per_floor":[72,72,68,68,68,68,68,55,73,73,73,68,48,48,48,63,108,97,97,97,97,97,97,93,93,111,111,76,70,65,75,75,80,161,154,143,161,161,154,136,136,135,153,142,138,139,179,165,179,138],"gold":909,"neow_bonus":"","is_daily":true,"chose_seed":false,"campfire_upgraded":5,"win_rate":0.0,"timestamp":1610452620,"path_taken":["M","?","M","?","M","M","M","M","T","R","M","?","E","M","R","BOSS","M","?","?","$","?","R","E","R","T","M","E","M","M","?","R","BOSS","M","M","?","M","?","E","M","E","T","?","M","M","R","M","R","BOSS"],"items_purchased_type":["Relic","Relic"],"build_version":"2020-12-22","purchased_purges":0,"victory":true,"max_hp_per_floor":[72,72,72,72,72,72,72,72,90,90,90,90,90,90,90,108,108,108,108,108,108,108,108,108,108,126,126,126,126,126,136,136,154,161,161,161,161,161,161,161,161,161,179,179,179,179,179,179,179,197],"relic_stats":{"Darkstone Periapt":108,"Torii":6,"counters":[33,92],"Blue Candle":[46],"Pen Nib":[8],"Ginger":[2],"Orichalcum":[78],"War Paint":["SpiritShield","SpiritShield"],"Cursed Key":3,"GoldenEye":[0],"MawBank":240,"Question Card":13,"Blood Vial":4,"Centennial Puzzle":[39],"Lizard Tail":0,"Dream Catcher":2,"Sundial":[0],"Ornamental Fan":[52],"Mummified Hand":[1],"MealTicket":0,"Black Star":7,"Art of War":[4],"obtain_stats":[{"Darkstone Periapt":0,"Calipers":20,"Torii":40,"Vajra":28,"Ginger":42,"Cursed Key":0,"PrismaticShard":21,"Blood Vial":44,"Centennial Puzzle":28,"Lizard Tail":34,"Dream Catcher":44,"Sundial":21,"Mummified Hand":42,"Strawberry":34,"MealTicket":43,"Pear":31,"Blue Candle":16,"Damaru":40,"Pen Nib":20,"Orichalcum":9,"Frozen Egg 2":12,"War Paint":26,"GoldenEye":13,"MawBank":31,"Question Card":34,"Akabeko":24,"Du-Vu Doll":0,"Calling Bell":34,"Ornamental Fan":24,"Pandora\u0027s Box":14,"Black Star":17,"Art of War":21},{"Darkstone Periapt":0,"Calipers":14,"Torii":26,"Vajra":17,"Ginger":28,"Cursed Key":0,"PrismaticShard":14,"Blood Vial":29,"Centennial Puzzle":17,"Lizard Tail":21,"Dream Catcher":29,"Sundial":14,"Mummified Hand":28,"Strawberry":21,"MealTicket":28,"Pear":20,"Blue Candle":12,"Damaru":26,"Pen Nib":14,"Orichalcum":7,"Frozen Egg 2":9,"War Paint":15,"GoldenEye":10,"MawBank":20,"Question Card":21,"Akabeko":15,"Du-Vu Doll":0,"Calling Bell":21,"Ornamental Fan":15,"Pandora\u0027s Box":11,"Black Star":12,"Art of War":14},{"Darkstone Periapt":0,"Calipers":50,"Torii":78,"Vajra":58,"Ginger":80,"Cursed Key":0,"PrismaticShard":50,"Blood Vial":82,"Centennial Puzzle":58,"Lizard Tail":69,"Dream Catcher":82,"Sundial":50,"Mummified Hand":80,"Strawberry":69,"MealTicket":80,"Pear":65,"Blue Candle":41,"Damaru":78,"Pen Nib":50,"Orichalcum":23,"Frozen Egg 2":32,"War Paint":52,"GoldenEye":36,"MawBank":65,"Question Card":69,"Akabeko":52,"Du-Vu Doll":0,"Calling Bell":69,"Ornamental Fan":52,"Pandora\u0027s Box":38,"Black Star":46,"Art of War":50}]},"card_choices":[{"not_picked":["Evaluate","DeceiveReality"],"picked":"TalkToTheHand","floor":1.0},{"not_picked":["FlyingSleeves","ReachHeaven"],"picked":"Fasting2","floor":2.0},{"not_picked":["Study","Protect"],"picked":"Consecrate","floor":3.0},{"not_picked":["BowlingBash","CutThroughFate","Adaptation"],"picked":"SKIP","floor":5.0},{"not_picked":["Crescendo","SashWhip","Pray"],"picked":"SKIP","floor":6.0},{"not_picked":["Evaluate","ThirdEye","Crescendo"],"picked":"SKIP","floor":7.0},{"not_picked":["Conclude","EmptyFist","Nirvana"],"picked":"SKIP","floor":8.0},{"not_picked":["Perseverance","Meditate"],"picked":"Consecrate","floor":11.0},{"not_picked":["Wish","Nirvana+1","ClearTheMind"],"picked":"SKIP","floor":12.0},{"not_picked":["Study+1","Meditate","EmptyFist"],"picked":"SKIP","floor":13.0},{"not_picked":["ClearTheMind","FlurryOfBlows","TalkToTheHand"],"picked":"SKIP","floor":14.0},{"not_picked":["CutThroughFate","Prostrate"],"picked":"Consecrate+1","floor":18.0},{"not_picked":["Conclude","EmptyBody","Weave"],"picked":"SKIP","floor":20.0},{"not_picked":["Calculated Gamble+1","Dash","BowlingBash"],"picked":"SKIP","floor":24.0},{"not_picked":["LikeWater+1","Rebound","Dodge and Roll+1"],"picked":"SKIP","floor":27.0},{"not_picked":["Flash of Steel","Infernal Blade"],"picked":"Heavy Blade","floor":28.0},{"not_picked":["Stack","Sword Boomerang","Rainbow"],"picked":"SKIP","floor":29.0},{"not_picked":["Iron Wave","Stack+1","Dropkick+1"],"picked":"SKIP","floor":30.0},{"not_picked":["Vengeance","FearNoEvil","DeusExMachina"],"picked":"SKIP","floor":31},{"not_picked":["Cold Snap+1","CrushJoints","Spot Weakness","EmptyBody"],"picked":"SKIP","floor":35},{"not_picked":["Slice","FlyingSleeves","Outmaneuver","Scrape+1"],"picked":"SKIP","floor":36},{"not_picked":["Slice","FlyingSleeves","Outmaneuver"],"picked":"Scrape+1","floor":36},{"not_picked":["SashWhip+1","Cleave+1","Dodge and Roll","CrushJoints+1"],"picked":"SKIP","floor":38},{"not_picked":["Evaluate","Coolheaded","Cold Snap+1","Steam"],"picked":"SKIP","floor":39},{"not_picked":["Tantrum","Catalyst","Creative AI+1","Venomology"],"picked":"SKIP","floor":40},{"not_picked":["Recycle+1","Coolheaded+1","FlyingSleeves","Compile Driver+1"],"picked":"SKIP","floor":41},{"not_picked":["Gash+1","Reflex+1","Power Through","Sucker Punch+1"],"picked":"SKIP","floor":42},{"not_picked":["Disarm+1","Blind+1","Streamline+1","Deflect"],"picked":"SKIP","floor":44},{"not_picked":["EmptyBody+1","Deflect+1","Slice","SashWhip+1"],"picked":"SKIP","floor":45},{"not_picked":["Wild Strike+1","PathToVictory","Stack","Cleave+1"],"picked":"SKIP","floor":46},{"not_picked":["Flying Knee","Consecrate+1","Transmutation","Pommel Strike+1"],"picked":"SKIP","floor":48}],"player_experience":244527,"relics_obtained":[{"floor":9.0,"key":"Orichalcum"},{"floor":12.0,"key":"Frozen Egg 2"},{"floor":13.0,"key":"GoldenEye"},{"floor":20.0,"key":"Calipers"},{"floor":20.0,"key":"Pen Nib"},{"floor":24.0,"key":"Ornamental Fan"},{"floor":24.0,"key":"Akabeko"},{"floor":26.0,"key":"War Paint"},{"floor":28.0,"key":"Vajra"},{"floor":28.0,"key":"Centennial Puzzle"},{"floor":31,"key":"MawBank"},{"floor":31,"key":"Pear"},{"floor":34,"key":"Strawberry"},{"floor":34,"key":"Question Card"},{"floor":34,"key":"Lizard Tail"},{"floor":40,"key":"Damaru"},{"floor":40,"key":"Torii"},{"floor":42,"key":"Mummified Hand"},{"floor":42,"key":"Ginger"},{"floor":43,"key":"MealTicket"},{"floor":44,"key":"Blood Vial"},{"floor":44,"key":"Dream Catcher"}],"event_choices":[{"damage_healed":0.0,"max_hp_gain":0.0,"max_hp_loss":0.0,"gold_gain":0.0,"cards_transformed":["Fasting2"],"event_name":"Living Wall","player_choice":"Change","floor":4.0,"gold_loss":0.0,"damage_taken":0.0,"cards_obtained":["SpiritShield"]},{"damage_healed":0.0,"max_hp_gain":0.0,"max_hp_loss":0.0,"gold_gain":0.0,"event_name":"The Joust","player_choice":"Bet on Murderer","floor":19.0,"gold_loss":50.0,"damage_taken":0.0},{"cards_removed":["SpiritShield"],"damage_healed":0.0,"max_hp_gain":0.0,"max_hp_loss":0.0,"gold_gain":0.0,"event_name":"Designer","player_choice":"Upgrade and Remove","floor":22.0,"gold_loss":90.0,"damage_taken":0.0,"cards_upgraded":["TalkToTheHand"]},{"cards_removed":["TalkToTheHand"],"damage_healed":18,"gold_gain":0,"player_choice":"Offered Uncommon","damage_taken":0,"max_hp_gain":0,"max_hp_loss":0,"event_name":"Bonfire Elementals","floor":37,"gold_loss":0}],"is_beta":false,"boss_relics":[{"not_picked":["Sozu","Tiny House"],"picked":"Black Star"},{"not_picked":["SacredBark","Pandora\u0027s Box"],"picked":"Calling Bell"}],"items_purged_floors":[],"is_endless":false,"potions_floor_spawned":[1,3,8,13,16,20,27,29,30,31,35,38,40,42,45],"ascension_level":0}}