{"host":"c97twqu0op5dg8i4","time":1610469124,"event":{"mods":["AchievementEnabler","BaseMod","Colored Map","Minty Spire (QoL Compilation)","Permanent Neow"],"gold_per_floor":[116,116,116,38,53,79,92,126,126,126,145,175,175,32,32,135,135,150,75,75,0,0,0,0],"floor_reached":23,"playtime":530,"items_purged":["Strike_B"],"score":319,"play_id":"0e0b54a8-db35-4d6d-92e4-a863d64ccee6","local_time":"20210112113204","is_ascension_mode":true,"campfire_choices":[{"data":"Zap","floor":10,"key":"SMITH"},{"floor":13,"key":"REST"},{"data":"Electrodynamics","floor":15,"key":"SMITH"}],"circlet_count":0,"master_deck":["Strike_B","Strike_B","Defend_B","Defend_B","Defend_B","Defend_B","Zap+1","Dualcast","Scrape","Self Repair","Melter","Cold Snap","Streamline","FTL","Defragment","Electrodynamics+1","Biased Cognition","Beam Cell","Skim"],"relics":["Cracked Core","Lantern","Sundial","CaptainsWheel","Prayer Wheel","Ginger","ClockworkSouvenir","Philosopher\u0027s Stone"],"acts_visited":["Exordium","TheCity"],"potions_floor_usage":[6,8,12],"damage_taken":[{"damage":9,"enemies":"Jaw Worm","floor":1,"turns":3},{"damage":0,"enemies":"Cultist","floor":5,"turns":3},{"damage":20,"enemies":"Lagavulin","floor":6,"turns":3},{"damage":3,"enemies":"Small Slimes","floor":7,"turns":3},{"damage":30,"enemies":"3 Sentries","floor":8,"turns":7},{"damage":8,"enemies":"2 Fungi Beasts","floor":11,"turns":3},{"damage":12,"enemies":"Lagavulin","floor":12,"turns":5},{"damage":0,"enemies":"Slime Boss","floor":16,"turns":6},{"damage":31,"enemies":"3 Byrds","floor":18,"turns":3},{"damage":32,"enemies":"Slavers","floor":23,"turns":2}],"seed_played":"-7191515845878723485","potions_obtained":[{"floor":1,"key":"PowerPotion"},{"floor":7,"key":"Fire Potion"},{"floor":8,"key":"SteroidPotion"}],"is_trial":false,"path_per_floor":["M","?","?","$","M","E","M","E","T","R","M","E","R","$","R","B",null,"M","?","?","$","?","E"],"character_chosen":"DEFECT","items_purchased":["Self Repair","ClockworkSouvenir"],"campfire_rested":1,"item_purchase_floors":[4,14],"current_hp_per_floor":[66,66,75,75,75,55,59,36,36,36,35,23,45,45,45,45,68,37,37,37,37,37,5,5],"gold":0,"neow_bonus":"RANDOM_COMMON_RELIC","is_daily":false,"chose_seed":false,"campfire_upgraded":2,"win_rate":0.0,"timestamp":1610469124,"path_taken":["M","?","?","$","M","E","M","E","T","R","M","E","R","$","R","BOSS","M","?","?","$","?","E"],"items_purchased_type":["Card","Relic"],"build_version":"2020-12-22","purchased_purges":1,"victory":false,"max_hp_per_floor":[75,75,75,75,75,75,75,75,75,75,75,75,75,75,75,75,75,75,75,75,75,75,75,75],"card_choices":[{"not_picked":["Auto Shields","Barrage"],"picked":"Scrape","floor":1},{"not_picked":["Cold Snap","Streamline"],"picked":"Melter","floor":5},{"not_picked":["Rebound","Sweeping Beam"],"picked":"Cold Snap","floor":6},{"not_picked":["Redo","Blizzard"],"picked":"Streamline","floor":7},{"not_picked":["Steam","Fusion"],"picked":"FTL","floor":8},{"not_picked":["Recycle","Barrage"],"picked":"Defragment","floor":11},{"not_picked":["Streamline","Hello World","Sweeping Beam"],"picked":"SKIP","floor":11},{"not_picked":["Conserve Battery","Compile Driver"],"picked":"Electrodynamics","floor":12},{"not_picked":["Creative AI","Buffer"],"picked":"Biased Cognition","floor":16},{"not_picked":["Cold Snap","Barrage"],"picked":"Beam Cell","floor":18},{"not_picked":["Streamline+1","Rebound"],"picked":"Skim","floor":18}],"player_experience":233807,"relics_obtained":[{"floor":6,"key":"Sundial"},{"floor":8,"key":"CaptainsWheel"},{"floor":9,"key":"Prayer Wheel"},{"floor":12,"key":"Ginger"}],"event_choices":[{"damage_healed":0,"gold_gain":0,"player_choice":"Ignored","damage_taken":0,"max_hp_gain":0,"max_hp_loss":0,"event_name":"Liars Game","floor":2,"gold_loss":0},{"damage_healed":9,"gold_gain":0,"player_choice":"Full Heal","damage_taken":0,"max_hp_gain":0,"max_hp_loss":0,"event_name":"Wheel of Change","floor":3,"gold_loss":0},{"cards_removed":["Strike_B"],"damage_healed":0,"gold_gain":0,"player_choice":"Gave Gold","damage_taken":0,"max_hp_gain":0,"max_hp_loss":0,"event_name":"Beggar","floor":19,"gold_loss":75},{"damage_healed":0,"gold_gain":0,"player_choice":"Ignored","damage_taken":0,"max_hp_gain":0,"max_hp_loss":0,"event_name":"Ghosts","floor":20,"gold_loss":0}],"is_beta":false,"boss_relics":[{"not_picked":["Ectoplasm","Pandora\u0027s Box"],"picked":"Philosopher\u0027s Stone"}],"items_purged_floors":[21],"is_endless":false,"potions_floor_spawned":[1,7,8],"killed_by":"Slavers","ascension_level":5}}