{"host":"r2xhbz7xmd090pnn","time":1610460452,"event":{"mods":["2.2 Compatiblity","AchievementEnabler","BaseMod","Better Third Choice","Block Reminder","Card Forge","Dark Map","Downfall","Hermit","Marisa????????","Minty Spire (QoL Compilation)","Rare Cards Sparkle","Replay The Spire","StSLib","SuperFastMode","The Bug Knight","The Necromancer","The Runesmith","The Servant 0.9.4"],"gold_per_floor":[113,113,132,132,151,184,29,87,111,111,111,146,160,194,194,289,289,307,222,235,235,39,70,70,105,105,138,150,162,193,36,36,138,138,151,164,200,211,433,433,433,448,495,495,529,77,104,115,115,115],"floor_reached":51,"playtime":1261,"items_purged":[],"score":791,"play_id":"b1973947-2253-4049-823e-be0d517908e5","local_time":"20210112060732","is_ascension_mode":true,"campfire_choices":[{"floor":11,"key":"REST"},{"floor":15,"key":"REST"},{"floor":24,"key":"REST"},{"floor":28,"key":"REST"},{"floor":32,"key":"REST"},{"floor":40,"key":"REST"},{"floor":44,"key":"REST"},{"floor":49,"key":"REST"}],"circlet_count":0,"master_deck":["Eruption+1","Vigilance+1","Judgement+1","FollowUp+1","FearNoEvil+1","WreathOfFlame+1","ThirdEye+1","Consecrate+1","SashWhip+1","CurseOfTheBell","CutThroughFate+1","PathToVictory+1","Wallop+1","Master of Strategy+1","Consecrate+1","PathToVictory+1","FlyingSleeves+1","Vault+1","Devotion+1"],"relics":["PureWater","Hammer of Thor","Seething Fire","Anvil of the Gods","Bird Faced Urn","Replay:Towering Pillar of Hats","Regal Pillow","ReplayFunnel","Anchor","Pet Ghost","Dream Catcher","Runesmith:AutoHammer","Oddly Smooth Stone","Calling Bell","Tiny Chest","Toxic Egg 2","Torii","Centennial Puzzle","Sling","War Paint","Red Mask","Molten Egg 2","MawBank","Blood Vial","Sozu","Incense Burner","Meat on the Bone","Gremlin Food","ReplayTheSpireMod:Lightbulb","MealTicket","ClockworkSouvenir","Replay:Rubber Ducky","HornCleat"],"acts_visited":["Exordium","TheCity","TheBeyond"],"potions_floor_usage":[6,8,27,27,33,38],"damage_taken":[{"damage":4,"enemies":"Cultist","floor":1,"turns":3},{"damage":0,"enemies":"Jaw Worm","floor":3,"turns":2},{"damage":0,"enemies":"2 Louse","floor":5,"turns":1},{"damage":6,"enemies":"Lagavulin","floor":6,"turns":4},{"damage":0,"enemies":"Gremlin Nob","floor":8,"turns":2},{"damage":9,"enemies":"3 Sentries","floor":12,"turns":3},{"damage":0,"enemies":"2 Fungi Beasts","floor":13,"turns":2},{"damage":0,"enemies":"Lagavulin","floor":14,"turns":2},{"damage":0,"enemies":"Slime Boss","floor":16,"turns":3},{"damage":0,"enemies":"3 Byrds","floor":18,"turns":3},{"damage":0,"enemies":"Shell Parasite","floor":20,"turns":2},{"damage":11,"enemies":"HollowMod:Nosk","floor":23,"turns":5},{"damage":0,"enemies":"Masked Bandits","floor":25,"turns":2},{"damage":1,"enemies":"Book of Stabbing","floor":27,"turns":4},{"damage":6,"enemies":"3 Cultists","floor":30,"turns":3},{"damage":14,"enemies":"Automaton","floor":33,"turns":4},{"damage":0,"enemies":"3 Darklings","floor":35,"turns":3},{"damage":0,"enemies":"3 Shapes","floor":36,"turns":2},{"damage":12,"enemies":"Writhing Mass","floor":38,"turns":5},{"damage":0,"enemies":"3 Darklings","floor":42,"turns":2},{"damage":19,"enemies":"Giant Head","floor":45,"turns":6},{"damage":19,"enemies":"Nemesis","floor":47,"turns":4},{"damage":0,"enemies":"4 Shapes","floor":48,"turns":3},{"damage":37,"enemies":"Replay:Hell Engine","floor":50,"turns":6}],"seed_played":"-2232973833448494296","potions_obtained":[{"floor":1,"key":"DuplicationPotion"},{"floor":6,"key":"Explosive Potion"},{"floor":14,"key":"Adrenaline Potion"},{"floor":16,"key":"PowerPotion"},{"floor":18,"key":"FearPotion"},{"floor":27,"key":"Regen Potion"}],"is_trial":false,"path_per_floor":["M","T","M","?","M","E","$","?","T","?","R","E","M","E","R","B",null,"M","?","M","?","$","E","R","?","T","E","R","T","M","$","R","B",null,"M","M","?","M","?","R","T","M","T","R","E","$","E","M","R","B",null],"character_chosen":"WATCHER","items_purchased":["Regal Pillow","Sling","Crescendo+1","Master of Strategy+1","MealTicket","ClockworkSouvenir","Replay:Rubber Ducky"],"campfire_rested":8,"item_purchase_floors":[7,22,22,31,46,46,46],"current_hp_per_floor":[68,68,68,68,68,62,62,62,62,52,72,63,63,63,72,72,72,72,72,72,72,72,61,72,72,72,71,72,72,66,66,72,58,72,72,72,44,39,39,72,72,72,72,72,53,53,48,50,72,47],"gold":115,"neow_bonus":"ONE_RANDOM_RARE_CARD","is_daily":false,"chose_seed":false,"campfire_upgraded":0,"win_rate":0.0,"timestamp":1610460452,"path_taken":["M","?","M","?","?","E","$","?","T","?","R","E","M","E","R","BOSS","M","?","M","?","$","E","R","?","T","E","R","?","?","$","R","BOSS","M","M","?","M","?","R","?","M","T","R","E","$","E","?","R","BOSS"],"items_purchased_type":["Relic","Relic","Card","Card","Relic","Relic","Relic"],"build_version":"2020-12-22","purchased_purges":0,"victory":true,"max_hp_per_floor":[72,72,72,72,72,72,72,72,72,72,72,72,72,72,72,72,72,72,72,72,72,72,72,72,72,72,72,72,72,72,72,72,72,72,72,72,72,72,72,72,72,72,72,72,72,72,72,72,72,72],"card_choices":[{"not_picked":["LikeWater","EmptyBody"],"picked":"FollowUp","floor":1},{"not_picked":["BowlingBash","DeceiveReality","FearNoEvil"],"picked":"SKIP","floor":3},{"not_picked":["BowlingBash","DeceiveReality"],"picked":"FearNoEvil","floor":3},{"not_picked":["Halt","FlyingSleeves"],"picked":"ThirdEye","floor":5},{"not_picked":["Collect","Replay:Anticipation"],"picked":"WreathOfFlame","floor":6},{"not_picked":["PathToVictory","SandsOfTime"],"picked":"ThirdEye","floor":8},{"not_picked":["Replay:LoomingThreat","ClearTheMind"],"picked":"FearNoEvil","floor":11},{"not_picked":["SandsOfTime","PathToVictory","ThirdEye"],"picked":"SKIP","floor":12},{"not_picked":["SashWhip","EmptyBody"],"picked":"Consecrate","floor":13},{"not_picked":["Weave","ClearTheMind"],"picked":"SashWhip","floor":14},{"not_picked":["Protect","Replay:Battleflow"],"picked":"SashWhip","floor":15},{"not_picked":["ClearTheMind+1","BattleHymn","InnerPeace+1"],"picked":"SKIP","floor":18},{"not_picked":["FlyingSleeves","ReachHeaven"],"picked":"CutThroughFate+1","floor":20},{"not_picked":["CrushJoints","EmptyMind+1","Replay:ManipulateFuture+1"],"picked":"SKIP","floor":23},{"not_picked":["InnerPeace+1","JustLucky"],"picked":"Vengeance+1","floor":24},{"not_picked":["Scrawl+1","Swivel+1","FearNoEvil+1"],"picked":"SKIP","floor":27},{"not_picked":["Collect+1","Nirvana"],"picked":"PathToVictory+1","floor":28},{"not_picked":["Halt+1","EmptyBody+1"],"picked":"Wallop+1","floor":30},{"not_picked":["Replay:BluntJabs+1","Establishment"],"picked":"Consecrate+1","floor":32},{"not_picked":["DeceiveReality+1","WaveOfTheHand+1"],"picked":"PathToVictory+1","floor":35},{"not_picked":["ClearTheMind+1","BattleHymn+1","Crescendo+1"],"picked":"SKIP","floor":36},{"not_picked":["Replay:AtTheReady+1","FollowUp+1"],"picked":"FlyingSleeves+1","floor":38},{"not_picked":["FlyingSleeves+1","Crescendo+1","EmptyFist+1"],"picked":"SKIP","floor":42},{"not_picked":["Replay:DivineShield+1","EmptyFist+1"],"picked":"Vault+1","floor":44},{"not_picked":["BattleHymn","FlurryOfBlows+1","Replay:ManipulateFuture+1"],"picked":"SKIP","floor":45},{"not_picked":["Replay:AtTheReady+1","Weave+1","TalkToTheHand+1"],"picked":"SKIP","floor":47},{"not_picked":["Vengeance+1","Replay:ManipulateFuture+1"],"picked":"Devotion","floor":48}],"player_experience":13880,"relics_obtained":[{"floor":2,"key":"Bird Faced Urn"},{"floor":6,"key":"Replay:Towering Pillar of Hats"},{"floor":8,"key":"ReplayFunnel"},{"floor":9,"key":"Anchor"},{"floor":12,"key":"Runesmith:AutoHammer"},{"floor":14,"key":"Oddly Smooth Stone"},{"floor":17,"key":"Tiny Chest"},{"floor":17,"key":"Toxic Egg 2"},{"floor":17,"key":"Torii"},{"floor":23,"key":"War Paint"},{"floor":25,"key":"Red Mask"},{"floor":26,"key":"Molten Egg 2"},{"floor":27,"key":"MawBank"},{"floor":29,"key":"Blood Vial"},{"floor":37,"key":"Incense Burner"},{"floor":41,"key":"Meat on the Bone"},{"floor":43,"key":"Gremlin Food"},{"floor":45,"key":"ReplayTheSpireMod:Lightbulb"},{"floor":47,"key":"HornCleat"}],"event_choices":[{"damage_healed":0,"gold_gain":0,"player_choice":"0 cards matched","damage_taken":0,"max_hp_gain":0,"max_hp_loss":0,"event_name":"Match and Keep!","floor":4,"gold_loss":0,"cards_obtained":[]},{"damage_healed":0,"gold_gain":30,"player_choice":"Searched \u00273\u0027 times","damage_taken":0,"max_hp_gain":0,"max_hp_loss":0,"event_name":"Dead Adventurer","floor":8,"gold_loss":0},{"damage_healed":0,"gold_gain":1,"player_choice":"Relic Relic ","damage_taken":10,"max_hp_gain":0,"max_hp_loss":0,"event_name":"betterThird:BetterScrap","floor":10,"gold_loss":0,"cards_obtained":["Reflex"]},{"damage_healed":0,"gold_gain":0,"player_choice":"Obtained Relic","damage_taken":0,"relics_obtained":["Centennial Puzzle"],"max_hp_gain":0,"max_hp_loss":0,"event_name":"Addict","floor":19,"gold_loss":85},{"damage_healed":0,"gold_gain":0,"player_choice":"Materialism","damage_taken":0,"max_hp_gain":0,"max_hp_loss":1,"event_name":"betterThird:BetterWriting","floor":21,"gold_loss":0},{"damage_healed":0,"gold_gain":0,"player_choice":"Fought Bandits","damage_taken":0,"max_hp_gain":0,"max_hp_loss":0,"event_name":"Masked Bandits","floor":25,"gold_loss":0},{"damage_healed":0,"gold_gain":222,"player_choice":"Wore Mask","damage_taken":0,"max_hp_gain":0,"max_hp_loss":0,"event_name":"Tomb of Lord Red Mask","floor":39,"gold_loss":0}],"is_beta":false,"boss_relics":[{"not_picked":["Honey Jar","VioletLotus"],"picked":"Calling Bell"},{"not_picked":["HolyWater","Astrolabe"],"picked":"Sozu"}],"items_purged_floors":[],"is_endless":false,"potions_floor_spawned":[1,6,14,16,18,27,35,42,47],"ascension_level":1}}