{"host":"qwv9nni2x0umspiu","time":1610447182,"event":{"mods":["BaseMod","Downfall","Minty Spire (QoL Compilation)","Replay The Spire","StSLib","The Hierophant","Wandering Minibosses"],"gold_per_floor":[112,112,112,131,56,87,87,87,134,134,134,134,157,157,170,186,186,257,257,273,273,173,153,153,153,98,98,172,196,217,241,266,360,372,520,532,643,655,667,783,795,896,982,974,974],"floor_reached":44,"playtime":1285,"items_purged":["hierophant:Strike_Hierophant","hierophant:Strike_Hierophant"],"score":1457,"play_id":"1306bffb-45ef-40ad-97d1-99227508ee79","local_time":"20210112022622","is_ascension_mode":true,"campfire_choices":[{"data":"hierophant:Punish","floor":7,"key":"SMITH"},{"floor":12,"key":"REST"},{"data":"hierophant:Exaltation","floor":14,"key":"SMITH"},{"floor":17,"key":"REST"},{"data":"hierophant:Zeal","floor":25,"key":"SMITH"},{"floor":27,"key":"REST"},{"data":"hierophant:BulkyChest","floor":34,"key":"SMITH"}],"circlet_count":0,"master_deck":["AscendersBane","hierophant:Strike_Hierophant","hierophant:Punish+1","hierophant:Defend_Hierophant","hierophant:Defend_Hierophant","hierophant:Defend_Hierophant","hierophant:ChurchCoffers+1","hierophant:HammerAndAnvil+1","hierophant:Zeal+1","hierophant:Exaltation+1","hierophant:HammerAndAnvil+1","hierophant:Racketeering","hierophant:SealAway+1","hierophant:BulkyChest+1","hierophant:Chorus","Madness","Madness"],"relics":["hierophant:PropheticMaskRelic","NeowsBlessing","Tiny Chest","Golden Idol","Lantern","Simple Rune","Empty Cage","Molten Egg 2","MawBank","Black Star","ReplayFunnel","Regal Pillow","Toxic Egg 2"],"acts_visited":["Exordium","TheCity","TheBeyond"],"potions_floor_usage":[16,18,18,20,44],"damage_taken":[{"damage":0,"enemies":"Small Slimes","floor":1,"turns":1},{"damage":0,"enemies":"Jaw Worm","floor":4,"turns":1},{"damage":0,"enemies":"3 Sentries","floor":6,"turns":1},{"damage":11,"enemies":"Gremlin Nob","floor":13,"turns":3},{"damage":0,"enemies":"2 Louse","floor":15,"turns":1},{"damage":0,"enemies":"Looter","floor":16,"turns":2},{"damage":40,"enemies":"Hexaghost","floor":18,"turns":8},{"damage":8,"enemies":"Shell Parasite","floor":20,"turns":2},{"damage":9,"enemies":"Chosen","floor":26,"turns":5},{"damage":19,"enemies":"Snake Plant","floor":29,"turns":2},{"damage":0,"enemies":"Sentry and Sphere","floor":30,"turns":1},{"damage":0,"enemies":"Cultist and Chosen","floor":31,"turns":1},{"damage":0,"enemies":"Centurion and Healer","floor":32,"turns":2},{"damage":0,"enemies":"Gremlin Leader","floor":33,"turns":3},{"damage":6,"enemies":"Pondfish","floor":35,"turns":2},{"damage":0,"enemies":"3 Darklings","floor":37,"turns":1},{"damage":0,"enemies":"3 Shapes","floor":40,"turns":1},{"damage":0,"enemies":"Giant Head","floor":42,"turns":3},{"damage":0,"enemies":"Maw","floor":43,"turns":2},{"damage":56,"enemies":"Nemesis","floor":44,"turns":3}],"seed_played":"1681583771821345142","potions_obtained":[{"floor":4,"key":"Energy Potion"},{"floor":13,"key":"DistilledChaos"},{"floor":16,"key":"Energy Potion"},{"floor":18,"key":"DuplicationPotion"},{"floor":23,"key":"Ancient Potion"},{"floor":26,"key":"sneckomod:MuddlingPotion"},{"floor":30,"key":"SteroidPotion"},{"floor":31,"key":"Elixir"}],"is_trial":false,"path_per_floor":["M","?","?","M","$","E","R","?","T","PTL","PTL","R","E","R","M","M","R","B",null,"M","?","$","?","T","R","M","R","T","M","M","M","M","E","R","B",null,"M","?","?","M","T","E","M","E"],"character_chosen":"HIEROPHANT","items_purchased":[],"campfire_rested":3,"item_purchase_floors":[],"current_hp_per_floor":[68,68,45,45,45,45,45,19,19,19,19,41,30,30,30,30,52,12,59,51,51,51,51,51,51,42,64,64,45,45,45,45,45,45,39,66,66,66,52,52,52,52,52,0,0],"gold":974,"neow_bonus":"THREE_ENEMY_KILL","is_daily":false,"chose_seed":false,"campfire_upgraded":4,"win_rate":0.0,"timestamp":1610447182,"path_taken":["M","?","?","M","$","E","R","?","T","PTL","PTL","R","E","R","M","M","R","BOSS","M","?","$","?","?","R","M","R","T","?","M","M","M","E","R","BOSS","M","?","?","M","?","E","M","E"],"items_purchased_type":[],"build_version":"2020-12-22","purchased_purges":2,"victory":false,"max_hp_per_floor":[75,75,75,75,75,75,75,75,75,75,75,75,75,75,75,75,75,75,75,75,75,75,75,75,75,75,75,75,75,75,75,75,75,75,75,75,75,75,75,75,75,75,75,75,75],"card_choices":[{"not_picked":["hierophant:Doomsaying","hierophant:Chorus"],"picked":"hierophant:HammerAndAnvil","floor":1},{"not_picked":["hierophant:MorningPrayer","hierophant:FlamingChariot"],"picked":"hierophant:Zeal","floor":4},{"not_picked":["hierophant:PassingBell","hierophant:Doomsaying","hierophant:Zeal"],"picked":"SKIP","floor":6},{"not_picked":["hierophant:Anathema","hierophant:AuricShield"],"picked":"hierophant:Exaltation","floor":13},{"not_picked":["hierophant:Embezzle","hierophant:Endure","hierophant:ConvertCurrency"],"picked":"SKIP","floor":15},{"not_picked":["hierophant:TollTheBells","hierophant:Encroach","hierophant:RustyCrate"],"picked":"SKIP","floor":16},{"not_picked":["hierophant:Sermon","hierophant:MorningPrayer","hierophant:RecallFunds"],"picked":"SKIP","floor":20},{"not_picked":["hierophant:CoinFling","hierophant:FlamingChariot"],"picked":"hierophant:HammerAndAnvil+1","floor":26},{"not_picked":["hierophant:Encroach","hierophant:Martyrdom"],"picked":"hierophant:Racketeering","floor":29},{"not_picked":["hierophant:Glossolalia","hierophant:HolyVerse"],"picked":"hierophant:SealAway+1","floor":30},{"not_picked":["hierophant:PassingBell+1","hierophant:SecretStash","hierophant:Sermon"],"picked":"SKIP","floor":31},{"not_picked":["hierophant:PassingBell+1","hierophant:AuricBeam+1"],"picked":"hierophant:BulkyChest","floor":32},{"not_picked":["hierophant:PassingBell+1","hierophant:TollTheBells","hierophant:Martyrdom"],"picked":"SKIP","floor":33},{"not_picked":["hierophant:PassingBell+1","hierophant:Prophecy+1"],"picked":"hierophant:Chorus","floor":37},{"not_picked":["hierophant:AuricBeam+1","hierophant:AuricShield","hierophant:Embezzle"],"picked":"SKIP","floor":40},{"not_picked":["hierophant:FieryStrike+1","hierophant:FaithHealing+1","hierophant:Refuge"],"picked":"SKIP","floor":42},{"not_picked":["hierophant:FlamingChariot+1","hierophant:RepressedViolence+1","hierophant:HammerAndAnvil+1"],"picked":"SKIP","floor":43},{"not_picked":["hierophant:FlamingChariot+1","hierophant:RepressedViolence+1","hierophant:HammerAndAnvil+1"],"picked":"SKIP","floor":43}],"player_experience":1352538,"relics_obtained":[{"floor":6,"key":"Tiny Chest"},{"floor":9,"key":"Lantern"},{"floor":13,"key":"Simple Rune"},{"floor":28,"key":"Molten Egg 2"},{"floor":33,"key":"MawBank"},{"floor":41,"key":"ReplayFunnel"},{"floor":42,"key":"Regal Pillow"},{"floor":42,"key":"Toxic Egg 2"}],"event_choices":[{"damage_healed":0,"gold_gain":0,"player_choice":"Grow","damage_taken":0,"max_hp_gain":0,"max_hp_loss":0,"event_name":"Living Wall","floor":2,"gold_loss":0,"cards_upgraded":["hierophant:ChurchCoffers"]},{"damage_healed":0,"gold_gain":0,"player_choice":"Entered Light","damage_taken":23,"max_hp_gain":0,"max_hp_loss":0,"event_name":"Shining Light","floor":3,"gold_loss":0,"cards_upgraded":["hierophant:Defend_Hierophant","hierophant:HammerAndAnvil"]},{"damage_healed":0,"gold_gain":0,"player_choice":"Take Damage","damage_taken":26,"relics_obtained":["Golden Idol"],"max_hp_gain":0,"max_hp_loss":0,"event_name":"Golden Idol","floor":8,"gold_loss":0},{"damage_healed":0,"gold_gain":0,"player_choice":"Bought 1 Potion","damage_taken":0,"max_hp_gain":0,"max_hp_loss":0,"event_name":"The Woman in Blue","floor":23,"gold_loss":0},{"damage_healed":0,"gold_gain":0,"player_choice":"Ignored","damage_taken":0,"max_hp_gain":0,"max_hp_loss":0,"event_name":"Tomb of Lord Red Mask","floor":38,"gold_loss":0},{"damage_healed":0,"gold_gain":0,"player_choice":"Embrace Madness","damage_taken":14,"max_hp_gain":0,"max_hp_loss":0,"event_name":"Winding Halls","floor":39,"gold_loss":0,"cards_obtained":["Madness","Madness"]}],"is_beta":false,"boss_relics":[{"not_picked":["SacredBark","Ectoplasm"],"picked":"Empty Cage"},{"not_picked":["SlaversCollar","Coffee Dripper"],"picked":"Black Star"}],"items_purged_floors":[5,22],"is_endless":false,"potions_floor_spawned":[4,13,16,18,26,30,31,33,35,42,43],"killed_by":"Nemesis","ascension_level":20}}