{"host":"mitik7wjjpoqy3i6","time":1610486806,"event":{"mods":["AchievementEnabler","AlwaysNeverKeys","Aspiration","BaseMod","BetterRewards","Custom Start","Force Act Four","Gold Saver","Hyrulean Relics","Minty Spire (QoL Compilation)","Rare Cards Sparkle","Remove Card Discount Mod","Replay The Spire","Small Relic Pack","Spicy Shops","StSLib","The Animator","The Sage","Treasure Hunter","??????REMEMod"],"gold_per_floor":[982,521,521,531,551,551,551,551,551,582,597,609,609,644,644,644,644],"floor_reached":16,"language":"ENG","playtime":815,"items_purged":["Strike_B","Defend_B","Strike_B","Defend_B"],"score":224,"play_id":"49491d54-6847-456e-b26d-59109fa51273","local_time":"20210112222646","is_ascension_mode":true,"campfire_choices":[{"floor":6,"key":"REST"},{"floor":8,"key":"REST"},{"floor":13,"key":"REST"},{"floor":15,"key":"REST"}],"circlet_count":0,"master_deck":["Strike_B","Strike_B+1","Defend_B+1","Defend_B+1","Dualcast","animator:Saber","Regret","REME_MagicPocketWatch","ReplayRNGCard","Regret","Beam Cell","Go for the Eyes","Deadly Poison+1","BasicCrystalCard+1","Turbo+1","TH:CursedSword","Steam Power+1"],"relics":["REME_ComplimentaryCards","Chemical X","ReplayTheSpireMod:Ninjato","Gremlin Food","Cauldron","REME_HandOfSuture","Mango","Ring of the Snake","Toxic Egg 2","Question Card"],"acts_visited":["Exordium"],"potions_floor_usage":[10,10,10,14,14],"damage_taken":[{"damage":15,"enemies":"Jaw Worm","floor":1,"turns":3},{"damage":2,"enemies":"Small Slimes","floor":4,"turns":2},{"damage":0,"enemies":"2 Louse","floor":5,"turns":1},{"damage":26,"enemies":"3 Sentries","floor":10,"turns":5},{"damage":17,"enemies":"Looter","floor":11,"turns":4},{"damage":14,"enemies":"Exordium Wildlife","floor":12,"turns":2},{"damage":20,"enemies":"Replay:BlueRogue","floor":14,"turns":3},{"damage":49,"enemies":"The Guardian","floor":16,"turns":5}],"seed_played":"-4735812753074972199","potions_obtained":[{"floor":2,"key":"LifebloodPotion"},{"floor":2,"key":"Flashbang"},{"floor":2,"key":"Reflective Coating"},{"floor":11,"key":"Venom Potion"},{"floor":12,"key":"BlessingOfTheForge"}],"is_trial":false,"path_per_floor":["M","$","?","M","M","R","?","R","T","E","M","M","R","E","R","B"],"character_chosen":"DEFECT","items_purchased":["Chemical X","ReplayTheSpireMod:Ninjato","Gremlin Food","REME_MagicPocketWatch","ReplayRNGCard","Cauldron","REME_HandOfSuture"],"campfire_rested":4,"item_purchase_floors":[0,0,0,0,2,2,2],"current_hp_per_floor":[6,6,20,18,18,44,44,70,70,44,27,13,39,19,45,0,0],"gold":644,"neow_bonus":"","is_daily":false,"chose_seed":false,"campfire_upgraded":0,"win_rate":0.0,"timestamp":1610486806,"path_taken":["M","$","?","M","M","R","?","R","T","E","M","M","R","E","R","BOSS"],"items_purchased_type":["Relic","Relic","Relic","Card","Card","Relic","Relic"],"build_version":"2020-12-22","purchased_purges":4,"victory":false,"max_hp_per_floor":[75,75,89,89,89,89,89,89,89,89,89,89,89,89,89,89,89],"card_choices":[{"not_picked":["Leap","Darkness","Static Discharge"],"picked":"SKIP","floor":1},{"not_picked":["Recycle","Rebound"],"picked":"Beam Cell","floor":4},{"not_picked":["Fusion","ReplaySolidLightProjector"],"picked":"Go for the Eyes","floor":5},{"not_picked":["TH:PixieDust","TH:CopperCoins"],"picked":"SKIP","floor":9},{"not_picked":["Conserve Battery+1","Time Bomb+1"],"picked":"BasicCrystalCard+1","floor":10},{"not_picked":["TH:CursedSword","TH:DeckOfManyThings"],"picked":"SKIP","floor":10},{"not_picked":["Lockon","Leap+1"],"picked":"Turbo+1","floor":11},{"not_picked":["Machine Learning","Hologram+1","Panic Button+1"],"picked":"SKIP","floor":12},{"not_picked":["TH:DeckOfManyThings"],"picked":"TH:CursedSword","floor":14},{"not_picked":["Coolheaded+1","BootSequence+1"],"picked":"Steam Power+1","floor":14}],"player_experience":190712,"relics_obtained":[{"floor":10,"key":"Toxic Egg 2"},{"floor":14,"key":"Question Card"}],"event_choices":[{"damage_healed":0,"gold_gain":0,"player_choice":"Box","damage_taken":0,"relics_obtained":["Mango"],"max_hp_gain":0,"max_hp_loss":0,"event_name":"Big Fish","floor":3,"gold_loss":0,"cards_obtained":["Regret"]}],"is_beta":false,"boss_relics":[],"items_purged_floors":[0,0,0,0],"is_endless":false,"potions_floor_spawned":[5,11,12],"killed_by":"The Guardian","ascension_level":8}}