{"host":"8i4doyxqctgl5qb0","time":1610422659,"event":{"mods":["AchievementEnabler","BaseMod","Block Reminder","Colored Powertips","Downfall","Hermit","Minty Spire (QoL Compilation)","Permanent Neow","Potion Indicator Mod","Rare Cards Sparkle","StSLib","SuperFastMode","The Jungle"],"gold_per_floor":[109,127,127,147,97,97,122,122,176,193,209,209,223,240,240,335,335,335,260,359,375,375,375,375,375],"floor_reached":24,"playtime":434,"items_purged":[],"score":267,"play_id":"085cee8f-75f9-4a40-986c-a135cbcf44b9","local_time":"20210112113739","is_ascension_mode":true,"campfire_choices":[{"data":"Defragment","floor":6.0,"key":"SMITH"},{"floor":12.0,"key":"REST"},{"data":"Chaos","floor":15.0,"key":"SMITH"},{"data":"Rainbow","floor":23.0,"key":"SMITH"}],"circlet_count":0,"master_deck":["Strike_B","Strike_B","Strike_B","Defend_B","Defend_B","Defend_B","Defend_B","Zap","Dualcast","Defragment+1","Chaos+1","Ball Lightning","Sunder","Capacitor","BootSequence","Go for the Eyes","Rainbow+1","Ball Lightning"],"relics":["Cracked Core","NeowsBlessing","Strawberry","Blood Vial","CaptainsWheel","Regal Pillow"],"acts_visited":["Exordium","TheCity"],"potions_floor_usage":[24],"damage_taken":[{"damage":0.0,"enemies":"Small Slimes","floor":1.0,"turns":1.0},{"damage":0.0,"enemies":"2 Louse","floor":2.0,"turns":1.0},{"damage":0.0,"enemies":"Jaw Worm","floor":4.0,"turns":1.0},{"damage":46.0,"enemies":"Gremlin Nob","floor":7.0,"turns":4.0},{"damage":4.0,"enemies":"Looter","floor":10.0,"turns":4.0},{"damage":1.0,"enemies":"3 Louse","floor":11.0,"turns":3.0},{"damage":6.0,"enemies":"Lots of Slimes","floor":13.0,"turns":3.0},{"damage":7.0,"enemies":"Exordium Thugs","floor":14.0,"turns":4.0},{"damage":21.0,"enemies":"Hexaghost","floor":16.0,"turns":10.0},{"damage":0.0,"enemies":"3 Byrds","floor":18.0,"turns":1.0},{"damage":30.0,"enemies":"2 Thieves","floor":21.0,"turns":4.0},{"damage":0.0,"enemies":"Masked Bandits","floor":22.0,"turns":1.0},{"damage":72,"enemies":"Slavers","floor":24,"turns":5}],"seed_played":"-1358024008517281331","potions_obtained":[{"floor":7.0,"key":"Regen Potion"},{"floor":11.0,"key":"SmokeBomb"},{"floor":14.0,"key":"Regen Potion"},{"floor":21.0,"key":"SmokeBomb"}],"is_trial":false,"path_per_floor":["M","M","?","M","?","R","E","?","T","M","M","R","M","M","R","B",null,"M","?","?","M","?","R","E"],"character_chosen":"DEFECT","items_purchased":[],"campfire_rested":1,"item_purchase_floors":[],"current_hp_per_floor":[68,68,75,75,75,75,29,26,26,24,25,64,60,55,55,36,71,73,73,73,45,47,47,0,0],"gold":375,"neow_bonus":"THREE_ENEMY_KILL","is_daily":false,"chose_seed":false,"campfire_upgraded":3,"win_rate":0.0,"timestamp":1610422659,"path_taken":["M","M","?","M","?","R","E","?","T","?","M","R","M","M","R","BOSS","M","?","?","M","?","R","E"],"items_purchased_type":[],"build_version":"2020-12-22","purchased_purges":0,"victory":false,"max_hp_per_floor":[75,75,82,82,82,82,82,82,82,82,82,82,82,82,82,82,82,82,82,82,82,82,82,82,82],"card_choices":[{"not_picked":["Beam Cell","Stack","Rebound"],"picked":"SKIP","floor":1.0},{"not_picked":["Gash","Rip and Tear"],"picked":"Defragment","floor":2.0},{"not_picked":["Double Energy","Reprogram"],"picked":"Chaos","floor":4.0},{"not_picked":["Melter","Barrage"],"picked":"Ball Lightning","floor":7.0},{"not_picked":["Go for the Eyes","Steam"],"picked":"Sunder","floor":10.0},{"not_picked":["All For One","Ball Lightning"],"picked":"Capacitor","floor":11.0},{"not_picked":["Recycle","Sunder"],"picked":"BootSequence","floor":13.0},{"not_picked":["Leap","FTL"],"picked":"Go for the Eyes","floor":14.0},{"not_picked":["Reboot","Fission"],"picked":"Rainbow","floor":16.0},{"not_picked":["Gash","Streamline+1"],"picked":"Ball Lightning","floor":21.0}],"player_experience":156337,"relics_obtained":[{"floor":7.0,"key":"Blood Vial"},{"floor":9.0,"key":"Regal Pillow"}],"event_choices":[{"damage_healed":0.0,"max_hp_gain":0.0,"max_hp_loss":0.0,"gold_gain":0.0,"event_name":"Big Fish","player_choice":"Box","floor":3.0,"gold_loss":0.0,"damage_taken":0.0,"relics_obtained":["Strawberry"],"cards_obtained":["Regret"]},{"cards_removed":["Regret"],"damage_healed":0.0,"max_hp_gain":0.0,"max_hp_loss":0.0,"gold_gain":0.0,"event_name":"The Cleric","player_choice":"Card Removal","floor":5.0,"gold_loss":50.0,"damage_taken":0.0},{"damage_healed":0.0,"max_hp_gain":0.0,"max_hp_loss":0.0,"gold_gain":0.0,"event_name":"Scrap Ooze","player_choice":"Success","floor":8.0,"gold_loss":0.0,"damage_taken":3.0,"relics_obtained":["CaptainsWheel"]},{"cards_removed":["Strike_B"],"damage_healed":0.0,"max_hp_gain":0.0,"max_hp_loss":0.0,"gold_gain":0.0,"event_name":"Beggar","player_choice":"Gave Gold","floor":19.0,"gold_loss":75.0,"damage_taken":0.0},{"damage_healed":0.0,"max_hp_gain":0.0,"max_hp_loss":0.0,"gold_gain":99.0,"event_name":"Nest","player_choice":"Stole From Cult","floor":20.0,"gold_loss":0.0,"damage_taken":0.0},{"damage_healed":0.0,"max_hp_gain":0.0,"max_hp_loss":0.0,"gold_gain":0.0,"event_name":"Masked Bandits","player_choice":"Fought Bandits","floor":22.0,"gold_loss":0.0,"damage_taken":0.0}],"is_beta":false,"boss_relics":[{"not_picked":["Velvet Choker","Snecko Eye","Cursed Key"]}],"items_purged_floors":[],"is_endless":false,"potions_floor_spawned":[7,11,14,16,18,21],"killed_by":"Slavers","ascension_level":7}}