{"host":"ch0czqmvyp36vaf6","time":1610432422,"event":{"mods":["BaseMod","CapriCore","Friendly Minions","GungeonMod","Hermit","Highlight Path","Koishi","Lobotomy","Marisa£¨Ùöéë¡¡Øª×âÞÞ£©","Minty Spire (QoL Compilation)","Quick Restart","StSLib","The Animator","The Bug Knight","The Cursed","The Dragon Tamer","The Gatherer","The Hierophant","The Immortal","The Poker Player","The Runesmith"],"gold_per_floor":[116,134,153,168,179,179,208,226,296,322,365,392,392,404,404,404,404],"floor_reached":16,"playtime":928,"items_purged":[],"score":106,"play_id":"85ca674c-c948-4e85-b9d7-64793720dec4","local_time":"20210112152022","is_ascension_mode":false,"campfire_choices":[{"data":"animator:DolaRiku","floor":6,"key":"SMITH"},{"data":"animator:Archer","floor":13,"key":"SMITH"},{"data":"animator:Shinoa","floor":15,"key":"SMITH"}],"circlet_count":0,"master_deck":["animator:Strike_Fate","animator:Strike","animator:Strike","animator:Defend","animator:Defend","animator:Defend","animator:Alexander","animator:Shinoa+1","animator:Yuuichirou","animator:DolaRiku+1","animator:Archer+1","animator:Yoichi","animator:Shinoa"],"relics":["animator:LivingPicture","animator:TheMissingPiece","animator:PurgingStone","Mercury Hourglass","Dream Catcher","Odd Mushroom"],"acts_visited":["Exordium"],"potions_floor_usage":[5,5,7,12,12,16],"damage_taken":[{"damage":2,"enemies":"Small Slimes","floor":1,"turns":4},{"damage":0,"enemies":"2 Louse","floor":2,"turns":2},{"damage":0,"enemies":"Cultist","floor":3,"turns":3},{"damage":0,"enemies":"Blue Slaver","floor":4,"turns":5},{"damage":0,"enemies":"Exordium Thugs","floor":5,"turns":4},{"damage":0,"enemies":"Looter","floor":7,"turns":2},{"damage":2,"enemies":"Large Slime","floor":8,"turns":9},{"damage":14,"enemies":"3 Sentries","floor":10,"turns":5},{"damage":0,"enemies":"The Mushroom Lair","floor":12,"turns":2},{"damage":0,"enemies":"Blue Slaver","floor":14,"turns":3},{"damage":34,"enemies":"Slime Boss","floor":16,"turns":7}],"seed_played":"5447086539352262184","potions_obtained":[{"floor":3,"key":"Explosive Potion"},{"floor":4,"key":"Explosive Potion"},{"floor":5,"key":"DistilledChaos"},{"floor":8,"key":"Explosive Potion"},{"floor":10,"key":"PowerPotion"},{"floor":12,"key":"FearPotion"}],"is_trial":false,"path_per_floor":["M","M","M","M","M","R","M","M","T","E","?","?","R","M","R","B"],"character_chosen":"THE_ANIMATOR","items_purchased":[],"campfire_rested":0,"item_purchase_floors":[],"current_hp_per_floor":[46,46,46,46,46,46,46,44,44,30,30,30,30,30,30,0,0],"gold":404,"neow_bonus":"REMOVE_TWO","is_daily":false,"chose_seed":false,"campfire_upgraded":3,"win_rate":0.0,"timestamp":1610432422,"path_taken":["M","M","M","M","M","R","M","M","T","E","?","?","R","M","R","BOSS"],"items_purchased_type":[],"build_version":"2020-12-22","purchased_purges":0,"victory":false,"max_hp_per_floor":[66,66,66,66,66,66,66,66,66,66,66,66,66,66,66,66,66],"card_choices":[{"not_picked":["animator:MaesHughes","animator:Bozes"],"picked":"animator:Shinoa","floor":1},{"not_picked":["animator:Viivi","animator:AcuraAkari"],"picked":"animator:Yuuichirou","floor":2},{"not_picked":["animator:Hakurou","animator:LizardPriest","animator:YaoHaDucy"],"picked":"SKIP","floor":3},{"not_picked":["animator:Mitsuba","animator:Guy"],"picked":"animator:DolaRiku","floor":5},{"not_picked":["animator:TukaLunaMarceau","animator:IrohaTamaki"],"picked":"animator:Archer","floor":7},{"not_picked":["animator:Kazuma","animator:Nanami","animator:Millim"],"picked":"SKIP","floor":8},{"not_picked":["animator:AcuraAkari","animator:TukaLunaMarceau"],"picked":"animator:Yoichi","floor":12},{"not_picked":["animator:Ciel","animator:Mikaela"],"picked":"animator:Shinoa","floor":14}],"player_experience":420059,"relics_obtained":[{"floor":9,"key":"Mercury Hourglass"},{"floor":10,"key":"Dream Catcher"},{"floor":12,"key":"Odd Mushroom"}],"event_choices":[{"damage_healed":0,"gold_gain":0,"player_choice":"Fought Mushrooms","damage_taken":0,"max_hp_gain":0,"max_hp_loss":0,"event_name":"Mushrooms","floor":12,"gold_loss":0}],"is_beta":false,"boss_relics":[],"items_purged_floors":[],"is_endless":false,"potions_floor_spawned":[3,4,5,8,10,12],"killed_by":"Slime Boss","ascension_level":0}}