{"host":"x21cvmfdo17nyhii","time":1610438151,"event":{"mods":["AchievementEnabler","BaseMod","Colored Map","Colored Powertips","DeckTracker","Highlight Path","Minty Spire (QoL Compilation)","Quick Restart","Rare Cards Sparkle"],"gold_per_floor":[109,127,141,152,6,6,20,20,20,45,45,78,78,53,53,154,204,219,16,16,16,31,31,45,45,45,45,60,87,87,112,112,112,112],"floor_reached":33,"playtime":3262,"items_purged":["Strike_R"],"score":391,"play_id":"93d6b5aa-b068-4553-9b57-3f7da6ac6d49","local_time":"20210111235551","is_ascension_mode":true,"campfire_choices":[{"data":"Armaments","floor":6.0,"key":"SMITH"},{"data":"Body Slam","floor":8.0,"key":"SMITH"},{"floor":15.0,"key":"REST"},{"floor":23.0,"key":"REST"},{"data":"Body Slam","floor":25.0,"key":"SMITH"},{"data":"Warcry","floor":27.0,"key":"SMITH"},{"floor":30.0,"key":"REST"},{"floor":32.0,"key":"REST"}],"circlet_count":0,"master_deck":["Strike_R","Strike_R","Strike_R","Defend_R","Defend_R","Defend_R","Defend_R","Bash","Clash","Warcry+1","Armaments+1","Body Slam+1","Shrug It Off","Body Slam+1","True Grit+1","Shrug It Off","Shrug It Off","Warcry","Shrug It Off","Shame","Warcry+1"],"relics":["Burning Blood","NeowsBlessing","Thread and Needle","Shuriken","Incense Burner","Potion Belt","Tiny House","Oddly Smooth Stone","Art of War","InkBottle","Ginger","Ornamental Fan"],"acts_visited":["Exordium","TheCity"],"potions_floor_usage":[33,33],"damage_taken":[{"damage":0.0,"enemies":"Cultist","floor":1.0,"turns":1.0},{"damage":0.0,"enemies":"Small Slimes","floor":2.0,"turns":1.0},{"damage":0.0,"enemies":"Jaw Worm","floor":3.0,"turns":1.0},{"damage":4.0,"enemies":"Red Slaver","floor":4.0,"turns":3.0},{"damage":0.0,"enemies":"2 Fungi Beasts","floor":7.0,"turns":3.0},{"damage":14.0,"enemies":"Gremlin Nob","floor":10.0,"turns":4.0},{"damage":14.0,"enemies":"3 Sentries","floor":12.0,"turns":11.0},{"damage":50.0,"enemies":"Hexaghost","floor":16.0,"turns":10.0},{"damage":0.0,"enemies":"Shell Parasite","floor":18.0,"turns":6.0},{"damage":15.0,"enemies":"Chosen","floor":22.0,"turns":9.0},{"damage":1.0,"enemies":"3 Cultists","floor":24.0,"turns":9.0},{"damage":1.0,"enemies":"Snecko","floor":28.0,"turns":7.0},{"damage":55.0,"enemies":"Book of Stabbing","floor":29.0,"turns":8.0},{"damage":55.0,"enemies":"Slavers","floor":31.0,"turns":15.0},{"damage":73,"enemies":"Collector","floor":33,"turns":7}],"seed_played":"-812604205533954821","potions_obtained":[{"floor":2.0,"key":"BloodPotion"},{"floor":4.0,"key":"SteroidPotion"},{"floor":10.0,"key":"SmokeBomb"},{"floor":17.0,"key":"SteroidPotion"},{"floor":31.0,"key":"SkillPotion"}],"is_trial":false,"path_per_floor":["M","M","M","M","$","R","M","R","T","E","?","E","?","$","R","B",null,"M","$","?","?","M","R","M","R","T","R","M","E","R","E","R","B"],"character_chosen":"IRONCLAD","items_purchased":["Body Slam","Shrug It Off","Shrug It Off","Oddly Smooth Stone","Shrug It Off"],"campfire_rested":4,"item_purchase_floors":[5,5,14,19,19],"current_hp_per_floor":[80,80,80,80,80,80,80,80,80,72,65,57,50,50,74,30,73,79,79,79,63,54,81,86,86,86,86,90,41,68,19,46,0,0],"gold":112,"neow_bonus":"THREE_ENEMY_KILL","is_daily":false,"chose_seed":false,"campfire_upgraded":4,"win_rate":0.0,"timestamp":1610438151,"path_taken":["M","?","?","M","$","R","M","R","T","E","?","E","?","?","R","BOSS","M","$","?","?","?","R","M","R","T","R","M","E","R","E","R","BOSS"],"items_purchased_type":["Card","Card","Card","Relic","Card"],"build_version":"2020-12-22","purchased_purges":1,"victory":false,"max_hp_per_floor":[80,80,80,80,80,80,80,80,80,80,80,80,80,80,80,80,85,85,85,85,90,90,90,90,90,90,90,90,90,90,90,90,90,90],"card_choices":[{"not_picked":["Iron Wave","Perfected Strike"],"picked":"Clash","floor":1.0},{"not_picked":["Clash","Power Through"],"picked":"Warcry","floor":2.0},{"not_picked":["Ghostly Armor","Seeing Red"],"picked":"Armaments","floor":3.0},{"not_picked":["Twin Strike","Thunderclap","Reaper"],"picked":"SKIP","floor":4.0},{"not_picked":["Anger","Searing Blow"],"picked":"Body Slam","floor":7.0},{"not_picked":["Shrug It Off","Bloodletting"],"picked":"True Grit","floor":10.0},{"not_picked":["Armaments","Twin Strike","Disarm"],"picked":"SKIP","floor":12.0},{"not_picked":["Clash","Armaments"],"picked":"Shrug It Off","floor":17.0},{"not_picked":["Pummel","Intimidate"],"picked":"Warcry","floor":18.0},{"not_picked":["Shrug It Off","Clothesline"],"picked":"Warcry+1","floor":22.0},{"not_picked":["Thunderclap","Armaments+1","Sever Soul"],"picked":"SKIP","floor":24.0},{"not_picked":["Power Through+1","Body Slam","Clothesline+1"],"picked":"SKIP","floor":28.0},{"not_picked":["Metallicize+1","Disarm+1","Berserk"],"picked":"SKIP","floor":29.0},{"not_picked":["Juggernaut","Corruption","Armaments"],"picked":"SKIP","floor":31.0}],"player_experience":312619,"relics_obtained":[{"floor":9.0,"key":"Thread and Needle"},{"floor":10.0,"key":"Shuriken"},{"floor":12.0,"key":"Incense Burner"},{"floor":26.0,"key":"InkBottle"},{"floor":29.0,"key":"Ginger"},{"floor":31.0,"key":"Ornamental Fan"}],"event_choices":[{"cards_removed":["Strike_R"],"damage_healed":0.0,"max_hp_gain":0.0,"max_hp_loss":0.0,"gold_gain":0.0,"event_name":"Golden Wing","player_choice":"Card Removal","floor":11.0,"gold_loss":0.0,"damage_taken":7.0},{"damage_healed":0.0,"max_hp_gain":0.0,"max_hp_loss":0.0,"gold_gain":0.0,"event_name":"Scrap Ooze","player_choice":"Success","floor":13.0,"gold_loss":0.0,"damage_taken":7.0,"relics_obtained":["Potion Belt"]},{"damage_healed":0.0,"max_hp_gain":0.0,"max_hp_loss":0.0,"gold_gain":0.0,"event_name":"Addict","player_choice":"Stole Relic","floor":20.0,"gold_loss":0.0,"damage_taken":0.0,"relics_obtained":["Art of War"],"cards_obtained":["Shame"]},{"damage_healed":0.0,"max_hp_gain":5.0,"max_hp_loss":0.0,"gold_gain":0.0,"event_name":"Forgotten Altar","player_choice":"Shed Blood","floor":21.0,"gold_loss":0.0,"damage_taken":21.0}],"is_beta":false,"boss_relics":[{"not_picked":["Astrolabe","Runic Cube"],"picked":"Tiny House"}],"items_purged_floors":[5],"is_endless":false,"potions_floor_spawned":[2,4,10,31],"killed_by":"Collector","ascension_level":5}}