{"host":"qswkx8hggytna0kc","time":1610428528,"event":{"mods":["Aspiration","BaseMod","BetterRewards","Colored Map","Colored Powertips","Highlight Path","Hubris","Mimic Mod","Minty Spire (QoL Compilation)","MostiFishMod","Quick Restart","Replay The Spire","StSLib","SuperFastMode"],"gold_per_floor":[113,132,152,167,180,207,224,299,299,299,331,331,331,331,331,409,409,421,440,440,460,473,506,506,535,580,614,629,648,648,676,676,753,753,773,792,804,822,834,834,864,864,864,890,890,906,931,942,942,942],"floor_reached":51,"playtime":3504,"items_purged":[],"score":1952,"play_id":"10cb54b7-0119-47e2-85e6-c8a97f59d7d4","local_time":"20210112131528","is_ascension_mode":true,"campfire_choices":[{"floor":10.0,"key":"REST"},{"floor":13.0,"key":"REST"},{"floor":15.0,"key":"REST"},{"data":"Scrape","floor":24,"key":"SMITH"},{"floor":30,"key":"REST"},{"data":"Storm","floor":32,"key":"SMITH"},{"data":"Machine Learning","floor":40,"key":"SMITH"},{"data":"Heatsinks","floor":49,"key":"SMITH"}],"circlet_count":0,"master_deck":["AscendersBane","Strike_B","Strike_B","Strike_B","Strike_B","Defend_B","Defend_B","Defend_B","Defend_B","Zap","Dualcast","ReplayTheSpireMod:System Scan","Beam Cell","Gash","Panic Button","Beam Cell+1","Redo","Gash","Static Discharge","Storm+1","Genetic Algorithm","Scrape+1","Go for the Eyes+1","Turbo","Sunder","Go for the Eyes","ReplayGash","Go for the Eyes+1","Gash","Compile Driver","ReplayTheSpireMod:Reroute Power+1","Machine Learning+1","ReplayTheSpireMod:Reroute Power+1","Redo+1","Chaos+1","Coolheaded+1","Rainbow+1","MostiFishMod:Impulse+1","Panic Button+1","Chaos+1","Compile Driver","Sunder","Double Energy+1","Coolheaded+1","Panic Button+1","Heatsinks+1","Zap+1","Reboot+1","Turbo+1","Skim+1","Panic Button+1","Panic Button+1","Storm"],"relics":["Cracked Core","DaveBox","NeowsBlessing","EGODaCapo","SynthV:TestCard","Ginger","Question Card","aspiration:MysteriousAuxiliaryCore","FeatherPendant","Prayer Wheel","Mercury Hourglass","The Courier","Omamori","Kunai","Prayer Wheel","Toxic Egg 2","RhineSuit","Replay:WaspNest","hubris:Towel","Letter Opener","Torii","Akabeko"],"acts_visited":["Exordium","TheCity","TheBeyond"],"potions_floor_usage":[23],"damage_taken":[{"damage":0.0,"enemies":"Small Slimes","floor":1.0,"turns":1.0},{"damage":0.0,"enemies":"Jaw Worm","floor":2.0,"turns":1.0},{"damage":0.0,"enemies":"Cultist","floor":3.0,"turns":1.0},{"damage":0.0,"enemies":"Gremlin Gang","floor":4.0,"turns":5.0},{"damage":2.0,"enemies":"2 Fungi Beasts","floor":5.0,"turns":3.0},{"damage":18.0,"enemies":"Gremlin Nob","floor":6.0,"turns":4.0},{"damage":13.0,"enemies":"Large Slime","floor":7.0,"turns":5.0},{"damage":24.0,"enemies":"Lagavulin","floor":11.0,"turns":8.0},{"damage":1.0,"enemies":"Slime Boss","floor":16.0,"turns":9.0},{"damage":7.0,"enemies":"Shell Parasite","floor":18.0,"turns":4.0},{"damage":3.0,"enemies":"Chosen","floor":19.0,"turns":3.0},{"damage":24.0,"enemies":"Shelled Parasite and Fungi","floor":21.0,"turns":5.0},{"damage":0.0,"enemies":"Cultist and Chosen","floor":22.0,"turns":3.0},{"damage":1,"enemies":"Gremlin Leader","floor":23,"turns":5},{"damage":0,"enemies":"Book of Stabbing","floor":25,"turns":4},{"damage":0,"enemies":"Slavers","floor":27,"turns":4},{"damage":0,"enemies":"3 Cultists","floor":28,"turns":3},{"damage":10,"enemies":"Centurion and Healer","floor":29,"turns":6},{"damage":0,"enemies":"Book of Stabbing","floor":31,"turns":4},{"damage":0,"enemies":"Automaton","floor":33,"turns":8},{"damage":0,"enemies":"3 Darklings","floor":35,"turns":4},{"damage":0,"enemies":"Orb Walker","floor":36,"turns":1},{"damage":0,"enemies":"Jaw Worm Horde","floor":37,"turns":3},{"damage":8,"enemies":"3 Darklings","floor":38,"turns":3},{"damage":0,"enemies":"Maw","floor":39,"turns":3},{"damage":0,"enemies":"R_Hoarder","floor":41,"turns":3},{"damage":0,"enemies":"Reptomancer","floor":44,"turns":2},{"damage":0,"enemies":"Jaw Worm Horde","floor":46,"turns":2},{"damage":0,"enemies":"R_Hoarder","floor":47,"turns":4},{"damage":0,"enemies":"Writhing Mass","floor":48,"turns":2},{"damage":0,"enemies":"Donu and Deca","floor":50,"turns":3}],"seed_played":"-4091870895262382069","potions_obtained":[{"floor":2.0,"key":"Elixir"},{"floor":3.0,"key":"Strength Potion"},{"floor":6.0,"key":"FocusPotion"},{"floor":21.0,"key":"Swift Potion"},{"floor":25,"key":"Weak Potion"}],"is_trial":false,"path_per_floor":["M","M","M","M","M","E","M","?","T","R","E","?","R","?","R","B",null,"M","M","?","M","M","E","R","E","T","E","M","M","R","E","R","B",null,"M","M","M","M","M","R","E","?","T","E","?","M","E","M","R","B",null],"character_chosen":"DEFECT","items_purchased":[],"campfire_rested":4,"item_purchase_floors":[],"current_hp_per_floor":[64,64,64,64,62,44,31,20,20,41,17,17,38,38,59,58,68,61,58,58,34,34,33,33,33,33,33,33,23,44,44,44,44,64,64,64,64,56,56,56,56,56,56,56,56,56,56,56,56,56],"gold":942,"neow_bonus":"THREE_ENEMY_KILL","is_daily":false,"chose_seed":false,"campfire_upgraded":4,"win_rate":0.0,"timestamp":1610428528,"path_taken":["M","M","M","M","M","E","M","?","T","R","E","?","R","?","R","BOSS","M","M","?","M","M","E","R","E","T","E","M","?","R","E","R","BOSS","M","M","M","M","?","R","E","?","T","E","?","?","E","M","R","BOSS"],"items_purchased_type":[],"build_version":"2020-12-22","purchased_purges":0,"victory":true,"max_hp_per_floor":[71,71,71,71,71,71,71,71,71,71,71,71,71,71,71,71,71,71,71,71,71,71,71,71,71,71,71,71,71,71,71,71,71,71,71,71,71,71,71,71,71,71,71,71,71,71,71,71,71,71],"card_choices":[{"not_picked":["Hologram","hubris:PowerSurge"],"picked":"ReplayTheSpireMod:System Scan","floor":1.0},{"not_picked":["Rebound","Sweeping Beam","BootSequence","Defragment"],"picked":"Beam Cell","floor":2.0},{"not_picked":["ReplayTheSpireMod:System Scan","Ball Lightning","MostiFishMod:ReprogramOld","Barrage"],"picked":"Gash","floor":3.0},{"not_picked":["Ball Lightning","Compile Driver","Time Bomb","Thunder Strike"],"picked":"Panic Button","floor":4.0},{"not_picked":["Skim","Redo","Panic Button","Ball Lightning"],"picked":"Beam Cell","floor":5.0},{"not_picked":["Rainbow","Conserve Battery","Aggregate","Skim"],"picked":"Redo","floor":6.0},{"not_picked":["Go for the Eyes","Steam","MostiFishMod:FluxCapactior","Defragment"],"picked":"Gash","floor":7.0},{"not_picked":["MostiFishMod:PushDownKick","Consume","Redo","Beam Cell","Barrage"],"picked":"Static Discharge","floor":11.0},{"not_picked":["MostiFishMod:Exploitation","Rainbow","Reboot","Buffer","MostiFishMod:Culaccino"],"picked":"ReplayTheSpireMod:Fabricate Wheel","floor":16.0},{"not_picked":["Redo","hubris:Ukulele","Darkness","Reprogram","Compile Driver"],"picked":"Storm","floor":18.0},{"not_picked":["Barrage+1","MostiFishMod:GatherIntelligence","ReplaySort","Stack","Conserve Battery"],"picked":"Genetic Algorithm","floor":19.0},{"not_picked":["Turbo","Hologram","Leap","Aggregate","Cold Snap"],"picked":"Scrape","floor":21.0},{"not_picked":["Redo","MostiFishMod:GatherIntelligence","Compile Driver","Leap","Barrage","Streamline"],"picked":"SKIP","floor":21.0},{"not_picked":["ReplayTheSpireMod:Repulse","Rebound","Tempest","Steam","Redo"],"picked":"Go for the Eyes+1","floor":22.0},{"not_picked":["Coolheaded","Rebound","Conserve Battery","Cold Snap","Echo Form"],"picked":"Turbo","floor":22.0},{"not_picked":["ReplayTheSpireMod:Calculation Training","Rebound+1","Turbo+1","Reprogram","Stack+1","BasicCrystalCard"],"picked":"SKIP","floor":23},{"not_picked":["Reprogram","Stack","ReplayTheSpireMod:Repulse","Coolheaded+1","Auto Shields+1"],"picked":"Sunder","floor":25},{"not_picked":["Beam Cell","Leap","Genetic Algorithm","Turbo","Steam"],"picked":"Go for the Eyes","floor":27},{"not_picked":["MostiFishMod:StarOceanB","Steam","Conserve Battery","ReplayTheSpireMod:Calculation Training","ReplayTheSpireMod:Repulse"],"picked":"ReplayGash","floor":28},{"not_picked":["Steam","Conserve Battery","Streamline","Reprogram","Redo","Leap"],"picked":"SKIP","floor":28},{"not_picked":["Turbo","Rebound","MostiFishMod:PushDownKick","Conserve Battery","Double Energy+1"],"picked":"Go for the Eyes+1","floor":29},{"not_picked":["Rip and Tear","Hologram","Compile Driver","Meteor Strike","Stack"],"picked":"Gash","floor":29},{"not_picked":["Stack","ReplayTheSpireMod:System Scan","Steam","Go for the Eyes","Rebound"],"picked":"Compile Driver","floor":29},{"not_picked":["Conserve Battery+1","Crystallizer","BootSequence+1","Compile Driver","Storm"],"picked":"ReplayTheSpireMod:Reroute Power+1","floor":31},{"not_picked":["Creative AI","MostiFishMod:SeaWaves","ReplayRNGCard+1","Core Surge","hubris:Prefetch+1"],"picked":"Machine Learning","floor":33},{"not_picked":["aspiration:Polymerization+1","Doom and Gloom","Stack+1","MostiFishMod:PushDownKick","Hologram+1"],"picked":"ReplayTheSpireMod:Reroute Power+1","floor":35},{"not_picked":["Conserve Battery+1","Panic Button+1","BasicCrystalCard+1","Compile Driver","MostiFishMod:LinkProtocol+1"],"picked":"Redo+1","floor":35},{"not_picked":["Streamline","Barrage","ReplayTheSpireMod:Calculation Training+1","Stack+1","Consume+1"],"picked":"Chaos+1","floor":35},{"not_picked":["Beam Cell","Go for the Eyes","Cold Snap","Leap+1","Barrage+1"],"picked":"Coolheaded+1","floor":36},{"not_picked":["FIFO Queue","MostiFishMod:GatherIntelligence+1","Gash","Turbo+1","Doom and Gloom"],"picked":"Rainbow+1","floor":36},{"not_picked":["Turbo+1","Conserve Battery+1","MostiFishMod:LinkProtocol+1","Beam Cell+1","Defragment"],"picked":"MostiFishMod:Impulse+1","floor":36},{"not_picked":["Coolheaded+1","Barrage+1","Steam+1","BasicCrystalCard+1","Consume+1"],"picked":"Panic Button+1","floor":37},{"not_picked":["Go for the Eyes","MostiFishMod:Exploitation+1","BootSequence+1","Consume+1","Turbo+1"],"picked":"Chaos+1","floor":37},{"not_picked":["Stack+1","MostiFishMod:PushDownKick","BasicCrystalCard+1","Turbo+1","ReplayTheSpireMod:GoodbyeWorld+1","Barrage"],"picked":"SKIP","floor":37},{"not_picked":["Streamline","Sunder","Coolheaded+1","Crystallizer","Chill+1"],"picked":"Compile Driver","floor":38},{"not_picked":["Chill+1","Stack+1","Ball Lightning","BasicCrystalCard+1","Go for the Eyes"],"picked":"Sunder","floor":38},{"not_picked":["Cold Snap","MostiFishMod:PushDownKick","Defragment","Reinforced Body+1","Hello World","MostiFishMod:ReprogramOld+1"],"picked":"SKIP","floor":38},{"not_picked":["Coolheaded+1","Leap+1","Stack+1","Darkness+1","BasicCrystalCard+1"],"picked":"Double Energy+1","floor":39},{"not_picked":["Capacitor","Chaos+1","MostiFishMod:PushDownKick","MostiFishMod:ATRI+1","Crystallizer+1"],"picked":"Coolheaded+1","floor":39},{"not_picked":["Barrage","Double Energy+1","Steam+1","Beam Cell","Conserve Battery+1"],"picked":"Panic Button+1","floor":39},{"not_picked":["Leap+1","Steam Power+1","Stack+1","Capacitor","Blizzard"],"picked":"Heatsinks","floor":41},{"not_picked":["Beam Cell","Steam+1","Reinforced Body+1","Darkness+1","Coolheaded+1","Ball Lightning"],"picked":"SKIP","floor":44},{"not_picked":["FIFO Queue","Coolheaded+1","Hologram+1","Force Field+1","Redo+1"],"picked":"Reboot+1","floor":46},{"not_picked":["Cold Snap+1","Steam+1","Panic Button+1","Gash","Sweeping Beam"],"picked":"Turbo+1","floor":46},{"not_picked":["MostiFishMod:PushDownKick","Streamline","Glacier+1","Cold Snap","Leap+1","Sweeping Beam"],"picked":"SKIP","floor":46},{"not_picked":["Barrage","Coolheaded+1","Conserve Battery+1","Beam Cell","Hologram+1"],"picked":"Skim+1","floor":47},{"not_picked":["Conserve Battery+1","Darkness+1","Coolheaded+1","Core Surge","BasicCrystalCard+1"],"picked":"Panic Button+1","floor":48},{"not_picked":["Streamline","MostiFishMod:PushDownKick","Darkness+1","Reinforced Body+1","hubris:Ukulele+1"],"picked":"Panic Button+1","floor":48},{"not_picked":["Redo+1","ReplayTheSpireMod:Calculation Training+1","Beam Cell","Coolheaded+1","Ball Lightning"],"picked":"Storm","floor":48}],"player_experience":272014,"relics_obtained":[{"floor":1.0,"key":"SynthV:TestCard"},{"floor":6.0,"key":"Ginger"},{"floor":9.0,"key":"Question Card"},{"floor":11.0,"key":"aspiration:MysteriousAuxiliaryCore"},{"floor":23,"key":"Mercury Hourglass"},{"floor":25,"key":"The Courier"},{"floor":26,"key":"Omamori"},{"floor":27,"key":"Kunai"},{"floor":31,"key":"Toxic Egg 2"},{"floor":41,"key":"Replay:WaspNest"},{"floor":43,"key":"Letter Opener"},{"floor":44,"key":"Torii"},{"floor":47,"key":"Akabeko"}],"event_choices":[{"damage_healed":0.0,"max_hp_gain":0.0,"max_hp_loss":0.0,"gold_gain":75.0,"event_name":"World of Goop","player_choice":"Gather Gold","floor":8.0,"gold_loss":0.0,"damage_taken":11.0},{"damage_healed":0.0,"max_hp_gain":0.0,"max_hp_loss":0.0,"gold_gain":0.0,"event_name":"Shining Light","player_choice":"Ignored","floor":12.0,"gold_loss":0.0,"damage_taken":0.0},{"damage_healed":0.0,"max_hp_gain":0.0,"max_hp_loss":0.0,"gold_gain":0.0,"event_name":"Duplicator","player_choice":"Copied","floor":20.0,"gold_loss":0.0,"damage_taken":0.0,"cards_obtained":["ReplayTheSpireMod:Fabricate Wheel"]},{"damage_healed":0,"gold_gain":0,"player_choice":"1 cards matched","damage_taken":0,"max_hp_gain":0,"max_hp_loss":0,"event_name":"Match and Keep!","floor":45,"gold_loss":0,"cards_obtained":["Zap"]}],"is_beta":false,"boss_relics":[{"not_picked":["NightmareShop","aspiration:SecretTechniqueScroll"],"picked":"FeatherPendant"},{"not_picked":["ChewingGum","Replay:Wanted Poster"],"picked":"RhineSuit"}],"items_purged_floors":[],"is_endless":false,"potions_floor_spawned":[2,3,6,11,21,25,29,33,36,37,44,46],"ascension_level":15}}