{"host":"uvd23xk3ig6bv7xx","time":1610469640,"event":{"mods":["BaseMod","Colored Powertips","Minty Spire (QoL Compilation)","Quick Restart","StSLib","SuperFastMode","¡¾ÒÅÎï¿¨ÅÆ¡¿REMEMod"],"gold_per_floor":[114,114,289,23,23,56,105,105,151,170,187,207,225,243,243,347,347,360,9,29,45,45,45,75,89,89,105,116,116,128,28,28,130,130,147,197,214,224,69,99,99,114,114,114,129,129,144,144,144],"floor_reached":48,"playtime":2125,"items_purged":["Doubt","Parasite"],"score":638,"play_id":"7ce32269-3d2b-4a62-b9f1-c722429070a8","local_time":"20210113004040","is_ascension_mode":false,"campfire_choices":[{"data":"Body Slam","floor":8.0,"key":"SMITH"},{"data":"Entrench","floor":15.0,"key":"SMITH"},{"data":"Ghostly","floor":23,"key":"SMITH"},{"data":"True Grit","floor":32,"key":"SMITH"},{"data":"Ghostly","floor":41,"key":"SMITH"},{"data":"Ghostly","floor":44,"key":"SMITH"}],"circlet_count":0,"master_deck":["Strike_R","Strike_R","Strike_R","Strike_R","Strike_R","Defend_R","Defend_R","Defend_R","Defend_R","Bash","Barricade+1","Shrug It Off","Body Slam+1","Cleave","Entrench+1","Flex","True Grit+1","Berserk","Ghostly Armor","Good Instincts","Ghostly+1","Ghostly+1","Ghostly+1","Ghostly","Ghostly","Headbutt+1","Shockwave","Iron Wave+1","Metallicize+1","Sadistic Nature","Body Slam+1","REME_MagicPocketWatch+1","Feed+1","Finesse+1","Battle Trance","Madness+1"],"relics":["Burning Blood","REME_ComplimentaryCards","NeowsBlessing","Blood Vial","Ornamental Fan","Red Skull","Cursed Key","Molten Egg 2","Bag of Marbles","Mummified Hand","REME_LowDesire","Anchor","Boot","Magic Flower","Oddly Smooth Stone","Gremlin Horn"],"acts_visited":["Exordium","TheCity","TheBeyond"],"potions_floor_usage":[21,24,24,28,38,40],"damage_taken":[{"damage":0.0,"enemies":"Cultist","floor":1.0,"turns":1.0},{"damage":0.0,"enemies":"3 Sentries","floor":6.0,"turns":2.0},{"damage":0.0,"enemies":"Jaw Worm","floor":10.0,"turns":1.0},{"damage":0.0,"enemies":"2 Louse","floor":11.0,"turns":2.0},{"damage":6.0,"enemies":"Exordium Wildlife","floor":12.0,"turns":6.0},{"damage":6.0,"enemies":"3 Louse","floor":13.0,"turns":3.0},{"damage":11.0,"enemies":"Red Slaver","floor":14.0,"turns":4.0},{"damage":1.0,"enemies":"The Guardian","floor":16.0,"turns":12.0},{"damage":10.0,"enemies":"Chosen","floor":18.0,"turns":5.0},{"damage":12.0,"enemies":"2 Thieves","floor":20.0,"turns":5.0},{"damage":0,"enemies":"3 Cultists","floor":21,"turns":8},{"damage":23,"enemies":"Slavers","floor":24,"turns":9},{"damage":16,"enemies":"Cultist and Chosen","floor":25,"turns":10},{"damage":0,"enemies":"Centurion and Healer","floor":27,"turns":6},{"damage":0,"enemies":"Snake Plant","floor":28,"turns":6},{"damage":0,"enemies":"Cultist and Chosen","floor":30,"turns":10},{"damage":0,"enemies":"Champ","floor":33,"turns":10},{"damage":2,"enemies":"3 Shapes","floor":35,"turns":9},{"damage":12,"enemies":"Mind Bloom Boss Battle","floor":36,"turns":9},{"damage":19,"enemies":"3 Darklings","floor":37,"turns":11},{"damage":16,"enemies":"Spire Growth","floor":38,"turns":6},{"damage":3,"enemies":"Reptomancer","floor":40,"turns":10},{"damage":2,"enemies":"Sphere and 2 Shapes","floor":42,"turns":8},{"damage":0,"enemies":"Maw","floor":45,"turns":8},{"damage":0,"enemies":"3 Darklings","floor":47,"turns":7},{"damage":43,"enemies":"Transient","floor":48,"turns":5}],"seed_played":"-3715189139002575540","potions_obtained":[{"floor":6.0,"key":"Weak Potion"},{"floor":12.0,"key":"DistilledChaos"},{"floor":14.0,"key":"Swift Potion"},{"floor":16.0,"key":"Weak Potion"},{"floor":20.0,"key":"Block Potion"},{"floor":21,"key":"Fire Potion"},{"floor":24,"key":"BlessingOfTheForge"},{"floor":28,"key":"BloodPotion"},{"floor":35,"key":"ElixirPotion"},{"floor":37,"key":"Explosive Potion"},{"floor":38,"key":"SteroidPotion"},{"floor":47,"key":"BlessingOfTheForge"}],"is_trial":false,"path_per_floor":["M","?","?","$","?","E","T","R","T","M","M","M","M","M","R","B",null,"M","$","M","M","?","R","E","M","T","M","M","T","M","$","R","B",null,"M","?","M","M","$","E","R","M","T","R","M","?","M","M"],"character_chosen":"IRONCLAD","items_purchased":["Body Slam","Blood Vial","Good Instincts","Molten Egg 2","Oddly Smooth Stone"],"campfire_rested":0,"item_purchase_floors":[4,4,19,19,39],"current_hp_per_floor":[80,80,80,80,85,85,85,85,85,85,85,85,85,80,80,85,85,81,81,77,85,42,42,25,17,17,25,33,33,41,39,39,39,39,39,33,26,29,29,38,38,43,43,43,43,43,43,0,0],"gold":144,"neow_bonus":"THREE_ENEMY_KILL","is_daily":false,"chose_seed":false,"campfire_upgraded":6,"win_rate":0.0,"timestamp":1610469640,"path_taken":["M","?","?","$","?","E","?","R","T","M","M","?","M","M","R","BOSS","M","$","M","M","?","R","E","M","T","M","M","?","?","$","R","BOSS","M","?","M","M","$","E","R","M","T","R","M","?","M","?"],"items_purchased_type":["Card","Relic","Card","Relic","Relic"],"build_version":"2020-12-22","purchased_purges":2,"victory":false,"max_hp_per_floor":[80,80,80,80,85,85,85,85,85,85,85,85,85,85,85,85,85,85,85,85,85,42,42,42,42,42,42,42,42,42,39,39,39,39,39,39,39,39,39,39,39,43,43,43,43,43,43,43,43],"card_choices":[{"not_picked":["Burning Pact","REME_Cut"],"picked":"Shrug It Off","floor":1.0},{"not_picked":["Rampage","Seeing Red","Pommel Strike"],"picked":"SKIP","floor":6.0},{"not_picked":["Armaments","Heavy Blade"],"picked":"Cleave","floor":10.0},{"not_picked":["Whirlwind","Power Through"],"picked":"Entrench","floor":11.0},{"not_picked":["Perfected Strike","Clash","Seeing Red"],"picked":"SKIP","floor":12.0},{"not_picked":["Twin Strike","Sword Boomerang"],"picked":"Flex","floor":13.0},{"not_picked":["Anger","Clothesline"],"picked":"True Grit","floor":14.0},{"not_picked":["REME_TheLastStrike","Limit Break"],"picked":"Berserk","floor":16.0},{"not_picked":["Sword Boomerang+1","True Grit"],"picked":"Ghostly Armor","floor":18.0},{"not_picked":["Sever Soul+1","Armaments+1","Clash+1"],"picked":"SKIP","floor":20.0},{"not_picked":["Twin Strike+1","Heavy Blade+1","Sword Boomerang+1"],"picked":"SKIP","floor":21},{"not_picked":["Fire Breathing","Shrug It Off"],"picked":"Headbutt+1","floor":24},{"not_picked":["Havoc","Headbutt+1"],"picked":"Shockwave","floor":25},{"not_picked":["Pommel Strike+1","Spot Weakness"],"picked":"Iron Wave+1","floor":27},{"not_picked":["Anger+1","Ghostly Armor"],"picked":"Metallicize+1","floor":28},{"not_picked":["Heavy Blade+1","Combust","Thunderclap+1"],"picked":"SKIP","floor":30},{"not_picked":["Armaments+1","Perfected Strike+1","Flex"],"picked":"Sadistic Nature","floor":35},{"not_picked":["Dropkick+1","Clash+1","Blind"],"picked":"Body Slam+1","floor":36},{"not_picked":["Havoc","Sword Boomerang+1","Clash+1","Purity+1"],"picked":"SKIP","floor":37},{"not_picked":["Clothesline+1","Wild Strike+1","Heavy Blade+1"],"picked":"REME_MagicPocketWatch+1","floor":38},{"not_picked":["Warcry+1","Dark Embrace","Transmutation"],"picked":"Feed+1","floor":40},{"not_picked":["Armaments","Second Wind","Perfected Strike+1"],"picked":"Finesse+1","floor":42},{"not_picked":["Sentinel","Perfected Strike+1","Swift Strike+1"],"picked":"Battle Trance","floor":45},{"not_picked":["Havoc+1","Anger+1","REME_FearOfPain"],"picked":"Madness+1","floor":47}],"player_experience":328822,"relics_obtained":[{"floor":6.0,"key":"Ornamental Fan"},{"floor":9.0,"key":"Red Skull"},{"floor":24,"key":"Bag of Marbles"},{"floor":26,"key":"Mummified Hand"},{"floor":34,"key":"Anchor"},{"floor":34,"key":"Boot"},{"floor":36,"key":"Magic Flower"},{"floor":40,"key":"Gremlin Horn"}],"event_choices":[{"damage_healed":0.0,"max_hp_gain":0.0,"max_hp_loss":0.0,"gold_gain":0.0,"event_name":"Living Wall","player_choice":"Grow","floor":2.0,"gold_loss":0.0,"damage_taken":0.0,"cards_upgraded":["Barricade"]},{"damage_healed":0.0,"max_hp_gain":0.0,"max_hp_loss":0.0,"gold_gain":175.0,"event_name":"Liars Game","player_choice":"AGREE","floor":3.0,"gold_loss":0.0,"damage_taken":0.0,"cards_obtained":["Doubt"]},{"damage_healed":0.0,"max_hp_gain":5.0,"max_hp_loss":0.0,"gold_gain":0.0,"event_name":"Big Fish","player_choice":"Donut","floor":5.0,"gold_loss":0.0,"damage_taken":0.0},{"damage_healed":0,"gold_gain":0,"player_choice":"Became a Ghost","damage_taken":0,"max_hp_gain":0,"max_hp_loss":43,"event_name":"Ghosts","floor":22,"gold_loss":0,"cards_obtained":["Ghostly","Ghostly","Ghostly","Ghostly","Ghostly"]},{"damage_healed":0,"gold_gain":0,"player_choice":"Fight","damage_taken":0,"max_hp_gain":0,"max_hp_loss":0,"event_name":"MindBloom","floor":36,"gold_loss":0},{"damage_healed":0,"gold_gain":0,"player_choice":"Full Heal","damage_taken":0,"max_hp_gain":0,"max_hp_loss":0,"event_name":"Wheel of Change","floor":46,"gold_loss":0}],"is_beta":false,"boss_relics":[{"not_picked":["Tiny House","Busted Crown"],"picked":"Cursed Key"},{"not_picked":["REME_ChargedStone","Astrolabe"],"picked":"REME_LowDesire"}],"items_purged_floors":[4,31],"is_endless":false,"potions_floor_spawned":[6,12,14,16,20,21,24,28,35,37,38,47],"killed_by":"Transient","ascension_level":0}}