{"host":"k85tjwrh7mjrrc9a","time":1610479831,"event":{"mods":["AchievementEnabler","BaseMod","Colored Powertips","Highlight Path","Minty Spire (QoL Compilation)","Rare Cards Sparkle","StSLib"],"gold_per_floor":[366,176,176,196,196,196,212,250,275,288,304,325,325,348,348,348,348],"floor_reached":16,"language":"ENG","playtime":627,"items_purged":[],"score":156,"play_id":"df0c4123-2f3b-42e8-9dc3-f8ae367add74","local_time":"20210112143031","is_ascension_mode":true,"campfire_choices":[{"data":"Bash","floor":6,"key":"SMITH"},{"floor":13,"key":"REST"},{"floor":15,"key":"REST"}],"circlet_count":0,"master_deck":["AscendersBane","Strike_R","Strike_R","Strike_R","Strike_R","Defend_R+1","Defend_R","Defend_R","Defend_R+1","Bash+1","Shrug It Off","Pommel Strike","Injury","Cleave","Shrug It Off","Evolve","Wild Strike","Heavy Blade"],"relics":["Burning Blood","Lantern","Golden Idol","War Paint","Vajra"],"acts_visited":["Exordium"],"potions_floor_usage":[8,16],"damage_taken":[{"damage":6,"enemies":"2 Louse","floor":1,"turns":4},{"damage":9,"enemies":"Small Slimes","floor":4,"turns":5},{"damage":6,"enemies":"Cultist","floor":7,"turns":3},{"damage":30,"enemies":"Lagavulin","floor":8,"turns":6},{"damage":9,"enemies":"Exordium Thugs","floor":10,"turns":5},{"damage":16,"enemies":"3 Louse","floor":11,"turns":2},{"damage":11,"enemies":"Looter","floor":12,"turns":2},{"damage":19,"enemies":"Lots of Slimes","floor":14,"turns":4},{"damage":53,"enemies":"Hexaghost","floor":16,"turns":9}],"seed_played":"-3960737464478864224","potions_obtained":[{"floor":1,"key":"Block Potion"},{"floor":10,"key":"Explosive Potion"},{"floor":11,"key":"DuplicationPotion"}],"is_trial":false,"path_per_floor":["M","$","?","M","?","R","M","E","T","M","M","M","R","M","R","B"],"character_chosen":"IRONCLAD","items_purchased":["Lantern","Shrug It Off"],"campfire_rested":2,"item_purchase_floors":[2,2],"current_hp_per_floor":[72,72,65,62,62,62,62,38,38,35,25,20,41,28,49,0,0],"gold":348,"neow_bonus":"TWO_FIFTY_GOLD","is_daily":false,"chose_seed":false,"campfire_upgraded":1,"win_rate":0.0,"timestamp":1610479831,"path_taken":["M","$","?","M","?","R","M","E","T","M","M","M","R","M","R","BOSS"],"items_purchased_type":["Relic","Card"],"build_version":"2020-12-22","purchased_purges":0,"victory":false,"max_hp_per_floor":[72,72,72,72,72,72,72,72,72,72,72,72,72,72,72,72,72],"card_choices":[{"not_picked":["Dual Wield","Warcry","Sword Boomerang"],"picked":"SKIP","floor":1},{"not_picked":["Battle Trance","Clash"],"picked":"Pommel Strike","floor":4},{"not_picked":["Inflame","Iron Wave"],"picked":"Cleave","floor":7},{"not_picked":["Hemokinesis","Offering"],"picked":"Shrug It Off","floor":8},{"not_picked":["Body Slam","Thunderclap"],"picked":"Evolve","floor":10},{"not_picked":["Ghostly Armor","Clash"],"picked":"Wild Strike","floor":11},{"not_picked":["Clash","Flex"],"picked":"Heavy Blade","floor":12},{"not_picked":["Havoc","Iron Wave","Impervious"],"picked":"SKIP","floor":14}],"player_experience":184342,"relics_obtained":[{"floor":8,"key":"War Paint"},{"floor":9,"key":"Vajra"}],"event_choices":[{"cards_removed":["Strike_R"],"damage_healed":0,"gold_gain":0,"player_choice":"Card Removal","damage_taken":7,"max_hp_gain":0,"max_hp_loss":0,"event_name":"Golden Wing","floor":3,"gold_loss":0},{"damage_healed":0,"gold_gain":0,"player_choice":"Take Wound","damage_taken":0,"relics_obtained":["Golden Idol"],"max_hp_gain":0,"max_hp_loss":0,"event_name":"Golden Idol","floor":5,"gold_loss":0,"cards_obtained":["Injury"]}],"is_beta":false,"boss_relics":[],"items_purged_floors":[],"is_endless":false,"potions_floor_spawned":[1,10,11],"killed_by":"Hexaghost","ascension_level":10}}