{"host":"k7udt7atmcuzf6l0","time":1610430129,"event":{"mods":["AchievementEnabler","BaseMod","Colored Map","Colored Powertips","Highlight Path","Minty Spire (QoL Compilation)","Quick Restart","Rare Cards Sparkle","StSLib","UnlockEverythingMod"],"gold_per_floor":[364,378,378,55,71,101,113,144,198,215,245,255,255,273,273,374,374,394,84,95,49,59,59,59,59,59,59,79,93,93,123,123,123,123],"floor_reached":33,"playtime":900,"items_purged":["Normality"],"score":339,"play_id":"5df69bb8-b4a1-4b83-b054-55ef9e1dde3f","local_time":"20210112134209","is_ascension_mode":false,"campfire_choices":[{"data":"Flex","floor":15,"key":"SMITH"},{"data":"Rage","floor":23,"key":"SMITH"},{"data":"Armaments","floor":27,"key":"SMITH"},{"data":"Body Slam","floor":30,"key":"SMITH"},{"data":"Infernal Blade","floor":32,"key":"SMITH"}],"circlet_count":0,"master_deck":["Strike_R","Strike_R","Strike_R","Strike_R","Strike_R","Defend_R","Defend_R","Defend_R","Defend_R","Bash","Pummel","Headbutt","Battle Trance","Cleave","Dramatic Entrance","Flex+1","Infernal Blade+1","Clash","Bloodletting","Rage+1","Body Slam+1","Warcry","Feed","Disarm+1","Iron Wave+1","Armaments+1","Clash+1","Flex+1","Bloodletting+1","Intimidate+1"],"relics":["Burning Blood","Centennial Puzzle","PreservedInsect","StrikeDummy","Nunchaku","Akabeko","SlaversCollar","Happy Flower","TheAbacus","Nilry\u0027s Codex","Incense Burner","Vajra"],"acts_visited":["Exordium","TheCity"],"potions_floor_usage":[7,11,16,20,22,31,33],"damage_taken":[{"damage":11.0,"enemies":"Small Slimes","floor":1.0,"turns":3.0},{"damage":6.0,"enemies":"Cultist","floor":2.0,"turns":3.0},{"damage":6,"enemies":"Jaw Worm","floor":5,"turns":2},{"damage":21,"enemies":"3 Sentries","floor":6,"turns":6},{"damage":0,"enemies":"Red Slaver","floor":7,"turns":1},{"damage":5,"enemies":"Gremlin Nob","floor":8,"turns":3},{"damage":3,"enemies":"3 Louse","floor":10,"turns":2},{"damage":3,"enemies":"Lagavulin","floor":11,"turns":2},{"damage":1,"enemies":"Exordium Wildlife","floor":12,"turns":2},{"damage":0,"enemies":"Lots of Slimes","floor":14,"turns":1},{"damage":46,"enemies":"The Guardian","floor":16,"turns":7},{"damage":3,"enemies":"Spheric Guardian","floor":18,"turns":2},{"damage":0,"enemies":"3 Byrds","floor":20,"turns":3},{"damage":5,"enemies":"Snake Plant","floor":22,"turns":3},{"damage":0,"enemies":"3 Cultists","floor":28,"turns":2},{"damage":15,"enemies":"Centurion and Healer","floor":29,"turns":4},{"damage":0,"enemies":"Gremlin Leader","floor":31,"turns":3},{"damage":78,"enemies":"Collector","floor":33,"turns":8}],"seed_played":"1774221189313207652","potions_obtained":[{"floor":2.0,"key":"DuplicationPotion"},{"floor":5,"key":"FearPotion"},{"floor":8,"key":"ElixirPotion"},{"floor":10,"key":"ColorlessPotion"},{"floor":14,"key":"Dexterity Potion"},{"floor":20,"key":"Strength Potion"},{"floor":29,"key":"FearPotion"}],"is_trial":false,"path_per_floor":["M","M","?","$","M","E","M","E","T","M","E","M","?","M","R","B",null,"M","$","M","$","M","R","?","?","T","R","M","M","R","E","R","B"],"character_chosen":"IRONCLAD","items_purchased":["Flex","Infernal Blade","Centennial Puzzle","Happy Flower","TheAbacus","Armaments"],"campfire_rested":0,"item_purchase_floors":[4,4,4,19,19,21],"current_hp_per_floor":[75,75,75,75,75,60,66,67,67,70,73,78,78,80,80,40,80,80,80,80,80,80,80,64,64,64,64,70,64,64,70,70,0,0],"gold":123,"neow_bonus":"TWO_FIFTY_GOLD","is_daily":false,"chose_seed":false,"campfire_upgraded":5,"win_rate":0.0,"timestamp":1610430129,"path_taken":["M","M","?","$","?","E","M","E","T","M","E","M","?","?","R","BOSS","M","$","M","$","M","R","?","?","T","R","?","M","R","E","R","BOSS"],"items_purchased_type":["Card","Card","Relic","Relic","Relic","Card"],"build_version":"2020-12-22","purchased_purges":1,"victory":false,"max_hp_per_floor":[80,80,80,80,80,80,80,80,80,80,80,80,80,80,80,80,80,80,80,80,80,80,80,80,80,80,80,80,83,83,83,83,83,83],"card_choices":[{"not_picked":["Body Slam","Searing Blow"],"picked":"Pummel","floor":1.0},{"not_picked":["Burning Pact","Disarm"],"picked":"Headbutt","floor":2.0},{"not_picked":["Dropkick","Shrug It Off"],"picked":"Clash","floor":5},{"not_picked":["Infernal Blade","Disarm","Burning Pact"],"picked":"SKIP","floor":6},{"not_picked":["Havoc","Flex","Cleave"],"picked":"SKIP","floor":7},{"not_picked":["Fiend Fire","Iron Wave"],"picked":"Bloodletting","floor":8},{"not_picked":["Body Slam","Flame Barrier"],"picked":"Rage","floor":10},{"not_picked":["Heavy Blade","Iron Wave"],"picked":"Body Slam","floor":11},{"not_picked":["Searing Blow","Dark Embrace"],"picked":"Warcry","floor":12},{"not_picked":["Rampage","Intimidate","Armaments"],"picked":"SKIP","floor":14},{"not_picked":["Bludgeon","Immolate"],"picked":"Feed","floor":16},{"not_picked":["Sentinel","Dark Embrace"],"picked":"Disarm+1","floor":18},{"not_picked":["Carnage+1","Shrug It Off"],"picked":"Iron Wave+1","floor":20},{"not_picked":["Infernal Blade","Intimidate+1"],"picked":"Clash+1","floor":22},{"not_picked":["Anger","Inflame"],"picked":"Bloodletting+1","floor":28},{"not_picked":["Sever Soul+1","Twin Strike"],"picked":"Intimidate+1","floor":29},{"not_picked":["Combust","Body Slam","Havoc"],"picked":"SKIP","floor":31}],"player_experience":63960,"relics_obtained":[{"floor":6,"key":"PreservedInsect"},{"floor":8,"key":"StrikeDummy"},{"floor":9,"key":"Nunchaku"},{"floor":11,"key":"Akabeko"},{"floor":24,"key":"Nilry\u0027s Codex"},{"floor":26,"key":"Incense Burner"},{"floor":31,"key":"Vajra"}],"event_choices":[{"damage_healed":0,"gold_gain":0,"player_choice":"3 cards matched","damage_taken":0,"max_hp_gain":0,"max_hp_loss":0,"event_name":"Match and Keep!","floor":3,"gold_loss":0,"cards_obtained":["Battle Trance","Cleave","Dramatic Entrance"]},{"damage_healed":0,"gold_gain":0,"player_choice":"Ignored","damage_taken":0,"max_hp_gain":0,"max_hp_loss":0,"event_name":"NoteForYourself","floor":13,"gold_loss":0},{"damage_healed":0,"gold_gain":0,"player_choice":"Obtained Book","damage_taken":16,"max_hp_gain":0,"max_hp_loss":0,"event_name":"Cursed Tome","floor":24,"gold_loss":0},{"damage_healed":0,"gold_gain":0,"player_choice":"Copied","damage_taken":0,"max_hp_gain":0,"max_hp_loss":0,"event_name":"Duplicator","floor":25,"gold_loss":0,"cards_obtained":["Flex"]}],"is_beta":false,"boss_relics":[{"not_picked":["Empty Cage","Black Blood"],"picked":"SlaversCollar"}],"items_purged_floors":[4],"is_endless":false,"potions_floor_spawned":[2,5,8,10,14,20,29],"killed_by":"Collector","ascension_level":0}}