{"host":"04hh9gplt9wkfmr1","time":1610470117,"event":{"mods":["AchievementEnabler","BaseMod","Colored Map","KOR Keyword Fix","Minty Spire (QoL Compilation)","Rare Cards Sparkle","SuperFastMode"],"gold_per_floor":[117,87,48,59,73,73,73,73,73,73,87,107,135,158,170,281,293,324,350,374,397,427,439,439],"floor_reached":23,"playtime":987,"items_purged":[],"score":195,"play_id":"49f6b3fe-1354-4bc6-a061-9f95ec1f3ecf","local_time":"20210113014837","is_ascension_mode":false,"campfire_choices":[{"data":"Eruption","floor":6.0,"key":"SMITH"},{"data":"WindmillStrike","floor":8.0,"key":"SMITH"},{"data":"Adaptation","floor":10.0,"key":"SMITH"},{"data":"Vengeance","floor":15.0,"key":"SMITH"}],"circlet_count":0,"master_deck":["Strike_P","Strike_P","Strike_P","Strike_P","Defend_P","Defend_P","Defend_P","Defend_P","Eruption+1","Vigilance","Consecrate","WindmillStrike+1","Adaptation+1","FlurryOfBlows","Vengeance+1","ClearTheMind","Judgement","Crescendo","Adaptation+1","EmptyBody+1","DeusExMachina","SandsOfTime"],"relics":["PureWater","Meat on the Bone","Orichalcum","MawBank","VioletLotus"],"acts_visited":["Exordium","TheCity"],"potions_floor_usage":[21,21,23,23],"damage_taken":[{"damage":0.0,"enemies":"2 Louse","floor":1.0,"turns":2.0},{"damage":1.0,"enemies":"Cultist","floor":4.0,"turns":3.0},{"damage":0.0,"enemies":"Small Slimes","floor":5.0,"turns":4.0},{"damage":6.0,"enemies":"Blue Slaver","floor":11.0,"turns":4.0},{"damage":5.0,"enemies":"Gremlin Gang","floor":12.0,"turns":3.0},{"damage":19.0,"enemies":"3 Sentries","floor":13.0,"turns":5.0},{"damage":17.0,"enemies":"Slime Boss","floor":16.0,"turns":6.0},{"damage":4,"enemies":"Spheric Guardian","floor":18,"turns":3},{"damage":4,"enemies":"3 Byrds","floor":19,"turns":3},{"damage":30,"enemies":"Snake Plant","floor":20,"turns":4},{"damage":12,"enemies":"Snecko","floor":21,"turns":5},{"damage":18,"enemies":"3 Cultists","floor":22,"turns":4},{"damage":44,"enemies":"Gremlin Leader","floor":23,"turns":6}],"seed_played":"7511940405558237804","potions_obtained":[{"floor":2.0,"key":"AttackPotion"},{"floor":2.0,"key":"Dexterity Potion"},{"floor":4.0,"key":"Swift Potion"},{"floor":11.0,"key":"DuplicationPotion"},{"floor":12.0,"key":"DuplicationPotion"},{"floor":13.0,"key":"PowerPotion"},{"floor":18,"key":"ColorlessPotion"},{"floor":21,"key":"DistilledChaos"}],"is_trial":false,"path_per_floor":["M","?","$","M","M","R","?","R","T","R","M","M","E","T","R","B",null,"M","M","M","M","M","E"],"character_chosen":"WATCHER","items_purchased":["WindmillStrike"],"campfire_rested":0,"item_purchase_floors":[3],"current_hp_per_floor":[79,79,79,78,78,78,83,83,83,83,77,72,53,53,53,48,84,80,76,46,46,40,0,0],"gold":439,"neow_bonus":"TEN_PERCENT_HP_BONUS","is_daily":false,"chose_seed":false,"campfire_upgraded":4,"win_rate":0.0,"timestamp":1610470117,"path_taken":["M","?","?","M","M","R","?","R","T","R","M","M","E","?","R","BOSS","M","M","?","M","M","E"],"items_purchased_type":["Card"],"build_version":"2020-12-22","purchased_purges":0,"victory":false,"max_hp_per_floor":[79,79,79,79,79,79,84,84,84,84,84,84,84,84,84,84,84,84,84,84,84,84,84,84],"card_choices":[{"not_picked":["LikeWater","CutThroughFate"],"picked":"Consecrate","floor":1.0},{"not_picked":["EmptyBody","Halt"],"picked":"Adaptation","floor":4.0},{"not_picked":["CutThroughFate","DeceiveReality","EmptyFist"],"picked":"SKIP","floor":5.0},{"not_picked":["Halt","Protect"],"picked":"FlurryOfBlows","floor":11.0},{"not_picked":["FlyingSleeves","WheelKick"],"picked":"Vengeance","floor":12.0},{"not_picked":["Brilliance","PathToVictory"],"picked":"ClearTheMind","floor":13.0},{"not_picked":["Vault","MasterReality"],"picked":"Judgement","floor":16.0},{"not_picked":["SashWhip+1","FlyingSleeves+1"],"picked":"Crescendo","floor":18},{"not_picked":["Collect","Weave"],"picked":"Adaptation+1","floor":19},{"not_picked":["Crescendo","FlyingSleeves+1"],"picked":"EmptyBody+1","floor":20},{"not_picked":["CarveReality","DeceiveReality+1"],"picked":"DeusExMachina","floor":21},{"not_picked":["FearNoEvil","Protect"],"picked":"SandsOfTime","floor":22}],"player_experience":15206,"relics_obtained":[{"floor":9.0,"key":"Meat on the Bone"},{"floor":13.0,"key":"Orichalcum"},{"floor":14.0,"key":"MawBank"}],"event_choices":[{"damage_healed":0.0,"max_hp_gain":0.0,"max_hp_loss":0.0,"gold_gain":0.0,"event_name":"The Woman in Blue","player_choice":"Bought 2 Potions","floor":2.0,"gold_loss":0.0,"damage_taken":0.0},{"damage_healed":0.0,"max_hp_gain":5.0,"max_hp_loss":0.0,"gold_gain":0.0,"event_name":"Big Fish","player_choice":"Donut","floor":7.0,"gold_loss":0.0,"damage_taken":0.0}],"is_beta":false,"boss_relics":[{"not_picked":["Empty Cage","Velvet Choker"],"picked":"VioletLotus"}],"items_purged_floors":[],"is_endless":false,"potions_floor_spawned":[4,11,12,13,18,20,21],"killed_by":"Gremlin Leader","ascension_level":0}}