{"host":"fmwbmnqnrup981we","time":1610477048,"event":{"mods":["AchievementEnabler","Act Like it!","BaseMod","Better Match","Better Note","Better Skull","Better Synergies","Better Third Choice","Better Vampires","Block Reminder","Curses Come First","Downfall","Duelist Mod","Elementarium","GungeonMod","HexUI Lib","HornydragonMod","Marked Mod","Minty Spire (QoL Compilation)","Pikachu Mod","Quick Restart","Relic Stats","SIMod","StSLib","The Bug Knight","The Death Knight","The Forsaken","The Marked","The Necromancer","The Runesmith","The Servant 0.9.4","The Wild Card","TheHero","TheVacant","TheVelvet","Transform Curses","Waifu the Spire","Yuri Mod","everything is the same but u backflip on backflip"],"gold_per_floor":[119,119,139,414,431,465,482,482,564,564,581,595,614,631,631,727,777,790,790,181,181,181,181,181],"floor_reached":23,"playtime":870,"items_purged":["Strike_P"],"score":243,"play_id":"d21b1958-f976-485e-a56c-bb900f460c3e","local_time":"20210112184408","is_ascension_mode":false,"campfire_choices":[{"floor":8,"key":"REST"},{"floor":15,"key":"REST"}],"circlet_count":0,"master_deck":["Strike_P","Strike_P","Defend_P","Defend_P","Defend_P","Defend_P","Eruption","Vigilance","Study+1","MarkedMod:OneThousandNeedles","Sanctity","Prostrate","MarkedMod:FirstStrike","Consecrate","FlurryOfBlows","Wireheading","Consecrate","DevaForm","MarkedMod:FirstStrike+1","Panache","Halt","Apotheosis"],"relics":["PureWater","Runesmith:Nanobots","Shuriken","Tiny House","TungstenRod","Enchiridion"],"acts_visited":["Exordium","TheCity"],"potions_floor_usage":[6,14,14,23],"damage_taken":[{"damage":0,"enemies":"Small Slimes","floor":1,"turns":3},{"damage":4,"enemies":"Cultist","floor":3,"turns":4},{"damage":10,"enemies":"Jaw Worm","floor":5,"turns":6},{"damage":52,"enemies":"Lagavulin","floor":6,"turns":9},{"damage":4,"enemies":"Red Slaver","floor":7,"turns":4},{"damage":10,"enemies":"Blue Slaver","floor":11,"turns":6},{"damage":6,"enemies":"Exordium Wildlife","floor":12,"turns":2},{"damage":3,"enemies":"3 Louse","floor":13,"turns":3},{"damage":0,"enemies":"Large Slime","floor":14,"turns":5},{"damage":0,"enemies":"Slime Boss","floor":16,"turns":6},{"damage":14,"enemies":"Spheric Guardian","floor":18,"turns":3},{"damage":56,"enemies":"theDuelist:KaibaA2","floor":23,"turns":5}],"seed_played":"-851411543314199248","potions_obtained":[{"floor":5,"key":"Strength Potion"},{"floor":7,"key":"Weak Potion"},{"floor":11,"key":"Fire Potion"},{"floor":16,"key":"FearPotion"},{"floor":17,"key":"Energy Potion"},{"floor":18,"key":"LiquidMemories"}],"is_trial":false,"path_per_floor":["M","?","M","?","M","E","M","R","T","?","M","M","M","M","R","B",null,"M","?","$","?","?","E"],"character_chosen":"WATCHER","items_purchased":["Panache","TungstenRod","Halt"],"campfire_rested":2,"item_purchase_floors":[20,20,20],"current_hp_per_floor":[72,72,68,68,58,6,2,23,23,23,13,7,4,4,25,25,77,63,63,63,63,51,0,0],"gold":181,"neow_bonus":"THREE_CARDS","is_daily":false,"chose_seed":false,"campfire_upgraded":0,"win_rate":0.0,"timestamp":1610477048,"path_taken":["M","?","?","?","?","E","M","R","T","?","M","M","?","M","R","BOSS","M","?","$","?","?","E"],"items_purchased_type":["Card","Relic","Card"],"build_version":"2020-12-22","purchased_purges":1,"victory":false,"max_hp_per_floor":[72,72,72,72,72,72,72,72,72,72,72,72,72,72,72,72,77,77,77,77,77,77,77,77],"relic_stats":{"counters":[12,56],"Shuriken":[7],"obtain_stats":[{"Runesmith:Nanobots":6,"Tiny House":17,"Shuriken":9,"Enchiridion":22,"DemoMod:GlassGuonStoneRelic":3,"PureWater":0,"TungstenRod":20},{"Runesmith:Nanobots":4,"Tiny House":10,"Shuriken":5,"Enchiridion":11,"DemoMod:GlassGuonStoneRelic":2,"PureWater":0,"TungstenRod":11},{"Runesmith:Nanobots":22,"Tiny House":48,"Shuriken":26,"Enchiridion":51,"DemoMod:GlassGuonStoneRelic":7,"PureWater":0,"TungstenRod":51}],"TungstenRod":9},"card_choices":[{"not_picked":["CutThroughFate","DeceiveReality"],"picked":"Study","floor":0},{"not_picked":["PathToVictory","Nirvana","EmptyMind"],"picked":"SKIP","floor":1},{"not_picked":["Crescendo","CutThroughFate"],"picked":"Sanctity","floor":3},{"not_picked":["Adaptation","FollowUp"],"picked":"Prostrate","floor":5},{"not_picked":["SashWhip","PathToVictory"],"picked":"MarkedMod:FirstStrike","floor":6},{"not_picked":["ThirdEye","ForeignInfluence","ClearTheMind"],"picked":"SKIP","floor":7},{"not_picked":["SandsOfTime","LikeWater"],"picked":"Consecrate","floor":11},{"not_picked":["Conclude","EmptyFist"],"picked":"FlurryOfBlows","floor":12},{"not_picked":["SandsOfTime","Protect"],"picked":"Wireheading","floor":13},{"not_picked":["Fasting2","Omniscience"],"picked":"Consecrate","floor":14},{"not_picked":["ConjureBlade","MasterReality"],"picked":"DevaForm","floor":16},{"not_picked":["CutThroughFate+1","BowlingBash"],"picked":"MarkedMod:FirstStrike+1","floor":18}],"player_experience":437316,"relics_obtained":[{"floor":6,"key":"Runesmith:Nanobots"},{"floor":9,"key":"Shuriken"},{"floor":22,"key":"Enchiridion"}],"event_choices":[{"damage_healed":0,"gold_gain":0,"cards_transformed":["Strike_P"],"player_choice":"Transformed","damage_taken":0,"max_hp_gain":0,"max_hp_loss":0,"event_name":"Transmorgrifier","floor":2,"gold_loss":0,"cards_obtained":["MarkedMod:OneThousandNeedles"]},{"damage_healed":0,"gold_gain":275,"player_choice":"Desecrate","damage_taken":0,"max_hp_gain":0,"max_hp_loss":0,"event_name":"Golden Shrine","floor":4,"gold_loss":0,"cards_obtained":["Regret"]},{"cards_removed":["Regret"],"damage_healed":0,"gold_gain":0,"player_choice":"Removed Curses","damage_taken":0,"max_hp_gain":0,"max_hp_loss":0,"event_name":"Fountain of Cleansing","floor":10,"gold_loss":0},{"damage_healed":0,"gold_gain":0,"player_choice":"Bought 0 Potions","damage_taken":0,"max_hp_gain":0,"max_hp_loss":0,"event_name":"The Woman in Blue","floor":19,"gold_loss":0},{"cards_removed":["Panache"],"damage_healed":0,"gold_gain":0,"player_choice":"Take \u0026 Give","damage_taken":0,"max_hp_gain":0,"max_hp_loss":0,"event_name":"betterNote:BetterNote","floor":21,"gold_loss":0,"cards_obtained":["Apotheosis"]},{"damage_healed":0,"gold_gain":0,"player_choice":"Obtained Book","damage_taken":16,"max_hp_gain":0,"max_hp_loss":0,"event_name":"Cursed Tome","floor":22,"gold_loss":0}],"is_beta":false,"boss_relics":[{"not_picked":["Velvet Choker","SacredBark"],"picked":"Tiny House"}],"items_purged_floors":[20],"is_endless":false,"potions_floor_spawned":[5,7,11,16,18],"killed_by":"theDuelist:KaibaA2","ascension_level":0}}