{"host":"iy58fyt9wsbv4cf1","time":1610414019,"event":{"mods":["BaseMod","Better Altar","Better Match","Better Skull","Better Third Choice","BetterRewards","Conspire","Custom Start","Defuse TimeMaze Blight","Hubris","Infinite Spire","Minty Spire (QoL Compilation)","Permanent Neow","Quick Restart","Spicy Shops","StSLib"],"gold_per_floor":[116,216,125,137,147,175,37,37,110,110,121,121,121,135,135,231,231,245,260,271,271,288,288,48,48,71,101,101,173,198,0,0,95,95,113,125,142,142,153,182,182,214,238,258,258,81,81,81,81,81,81,81,5,36,36],"floor_reached":56,"playtime":1186,"items_purged":["Strike_B","Strike_B","Strike_B","Strike_B","Defend_B","Defend_B"],"score":1643,"play_id":"ef230e3c-d1c0-4299-9608-26d2c6482e26","local_time":"20210111201339","is_ascension_mode":false,"campfire_choices":[{"floor":8.0,"key":"REST"},{"data":"Dualcast","floor":13.0,"key":"SMITH"},{"data":"Amplify","floor":15.0,"key":"SMITH"},{"data":"Amplify","floor":23.0,"key":"SMITH"},{"data":"Defragment","floor":25.0,"key":"SMITH"},{"data":"Biased Cognition","floor":32.0,"key":"SMITH"},{"data":"Seek","floor":45.0,"key":"SMITH"},{"floor":49.0,"key":"RECALL"},{"data":"White Noise","floor":52,"key":"SMITH"}],"circlet_count":0,"master_deck":["Defend_B","Defend_B","Zap","Dualcast+1","Storm+1","Biased Cognition+1","Amplify+1","hubris:PowerSurge","Amplify+1","BootSequence","hubris:PowerSurge","Biased Cognition","Conserve Battery","hubris:PowerSurge+1","hubris:Ukulele+1","Biased Cognition","Capacitor+1","Defragment+1","hubris:PowerSurge","Chill","Force Field","Seek+1","Heatsinks+1","White Noise+1","Storm+1"],"relics":["Cracked Core","Membership Card","hubris:BallOfYels","Runic Capacitor","Bag of Preparation","PreservedInsect","infinitespire:SolderingIron","hubris:RGBLights","infinitespire:Cupcake","infinitespire:CheckeredPen","Orrery","Tiny Chest","Darkstone Periapt","Boot","conspire:Dentures","Centennial Puzzle","conspire:SpecialSausage","Sundial","Anchor","SlaversCollar","Whetstone","Bag of Marbles","infinitespire:EmpoweringShard","DollysMirror"],"acts_visited":["Exordium","TheCity","TheBeyond","TheEnding"],"potions_floor_usage":[50,55],"damage_taken":[{"damage":8.0,"enemies":"Small Slimes","floor":1.0,"turns":2.0},{"damage":0.0,"enemies":"Cultist","floor":4.0,"turns":2.0},{"damage":0.0,"enemies":"2 Louse","floor":5.0,"turns":2.0},{"damage":6.0,"enemies":"Gremlin Nob","floor":6.0,"turns":3.0},{"damage":0.0,"enemies":"Blue Slaver","floor":11.0,"turns":1.0},{"damage":0.0,"enemies":"conspire:2 RoseBushes","floor":14.0,"turns":2.0},{"damage":0.0,"enemies":"Hexaghost","floor":16.0,"turns":2.0},{"damage":0.0,"enemies":"2 Thieves","floor":18.0,"turns":1.0},{"damage":0.0,"enemies":"conspire:FuzzyDice","floor":19.0,"turns":2.0},{"damage":0.0,"enemies":"Cultist and Chosen","floor":20.0,"turns":2.0},{"damage":0.0,"enemies":"Snecko","floor":22.0,"turns":2.0},{"damage":8.0,"enemies":"Slavers","floor":27.0,"turns":2.0},{"damage":0.0,"enemies":"Gremlin Leader","floor":30.0,"turns":2.0},{"damage":5.0,"enemies":"conspire:MysteriousRune","floor":33.0,"turns":3.0},{"damage":0.0,"enemies":"Orb Walker","floor":35.0,"turns":1.0},{"damage":0.0,"enemies":"3 Darklings","floor":36.0,"turns":1.0},{"damage":0.0,"enemies":"Writhing Mass","floor":37.0,"turns":2.0},{"damage":0.0,"enemies":"4 Shapes","floor":39.0,"turns":1.0},{"damage":0.0,"enemies":"Nightmare","floor":40.0,"turns":1.0},{"damage":0.0,"enemies":"Giant Head","floor":42.0,"turns":1.0},{"damage":0.0,"enemies":"Jaw Worm Horde","floor":44.0,"turns":2.0},{"damage":63,"enemies":"conspire:OrnateMirror","floor":50,"turns":2},{"damage":0,"enemies":"Shield and Spear","floor":54,"turns":2},{"damage":35,"enemies":"The Heart","floor":55,"turns":3}],"seed_played":"1226868987840346307","potions_obtained":[{"floor":4.0,"key":"LiquidBronze"},{"floor":14.0,"key":"DistilledChaos"},{"floor":16.0,"key":"FocusPotion"},{"floor":40.0,"key":"GamblersBrew"},{"floor":42.0,"key":"SteroidPotion"},{"floor":44.0,"key":"DistilledChaos"},{"floor":54,"key":"ColorlessPotion"}],"is_trial":false,"path_per_floor":["M","?","$","M","M","E","$","R","T","?","M","?","R","M","R","B",null,"M","M","M","AVR","M","R","$","R","T","E","?","T","E","$","R","B",null,"M","M","M","?","M","NM","AVR","E","T","M","R","$","T","?","R","B",null,"R","$","E","B",null],"character_chosen":"DEFECT","items_purchased":["Membership Card","Storm","hubris:BallOfYels","Biased Cognition","Amplify","Runic Capacitor","Bag of Preparation","hubris:PowerSurge","Amplify","BootSequence","Conserve Battery","infinitespire:SolderingIron","Biased Cognition","Orrery","Force Field","conspire:Dentures","Centennial Puzzle","White Noise","DollysMirror"],"campfire_rested":1,"item_purchase_floors":[0,0,0,0,0,0,0,0,0,3,7,7,24,24,31,31,31,46,53],"current_hp_per_floor":[20,20,20,20,20,14,14,36,36,36,36,61,61,61,61,61,75,75,75,75,75,75,75,75,75,75,67,67,67,67,67,67,62,75,75,75,75,75,75,75,75,75,75,75,75,75,75,75,75,12,75,75,75,75,40],"gold":36,"neow_bonus":"","is_daily":false,"chose_seed":false,"campfire_upgraded":7,"win_rate":0.0,"timestamp":1610414019,"path_taken":["M","?","$","?","?","E","$","R","T","?","M","?","R","M","R","BOSS","M","M","M","AVR","M","R","$","R","T","E","?","?","E","$","R","BOSS","M","M","M","?","M","NM","AVR","E","T","M","R","$","?","?","R","BOSS","R","$","E","BOSS"],"items_purchased_type":["Relic","Card","Relic","Card","Card","Relic","Relic","Card","Card","Card","Card","Relic","Card","Relic","Card","Relic","Relic","Card","Relic"],"build_version":"2020-12-22","purchased_purges":6,"victory":true,"max_hp_per_floor":[75,75,75,75,75,75,75,75,75,75,75,75,75,75,75,75,75,75,75,75,75,75,75,75,75,75,75,75,75,75,75,75,75,75,75,75,75,75,75,75,75,75,75,75,75,75,75,75,75,75,75,75,75,75,75],"card_choices":[{"not_picked":["Redo","Go for the Eyes","Barrage"],"picked":"SKIP","floor":1.0},{"not_picked":["FTL","Streamline","Rebound"],"picked":"SKIP","floor":4.0},{"not_picked":["Tempest","Undo"],"picked":"hubris:PowerSurge","floor":5.0},{"not_picked":["Fusion","Coolheaded"],"picked":"Biased Cognition","floor":6.0},{"not_picked":["Streamline","Turbo","Sweeping Beam"],"picked":"SKIP","floor":11.0},{"not_picked":["Blizzard","Scrape","Reinforced Body"],"picked":"SKIP","floor":14.0},{"not_picked":["Stack","Hologram","conspire:Rain+1"],"picked":"SKIP","floor":18.0},{"not_picked":["Redo+1","Cold Snap"],"picked":"hubris:PowerSurge+1","floor":19.0},{"not_picked":["Gash","conspire:Rain","Chaos"],"picked":"SKIP","floor":20.0},{"not_picked":["Go for the Eyes","Redo"],"picked":"hubris:Ukulele+1","floor":22.0},{"not_picked":["Recycle+1","Redo"],"picked":"Capacitor+1","floor":24.0},{"not_picked":["Barrage","Cold Snap"],"picked":"Defragment","floor":24.0},{"not_picked":["Go for the Eyes","Beam Cell"],"picked":"hubris:PowerSurge","floor":27.0},{"not_picked":["Hologram","Chill","Ball Lightning"],"picked":"SKIP","floor":30.0},{"not_picked":["Hyperbeam","Reboot"],"picked":"Seek","floor":33.0},{"not_picked":["Leap+1","Lockon+1","Blizzard+1"],"picked":"SKIP","floor":35.0},{"not_picked":["Turbo+1","Steam+1","Compile Driver"],"picked":"SKIP","floor":36.0},{"not_picked":["Redo+1","Double Energy","Sweeping Beam"],"picked":"SKIP","floor":37.0},{"not_picked":["Melter","Reinforced Body","Reprogram+1"],"picked":"SKIP","floor":39.0},{"not_picked":["BootSequence","Streamline+1"],"picked":"Heatsinks+1","floor":40.0},{"not_picked":["Meteor Strike","Consume","Ball Lightning+1"],"picked":"SKIP","floor":42.0},{"not_picked":["Go for the Eyes+1","Hologram+1","Ball Lightning+1"],"picked":"SKIP","floor":44.0},{"not_picked":["White Noise","Loop+1","Conserve Battery"],"picked":"SKIP","floor":54}],"player_experience":37696,"relics_obtained":[{"floor":6.0,"key":"PreservedInsect"},{"floor":9.0,"key":"hubris:RGBLights"},{"floor":26.0,"key":"Tiny Chest"},{"floor":27.0,"key":"Darkstone Periapt"},{"floor":30.0,"key":"Boot"},{"floor":40.0,"key":"Anchor"},{"floor":42.0,"key":"Whetstone"},{"floor":43.0,"key":"Bag of Marbles"},{"floor":47.0,"key":"infinitespire:EmpoweringShard"}],"event_choices":[{"damage_healed":0.0,"max_hp_gain":0.0,"max_hp_loss":0.0,"gold_gain":100.0,"event_name":"Golden Shrine","player_choice":"Pray","floor":2.0,"gold_loss":0.0,"damage_taken":0.0},{"damage_healed":0.0,"max_hp_gain":0.0,"max_hp_loss":0.0,"gold_gain":0.0,"event_name":"Living Wall","player_choice":"Grow","floor":10.0,"gold_loss":0.0,"damage_taken":0.0,"cards_upgraded":["Storm"]},{"damage_healed":25.0,"max_hp_gain":0.0,"max_hp_loss":0.0,"gold_gain":0.0,"event_name":"Big Fish","player_choice":"Banana","floor":12.0,"gold_loss":0.0,"damage_taken":0.0},{"damage_healed":0.0,"max_hp_gain":0.0,"max_hp_loss":0.0,"gold_gain":0.0,"event_name":"The Library","player_choice":"Read","floor":28.0,"gold_loss":0.0,"damage_taken":0.0,"cards_obtained":["Chill"]},{"damage_healed":0.0,"max_hp_gain":0.0,"max_hp_loss":0.0,"gold_gain":0.0,"event_name":"WeMeetAgain","player_choice":"Gave Potion","floor":38.0,"gold_loss":0.0,"damage_taken":0.0,"relics_obtained":["Sundial"]},{"damage_healed":0.0,"max_hp_gain":0.0,"max_hp_loss":0.0,"gold_gain":0.0,"event_name":"SensoryStone","player_choice":"Memory 1","floor":48.0,"gold_loss":0.0,"damage_taken":0.0}],"is_beta":false,"boss_relics":[{"not_picked":["conspire:SlowCooker","Runic Dome"],"picked":"infinitespire:Cupcake"},{"not_picked":["Sozu","Nuclear Battery"],"picked":"conspire:SpecialSausage"}],"items_purged_floors":[0,3,21,24,41,46],"is_endless":false,"potions_floor_spawned":[4,14,16,20,30,33,35,40,42,44,54],"ascension_level":0}}