{"host":"ooy9sn8qgs7oliwr","time":1610442452,"event":{"mods":["ATMod(阿瑾Mod)","Act Like it!","BaseMod","BetterRewards","Minty Spire (QoL Compilation)","Pale of the Ancients","Prisma Mod","Remilia_Scarlet Moed（蕾米莉亚・斯卡雷特）3.3.5","Replay The Spire","RumiaBox-露米娅的神秘盒子","StSLib","The Alterego","The Jungle","Yakumo Yukari mod","【遗物卡牌】REMEMod"],"gold_per_floor":[114,131,131,150,167,197,197,224,247,262,274,274,274,305,305,402,402,421,520,571,587,587,620,635,635,660,718,818,869,869,869],"floor_reached":30,"playtime":2326,"items_purged":[],"score":358,"play_id":"75780c44-d404-4f29-a28d-f4609081352f","local_time":"20210112170732","is_ascension_mode":false,"campfire_choices":[{"data":"RemiliaMod:CNLCSZL","floor":13.0,"key":"SMITH"},{"data":"RemiliaMod:CAattack","floor":15.0,"key":"SMITH"},{"data":"RemiliaMod:CAattack+1","floor":25,"key":"SMITH"}],"circlet_count":0,"master_deck":["RemiliaMod:Scratch","RemiliaMod:Scratch","RemiliaMod:Scratch","RemiliaMod:Defend+1","RemiliaMod:Defend","RemiliaMod:Defend","RemiliaMod:Defend","RemiliaMod:CNLCSZL+1","RemiliaMod:CAattack+2","AT_EssenceShift","PrismaMod:MiyuDefenseAbsorbMinor","RemiliaMod:CXXSJ","RemiliaMod:CJNXRFZ+1","RemiliaMod:CMABianfuzhen","RemiliaMod:CJNYSFZ","RemiliaMod:CFHGJ+1","RemiliaMod:CPYSNL","RemiliaMod:CPHwYb"],"relics":["RemiliaMod:RXiangDui","RemiliaMod:RFkXt","RemiliaMod:RWYXT","Juzu Bracelet","AT_ATBox","REME_ComplimentaryCards","NeowsBlessing","Question Card","Pet Ghost","Oddly Smooth Stone","Toy Ornithopter","Coffee Dripper","Mirror","Ginger","War Paint","AT_MibuBalloonWealth","Bottled Flame","Ancient Tea Set"],"acts_visited":["Exordium","TheCity"],"potions_floor_usage":[],"damage_taken":[{"damage":0.0,"enemies":"Cultist","floor":1.0,"turns":1.0},{"damage":0.0,"enemies":"2 Louse","floor":2.0,"turns":1.0},{"damage":0.0,"enemies":"Jaw Worm","floor":4.0,"turns":1.0},{"damage":10.0,"enemies":"Looter","floor":5.0,"turns":3.0},{"damage":38.0,"enemies":"Lagavulin","floor":6.0,"turns":6.0},{"damage":15.0,"enemies":"Gremlin Nob","floor":8.0,"turns":5.0},{"damage":12.0,"enemies":"Exordium Thugs","floor":10.0,"turns":3.0},{"damage":0.0,"enemies":"Blue Slaver","floor":11.0,"turns":4.0},{"damage":8.0,"enemies":"Lagavulin","floor":14.0,"turns":4.0},{"damage":0.0,"enemies":"Slime Boss","floor":16.0,"turns":6.0},{"damage":2.0,"enemies":"Shell Parasite","floor":18.0,"turns":3.0},{"damage":24.0,"enemies":"2 Thieves","floor":21.0,"turns":5.0},{"damage":23,"enemies":"Slavers","floor":23,"turns":5},{"damage":10,"enemies":"Centurion and Healer","floor":24,"turns":5},{"damage":31,"enemies":"REME_1_Revenger","floor":27,"turns":4},{"damage":19,"enemies":"Book of Stabbing","floor":29,"turns":4},{"damage":0,"enemies":"3 Cultists","floor":30,"turns":1}],"seed_played":"5118284635704528105","potions_obtained":[{"floor":2.0,"key":"LiquidBronze"},{"floor":3.0,"key":"PowerPotion"},{"floor":3.0,"key":"Doom Potion"},{"floor":4.0,"key":"Energy Potion"},{"floor":24,"key":"Reflective Coating"}],"is_trial":false,"path_per_floor":["M","M","?","M","M","E","?","E","T","M","M","?","R","E","R","B",null,"M","?","?","M","T","E","M","R","T","E","?","E","M"],"character_chosen":"Remilia_Scarlet_Modee","items_purchased":[],"campfire_rested":0,"item_purchase_floors":[],"current_hp_per_floor":[75,75,75,75,66,35,35,48,48,52,72,77,77,74,74,80,80,80,80,60,56,56,40,68,68,68,53,53,35,35,35],"gold":869,"neow_bonus":"THREE_ENEMY_KILL","is_daily":false,"chose_seed":false,"campfire_upgraded":3,"win_rate":0.0,"timestamp":1610442452,"path_taken":["M","M","?","M","M","E","?","E","T","M","M","?","R","E","R","BOSS","M","?","?","M","?","E","M","R","T","E","?","E","M"],"items_purchased_type":[],"build_version":"2020-12-22","purchased_purges":0,"victory":false,"max_hp_per_floor":[75,75,75,75,75,75,75,75,75,75,75,80,80,80,80,80,80,80,80,80,80,80,80,80,80,80,80,80,80,80,80],"card_choices":[{"not_picked":["RemiliaMod:CPFWZL","RemiliaMod:CJNLLFZ"],"picked":"RemiliaMod:CXXSJ","floor":1.0},{"not_picked":["RemiliaMod:CPQHZZ","RemiliaMod:CFPLL"],"picked":"RemiliaMod:CJNXRFZ","floor":2.0},{"not_picked":["RemiliaMod:CPXRNL","RemiliaMod:CFPDMJ"],"picked":"RemiliaMod:CMABianfuzhen","floor":4.0},{"not_picked":["RemiliaMod:CJDB","RemiliaMod:CPFWZL","RemiliaMod:CJNGSYD"],"picked":"SKIP","floor":5.0},{"not_picked":["RemiliaMod:CPQHZZ","RemiliaMod:CJNWYXD2"],"picked":"RemiliaMod:CJNYSFZ","floor":6.0},{"not_picked":["RemiliaMod:CFPMJ","RemiliaMod:CFxAttack","RemiliaMod:CJNMJFZ","RemiliaMod:CHQS"],"picked":"SKIP","floor":8.0},{"not_picked":["RemiliaMod:CJNWYXD2","RemiliaMod:CDB","RemiliaMod:CMPB","RemiliaMod:CD6B"],"picked":"SKIP","floor":10.0},{"not_picked":["RemiliaMod:CZXSJ","RemiliaMod:CPXRNL","RemiliaMod:CJNMJFZ"],"picked":"RemiliaMod:CPYSNL","floor":11.0},{"not_picked":["RemiliaMod:CMPA","RemiliaMod:CPJHZZ","RemiliaMod:CJNCJFJ","RemiliaMod:CPZQ"],"picked":"SKIP","floor":14.0},{"not_picked":["RemiliaMod:CPWYXD","RemiliaMod:CJNFWZL","RemiliaMod:CFx"],"picked":"RemiliaMod:CPHwYb","floor":16.0},{"not_picked":["RemiliaMod:CFPDMJ","RemiliaMod:CPFWZL+1","RemiliaMod:CJNLLFZ","RemiliaMod:CJNYSFZ"],"picked":"SKIP","floor":18.0},{"not_picked":["RemiliaMod:CPQHZZ","RemiliaMod:CMPB","RemiliaMod:CDB","RemiliaMod:CMABianfuzhen"],"picked":"SKIP","floor":21.0},{"not_picked":["RemiliaMod:CNLCSZL","RemiliaMod:CJNSJDF","RemiliaMod:CJDB","RemiliaMod:CMABianfuzhen"],"picked":"SKIP","floor":23},{"not_picked":["RemiliaMod:CJNSP+1","RemiliaMod:CJNLLFZ","RemiliaMod:CFPDMJ","RemiliaMod:CXXSJ"],"picked":"SKIP","floor":24},{"not_picked":["RemiliaMod:CD6B+1","RemiliaMod:CJNWYXD2","RemiliaMod:CDB+1","RemiliaMod:CJNXRFZ"],"picked":"SKIP","floor":27},{"not_picked":["RemiliaMod:CJNWYXD2","RemiliaMod:CPQHZZ","RemiliaMod:CDXSJ","RemiliaMod:CPJHZZ"],"picked":"SKIP","floor":29}],"player_experience":6120,"relics_obtained":[{"floor":6.0,"key":"Question Card"},{"floor":8.0,"key":"Pet Ghost"},{"floor":9.0,"key":"Oddly Smooth Stone"},{"floor":14.0,"key":"Toy Ornithopter"},{"floor":20.0,"key":"Mirror"},{"floor":22,"key":"Ginger"},{"floor":23,"key":"War Paint"},{"floor":26,"key":"AT_MibuBalloonWealth"},{"floor":27,"key":"Bottled Flame"},{"floor":29,"key":"Ancient Tea Set"}],"event_choices":[{"damage_healed":0.0,"max_hp_gain":0.0,"max_hp_loss":0.0,"gold_gain":0.0,"event_name":"Lab","player_choice":"Got Potions","floor":3.0,"gold_loss":0.0,"damage_taken":0.0},{"damage_healed":0.0,"max_hp_gain":5.0,"max_hp_loss":0.0,"gold_gain":0.0,"event_name":"Big Fish","player_choice":"Donut","floor":12.0,"gold_loss":0.0,"damage_taken":0.0},{"damage_healed":0.0,"max_hp_gain":0.0,"max_hp_loss":0.0,"gold_gain":99.0,"event_name":"Nest","player_choice":"Stole From Cult","floor":19.0,"gold_loss":0.0,"damage_taken":0.0},{"damage_healed":0,"gold_gain":100,"player_choice":"Pray","damage_taken":0,"max_hp_gain":0,"max_hp_loss":0,"event_name":"Golden Shrine","floor":28,"gold_loss":0}],"is_beta":false,"boss_relics":[{"not_picked":["ChewingGum","Replay:Ancient Bell"],"picked":"Coffee Dripper"}],"items_purged_floors":[],"is_endless":false,"potions_floor_spawned":[2,4,10,18,24],"killed_by":"3 Cultists","ascension_level":0}}