{"host":"zekcc3vicrep0och","time":1610448622,"event":{"mods":["AchievementEnabler","BaseMod","Colored Map","Colored Powertips","Displayed Cursed Tome","Highlight Path","Minty Spire (QoL Compilation)","Quick Restart","Relic Stats","StSLib","The Cursed"],"gold_per_floor":[115,115,132,143,161,188,199,199,276,276,249,45,45,58,58,136,136,150,169,216,38,38,38,50,84,84,84,110,124,124,139,139,213,213,232,232,243,263,263,293,293,319,319,319,319,319],"floor_reached":45,"playtime":1820,"items_purged":["Defend_R"],"score":1378,"play_id":"7641d208-165d-424f-a227-225cc4e3bb4f","local_time":"20210112135022","is_ascension_mode":true,"campfire_choices":[{"data":"Flex","floor":8.0,"key":"SMITH"},{"data":"Limit Break","floor":10.0,"key":"SMITH"},{"data":"Bash","floor":15.0,"key":"SMITH"},{"data":"Armaments","floor":23.0,"key":"SMITH"},{"floor":27.0,"key":"REST"},{"data":"Demon Form","floor":32.0,"key":"SMITH"},{"data":"Heavy Blade","floor":44.0,"key":"SMITH"}],"circlet_count":0,"master_deck":["AscendersBane","Strike_R","Strike_R","Defend_R","Defend_R","Defend_R","Bash+1","Limit Break+1","Flame Barrier+1","Anger","Dropkick","Ghostly Armor","Flex+1","Battle Trance","Heavy Blade+1","Headbutt","Immolate","Armaments+1","Demon Form+1","Sword Boomerang","Whirlwind","Feed","Shrug It Off+1","Carnage"],"relics":["Black Blood","Thread and Needle","Self Forming Clay","FaceOfCleric","Snecko Eye","Red Skull","Ginger","Kunai","Toy Ornithopter","Potion Belt","Charon\u0027s Ashes","Gremlin Horn"],"acts_visited":["Exordium","TheCity","TheBeyond"],"potions_floor_usage":[45],"damage_taken":[{"damage":14.0,"enemies":"Small Slimes","floor":1.0,"turns":4.0},{"damage":4.0,"enemies":"Jaw Worm","floor":3.0,"turns":5.0},{"damage":12.0,"enemies":"Cultist","floor":4.0,"turns":4.0},{"damage":20.0,"enemies":"Red Slaver","floor":5.0,"turns":5.0},{"damage":31.0,"enemies":"Gremlin Nob","floor":6.0,"turns":4.0},{"damage":0.0,"enemies":"3 Louse","floor":7.0,"turns":4.0},{"damage":2.0,"enemies":"Exordium Thugs","floor":11.0,"turns":4.0},{"damage":7.0,"enemies":"2 Fungi Beasts","floor":14.0,"turns":3.0},{"damage":7.0,"enemies":"The Guardian","floor":16.0,"turns":9.0},{"damage":0.0,"enemies":"Spheric Guardian","floor":18.0,"turns":2.0},{"damage":0.0,"enemies":"Chosen","floor":19.0,"turns":2.0},{"damage":14.0,"enemies":"Shelled Parasite and Fungi","floor":24.0,"turns":4.0},{"damage":37.0,"enemies":"Slavers","floor":25.0,"turns":4.0},{"damage":24.0,"enemies":"Gremlin Leader","floor":28.0,"turns":6.0},{"damage":5.0,"enemies":"3 Cultists","floor":29.0,"turns":4.0},{"damage":0.0,"enemies":"Book of Stabbing","floor":30.0,"turns":1.0},{"damage":15.0,"enemies":"Sentry and Sphere","floor":31.0,"turns":5.0},{"damage":15.0,"enemies":"Collector","floor":33.0,"turns":6.0},{"damage":34.0,"enemies":"3 Darklings","floor":35.0,"turns":5.0},{"damage":20.0,"enemies":"Orb Walker","floor":37.0,"turns":5.0},{"damage":15.0,"enemies":"4 Shapes","floor":38.0,"turns":5.0},{"damage":0.0,"enemies":"Maw","floor":39.0,"turns":1.0},{"damage":9.0,"enemies":"Giant Head","floor":40.0,"turns":4.0},{"damage":17.0,"enemies":"Reptomancer","floor":42.0,"turns":5.0},{"damage":104,"enemies":"Giant Head","floor":45,"turns":7}],"seed_played":"-7039953014938471471","potions_obtained":[{"floor":1.0,"key":"Regen Potion"},{"floor":3.0,"key":"EntropicBrew"},{"floor":6.0,"key":"Ancient Potion"},{"floor":18.0,"key":"SmokeBomb"},{"floor":29.0,"key":"SteroidPotion"},{"floor":33.0,"key":"Swift Potion"},{"floor":35.0,"key":"SmokeBomb"},{"floor":38.0,"key":"Strength Potion"},{"floor":40.0,"key":"DistilledChaos"},{"floor":42.0,"key":"HeartOfIron"}],"is_trial":false,"path_per_floor":["M","?","M","M","M","E","M","R","T","R","M","$","?","M","R","B",null,"M","M","T","$","?","R","M","E","T","R","E","M","E","M","R","B",null,"M","?","M","M","M","E","?","E","T","R","E"],"character_chosen":"IRONCLAD","items_purchased":["Battle Trance","Heavy Blade","Demon Form","Sword Boomerang"],"campfire_rested":1,"item_purchase_floors":[12,12,21,21],"current_hp_per_floor":[60,53,55,49,49,24,30,30,30,30,34,34,34,34,34,34,66,73,79,79,79,79,79,72,42,42,66,49,54,66,58,58,55,81,65,65,58,59,77,86,86,87,87,87,0,0],"gold":319,"neow_bonus":"ONE_RANDOM_RARE_CARD","is_daily":false,"chose_seed":false,"campfire_upgraded":6,"win_rate":0.0,"timestamp":1610448622,"path_taken":["M","?","M","M","M","E","M","R","T","R","M","$","?","M","R","BOSS","M","?","?","$","?","R","M","E","T","R","E","?","E","M","R","BOSS","M","?","M","M","?","E","?","E","T","R","E"],"items_purchased_type":["Card","Card","Card","Card"],"build_version":"2020-12-22","purchased_purges":1,"victory":false,"max_hp_per_floor":[75,75,75,75,75,75,75,75,75,75,75,75,75,76,76,77,77,78,79,79,79,79,79,80,81,81,81,82,86,87,88,88,89,89,90,90,91,95,96,97,97,98,98,98,98,98],"relic_stats":{"FaceOfCleric":17,"Gremlin Horn":[0,0],"counters":[25,108],"Self Forming Clay":[96],"Black Blood":179,"Snecko Eye":[112,114,117,107],"Charon\u0027s Ashes":[9],"Ginger":[7],"Kunai":[14],"obtain_stats":[{"Potion Belt":40,"Gremlin Horn":43,"Self Forming Clay":9,"Black Blood":34,"Thread and Needle":6,"Charon\u0027s Ashes":42,"Ginger":25,"Burning Blood":0,"FaceOfCleric":13,"Snecko Eye":17,"Kunai":26,"Red Skull":20,"Toy Ornithopter":28},{"Potion Belt":23,"Gremlin Horn":24,"Self Forming Clay":6,"Black Blood":18,"Thread and Needle":5,"Charon\u0027s Ashes":24,"Ginger":13,"Burning Blood":0,"FaceOfCleric":7,"Snecko Eye":9,"Kunai":13,"Red Skull":11,"Toy Ornithopter":14},{"Potion Belt":96,"Gremlin Horn":101,"Self Forming Clay":26,"Black Blood":76,"Thread and Needle":22,"Charon\u0027s Ashes":101,"Ginger":54,"Burning Blood":0,"FaceOfCleric":30,"Snecko Eye":42,"Kunai":54,"Red Skull":46,"Toy Ornithopter":60}],"Toy Ornithopter":35},"card_choices":[{"not_picked":["Reckless Charge","Shrug It Off"],"picked":"Flame Barrier","floor":1.0},{"not_picked":["Pommel Strike","Clash"],"picked":"Anger","floor":3.0},{"not_picked":["Heavy Blade","Battle Trance"],"picked":"Dropkick","floor":4.0},{"not_picked":["Havoc","Iron Wave"],"picked":"Ghostly Armor","floor":5.0},{"not_picked":["Dual Wield","Wild Strike","Perfected Strike"],"picked":"SKIP","floor":6.0},{"not_picked":["True Grit","Barricade"],"picked":"Flex","floor":7.0},{"not_picked":["Anger","Clash","Searing Blow"],"picked":"SKIP","floor":11.0},{"not_picked":["Clash","Flex"],"picked":"Headbutt","floor":14.0},{"not_picked":["Fiend Fire","Impervious"],"picked":"Immolate","floor":16.0},{"not_picked":["Clothesline+1","Twin Strike"],"picked":"Armaments","floor":18.0},{"not_picked":["Iron Wave","Thunderclap","Dual Wield"],"picked":"SKIP","floor":19.0},{"not_picked":["Combust","Perfected Strike"],"picked":"Whirlwind","floor":24.0},{"not_picked":["Fire Breathing","Burning Pact","Anger"],"picked":"SKIP","floor":25.0},{"not_picked":["Infernal Blade","Pommel Strike"],"picked":"Feed","floor":28.0},{"not_picked":["Spot Weakness","Wild Strike","Iron Wave"],"picked":"SKIP","floor":29.0},{"not_picked":["Clothesline","Bloodletting"],"picked":"Shrug It Off+1","floor":31.0},{"not_picked":["Iron Wave","Fire Breathing+1","Thunderclap"],"picked":"SKIP","floor":35.0},{"not_picked":["Headbutt+1","Heavy Blade+1","Blood for Blood"],"picked":"SKIP","floor":37.0},{"not_picked":["Body Slam","Dark Embrace","Searing Blow+1"],"picked":"SKIP","floor":38.0},{"not_picked":["Clothesline","Cleave"],"picked":"Carnage","floor":40.0},{"not_picked":["Ghostly Armor","Perfected Strike+1","Dropkick"],"picked":"SKIP","floor":42.0}],"player_experience":514404,"relics_obtained":[{"floor":6.0,"key":"Thread and Needle"},{"floor":9.0,"key":"Self Forming Clay"},{"floor":20.0,"key":"Red Skull"},{"floor":25.0,"key":"Ginger"},{"floor":26.0,"key":"Kunai"},{"floor":28.0,"key":"Toy Ornithopter"},{"floor":40.0,"key":"Potion Belt"},{"floor":42.0,"key":"Charon\u0027s Ashes"},{"floor":43.0,"key":"Gremlin Horn"}],"event_choices":[{"cards_removed":["Strike_R"],"damage_healed":0.0,"max_hp_gain":0.0,"max_hp_loss":0.0,"gold_gain":0.0,"event_name":"Golden Wing","player_choice":"Card Removal","floor":2.0,"gold_loss":0.0,"damage_taken":7.0},{"damage_healed":0.0,"max_hp_gain":0.0,"max_hp_loss":0.0,"gold_gain":0.0,"event_name":"FaceTrader","player_choice":"Trade","floor":13.0,"gold_loss":0.0,"damage_taken":0.0,"relics_obtained":["FaceOfCleric"]},{"cards_removed":["Strike_R"],"damage_healed":0.0,"max_hp_gain":0.0,"max_hp_loss":0.0,"gold_gain":0.0,"event_name":"Bonfire Elementals","player_choice":"Offered Basic","floor":22.0,"gold_loss":0.0,"damage_taken":0.0},{"damage_healed":0.0,"max_hp_gain":0.0,"max_hp_loss":0.0,"gold_gain":0.0,"event_name":"Upgrade Shrine","player_choice":"Upgraded","floor":36.0,"gold_loss":0.0,"damage_taken":0.0,"cards_upgraded":["Flame Barrier"]},{"cards_removed":["Strike_R"],"damage_healed":0.0,"max_hp_gain":0.0,"max_hp_loss":0.0,"gold_gain":0.0,"event_name":"Falling","player_choice":"Removed Attack","floor":41.0,"gold_loss":0.0,"damage_taken":0.0}],"is_beta":false,"boss_relics":[{"not_picked":["Ectoplasm","Pandora\u0027s Box"],"picked":"Snecko Eye"},{"not_picked":["Sozu","Coffee Dripper"],"picked":"Black Blood"}],"items_purged_floors":[12],"is_endless":false,"potions_floor_spawned":[1,3,6,18,29,33,35,38,40,42],"killed_by":"Giant Head","ascension_level":18}}