{"host":"0qlrtuw7bw78ucw4","time":1610456822,"event":{"mods":["BaseMod","Downfall","Minty Spire (QoL Compilation)","StSLib"],"gold_per_floor":[99,119,119,130,130,156,156,182,199,217,317,317,331,62,77,151,151,76,94,105,15,115,145,145,70,170,199,215,79,113,113,130,209,209,134,147,160,9,9,43,43,78,78,78,78,107,107,136,149,149,149,175,23,23,23],"floor_reached":56,"playtime":9093,"items_purged":["Guardian:Strike_Guardian","Guardian:Defend_Guardian"],"score":2333,"play_id":"d3561002-a399-4b39-a864-580f613d90d5","local_time":"20210113000702","is_ascension_mode":true,"campfire_choices":[{"data":"expansioncontent:BronzeBeam","floor":1,"key":"SMITH"},{"floor":18,"key":"RECALL"},{"floor":25,"key":"REST"}],"circlet_count":0,"master_deck":["AscendersBane","Guardian:Defend_Guardian","Guardian:Defend_Guardian","Guardian:Defend_Guardian","Guardian:CurlUp","Guardian:TwinSlam","expansioncontent:BronzeBeam+1","Guardian:PrismaticBarrier","Guardian:CrystalBeam","Guardian:BronzeArmor","Guardian:PiercingHide","Guardian:SentryBeam","Guardian:BaubleBeam+1","Guardian:PrimingBeam+1","Guardian:BaubleBeam+1","Guardian:GemFire+1","Guardian:Harden","Guardian:CompilePackage","Guardian:ArmoredProtocol","Guardian:ArmoredProtocol","Guardian:AncientConstruct","Guardian:PolyBeam+1","Guardian:MultiBeam+1","Guardian:AncientConstruct","Guardian:EvasiveProtocol","Guardian:EvasiveProtocol+1","Guardian:Harden+1","Guardian:AncientConstruct"],"relics":["Guardian:ModeShifter","PreservedInsect","TungstenRod","Orichalcum","Molten Egg 2","Fusion Hammer","downfall:HeartBlessingBlue","MutagenicStrength","Bottled Flame","Nunchaku","downfall:HeartBlessingRed","StoneCalendar","Eternal Feather","Omamori","Lantern","Lee\u0027s Waffle","WingedGreaves","Coffee Dripper","downfall:HeartBlessingGreen","Prayer Wheel","Toxic Egg 2","Vajra","Sundial","Meat on the Bone","Ornamental Fan"],"acts_visited":["Exordium","TheCity","TheBeyond","TheEnding"],"potions_floor_usage":[8,16,16,26,26,29,30,42,48,55],"damage_taken":[{"damage":0,"enemies":"2 Louse","floor":2,"turns":3},{"damage":0,"enemies":"Jaw Worm","floor":4,"turns":4},{"damage":12,"enemies":"Gremlin Nob","floor":6,"turns":5},{"damage":21,"enemies":"Lagavulin","floor":8,"turns":7},{"damage":3,"enemies":"Cultist","floor":9,"turns":4},{"damage":14,"enemies":"Large Slime","floor":10,"turns":9},{"damage":1,"enemies":"3 Louse","floor":13,"turns":3},{"damage":0,"enemies":"downfall:FleeingMerchant","floor":14,"turns":4},{"damage":0,"enemies":"Blue Slaver","floor":15,"turns":4},{"damage":17,"enemies":"downfall:Silent","floor":16,"turns":28},{"damage":0,"enemies":"Chosen","floor":19,"turns":5},{"damage":15,"enemies":"Snake Plant","floor":20,"turns":4},{"damage":0,"enemies":"downfall:FleeingMerchant","floor":21,"turns":4},{"damage":14,"enemies":"downfall:Augmenter","floor":22,"turns":6},{"damage":0,"enemies":"Book of Stabbing","floor":23,"turns":4},{"damage":0,"enemies":"Colosseum Nobs","floor":26,"turns":3},{"damage":0,"enemies":"Slavers","floor":27,"turns":4},{"damage":0,"enemies":"Shelled Parasite and Fungi","floor":28,"turns":3},{"damage":0,"enemies":"downfall:FleeingMerchant","floor":29,"turns":4},{"damage":0,"enemies":"Book of Stabbing","floor":30,"turns":3},{"damage":0,"enemies":"Cultist and Chosen","floor":32,"turns":3},{"damage":15,"enemies":"downfall:Watcher","floor":33,"turns":10},{"damage":13,"enemies":"3 Darklings","floor":36,"turns":4},{"damage":0,"enemies":"Orb Walker","floor":37,"turns":2},{"damage":22,"enemies":"Reptomancer","floor":40,"turns":4},{"damage":24,"enemies":"Nemesis","floor":42,"turns":5},{"damage":0,"enemies":"Giant Head","floor":46,"turns":4},{"damage":0,"enemies":"Reptomancer","floor":48,"turns":4},{"damage":0,"enemies":"4 Shapes","floor":49,"turns":2},{"damage":0,"enemies":"downfall:Defect","floor":50,"turns":6},{"damage":18,"enemies":"downfall:CharBossMerchant","floor":52,"turns":7},{"damage":25,"enemies":"downfall:NeowBoss","floor":55,"turns":22}],"seed_played":"7482654538246547020","potions_obtained":[{"floor":4,"key":"SteroidPotion"},{"floor":8,"key":"SteroidPotion"},{"floor":9,"key":"EntropicBrew"},{"floor":15,"key":"AttackPotion"},{"floor":23,"key":"Guardian:DefensiveModePotion"},{"floor":26,"key":"Slimebound:ThreeZeroPotion"},{"floor":27,"key":"Block Potion"},{"floor":28,"key":"ColorlessPotion"},{"floor":33,"key":"SteroidPotion"},{"floor":40,"key":"ColorlessPotion"},{"floor":46,"key":"AttackPotion"},{"floor":48,"key":"LiquidMemories"}],"is_trial":false,"path_per_floor":["R","M","?","M","?","E","T","E","M","M","?","T","M","$","M","B",null,"R","M","M","$","?","E","T","R","?","E","M","$","E","$","M","B",null,"R","M","M","$","?","E","T","E","$","R","?","E","R","E","M","B",null,"E","$","R","B",null],"character_chosen":"GUARDIAN","items_purchased":["Molten Egg 2","Lantern","Guardian:PolyBeam+1","Lee\u0027s Waffle","Guardian:Gem_Orange","Guardian:AncientConstruct"],"campfire_rested":1,"item_purchase_floors":[14,29,29,29,38,53],"current_hp_per_floor":[65,65,65,65,70,58,58,37,34,20,20,20,19,19,19,2,58,68,68,53,53,39,39,39,65,65,65,65,94,94,94,94,79,90,94,81,81,81,81,59,59,35,35,50,50,50,65,65,65,65,87,69,69,84,59],"gold":23,"neow_bonus":"RANDOM_COLORLESS","is_daily":false,"chose_seed":false,"campfire_upgraded":1,"win_rate":0.0,"timestamp":1610456822,"path_taken":["R","M","?","M","?","E","T","E","?","M","?","?","M","?","M","BOSS","R","M","M","?","?","E","T","R","?","E","M","?","E","$","M","BOSS","R","M","M","$","?","E","T","E","$","R","?","E","R","E","M","BOSS","E","$","R","BOSS"],"items_purchased_type":["Relic","Relic","Card","Relic","Card","Card"],"build_version":"2020-12-22","purchased_purges":2,"victory":true,"max_hp_per_floor":[72,72,72,72,77,77,77,77,77,77,77,77,77,77,77,77,77,87,87,87,87,87,87,87,87,87,87,87,94,94,94,94,94,94,94,94,94,94,94,94,94,94,94,94,94,94,94,94,94,94,94,94,94,94,94],"card_choices":[{"not_picked":["Blind","Impatience"],"picked":"expansioncontent:BronzeBeam","floor":0},{"not_picked":["Guardian:WalkerClaw","Guardian:Gem_Red"],"picked":"Guardian:Gem_Blue","floor":2},{"not_picked":["Guardian:Suspension","Guardian:Gem_Blue"],"picked":"Guardian:PrismaticBarrier","floor":4},{"not_picked":["Guardian:TemporalShield","Guardian:ChargeCore"],"picked":"Guardian:Gem_Red","floor":6},{"not_picked":["Guardian:Emergency","Guardian:TemporalShield"],"picked":"Guardian:TimeCapacitor","floor":8},{"not_picked":["Guardian:SpikerProtocol","Guardian:PiercingHide"],"picked":"Guardian:CrystalBeam","floor":9},{"not_picked":["Guardian:Gem_Lightblue","Guardian:ChargeCore"],"picked":"Guardian:BronzeArmor","floor":10},{"not_picked":["Guardian:CrystalBeam","Guardian:Gem_Lightblue"],"picked":"Guardian:PiercingHide","floor":13},{"not_picked":["Guardian:TemporalStrike","Guardian:Recover"],"picked":"Guardian:SentryBeam","floor":14},{"not_picked":["Guardian:TemporalShield","Guardian:ChargeUp"],"picked":"Guardian:Gem_White","floor":15},{"not_picked":["Guardian:SphericShield","Guardian:RevengeProtocol"],"picked":"Guardian:BaubleBeam+1","floor":16},{"not_picked":["Guardian:Recover","Guardian:RefractedBeam+1"],"picked":"Guardian:PrimingBeam+1","floor":19},{"not_picked":["Guardian:Planning","Guardian:Incinerate+1"],"picked":"Guardian:Gem_Green","floor":20},{"not_picked":["Guardian:WalkerClaw+1","Guardian:GuardianWhirl+1"],"picked":"Guardian:BaubleBeam+1","floor":21},{"not_picked":["Guardian:RollAttack+1","Guardian:Gem_Cyan"],"picked":"Guardian:CompilePackage","floor":23},{"not_picked":["Guardian:Gem_Blue","Guardian:CrystalBeam+1"],"picked":"Guardian:Gem_Lightblue","floor":26},{"not_picked":["Guardian:PiercingHide","Guardian:Incinerate+1"],"picked":"Guardian:ArmoredProtocol","floor":27},{"not_picked":["Guardian:Harden+1","Guardian:Suspension"],"picked":"Guardian:ArmoredProtocol","floor":28},{"not_picked":["Guardian:ChargeCore+1","Guardian:RollAttack+1"],"picked":"Guardian:AncientConstruct","floor":29},{"not_picked":["Guardian:TemporalStrike+1","Guardian:PiercingHide"],"picked":"Guardian:MultiBeam+1","floor":30},{"not_picked":["Guardian:BronzeOrb+1","Guardian:SentryBeam+1","Guardian:WalkerClaw+1"],"picked":"SKIP","floor":32},{"not_picked":["Guardian:ConstructionForm","Guardian:GemFire+1"],"picked":"Guardian:AncientConstruct","floor":33},{"not_picked":["Guardian:ShieldCharger+1","Guardian:TemporalShield+1","Guardian:Suspension"],"picked":"SKIP","floor":36},{"not_picked":["Guardian:FloatingOrbs","Guardian:CrystalBeam+1"],"picked":"Guardian:Gem_Red","floor":37},{"not_picked":["Guardian:PrimingBeam+1","Guardian:Suspension","Guardian:Reroute+1"],"picked":"SKIP","floor":40},{"not_picked":["Guardian:Gem_Yellow","Guardian:DonusPower+1"],"picked":"Guardian:Gem_Red","floor":42},{"not_picked":["Guardian:Gem_Purple","Guardian:CrystalBeam+1"],"picked":"Guardian:EvasiveProtocol","floor":46},{"not_picked":["Guardian:Gem_Cyan","Guardian:Gem_Red"],"picked":"Guardian:EvasiveProtocol+1","floor":48},{"not_picked":["Guardian:TimeBomb+1","Guardian:CrystalBeam+1"],"picked":"Guardian:Harden+1","floor":49},{"not_picked":["Guardian:GemFire+1","Guardian:Suspension+1","Guardian:VentSteam+1"],"picked":"SKIP","floor":49},{"not_picked":["Guardian:PrismaticBeam+1","Guardian:BaubleBeam+1","Guardian:PolyBeam+1"],"picked":"SKIP","floor":52}],"player_experience":805355,"relics_obtained":[{"floor":6,"key":"PreservedInsect"},{"floor":7,"key":"TungstenRod"},{"floor":8,"key":"Orichalcum"},{"floor":22,"key":"MutagenicStrength"},{"floor":23,"key":"Bottled Flame"},{"floor":24,"key":"Nunchaku"},{"floor":26,"key":"StoneCalendar"},{"floor":26,"key":"Eternal Feather"},{"floor":27,"key":"Omamori"},{"floor":30,"key":"WingedGreaves"},{"floor":40,"key":"Prayer Wheel"},{"floor":41,"key":"Toxic Egg 2"},{"floor":42,"key":"Vajra"},{"floor":46,"key":"Sundial"},{"floor":48,"key":"Meat on the Bone"},{"floor":52,"key":"Ornamental Fan"}],"event_choices":[{"cards_removed":["Guardian:Strike_Guardian"],"damage_healed":0,"gold_gain":0,"player_choice":"Card Removal","damage_taken":0,"max_hp_gain":0,"max_hp_loss":0,"event_name":"The Cleric","floor":3,"gold_loss":0},{"damage_healed":0,"gold_gain":0,"player_choice":"Donut","damage_taken":0,"max_hp_gain":5,"max_hp_loss":0,"event_name":"Big Fish","floor":5,"gold_loss":0},{"cards_removed":["Guardian:TimeCapacitor"],"damage_healed":0,"gold_gain":0,"player_choice":"Purged","damage_taken":0,"max_hp_gain":0,"max_hp_loss":0,"event_name":"Purifier","floor":45,"gold_loss":0}],"is_beta":false,"boss_relics":[{"not_picked":["Runic Pyramid","Cursed Key"],"picked":"Fusion Hammer"},{"not_picked":["Calling Bell","Runic Dome"],"picked":"Coffee Dripper"}],"items_purged_floors":[21,29],"is_endless":false,"potions_floor_spawned":[4,8,9,15,22,23,26,27,28,33,40,46,48,49],"ascension_level":14}}