{"host":"p9t7qd83igtcp2bh","time":1610414124,"event":{"mods":["2.2 Compatiblity","AchievementEnabler","BaseMod","Colored Map","Colored Powertips","Custom Start","DeckTracker","Keyboard Shortcuts","Minty Spire (QoL Compilation)","Permanent Neow","StSLib","SuperFastMode","everything is the same but u backflip on backflip"],"gold_per_floor":[156,156,156,24,63,147,336,411,411,513,0,54,111,11,11,227,227,281,329,380,23,23,119,119,209,209,311,341,341,446,133,133,367,367,412,64,97,127,202,295,376,463,488,572,623,683,776,836,836,836,836,836,836,481,568,568],"floor_reached":57,"playtime":1942,"items_purged":["Defend_R","Defend_R","Strike_R","Strike_R","Defend_R"],"score":3746,"play_id":"28fe809b-5888-46bd-82fc-338dfb6b8756","local_time":"20210112101524","daily_mods":["Heirloom","Elite Swarm","Midas"],"is_ascension_mode":true,"campfire_choices":[{"floor":15,"key":"REST"},{"floor":24,"key":"REST"},{"data":"Double Tap","floor":29,"key":"PURGE"},{"floor":32,"key":"REST"},{"floor":49,"key":"RECALL"},{"data":"Strike_R","floor":53,"key":"PURGE"}],"circlet_count":0,"master_deck":["Defend_R","Bash+1","Strike_R","Inflame","Heavy Blade","Limit Break","Shrug It Off","Offering","Impervious","Dual Wield","Pummel","Barricade","Second Wind","Reaper","Offering+1","Limit Break","Heavy Blade","Reaper","Apotheosis","Evolve+1","Master of Strategy","Reaper","Offering","Impervious+1","Reaper","Seeing Red","Demon Form+1"],"relics":["Burning Blood","Charon\u0027s Ashes","Nuclear Battery","Fusion Hammer","Eternal Feather","Dream Catcher","Boot","Shuriken","Bottled Lightning","Strawberry","ClockworkSouvenir","Fusion Hammer","Membership Card","Ornamental Fan","WingedGreaves","Peace Pipe","Pen Nib","Frozen Egg 2","Blood Vial","HornCleat","Coffee Dripper","Lee\u0027s Waffle","Thread and Needle","StoneCalendar","StrikeDummy","Juzu Bracelet","Pear","Potion Belt","Shovel","Bronze Scales","War Paint","Cauldron","Happy Flower"],"acts_visited":["Exordium","TheCity","TheBeyond","TheEnding"],"potions_floor_usage":[56,56,56,56],"damage_taken":[{"damage":5.0,"enemies":"Small Slimes","floor":1.0,"turns":3.0},{"damage":2.0,"enemies":"Jaw Worm","floor":5.0,"turns":2.0},{"damage":25.0,"enemies":"3 Sentries","floor":6.0,"turns":5.0},{"damage":31.0,"enemies":"Lagavulin Event","floor":7.0,"turns":4.0},{"damage":19.0,"enemies":"Lagavulin","floor":8.0,"turns":6.0},{"damage":6.0,"enemies":"Gremlin Nob","floor":10.0,"turns":2.0},{"damage":0.0,"enemies":"2 Louse","floor":12.0,"turns":2.0},{"damage":6.0,"enemies":"Blue Slaver","floor":13.0,"turns":2.0},{"damage":14,"enemies":"Hexaghost","floor":16,"turns":6},{"damage":6,"enemies":"Chosen","floor":18,"turns":3},{"damage":17,"enemies":"2 Thieves","floor":19,"turns":2},{"damage":11,"enemies":"Snecko","floor":20,"turns":3},{"damage":40,"enemies":"Book of Stabbing","floor":23,"turns":5},{"damage":19,"enemies":"Slavers","floor":25,"turns":3},{"damage":12,"enemies":"Gremlin Leader","floor":27,"turns":4},{"damage":27,"enemies":"Snake Plant","floor":28,"turns":3},{"damage":28,"enemies":"Slavers","floor":30,"turns":4},{"damage":12,"enemies":"Champ","floor":33,"turns":4},{"damage":6,"enemies":"Orb Walker","floor":35,"turns":3},{"damage":26,"enemies":"3 Darklings","floor":37,"turns":2},{"damage":12,"enemies":"Writhing Mass","floor":38,"turns":4},{"damage":12,"enemies":"Mind Bloom Boss Battle","floor":39,"turns":4},{"damage":23,"enemies":"Nemesis","floor":40,"turns":5},{"damage":19,"enemies":"Giant Head","floor":41,"turns":3},{"damage":58,"enemies":"Reptomancer","floor":42,"turns":4},{"damage":18,"enemies":"Nemesis","floor":44,"turns":5},{"damage":12,"enemies":"Jaw Worm Horde","floor":45,"turns":3},{"damage":18,"enemies":"Spire Growth","floor":46,"turns":3},{"damage":44,"enemies":"Giant Head","floor":47,"turns":6},{"damage":34,"enemies":"3 Darklings","floor":48,"turns":3},{"damage":18,"enemies":"Donu and Deca","floor":50,"turns":5},{"damage":12,"enemies":"Time Eater","floor":51,"turns":6},{"damage":18,"enemies":"Shield and Spear","floor":55,"turns":4},{"damage":55,"enemies":"The Heart","floor":56,"turns":6}],"seed_played":"-7371338420971460651","potions_obtained":[{"floor":1.0,"key":"PowerPotion"},{"floor":7.0,"key":"LiquidMemories"},{"floor":16,"key":"LiquidBronze"},{"floor":20,"key":"BlessingOfTheForge"},{"floor":30,"key":"DistilledChaos"},{"floor":45,"key":"Strength Potion"},{"floor":47,"key":"DistilledChaos"},{"floor":54,"key":"CultistPotion"},{"floor":54,"key":"Strength Potion"},{"floor":54,"key":"PowerPotion"}],"is_trial":true,"path_per_floor":["M","?","?","$","M","E","?","E","T","E","$","M","M","$","R","B",null,"M","M","M","$","?","E","R","E","T","E","M","R","E","$","R","B",null,"M","$","M","M","?","E","E","E","T","E","M","M","E","M","R","B","B",null,"R","$","E","B",null],"character_chosen":"IRONCLAD","items_purchased":["Heavy Blade","Strawberry","ClockworkSouvenir","Impervious","Membership Card","Ornamental Fan","Apotheosis","HornCleat","Master of Strategy","Lee\u0027s Waffle","Thread and Needle","Bronze Scales","War Paint","Cauldron","Seeing Red"],"campfire_rested":3,"item_purchase_floors":[4,11,11,11,21,21,31,31,36,36,36,54,54,54,54],"current_hp_per_floor":[69,69,69,69,73,54,29,16,16,16,23,29,29,29,62,54,75,75,64,59,59,59,25,58,75,75,69,48,60,38,38,74,70,79,81,89,75,78,89,89,76,59,59,93,99,99,99,99,99,99,99,99,99,99,99,99],"gold":568,"neow_bonus":"","is_daily":false,"chose_seed":false,"campfire_upgraded":0,"win_rate":0.0,"timestamp":1610414124,"path_taken":["M","?","?","$","M","E","?","E","T","E","$","M","M","?","R","BOSS","M","M","M","$","?","E","R","E","T","E","M","R","E","$","R","BOSS","M","$","M","M","?","E","E","E","T","E","M","M","E","M","R","BOSS","BOSS","R","$","E","BOSS"],"items_purchased_type":["Card","Relic","Relic","Card","Relic","Relic","Card","Relic","Card","Relic","Relic","Relic","Relic","Relic","Card"],"build_version":"2020-12-22","purchased_purges":5,"victory":true,"max_hp_per_floor":[75,75,75,75,75,75,75,75,75,75,82,82,82,82,82,82,82,82,82,82,82,82,82,82,82,82,82,82,82,82,82,82,82,82,82,89,89,89,89,89,89,99,99,99,99,99,99,99,99,99,99,99,99,99,99,99],"card_choices":[{"not_picked":["Power Through","Twin Strike"],"picked":"Inflame","floor":1.0},{"not_picked":["Pommel Strike","Warcry","Infernal Blade"],"picked":"SKIP","floor":5.0},{"not_picked":["Exhume","Brutality"],"picked":"Limit Break","floor":6.0},{"not_picked":["Sword Boomerang","Perfected Strike"],"picked":"Shrug It Off","floor":7.0},{"not_picked":["Immolate","Juggernaut"],"picked":"Offering","floor":8.0},{"not_picked":["Berserk","Exhume"],"picked":"Double Tap","floor":10.0},{"not_picked":["Headbutt","True Grit"],"picked":"Dual Wield","floor":12.0},{"not_picked":["Shrug It Off","Warcry","Body Slam"],"picked":"SKIP","floor":13.0},{"not_picked":["Wild Strike","Anger"],"picked":"Pummel","floor":15},{"not_picked":["Feed","Brutality"],"picked":"Barricade","floor":16},{"not_picked":["Flex","Havoc","Iron Wave"],"picked":"SKIP","floor":18},{"not_picked":["Dual Wield","Clothesline"],"picked":"Second Wind","floor":19},{"not_picked":["Thunderclap","Spot Weakness","Perfected Strike"],"picked":"SKIP","floor":20},{"not_picked":["Bludgeon","Juggernaut"],"picked":"Reaper","floor":23},{"not_picked":["Double Tap","Berserk"],"picked":"Offering","floor":25},{"not_picked":["Berserk+1","Juggernaut+1"],"picked":"Limit Break","floor":27},{"not_picked":["Carnage","Twin Strike"],"picked":"Heavy Blade","floor":28},{"not_picked":["Offering","Double Tap"],"picked":"Reaper","floor":30},{"not_picked":["Thunderclap","Flex"],"picked":"Evolve+1","floor":32},{"not_picked":["Body Slam+1","Twin Strike","Reckless Charge"],"picked":"SKIP","floor":35},{"not_picked":["Twin Strike","True Grit+1","Wild Strike+1"],"picked":"SKIP","floor":37},{"not_picked":["Armaments","Reckless Charge"],"picked":"Reaper","floor":38},{"not_picked":["Fiend Fire","Feed"],"picked":"Offering","floor":40},{"not_picked":["Immolate","Impervious","Limit Break"],"picked":"SKIP","floor":41},{"not_picked":["Fiend Fire","Exhume"],"picked":"Impervious","floor":42},{"not_picked":["Reaper","Double Tap","Barricade+1"],"picked":"SKIP","floor":44},{"not_picked":["Double Tap","Barricade+1"],"picked":"Reaper","floor":44},{"not_picked":["Thunderclap","Armaments","Rage"],"picked":"SKIP","floor":45},{"not_picked":["True Grit","Ghostly Armor","Shrug It Off+1"],"picked":"SKIP","floor":46},{"not_picked":["Feed","Fiend Fire","Barricade+1"],"picked":"SKIP","floor":47},{"not_picked":["Uppercut+1","Body Slam","Clothesline+1"],"picked":"SKIP","floor":48},{"not_picked":["Brutality+1","Exhume"],"picked":"Demon Form+1","floor":55}],"player_experience":624080,"relics_obtained":[{"floor":6.0,"key":"Eternal Feather"},{"floor":8.0,"key":"Boot"},{"floor":9.0,"key":"Shuriken"},{"floor":10.0,"key":"Bottled Lightning"},{"floor":23,"key":"WingedGreaves"},{"floor":25,"key":"Peace Pipe"},{"floor":26,"key":"Pen Nib"},{"floor":27,"key":"Frozen Egg 2"},{"floor":30,"key":"Blood Vial"},{"floor":39,"key":"StoneCalendar"},{"floor":40,"key":"StrikeDummy"},{"floor":41,"key":"Juzu Bracelet"},{"floor":42,"key":"Pear"},{"floor":44,"key":"Potion Belt"},{"floor":47,"key":"Shovel"},{"floor":55,"key":"Happy Flower"}],"event_choices":[{"damage_healed":0.0,"max_hp_gain":0.0,"max_hp_loss":0.0,"gold_gain":0.0,"event_name":"Liars Game","player_choice":"Ignored","floor":2.0,"gold_loss":0.0,"damage_taken":0.0},{"damage_healed":0.0,"max_hp_gain":0.0,"max_hp_loss":0.0,"gold_gain":0.0,"event_name":"Living Wall","player_choice":"Grow","floor":3.0,"gold_loss":0.0,"damage_taken":0.0,"cards_upgraded":["Bash"]},{"damage_healed":0.0,"max_hp_gain":0.0,"max_hp_loss":0.0,"gold_gain":0.0,"event_name":"Dead Adventurer","player_choice":"Searched \u00272\u0027 times","floor":7.0,"gold_loss":0.0,"damage_taken":0.0,"relics_obtained":["Dream Catcher"]},{"damage_healed":0,"gold_gain":0,"player_choice":"0 cards matched","damage_taken":0,"max_hp_gain":0,"max_hp_loss":0,"event_name":"Match and Keep!","floor":22,"gold_loss":0,"cards_obtained":[]},{"damage_healed":0,"gold_gain":0,"player_choice":"Fight","damage_taken":0,"max_hp_gain":0,"max_hp_loss":0,"event_name":"MindBloom","floor":39,"gold_loss":0}],"is_beta":false,"boss_relics":[{"not_picked":["Black Star","Sozu"],"picked":"Fusion Hammer"},{"not_picked":["SacredBark","Runic Dome"],"picked":"Coffee Dripper"}],"items_purged_floors":[4,14,21,31,54],"is_endless":false,"potions_floor_spawned":[1,7,8,16,19,20,28,30,33,38,40,41,45,47,55],"ascension_level":20}}