{"host":"fuszjwm6fqgjjp4d","time":1610494519,"event":{"mods":["BaseMod","Bestiary","Colored Map","DeckTracker","Minty Spire (QoL Compilation)","Permanent Neow","Relic Sorter","Relic Stats","StSLib"],"gold_per_floor":[110,110,110,121,121,148,148,163,238,86,106,168,28,41,41,41,41],"floor_reached":16,"language":"ENG","playtime":354,"items_purged":["Strike_P","Strike_P"],"score":184,"play_id":"fb6ba617-a01a-42ad-88b0-ecfac52f9967","local_time":"20210112173519","is_ascension_mode":true,"campfire_choices":[{"data":"Omniscience","floor":7.0,"key":"SMITH"},{"floor":15.0,"key":"REST"}],"circlet_count":0,"master_deck":["AscendersBane","Strike_P","Defend_P","Defend_P","Defend_P","Defend_P","Eruption","Vigilance","Omniscience+1","Collect","MasterReality","Evaluate","SignatureMove","Evaluate","Wish","ReachHeaven"],"relics":["PureWater","SsserpentHead","Omamori","TeardropLocket"],"acts_visited":["Exordium"],"potions_floor_usage":[],"damage_taken":[{"damage":0.0,"enemies":"Cultist","floor":1.0,"turns":3.0},{"damage":0.0,"enemies":"2 Louse","floor":4.0,"turns":3.0},{"damage":55.0,"enemies":"Gremlin Nob","floor":6.0,"turns":5.0},{"damage":0.0,"enemies":"Jaw Worm","floor":8.0,"turns":5.0},{"damage":0.0,"enemies":"2 Fungi Beasts","floor":11.0,"turns":1.0},{"damage":0.0,"enemies":"Looter","floor":12.0,"turns":2.0},{"damage":7.0,"enemies":"Exordium Thugs","floor":14.0,"turns":2.0},{"damage":34,"enemies":"Hexaghost","floor":16,"turns":9}],"seed_played":"-3243091893991947900","potions_obtained":[{"floor":1.0,"key":"CultistPotion"},{"floor":6.0,"key":"EntropicBrew"},{"floor":12.0,"key":"FearPotion"}],"is_trial":false,"path_per_floor":["M","?","?","M","?","E","R","M","T","$","M","M","$","M","R","B"],"character_chosen":"WATCHER","items_purchased":["SignatureMove","ReachHeaven"],"campfire_rested":1,"item_purchase_floors":[10,13],"current_hp_per_floor":[61,66,66,66,66,11,11,11,11,11,11,11,11,4,25,0,0],"gold":41,"neow_bonus":"ONE_RANDOM_RARE_CARD","is_daily":false,"chose_seed":false,"campfire_upgraded":1,"win_rate":0.0,"timestamp":1610494519,"path_taken":["M","?","?","M","?","E","R","M","T","$","M","?","$","M","R","BOSS"],"items_purchased_type":["Card","Card"],"build_version":"2020-12-22","purchased_purges":2,"victory":false,"max_hp_per_floor":[68,73,73,73,73,73,73,73,73,73,73,73,73,73,73,73,73],"relic_stats":{"SsserpentHead":50,"counters":[8,30],"obtain_stats":[{"SsserpentHead":5,"Omamori":6,"TeardropLocket":9,"PureWater":0},{"SsserpentHead":2,"Omamori":3,"TeardropLocket":4,"PureWater":0},{"SsserpentHead":6,"Omamori":11,"TeardropLocket":16,"PureWater":0}]},"card_choices":[{"not_picked":["Nirvana","Crescendo"],"picked":"Collect","floor":1.0},{"not_picked":["BowlingBash","Prostrate","Swivel"],"picked":"SKIP","floor":4.0},{"not_picked":["EmptyMind","Meditate","Crescendo"],"picked":"SKIP","floor":6.0},{"not_picked":["ClearTheMind","CrushJoints"],"picked":"Evaluate","floor":8.0},{"not_picked":["DeceiveReality","EmptyFist"],"picked":"Evaluate","floor":11.0},{"not_picked":["WheelKick","Protect"],"picked":"Wish","floor":12.0},{"not_picked":["SandsOfTime","Consecrate","FlyingSleeves"],"picked":"SKIP","floor":14.0}],"player_experience":1282282,"relics_obtained":[{"floor":6.0,"key":"Omamori"},{"floor":9.0,"key":"TeardropLocket"}],"event_choices":[{"damage_healed":0.0,"max_hp_gain":5.0,"max_hp_loss":0.0,"gold_gain":0.0,"event_name":"Big Fish","player_choice":"Donut","floor":2.0,"gold_loss":0.0,"damage_taken":0.0},{"damage_healed":0.0,"max_hp_gain":0.0,"max_hp_loss":0.0,"gold_gain":0.0,"cards_transformed":["Strike_P"],"event_name":"Living Wall","player_choice":"Change","floor":3.0,"gold_loss":0.0,"damage_taken":0.0,"cards_obtained":["MasterReality"]},{"damage_healed":0.0,"max_hp_gain":0.0,"max_hp_loss":0.0,"gold_gain":0.0,"event_name":"FaceTrader","player_choice":"Trade","floor":5.0,"gold_loss":0.0,"damage_taken":0.0,"relics_obtained":["SsserpentHead"]}],"is_beta":false,"boss_relics":[],"items_purged_floors":[10,13],"is_endless":false,"potions_floor_spawned":[1,6,12],"killed_by":"Hexaghost","ascension_level":16}}