{"host":"s94qw0zkfz86dnmr","time":1610481296,"event":{"mods":["AchievementEnabler","BaseMod","Highlight Path","Minty Spire (QoL Compilation)"],"gold_per_floor":[113,288,288,308,318,318,344,364,412,427,427,461,474,484,484,587,587,603,4,4,19,19,19,19,19,19,19,45,45,373,425,425,530,530,543,543,593,607,197,197,228,228,228,242,242,273,273,293,293,293],"floor_reached":51,"language":"POL","playtime":2155,"items_purged":["Strike_R","Defend_R"],"score":904,"play_id":"c06f9ea3-fd72-4f21-9c60-3940928c744c","local_time":"20210112205456","is_ascension_mode":true,"campfire_choices":[{"data":"Double Tap","floor":6.0,"key":"SMITH"},{"data":"Intimidate","floor":11.0,"key":"SMITH"},{"data":"Demon Form","floor":15.0,"key":"SMITH"},{"data":"Barricade","floor":23.0,"key":"SMITH"},{"data":"Inflame","floor":25.0,"key":"SMITH"},{"data":"Intimidate","floor":27.0,"key":"SMITH"},{"data":"Sword Boomerang","floor":29.0,"key":"SMITH"},{"floor":32.0,"key":"REST"},{"data":"Demon Form","floor":40.0,"key":"SMITH"},{"floor":42.0,"key":"REST"},{"data":"Bash","floor":45.0,"key":"SMITH"},{"data":"Armaments","floor":47.0,"key":"SMITH"},{"data":"Brutality","floor":49.0,"key":"SMITH"}],"circlet_count":0,"master_deck":["Defend_R+1","Defend_R+1","Defend_R","Bash+1","Flash of Steel","Sword Boomerang+1","Double Tap+1","Cleave","Iron Wave","Intimidate+1","Demon Form+1","Iron Wave","Intimidate+1","Barricade+1","Inflame+1","Bite","Bite","Bite","Bite","Bite","Ghostly Armor","Brutality+1","Demon Form+1","Burning Pact+1","Madness","Madness","Rampage+1","Rampage+1","Armaments+1"],"relics":["Burning Blood","Orichalcum","Odd Mushroom","Juzu Bracelet","Mango","Sozu","TungstenRod","War Paint","Tiny Chest","PreservedInsect","Old Coin","Omamori","SlaversCollar","CaptainsWheel","OrangePellets","Anchor","Bird Faced Urn","Eternal Feather","Smiling Mask"],"acts_visited":["Exordium","TheCity","TheBeyond"],"potions_floor_usage":[50],"damage_taken":[{"damage":8.0,"enemies":"Jaw Worm","floor":1.0,"turns":4.0},{"damage":1.0,"enemies":"Cultist","floor":4.0,"turns":3.0},{"damage":9.0,"enemies":"2 Louse","floor":5.0,"turns":2.0},{"damage":30.0,"enemies":"Gremlin Nob","floor":7.0,"turns":4.0},{"damage":15.0,"enemies":"The Mushroom Lair","floor":8.0,"turns":3.0},{"damage":9.0,"enemies":"Exordium Wildlife","floor":10.0,"turns":3.0},{"damage":13.0,"enemies":"3 Sentries","floor":12.0,"turns":6.0},{"damage":4.0,"enemies":"Red Slaver","floor":13.0,"turns":3.0},{"damage":7.0,"enemies":"Blue Slaver","floor":14.0,"turns":3.0},{"damage":25.0,"enemies":"The Guardian","floor":16.0,"turns":8.0},{"damage":16.0,"enemies":"Shell Parasite","floor":18.0,"turns":4.0},{"damage":6.0,"enemies":"Spheric Guardian","floor":21.0,"turns":4.0},{"damage":33.0,"enemies":"Gremlin Leader","floor":28.0,"turns":7.0},{"damage":50.0,"enemies":"Book of Stabbing","floor":30.0,"turns":7.0},{"damage":7.0,"enemies":"Champ","floor":33.0,"turns":7.0},{"damage":20.0,"enemies":"Orb Walker","floor":35.0,"turns":4.0},{"damage":7.0,"enemies":"Mind Bloom Boss Battle","floor":37.0,"turns":8.0},{"damage":37.0,"enemies":"3 Darklings","floor":38.0,"turns":5.0},{"damage":35.0,"enemies":"Nemesis","floor":41.0,"turns":5.0},{"damage":21.0,"enemies":"Jaw Worm Horde","floor":44.0,"turns":5.0},{"damage":1.0,"enemies":"Giant Head","floor":46.0,"turns":6.0},{"damage":24.0,"enemies":"4 Shapes","floor":48.0,"turns":6.0},{"damage":51,"enemies":"Time Eater","floor":50,"turns":9}],"seed_played":"-7474269646171479274","potions_obtained":[{"floor":4.0,"key":"EssenceOfSteel"},{"floor":7.0,"key":"CultistPotion"},{"floor":12.0,"key":"Energy Potion"},{"floor":14.0,"key":"LiquidMemories"},{"floor":16.0,"key":"BloodPotion"}],"is_trial":false,"path_per_floor":["M","?","?","M","M","R","E","?","T","M","R","E","M","M","R","B",null,"M","$","?","M","?","R","?","R","T","R","E","R","E","T","R","B",null,"M","?","?","M","$","R","E","R","T","M","R","E","R","M","R","B",null],"character_chosen":"IRONCLAD","items_purchased":["TungstenRod","Inflame","War Paint","OrangePellets","Anchor"],"campfire_rested":2,"item_purchase_floors":[19,19,19,39,39],"current_hp_per_floor":[78,78,78,80,77,77,53,44,44,41,41,48,50,49,49,30,94,84,84,84,84,84,84,65,65,65,65,52,52,16,16,35,54,65,56,49,65,42,42,42,23,42,42,43,58,65,65,52,65,40],"gold":293,"neow_bonus":"RANDOM_COLORLESS","is_daily":false,"chose_seed":false,"campfire_upgraded":11,"win_rate":0.0,"timestamp":1610481296,"path_taken":["M","?","?","?","M","R","E","?","T","M","R","E","M","M","R","BOSS","M","$","?","M","?","R","?","R","T","R","E","R","E","?","R","BOSS","M","?","?","M","$","R","E","R","T","M","R","E","R","M","R","BOSS"],"items_purchased_type":["Relic","Card","Relic","Relic","Relic"],"build_version":"2020-12-22","purchased_purges":2,"victory":true,"max_hp_per_floor":[80,80,80,80,80,80,80,80,80,80,80,94,94,94,94,94,94,94,94,94,94,94,94,65,65,65,65,65,65,65,65,65,65,65,65,65,65,65,65,65,65,65,65,65,65,65,65,65,65,65],"card_choices":[{"not_picked":["Impatience","Deep Breath"],"picked":"Flash of Steel","floor":0.0},{"not_picked":["Body Slam","Dropkick","Dual Wield"],"picked":"SKIP","floor":1.0},{"not_picked":["Twin Strike","Thunderclap"],"picked":"Sword Boomerang","floor":4.0},{"not_picked":["Sword Boomerang","Flex"],"picked":"Double Tap","floor":5.0},{"not_picked":["Hemokinesis","Clash"],"picked":"Cleave","floor":7.0},{"not_picked":["Fire Breathing","Body Slam"],"picked":"Iron Wave","floor":8.0},{"not_picked":["Clash","True Grit"],"picked":"Intimidate","floor":10.0},{"not_picked":["Iron Wave","Thunderclap"],"picked":"Demon Form","floor":12.0},{"not_picked":["Headbutt","Shrug It Off"],"picked":"Iron Wave","floor":13.0},{"not_picked":["Warcry","Body Slam"],"picked":"Intimidate","floor":14.0},{"not_picked":["Reaper","Limit Break"],"picked":"Barricade","floor":16.0},{"not_picked":["Wild Strike+1","Feel No Pain+1","Body Slam"],"picked":"SKIP","floor":18.0},{"not_picked":["Whirlwind","Body Slam","Thunderclap"],"picked":"SKIP","floor":21.0},{"not_picked":["Headbutt","Burning Pact"],"picked":"Ghostly Armor","floor":28.0},{"not_picked":["Carnage","Anger"],"picked":"Brutality","floor":30.0},{"not_picked":["Impervious","Corruption"],"picked":"Demon Form","floor":33.0},{"not_picked":["Clash","Shrug It Off+1"],"picked":"Burning Pact+1","floor":35.0},{"not_picked":["Seeing Red","Twin Strike"],"picked":"Rampage+1","floor":38.0},{"not_picked":["Clothesline+1","Dropkick"],"picked":"Rampage+1","floor":41.0},{"not_picked":["Infernal Blade+1","Shrug It Off","Dual Wield"],"picked":"SKIP","floor":44.0},{"not_picked":["Sentinel+1","Spot Weakness"],"picked":"Armaments","floor":46.0},{"not_picked":["Iron Wave+1","Combust","Twin Strike+1"],"picked":"SKIP","floor":48.0}],"player_experience":267633,"relics_obtained":[{"floor":7.0,"key":"Orichalcum"},{"floor":8.0,"key":"Odd Mushroom"},{"floor":9.0,"key":"Juzu Bracelet"},{"floor":12.0,"key":"Mango"},{"floor":26.0,"key":"Tiny Chest"},{"floor":28.0,"key":"PreservedInsect"},{"floor":30.0,"key":"Old Coin"},{"floor":31.0,"key":"Omamori"},{"floor":37.0,"key":"CaptainsWheel"},{"floor":41.0,"key":"Bird Faced Urn"},{"floor":43.0,"key":"Eternal Feather"},{"floor":46.0,"key":"Smiling Mask"}],"event_choices":[{"damage_healed":0.0,"max_hp_gain":0.0,"max_hp_loss":0.0,"gold_gain":175.0,"event_name":"Liars Game","player_choice":"AGREE","floor":2.0,"gold_loss":0.0,"damage_taken":0.0,"cards_obtained":["Doubt"]},{"cards_removed":["Doubt"],"damage_healed":0.0,"max_hp_gain":0.0,"max_hp_loss":0.0,"gold_gain":0.0,"event_name":"Purifier","player_choice":"Purged","floor":3.0,"gold_loss":0.0,"damage_taken":0.0},{"damage_healed":0.0,"max_hp_gain":0.0,"max_hp_loss":0.0,"gold_gain":0.0,"event_name":"Mushrooms","player_choice":"Fought Mushrooms","floor":8.0,"gold_loss":0.0,"damage_taken":0.0},{"damage_healed":0.0,"max_hp_gain":0.0,"max_hp_loss":0.0,"gold_gain":0.0,"event_name":"Lab","player_choice":"Got Potions","floor":20.0,"gold_loss":0.0,"damage_taken":0.0},{"damage_healed":0.0,"max_hp_gain":0.0,"max_hp_loss":0.0,"gold_gain":0.0,"event_name":"Ghosts","player_choice":"Ignored","floor":22.0,"gold_loss":0.0,"damage_taken":0.0},{"damage_healed":0.0,"max_hp_gain":0.0,"max_hp_loss":29.0,"gold_gain":0.0,"event_name":"Vampires","player_choice":"Became a vampire","floor":24.0,"gold_loss":0.0,"damage_taken":0.0,"cards_obtained":["Bite","Bite","Bite","Bite","Bite"]},{"damage_healed":0.0,"max_hp_gain":0.0,"max_hp_loss":0.0,"gold_gain":0.0,"event_name":"Winding Halls","player_choice":"Embrace Madness","floor":36.0,"gold_loss":0.0,"damage_taken":8.0,"cards_obtained":["Madness","Madness"]},{"damage_healed":0.0,"max_hp_gain":0.0,"max_hp_loss":0.0,"gold_gain":0.0,"event_name":"MindBloom","player_choice":"Fight","floor":37.0,"gold_loss":0.0,"damage_taken":0.0}],"is_beta":false,"boss_relics":[{"not_picked":["Pandora\u0027s Box","Runic Pyramid"],"picked":"Sozu"},{"not_picked":["Empty Cage","Runic Dome"],"picked":"SlaversCollar"}],"items_purged_floors":[19,39],"is_endless":false,"potions_floor_spawned":[4,7,12,14,16,30,33,37,41,46],"ascension_level":3}}