{"host":"ktoxvvst1mwxww91","time":1610470106,"event":{"mods":["BaseMod","Hermit","Minty Spire (QoL Compilation)","Shedinja","StSLib","The Hierophant","The Mystic","The Necromancer"],"gold_per_floor":[117,117,128,143,44,75,89,89,142,161,189,207,236,250,250,349,349,361,361,361,12,25,25,25,25],"floor_reached":24,"playtime":868,"items_purged":["Shedinja:Scratch","Shedinja:HYPERBEAM+1"],"score":419,"play_id":"52ec5b65-eead-450e-9646-e403ee6b199e","local_time":"20210112174826","is_ascension_mode":true,"campfire_choices":[{"data":"Shedinja:FocusSash","floor":8.0,"key":"SMITH"},{"data":"Shedinja:PowerBelt","floor":15,"key":"SMITH"},{"data":"Shedinja:Protect","floor":23,"key":"SMITH"}],"circlet_count":0,"master_deck":["Shedinja:Endure+1","Shedinja:Endure+1","Shedinja:Endure+1","Shedinja:Endure+1","Shedinja:Endure+1","Shedinja:FocusSash","Shedinja:FocusSash+1","Shedinja:GigaDrain","Shedinja:ShadowSneak","Shedinja:Absorb","Shedinja:ShadowSneak","Shedinja:PowerBracer","Shedinja:HoneClaws+1","Shedinja:GigaDrain","Shedinja:PowerBracer+1","Shedinja:PowerBracer+1","Shedinja:WillOWisp","Shedinja:Elixir+1","Shedinja:PowerBelt+1","Shedinja:Toxic+1","Shedinja:StruggleBug+1","Shedinja:StringShot+1","Shedinja:PowerBracer+1","Shedinja:Protect+1","Shedinja:RockyHelmet+1","Shedinja:ShadowSneak","Shedinja:PowerBracer+1"],"relics":["Shedinja:WonderGuard","NeowsBlessing","Frozen Egg 2","Shedinja:WonderGuardNSCommon","Pen Nib","Du-Vu Doll","Astrolabe"],"acts_visited":["Exordium","TheCity"],"potions_floor_usage":[11,11,11,13],"damage_taken":[{"damage":0.0,"enemies":"Small Slimes","floor":1.0,"turns":1.0},{"damage":0.0,"enemies":"Jaw Worm","floor":3.0,"turns":1.0},{"damage":0.0,"enemies":"2 Louse","floor":4.0,"turns":1.0},{"damage":0.0,"enemies":"3 Sentries","floor":6.0,"turns":10.0},{"damage":0.0,"enemies":"Red Slaver","floor":7.0,"turns":4.0},{"damage":0.0,"enemies":"3 Louse","floor":10.0,"turns":4.0},{"damage":0,"enemies":"Lagavulin","floor":11,"turns":8},{"damage":0,"enemies":"Large Slime","floor":12,"turns":5},{"damage":0,"enemies":"Gremlin Nob","floor":13,"turns":4},{"damage":0,"enemies":"Exordium Thugs","floor":14,"turns":6},{"damage":0,"enemies":"Hexaghost","floor":16,"turns":13},{"damage":0,"enemies":"Spheric Guardian","floor":18,"turns":8},{"damage":0,"enemies":"Chosen","floor":22,"turns":6},{"damage":10,"enemies":"Slavers","floor":24,"turns":4}],"seed_played":"641406660977212607","potions_obtained":[{"floor":3.0,"key":"LiquidMemories"},{"floor":6.0,"key":"DuplicationPotion"},{"floor":7.0,"key":"FearPotion"},{"floor":10.0,"key":"SpeedPotion"},{"floor":12,"key":"ColorlessPotion"}],"is_trial":false,"path_per_floor":["M","?","M","M","$","E","M","R","T","M","E","M","E","M","R","B",null,"M","?","?","$","M","R","E"],"character_chosen":"THE_DEFAULT","items_purchased":["Shedinja:PowerBracer","Shedinja:Protect","Shedinja:RockyHelmet+1","Shedinja:ShadowSneak"],"campfire_rested":0,"item_purchase_floors":[5,21,21,21],"current_hp_per_floor":[1,1,1,1,1,1,1,1,1,1,1,1,1,1,1,1,1,1,1,1,1,1,1,0,0],"gold":25,"neow_bonus":"THREE_ENEMY_KILL","is_daily":false,"chose_seed":false,"campfire_upgraded":3,"win_rate":0.0,"timestamp":1610470106,"path_taken":["M","?","M","M","$","E","M","R","T","M","E","M","E","M","R","BOSS","M","?","?","$","M","R","E"],"items_purchased_type":["Card","Card","Card","Card"],"build_version":"2020-12-22","purchased_purges":2,"victory":false,"max_hp_per_floor":[1,1,1,1,1,1,1,1,1,1,1,1,1,1,1,1,1,1,1,1,1,1,1,1,1],"card_choices":[{"not_picked":["Shedinja:ShadowBall","Shedinja:Facade"],"picked":"Shedinja:GigaDrain","floor":1.0},{"not_picked":["Shedinja:SafetyGoggles","Shedinja:Agility"],"picked":"Shedinja:Absorb","floor":3.0},{"not_picked":["Shedinja:Mimic","Shedinja:StruggleBug"],"picked":"Shedinja:ShadowSneak","floor":4.0},{"not_picked":["Shedinja:FurySwipes","Shedinja:Mimic"],"picked":"Shedinja:HoneClaws+1","floor":6.0},{"not_picked":["Shedinja:Mimic","Shedinja:NightSlash"],"picked":"Shedinja:GigaDrain","floor":7.0},{"not_picked":["Shedinja:ShadowClaw","Shedinja:StruggleBug"],"picked":"Shedinja:PowerBracer+1","floor":10.0},{"not_picked":["Shedinja:Rest","Shedinja:Facade"],"picked":"Shedinja:PowerBracer+1","floor":11},{"not_picked":["Shedinja:Thief","Shedinja:Ether"],"picked":"Shedinja:WillOWisp","floor":12},{"not_picked":["Shedinja:Absorb","Shedinja:PokeBall"],"picked":"Shedinja:Elixir+1","floor":13},{"not_picked":["Shedinja:StruggleBug","Shedinja:ConfuseRay"],"picked":"Shedinja:PowerBelt","floor":14},{"not_picked":["Shedinja:Protect","Shedinja:FinalGambit+1"],"picked":"Shedinja:Toxic+1","floor":16},{"not_picked":["Shedinja:Facade","Shedinja:MetalClaw"],"picked":"Shedinja:PowerBracer+1","floor":18},{"not_picked":["Shedinja:Ether","Shedinja:Harden+1"],"picked":"Shedinja:PowerBracer+1","floor":22}],"player_experience":1021211,"relics_obtained":[{"floor":6.0,"key":"Frozen Egg 2"},{"floor":9.0,"key":"Shedinja:WonderGuardNSCommon"},{"floor":11,"key":"Pen Nib"},{"floor":13,"key":"Du-Vu Doll"}],"event_choices":[{"damage_healed":0.0,"max_hp_gain":0.0,"max_hp_loss":0.0,"gold_gain":0.0,"cards_transformed":["Shedinja:Scratch"],"event_name":"Living Wall","player_choice":"Change","floor":2.0,"gold_loss":0.0,"damage_taken":0.0,"cards_obtained":["Shedinja:ShadowSneak"]},{"damage_healed":0,"gold_gain":0,"player_choice":"Simplicity","damage_taken":0,"max_hp_gain":0,"max_hp_loss":0,"event_name":"Back to Basics","floor":19,"gold_loss":0,"cards_upgraded":["Shedinja:Endure","Shedinja:Endure","Shedinja:Endure","Shedinja:Endure","Shedinja:Endure"]},{"damage_healed":0,"gold_gain":0,"player_choice":"Shed Blood","damage_taken":0,"max_hp_gain":5,"max_hp_loss":0,"event_name":"Forgotten Altar","floor":20,"gold_loss":0}],"is_beta":false,"boss_relics":[{"not_picked":["Ectoplasm","Black Star"],"picked":"Astrolabe"}],"items_purged_floors":[5,21],"is_endless":false,"potions_floor_spawned":[3,6,7,10,12],"killed_by":"Slavers","ascension_level":3}}