{"host":"k67zwea37tbl4jhz","time":1610495512,"event":{"mods":["AchievementEnabler","Aspiration","BaseMod","Better Altar","Better Match","Better Sensory Stone","Better Skull","Better Third Choice","BetterRewards","CCEM","Clawfect","Colored Map","Conspire","Downfall","GifTheSpireLib","Googly Eyes","Halation","Highlight Path","Mimic Mod","Minty Spire (QoL Compilation)","Permanent Neow","Replay The Spire","Shop Mod","Spicy Shops","StSLib","Stuff the Spire","The Runesmith","Unceasing Turn Reminder","everything is the same but u backflip on backflip"],"gold_per_floor":[115,134,134,134,153,153,186,34,72,87,87,0,0,0,0,103,103,140,140,156,156,156,190,190,190,190],"floor_reached":25,"language":"ENG","playtime":2036,"items_purged":[],"score":217,"play_id":"9cae01d7-476d-443e-a6a8-6d47759584a0","local_time":"20210112185152","is_ascension_mode":false,"campfire_choices":[{"data":"Transmutation","floor":6,"key":"SMITH"},{"data":"Runesmith:Fortify","floor":11,"key":"SMITH"},{"data":"Runesmith:DoubleUp","floor":13,"key":"SMITH"},{"data":"Enlightenment","floor":15,"key":"SMITH"},{"floor":24,"key":"REST"}],"circlet_count":0,"master_deck":["Runesmith:Strike_RS","Runesmith:Strike_RS","Runesmith:Strike_RS","Runesmith:Strike_RS","Runesmith:Defend_RS","Runesmith:Defend_RS","Runesmith:Defend_RS","Runesmith:Defend_RS","Runesmith:CraftFirestone","Runesmith:Fortify+1","Runesmith:ReplicatingBarrier","Runesmith:EarthShield","Runesmith:CraftVitae","Transmutation+1","Runesmith:DoubleUp+1","Runesmith:StaticCage","Runesmith:ChaoticBlast","Runesmith:CraftMagma","Runesmith:CraftMagma","Enlightenment+1","Runesmith:CraftMedicinae","StuffTheSpire:CelestialWarden","Runesmith:HammerAndChisel","Runesmith:Duplicate"],"relics":["Runesmith:BrokenRuby","Ring of Misfortune","CCEMRelics:JestersCrown","halation:NonexistentMirror","Philosopher\u0027s Stone","Runesmith:EmergencyProvisions"],"acts_visited":["Exordium","TheCity"],"potions_floor_usage":[],"damage_taken":[{"damage":0,"enemies":"2 Louse","floor":1,"turns":3},{"damage":0,"enemies":"Small Slimes","floor":2,"turns":3},{"damage":0,"enemies":"Cultist","floor":5,"turns":4},{"damage":15,"enemies":"3 Sentries","floor":7,"turns":10},{"damage":0,"enemies":"Large Slime","floor":9,"turns":5},{"damage":0,"enemies":"Large Slime","floor":10,"turns":5},{"damage":19,"enemies":"Hexaghost","floor":16,"turns":11},{"damage":49,"enemies":"3 Byrds","floor":18,"turns":8},{"damage":15,"enemies":"Shell Parasite","floor":20,"turns":9},{"damage":6,"enemies":"conspire:SneckoGhost","floor":23,"turns":8},{"damage":38,"enemies":"Chosen and Byrds","floor":25,"turns":6}],"seed_played":"2639799089077774328","potions_obtained":[{"floor":10,"key":"AttackPotion"},{"floor":16,"key":"ColorlessPotion"}],"is_trial":false,"path_per_floor":["M","M","?","?","M","R","E","$","MIM","M","R","?","R","$","R","B",null,"M","?","M","?","?","E","R","M"],"character_chosen":"RUNESMITH_CLASS","items_purchased":["halation:NonexistentMirror","Runesmith:ChaoticBlast"],"campfire_rested":1,"item_purchase_floors":[8,8],"current_hp_per_floor":[63,63,63,63,63,63,48,48,48,48,48,54,54,54,54,35,69,24,24,9,9,9,3,23,0,0],"gold":190,"neow_bonus":"THREE_RARE_CARDS","is_daily":false,"chose_seed":false,"campfire_upgraded":4,"win_rate":0.0,"timestamp":1610495512,"path_taken":["M","M","?","?","M","R","E","$","MIM","?","R","?","R","$","R","BOSS","M","?","?","?","?","E","R","?"],"items_purchased_type":["Relic","Card"],"build_version":"2020-12-22","purchased_purges":0,"victory":false,"max_hp_per_floor":[63,63,63,63,63,63,63,63,63,63,63,69,69,69,69,69,69,69,69,69,69,69,69,69,69,69],"card_choices":[{"not_picked":["Runesmith:Duplicate","Runesmith:LastStand"],"picked":"Runesmith:ReplicatingBarrier","floor":0},{"not_picked":["Runesmith:UnstableHammer","Runesmith:Overpower"],"picked":"Runesmith:EarthShield","floor":1},{"not_picked":["Runesmith:MakeshiftArmor","Runesmith:StaticCage"],"picked":"Runesmith:CraftVitae","floor":2},{"not_picked":["Replay:Parry","ReplayTheSpireMod:Trickstab"],"picked":"Transmutation","floor":4},{"not_picked":["Runesmith:EarthShield","Runesmith:CraftVitae"],"picked":"Runesmith:DoubleUp","floor":5},{"not_picked":["Runesmith:ChiselStab","Runesmith:ReplicatingBarrier"],"picked":"Runesmith:StaticCage","floor":7},{"not_picked":["Runesmith:HammerThrow","Runesmith:HeatExchange"],"picked":"Runesmith:CraftMagma","floor":9},{"not_picked":["Runesmith:Prism","Runesmith:WhiteBalance","Runesmith:MakeshiftArmor"],"picked":"SKIP","floor":10},{"not_picked":["Runesmith:FissionHammer","Runesmith:LastStand"],"picked":"Runesmith:CraftMedicinae","floor":16},{"not_picked":["Runesmith:EarthShield","Runesmith:ShiftingStrike","Runesmith:Overpower+1"],"picked":"SKIP","floor":18},{"not_picked":["Runesmith:EnergizedChisel+1","Runesmith:HeatExchange","Runesmith:RuneHurl"],"picked":"SKIP","floor":20},{"not_picked":["StuffTheSpire:Brawn","StuffTheSpire:Innocence"],"picked":"StuffTheSpire:CelestialWarden","floor":21},{"not_picked":["Runesmith:Prism","Runesmith:Overpower"],"picked":"Runesmith:Duplicate","floor":23}],"player_experience":223017,"relics_obtained":[{"floor":3,"key":"Ring of Misfortune"},{"floor":7,"key":"CCEMRelics:JestersCrown"},{"floor":9,"key":"Dream Catcher"},{"floor":23,"key":"Runesmith:EmergencyProvisions"}],"event_choices":[{"damage_healed":0,"gold_gain":1,"player_choice":"1","damage_taken":0,"max_hp_gain":0,"max_hp_loss":0,"event_name":"betterStone:BetterStone","floor":4,"gold_loss":0},{"damage_healed":0,"gold_gain":0,"player_choice":"RENOUNCE","damage_taken":87,"max_hp_gain":0,"max_hp_loss":0,"event_name":"betterThird:BetterSerpent","floor":12,"gold_loss":87,"cards_obtained":["Enlightenment"]},{"cards_removed":["Doubt"],"damage_healed":0,"gold_gain":0,"player_choice":"Purged","damage_taken":0,"max_hp_gain":0,"max_hp_loss":0,"event_name":"Purifier","floor":19,"gold_loss":0},{"damage_healed":0,"gold_gain":0,"cards_transformed":["Runesmith:ChaoticBlast"],"player_choice":"Transformed","damage_taken":0,"max_hp_gain":0,"max_hp_loss":0,"event_name":"Transmorgrifier","floor":22,"gold_loss":0,"cards_obtained":["Runesmith:HammerAndChisel"]}],"is_beta":false,"boss_relics":[{"not_picked":["Tiny House","halation:Prosthetics"],"picked":"Philosopher\u0027s Stone"}],"items_purged_floors":[],"is_endless":false,"potions_floor_spawned":[10,16],"killed_by":"Chosen and Byrds","ascension_level":0}}