{"host":"fxh4234sf5pb3xr6","time":1610426841,"event":{"mods":["AchievementEnabler","BaseMod","Colored Map","Colored Powertips","Minty Spire (QoL Compilation)","Rare Cards Sparkle","StSLib"],"gold_per_floor":[113,113,126,126,137,137,62,62,62,96,146,163,163,180,180,280,280,280,280,280,280,280,280,280,280,280,280,280,280,280,280],"floor_reached":30,"playtime":1162,"items_purged":["Defend_R"],"score":315,"play_id":"f8092adc-2891-42f0-901e-cc97e8126554","local_time":"20210111234721","is_ascension_mode":true,"campfire_choices":[{"data":"Perfected Strike","floor":6.0,"key":"SMITH"},{"data":"Iron Wave","floor":8.0,"key":"SMITH"},{"data":"Ghostly Armor","floor":13.0,"key":"SMITH"},{"floor":15.0,"key":"REST"},{"data":"Berserk","floor":23,"key":"SMITH"}],"circlet_count":0,"master_deck":["Strike_R+1","Strike_R+1","Strike_R","Strike_R","Strike_R","Defend_R+1","Defend_R+1","Bash+1","Iron Wave+1","Perfected Strike+1","Ghostly Armor+1","Berserk+1","Iron Wave","Combust+1","Rampage","Barricade","Shrug It Off+1","Shrug It Off+1"],"relics":["Burning Blood","Matryoshka","Lantern","Omamori","War Paint","Ectoplasm","MutagenicStrength","Tiny Chest","CeramicFish","Blue Candle"],"acts_visited":["Exordium","TheCity"],"potions_floor_usage":[25,27],"damage_taken":[{"damage":14.0,"enemies":"Small Slimes","floor":1.0,"turns":5.0},{"damage":0.0,"enemies":"Cultist","floor":3.0,"turns":4.0},{"damage":6.0,"enemies":"2 Louse","floor":5.0,"turns":3.0},{"damage":13.0,"enemies":"3 Sentries","floor":10.0,"turns":6.0},{"damage":5.0,"enemies":"Exordium Wildlife","floor":12.0,"turns":2.0},{"damage":8.0,"enemies":"Gremlin Gang","floor":14.0,"turns":3.0},{"damage":45.0,"enemies":"Slime Boss","floor":16.0,"turns":13.0},{"damage":0,"enemies":"Chosen","floor":18,"turns":3},{"damage":8,"enemies":"Spheric Guardian","floor":21,"turns":3},{"damage":13,"enemies":"Centurion and Healer","floor":22,"turns":4},{"damage":2,"enemies":"Snecko","floor":24,"turns":3},{"damage":0,"enemies":"Snake Plant","floor":25,"turns":2},{"damage":31,"enemies":"Slavers","floor":27,"turns":5},{"damage":38,"enemies":"Cultist and Chosen","floor":28,"turns":5},{"damage":38,"enemies":"Snecko","floor":30,"turns":4}],"seed_played":"-4303130061819173397","potions_obtained":[{"floor":1.0,"key":"AttackPotion"},{"floor":10.0,"key":"Energy Potion"},{"floor":12.0,"key":"Dexterity Potion"},{"floor":16.0,"key":"Explosive Potion"},{"floor":25,"key":"CultistPotion"}],"is_trial":false,"path_per_floor":["M","?","M","?","M","R","$","R","T","E","T","M","R","M","R","B",null,"M","?","?","M","M","R","M","M","T","E","M","?","M"],"character_chosen":"IRONCLAD","items_purchased":[],"campfire_rested":1,"item_purchase_floors":[],"current_hp_per_floor":[80,80,86,68,68,68,68,68,68,61,61,62,62,60,86,47,78,84,84,84,82,75,75,79,85,85,60,28,28,0,0],"gold":280,"neow_bonus":"TEN_PERCENT_HP_BONUS","is_daily":false,"chose_seed":false,"campfire_upgraded":4,"win_rate":0.0,"timestamp":1610426841,"path_taken":["M","?","?","?","M","R","$","R","T","E","?","?","R","M","R","BOSS","M","?","?","M","M","R","M","?","T","E","M","?","?"],"items_purchased_type":[],"build_version":"2020-12-22","purchased_purges":1,"victory":false,"max_hp_per_floor":[88,88,88,88,88,88,88,88,88,88,88,88,88,88,88,88,88,88,88,88,88,88,88,88,88,88,88,88,88,88,88],"card_choices":[{"not_picked":["Carnage","Clothesline"],"picked":"Iron Wave","floor":1.0},{"not_picked":["Iron Wave","Flex"],"picked":"Perfected Strike","floor":3.0},{"not_picked":["Impervious","Body Slam","Second Wind"],"picked":"SKIP","floor":5.0},{"not_picked":["Body Slam","Shockwave","Flex"],"picked":"SKIP","floor":10.0},{"not_picked":["Dark Embrace","Wild Strike"],"picked":"Ghostly Armor","floor":12.0},{"not_picked":["Body Slam","Seeing Red","Iron Wave"],"picked":"SKIP","floor":14.0},{"not_picked":["Reaper","Double Tap"],"picked":"Berserk","floor":16.0},{"not_picked":["Perfected Strike","Heavy Blade"],"picked":"Iron Wave","floor":18},{"not_picked":["Clothesline","Intimidate"],"picked":"Combust+1","floor":21},{"not_picked":["Headbutt","Clothesline","Shockwave"],"picked":"SKIP","floor":22},{"not_picked":["Headbutt","Clothesline","Shockwave"],"picked":"SKIP","floor":22},{"not_picked":["Iron Wave","Clothesline+1"],"picked":"Rampage","floor":24},{"not_picked":["Iron Wave","Clothesline","Searing Blow+1"],"picked":"SKIP","floor":25},{"not_picked":["Headbutt","Flame Barrier"],"picked":"Barricade","floor":27},{"not_picked":["Body Slam+1","Clash"],"picked":"Shrug It Off+1","floor":28}],"player_experience":345870,"relics_obtained":[{"floor":9.0,"key":"Matryoshka"},{"floor":10.0,"key":"Lantern"},{"floor":11.0,"key":"Omamori"},{"floor":11.0,"key":"War Paint"},{"floor":26,"key":"Tiny Chest"},{"floor":26,"key":"CeramicFish"},{"floor":27,"key":"Blue Candle"}],"event_choices":[{"damage_healed":0.0,"max_hp_gain":0.0,"max_hp_loss":0.0,"gold_gain":0.0,"event_name":"Accursed Blacksmith","player_choice":"Forge","floor":2.0,"gold_loss":0.0,"damage_taken":0.0,"cards_upgraded":["Bash"]},{"damage_healed":0.0,"max_hp_gain":0.0,"max_hp_loss":0.0,"gold_gain":0.0,"event_name":"Shining Light","player_choice":"Entered Light","floor":4.0,"gold_loss":0.0,"damage_taken":18.0,"cards_upgraded":["Strike_R","Strike_R"]},{"damage_healed":0,"gold_gain":0,"player_choice":"Inject Mutagens","damage_taken":0,"relics_obtained":["MutagenicStrength"],"max_hp_gain":0,"max_hp_loss":0,"event_name":"Drug Dealer","floor":19,"gold_loss":0},{"cards_removed":["Defend_R"],"damage_healed":0,"gold_gain":0,"player_choice":"Elegance","damage_taken":0,"max_hp_gain":0,"max_hp_loss":0,"event_name":"Back to Basics","floor":20,"gold_loss":0},{"damage_healed":0,"gold_gain":0,"player_choice":"Copied","damage_taken":0,"max_hp_gain":0,"max_hp_loss":0,"event_name":"Duplicator","floor":29,"gold_loss":0,"cards_obtained":["Shrug It Off"]}],"is_beta":false,"boss_relics":[{"not_picked":["Tiny House","Velvet Choker"],"picked":"Ectoplasm"}],"items_purged_floors":[7],"is_endless":false,"potions_floor_spawned":[1,10,12,14,16,18,22,24,25],"killed_by":"Snecko","ascension_level":5}}