{"host":"6azrrw3tf7wb0f4b","time":1610469961,"event":{"mods":["BaseMod","DeckTracker","Minty Spire (QoL Compilation)","SuperFastMode"],"gold_per_floor":[119,119,137,137,160,160,181,205,205,225,190,44,57,71,71,201,201,224,243,143,143,170,170,193,193,193],"floor_reached":25,"playtime":564,"items_purged":["Strike_B","Zap"],"score":315,"play_id":"2671d90a-c01d-4782-a0fe-5d327e80f90d","local_time":"20210113014601","is_ascension_mode":true,"campfire_choices":[{"data":"Loop","floor":6,"key":"SMITH"},{"floor":15,"key":"REST"},{"floor":23,"key":"REST"}],"circlet_count":0,"master_deck":["AscendersBane","Strike_B","Strike_B","Strike_B","Defend_B","Defend_B","Defend_B","Defend_B","Dualcast","Self Repair","Loop+1","Ball Lightning","Chaos","Glacier","Defragment","Conserve Battery","Creative AI","Undo","Turbo","Conserve Battery"],"relics":["Cracked Core","Oddly Smooth Stone","Golden Idol","Darkstone Periapt","SacredBark","Nilry\u0027s Codex","Strawberry"],"acts_visited":["Exordium","TheCity"],"potions_floor_usage":[10,16,16,16,18,19,25],"damage_taken":[{"damage":2,"enemies":"2 Louse","floor":1,"turns":3},{"damage":1,"enemies":"Jaw Worm","floor":3,"turns":3},{"damage":4,"enemies":"Cultist","floor":5,"turns":4},{"damage":9,"enemies":"2 Fungi Beasts","floor":7,"turns":4},{"damage":51,"enemies":"Exordium Thugs","floor":8,"turns":5},{"damage":19,"enemies":"Gremlin Gang","floor":10,"turns":6},{"damage":11,"enemies":"Looter","floor":13,"turns":4},{"damage":18,"enemies":"Exordium Wildlife","floor":14,"turns":4},{"damage":5,"enemies":"Slime Boss","floor":16,"turns":10},{"damage":18,"enemies":"Chosen","floor":18,"turns":6},{"damage":18,"enemies":"3 Byrds","floor":19,"turns":4},{"damage":34,"enemies":"Cultist and Chosen","floor":24,"turns":5},{"damage":16,"enemies":"Chosen and Byrds","floor":25,"turns":6}],"seed_played":"-8416816005860426681","potions_obtained":[{"floor":3,"key":"BlessingOfTheForge"},{"floor":7,"key":"CultistPotion"},{"floor":13,"key":"EntropicBrew"},{"floor":16,"key":"Energy Potion"},{"floor":18,"key":"Fire Potion"},{"floor":24,"key":"GamblersBrew"}],"is_trial":false,"path_per_floor":["M","?","M","?","M","R","M","M","T","M","?","$","M","M","R","B",null,"M","M","$","?","T","R","M","M"],"character_chosen":"DEFECT","items_purchased":["Defragment"],"campfire_rested":2,"item_purchase_floors":[12],"current_hp_per_floor":[66,66,65,65,68,68,66,22,22,10,27,27,23,12,32,34,60,49,31,31,15,22,44,10,0,0],"gold":193,"neow_bonus":"RANDOM_COMMON_RELIC","is_daily":false,"chose_seed":false,"campfire_upgraded":1,"win_rate":0.0,"timestamp":1610469961,"path_taken":["M","?","M","?","M","R","M","M","T","?","?","?","M","M","R","BOSS","M","?","$","?","?","R","M","M"],"items_purchased_type":["Card"],"build_version":"2020-12-22","purchased_purges":2,"victory":false,"max_hp_per_floor":[75,69,69,69,69,69,69,69,69,69,69,69,69,69,69,69,69,69,69,69,69,76,76,76,76,76],"card_choices":[{"not_picked":["Conserve Battery","Steam"],"picked":"Self Repair","floor":1},{"not_picked":["Ball Lightning","Hello World"],"picked":"Loop","floor":3},{"not_picked":["Redo","Turbo"],"picked":"Ball Lightning","floor":5},{"not_picked":["Heatsinks","Ball Lightning"],"picked":"Chaos","floor":7},{"not_picked":["Lockon","Cold Snap"],"picked":"Glacier","floor":8},{"not_picked":["Force Field","Beam Cell","Doom and Gloom"],"picked":"SKIP","floor":10},{"not_picked":["Auto Shields","Hologram","Gash"],"picked":"SKIP","floor":13},{"not_picked":["Doom and Gloom","Hologram"],"picked":"Conserve Battery","floor":14},{"not_picked":["Rainbow","Seek"],"picked":"Creative AI","floor":16},{"not_picked":["Compile Driver","Stack"],"picked":"Undo","floor":18},{"not_picked":["Go for the Eyes","Stack"],"picked":"Turbo","floor":19},{"not_picked":["Go for the Eyes","Compile Driver"],"picked":"Conserve Battery","floor":24}],"player_experience":698985,"relics_obtained":[{"floor":9,"key":"Darkstone Periapt"},{"floor":21,"key":"Nilry\u0027s Codex"},{"floor":22,"key":"Strawberry"}],"event_choices":[{"damage_healed":0,"gold_gain":0,"player_choice":"Lose Max HP","damage_taken":0,"relics_obtained":["Golden Idol"],"max_hp_gain":0,"max_hp_loss":6,"event_name":"Golden Idol","floor":2,"gold_loss":0},{"damage_healed":0,"gold_gain":0,"player_choice":"0 cards matched","damage_taken":0,"max_hp_gain":0,"max_hp_loss":0,"event_name":"Match and Keep!","floor":4,"gold_loss":0,"cards_obtained":[]},{"damage_healed":17,"gold_gain":0,"player_choice":"Healed","damage_taken":0,"max_hp_gain":0,"max_hp_loss":0,"event_name":"The Cleric","floor":11,"gold_loss":35},{"damage_healed":0,"gold_gain":0,"player_choice":"Obtained Book","damage_taken":16,"max_hp_gain":0,"max_hp_loss":0,"event_name":"Cursed Tome","floor":21,"gold_loss":0}],"is_beta":false,"boss_relics":[{"not_picked":["Busted Crown","Coffee Dripper"],"picked":"SacredBark"}],"items_purged_floors":[12,20],"is_endless":false,"potions_floor_spawned":[3,7,8,13,14,16,18,24],"killed_by":"Chosen and Byrds","ascension_level":12}}