{"host":"qfrmffs8rw9cf08l","time":1610434479,"event":{"mods":["AchievementEnabler","Act Like it!","BaseMod","Better Match","Better Note","Better Sensory Stone","Better Skull","Better Third Choice","BetterRewards","Gensokyo","MarisaÅiñ∂âJÅ@ñÇóùçπÅj","Minty Spire (QoL Compilation)","Permanent Neow","Relic Filter","StSLib"],"gold_per_floor":[115,115,133,143,163,163,198,230,257,287,302,312,312,344,344,442,442,442,442,442,86,86,86,86,86,86,86,86,86,86,86,86,86,86,86,86,86,86,86,86,86,86,86,10,10,10,10,10,10,10,10,10,10,10,10],"floor_reached":56,"playtime":10634,"items_purged":["Defend_MRS","Defend_MRS"],"score":2234,"play_id":"72494eae-2ead-462f-bab5-3a09c0859fd8","local_time":"20210112145439","is_ascension_mode":true,"campfire_choices":[{"data":"MasterSpark","floor":6.0,"key":"SMITH"},{"data":"FairyDestructionRay","floor":13.0,"key":"SMITH"},{"data":"EnergyFlow","floor":15.0,"key":"SMITH"},{"data":"FinalSpark","floor":23.0,"key":"SMITH"},{"data":"DoubleSpark","floor":30.0,"key":"SMITH"},{"floor":32.0,"key":"RECALL"},{"data":"AbsoluteMagnitude","floor":41.0,"key":"SMITH"},{"data":"Defend_MRS","floor":49.0,"key":"SMITH"},{"data":"Strike_MRS","floor":52.0,"key":"SMITH"}],"circlet_count":0,"master_deck":["Strike_MRS","Strike_MRS","Strike_MRS","Strike_MRS+1","Defend_MRS+1","Defend_MRS+1","MasterSpark+1","UpSweep","SprinkleStarSeal+1","EnergyFlow+1","EarthLightRay+1","MagicChant+1","DarkMatter+1","EnergyRecoil+1","MagicAbsorber+1","SprinkleStarSeal+1","NonDirectionalLaser","MagicChant+1","OneTimeOff+1","FairyDestructionRay+1","GalacticHalo+1","FinalSpark+1","OortCloud+1","EnergyRecoil+1","DoubleSpark+1","OrrerysSun+1","AbsoluteMagnitude+1","MagicAbsorber+1","EventHorizon+1","CasketOfStar+1","AbsoluteMagnitude+1","FinalSpark+1","GalacticHalo+1","OneTimeOff+1","MilkyWay+1","BinaryStars+1","PulseMagic+1"],"relics":["MiniHakkero","MealTicket","WingedGreaves","Toxic Egg 2","Orichalcum","Anchor","Omamori","ShroomBag","MagicBroom","Tiny Chest","Gambling Chip","Shuriken","Vajra","Smiling Mask","HandmadeGrimoire","Ectoplasm","Bottled Lightning","Frozen Egg 2","Torii","MawBank","Mercury Hourglass","Gremlin Horn","Lizard Tail","Gensokyo:ConquerorOfFear","Bronze Scales","Philosopher\u0027s Stone","Dream Catcher","Juzu Bracelet","PreservedInsect","Lantern","HornCleat","Letter Opener"],"acts_visited":["Exordium","Gensokyo:Gensokyo","Gensokyo:Gensokyoer","TheEnding"],"potions_floor_usage":[55,55,55],"damage_taken":[{"damage":0.0,"enemies":"Gensokyo:2_Kodama","floor":1.0,"turns":2.0},{"damage":0.0,"enemies":"Gensokyo:Gryphon","floor":3.0,"turns":2.0},{"damage":0.0,"enemies":"Gensokyo:Python","floor":4.0,"turns":2.0},{"damage":2.0,"enemies":"Gensokyo:3_Kodama","floor":5.0,"turns":6.0},{"damage":4.0,"enemies":"Gensokyo:Cirno","floor":7.0,"turns":7.0},{"damage":1.0,"enemies":"Gensokyo:Aya","floor":8.0,"turns":6.0},{"damage":0.0,"enemies":"Gensokyo:Mamizou","floor":10.0,"turns":6.0},{"damage":0.0,"enemies":"Gensokyo:LivingMonolith","floor":11.0,"turns":2.0},{"damage":0.0,"enemies":"Gensokyo:Gryphon_and_Rabbit","floor":12.0,"turns":3.0},{"damage":0.0,"enemies":"Gensokyo:Aya","floor":14.0,"turns":3.0},{"damage":0.0,"enemies":"Gensokyo:Kokoro","floor":16.0,"turns":9.0},{"damage":0.0,"enemies":"Gensokyo:Chomper","floor":18.0,"turns":2.0},{"damage":0.0,"enemies":"Gensokyo:Koishi","floor":24.0,"turns":4.0},{"damage":0.0,"enemies":"Gensokyo:Reisen","floor":25.0,"turns":5.0},{"damage":0.0,"enemies":"Gensokyo:Tenshi","floor":27.0,"turns":3.0},{"damage":0.0,"enemies":"Gensokyo:AngelMirror","floor":29.0,"turns":3.0},{"damage":0.0,"enemies":"Gensokyo:Koishi","floor":31.0,"turns":4.0},{"damage":0.0,"enemies":"Gensokyo:Eternal_Rivals","floor":33.0,"turns":6.0},{"damage":0.0,"enemies":"Gensokyo:3_Bats","floor":35.0,"turns":1.0},{"damage":0.0,"enemies":"Gensokyo:AncientGuardian","floor":36.0,"turns":4.0},{"damage":0.0,"enemies":"Gensokyo:Sharpion","floor":38.0,"turns":3.0},{"damage":0.0,"enemies":"Gensokyo:4_Bats","floor":39.0,"turns":2.0},{"damage":0.0,"enemies":"Gensokyo:Marisa","floor":40.0,"turns":2.0},{"damage":0.0,"enemies":"Gensokyo:SeedOfUnknown","floor":46.0,"turns":4.0},{"damage":0.0,"enemies":"Gensokyo:Kasen","floor":47.0,"turns":3.0},{"damage":0.0,"enemies":"Gensokyo:3_Boulders","floor":48.0,"turns":2.0},{"damage":15.0,"enemies":"Gensokyo:Shinki","floor":50.0,"turns":8.0},{"damage":2,"enemies":"Shield and Spear","floor":54,"turns":3},{"damage":18,"enemies":"The Heart","floor":55,"turns":6}],"seed_played":"-2679999144569267297","potions_obtained":[{"floor":3.0,"key":"Swift Potion"},{"floor":8.0,"key":"GamblersBrew"},{"floor":10.0,"key":"Swift Potion"},{"floor":18.0,"key":"Block Potion"},{"floor":27.0,"key":"ShroomBrew"},{"floor":31.0,"key":"LiquidMemories"},{"floor":39.0,"key":"SkillPotion"},{"floor":46.0,"key":"Block Potion"}],"is_trial":false,"path_per_floor":["M","?","M","M","M","R","E","E","T","E","M","M","R","E","R","B",null,"M","?","T","$","T","R","E","E","T","E","?","M","R","E","R","B",null,"M","M","?","M","M","E","R","?","T","$","T","M","E","M","R","B",null,"R","$","E","B",null],"character_chosen":"MARISA","items_purchased":["MealTicket","WingedGreaves","Toxic Egg 2","SprinkleStarSeal+1","EnergyFlow","EarthLightRay+1","Orichalcum","Anchor","Omamori","MagicChant+1","DarkMatter+1","ShroomBag","Frozen Egg 2","OortCloud+1","OneTimeOff+1"],"campfire_rested":0,"item_purchase_floors":[0,0,0,0,0,0,0,0,0,0,0,0,21,21,44],"current_hp_per_floor":[75,47,47,47,51,51,53,58,58,64,70,75,75,75,75,75,75,75,75,75,75,75,75,75,75,75,75,75,75,75,75,75,75,75,75,75,75,75,75,75,75,40,40,55,55,61,67,73,73,58,71,71,75,73,60],"gold":10,"neow_bonus":"","is_daily":false,"chose_seed":false,"campfire_upgraded":8,"win_rate":0.0,"timestamp":1610434479,"path_taken":["M","?","?","M","M","R","E","E","T","E","M","M","R","E","R","BOSS","M","?","?","$","?","R","E","E","T","E","?","M","R","E","R","BOSS","M","M","?","M","M","E","R","?","T","$","?","M","E","M","R","BOSS","R","$","E","BOSS"],"items_purchased_type":["Relic","Relic","Relic","Card","Card","Card","Relic","Relic","Relic","Card","Card","Relic","Relic","Card","Card"],"build_version":"2020-12-22","purchased_purges":2,"victory":true,"max_hp_per_floor":[75,75,75,75,75,75,75,75,75,75,75,75,75,75,75,75,75,75,75,75,75,75,75,75,75,75,75,75,75,75,75,75,75,75,75,75,75,75,75,75,75,75,75,75,75,75,75,75,75,75,75,75,75,75,75],"card_choices":[{"not_picked":["WitchLeyline","6A","OpenUniverse+1"],"picked":"SKIP","floor":1.0},{"not_picked":["SporeBomb+1","WitchOfGreed"],"picked":"EnergyRecoil+1","floor":3.0},{"not_picked":["ChargeUpSpray","Occultation+1"],"picked":"MagicAbsorber+1","floor":4.0},{"not_picked":["DeepEcoloBomb","GravityBeat"],"picked":"SprinkleStarSeal+1","floor":5.0},{"not_picked":["EnergyRecoil+1","OortCloud"],"picked":"NonDirectionalLaser","floor":7.0},{"not_picked":["OrrerysSun","DarkMatter+1","MeteoricShower"],"picked":"SKIP","floor":8.0},{"not_picked":["6A","WitchOfGreed"],"picked":"MagicChant+1","floor":10.0},{"not_picked":["Orbital+1","Acceleration+1"],"picked":"OneTimeOff+1","floor":11.0},{"not_picked":["MachineGunSpark","EnergyFlow"],"picked":"FairyDestructionRay","floor":12.0},{"not_picked":["UnstableBomb","EnergyFlow"],"picked":"GalacticHalo+1","floor":14.0},{"not_picked":["JA","SatelliteIllusion"],"picked":"FinalSpark","floor":16.0},{"not_picked":["GrandCross+1","ChargeUpSpray","SprinkleStarSeal+1"],"picked":"SKIP","floor":18.0},{"not_picked":["StarlightTyphoon+1","JA"],"picked":"EnergyRecoil+1","floor":24.0},{"not_picked":["ChargingUp+1","DeepEcoloBomb"],"picked":"DoubleSpark","floor":25.0},{"not_picked":["6A","DC","StarDustReverie+1"],"picked":"SKIP","floor":27.0},{"not_picked":["IllusionStar+1","6A"],"picked":"OrrerysSun+1","floor":29.0},{"not_picked":["GrandCross","UnstableBomb","IllusionStar+1"],"picked":"SKIP","floor":31.0},{"not_picked":["SatelliteIllusion+1","JA"],"picked":"AbsoluteMagnitude","floor":33.0},{"not_picked":["DC","MeteoricShower"],"picked":"MagicAbsorber+1","floor":35.0},{"not_picked":["DC","MagicChant+1"],"picked":"EventHorizon+1","floor":36.0},{"not_picked":["AbsoluteMagnitude+1","BigCrunch+1"],"picked":"CasketOfStar+1","floor":37.0},{"not_picked":["BigCrunch+1","StarDustReverie+1"],"picked":"AbsoluteMagnitude+1","floor":37.0},{"not_picked":["EscapeVelocity+1","BlazingStar+1"],"picked":"FinalSpark+1","floor":37.0},{"not_picked":["ShootingEcho","MysteriousBeam"],"picked":"GalacticHalo+1","floor":38.0},{"not_picked":["DeepEcoloBomb+1","MachineGunSpark+1","EnergyRecoil+1"],"picked":"SKIP","floor":39.0},{"not_picked":["DeepEcoloBomb+1","RefractionSpark","WitchLeyline"],"picked":"SKIP","floor":40.0},{"not_picked":["MysteriousBeam+1","NonDirectionalLaser"],"picked":"MilkyWay+1","floor":46.0},{"not_picked":["BlazeAway+1","MilkyWay+1"],"picked":"BinaryStars+1","floor":47.0},{"not_picked":["DoubleSpark","WitchOfGreed+1","AlicesGift"],"picked":"SKIP","floor":48.0},{"not_picked":["Orbital+1","EnergyFlow+1"],"picked":"PulseMagic+1","floor":54}],"player_experience":238903,"relics_obtained":[{"floor":7.0,"key":"Gambling Chip"},{"floor":8.0,"key":"Shuriken"},{"floor":9.0,"key":"Vajra"},{"floor":10.0,"key":"Smiling Mask"},{"floor":14.0,"key":"HandmadeGrimoire"},{"floor":20.0,"key":"Bottled Lightning"},{"floor":22.0,"key":"Torii"},{"floor":24.0,"key":"MawBank"},{"floor":25.0,"key":"Mercury Hourglass"},{"floor":26.0,"key":"Gremlin Horn"},{"floor":27.0,"key":"Lizard Tail"},{"floor":29.0,"key":"Gensokyo:ConquerorOfFear"},{"floor":31.0,"key":"Bronze Scales"},{"floor":40.0,"key":"Dream Catcher"},{"floor":45.0,"key":"Lantern"},{"floor":47.0,"key":"HornCleat"},{"floor":54,"key":"Letter Opener"}],"event_choices":[{"damage_healed":0.0,"max_hp_gain":0.0,"max_hp_loss":0.0,"gold_gain":0.0,"event_name":"betterSkull:BetterSkull","player_choice":"UP RE ","floor":2.0,"gold_loss":0.0,"damage_taken":32.0,"cards_upgraded":["Defend_MRS"],"relics_obtained":["Tiny Chest"]},{"damage_healed":0.0,"max_hp_gain":0.0,"max_hp_loss":0.0,"gold_gain":0.0,"event_name":"betterMatch:BetterMatch","player_choice":"3","floor":37.0,"gold_loss":0.0,"damage_taken":0.0,"cards_obtained":["betterMatch:RareCard"]},{"damage_healed":0.0,"max_hp_gain":0.0,"max_hp_loss":0.0,"gold_gain":0.0,"event_name":"betterSkull:BetterSkull","player_choice":"RE RE ","floor":42.0,"gold_loss":0.0,"damage_taken":39.0,"cards_upgraded":[],"relics_obtained":["Juzu Bracelet","PreservedInsect"]}],"is_beta":false,"boss_relics":[{"not_picked":["SlaversCollar","Snecko Eye"],"picked":"Ectoplasm"},{"not_picked":["RampagingMagicTools","Fusion Hammer"],"picked":"Philosopher\u0027s Stone"}],"items_purged_floors":[0,21],"is_endless":false,"potions_floor_spawned":[3,8,10,14,18,27,29,31,35,39,46,47],"ascension_level":5}}