{"host":"yzi164syo8zv6plh","time":1610464368,"event":{"mods":["Arknights The Spire","BaseMod","Minty Spire (QoL Compilation)","StSLib"],"gold_per_floor":[116,133,20,195,206,206,240,312,312,312,312],"floor_reached":10,"playtime":480,"items_purged":["ats:Strike C"],"score":66,"play_id":"891a43f6-60cd-4db3-9cac-0b5072ff27b6","local_time":"20210112231248","is_ascension_mode":false,"campfire_choices":[{"data":"ats:Emotion Absorption","floor":6,"key":"SMITH"}],"circlet_count":0,"master_deck":["ats:Strike G","ats:Strike S","ats:Strike V","ats:Armor Crushing Shot","ats:Defend","ats:Defend","ats:Defend","ats:Defend","ats:Emotion Absorption+1","ats:Apocalypse","ats:Counter Healing Mode","ats:Sword Rain","Doubt","ats:Automatic Cover","ats:Revitalization"],"relics":["ats:Sanity","NeowsBlessing","ats:Originium","Lizard Tail"],"acts_visited":["Exordium"],"potions_floor_usage":[7],"damage_taken":[{"damage":0,"enemies":"Cultist","floor":1,"turns":1},{"damage":0,"enemies":"2 Louse","floor":2,"turns":1},{"damage":0,"enemies":"Small Slimes","floor":5,"turns":2},{"damage":58,"enemies":"3 Sentries","floor":7,"turns":10},{"damage":31,"enemies":"Lagavulin","floor":10,"turns":8}],"seed_played":"6714350975540719688","potions_obtained":[{"floor":1,"key":"Fire Potion"}],"is_trial":false,"path_per_floor":["M","M","$","?","M","R","E","?","T","E"],"character_chosen":"DOCTOR_CLASS","items_purchased":["ats:Sword Rain"],"campfire_rested":0,"item_purchase_floors":[3],"current_hp_per_floor":[72,72,72,72,72,72,22,22,22,15,15],"gold":312,"neow_bonus":"THREE_ENEMY_KILL","is_daily":false,"chose_seed":false,"campfire_upgraded":1,"win_rate":0.0,"timestamp":1610464368,"path_taken":["M","M","$","?","M","R","E","?","T","E"],"items_purchased_type":["Card"],"build_version":"2020-12-22","purchased_purges":1,"victory":false,"max_hp_per_floor":[72,72,72,72,72,72,72,72,72,72,72],"card_choices":[{"not_picked":["ats:LN2 Cannon","ats:Consecutive Shot Auto"],"picked":"ats:Apocalypse","floor":1},{"not_picked":["ats:Consecutive Shot Auto","ats:Apocalypse"],"picked":"ats:Counter Healing Mode","floor":2},{"not_picked":["ats:Blood Oath","ats:Cat Scratch"],"picked":"ats:Automatic Cover","floor":5},{"not_picked":["ats:Flexible Camouflage","ats:Red Shift"],"picked":"ats:Revitalization","floor":7}],"player_experience":264198,"relics_obtained":[{"floor":7,"key":"ats:Originium"},{"floor":7,"key":"Lizard Tail"}],"event_choices":[{"damage_healed":0,"gold_gain":175,"player_choice":"AGREE","damage_taken":0,"max_hp_gain":0,"max_hp_loss":0,"event_name":"Liars Game","floor":4,"gold_loss":0,"cards_obtained":["Doubt"]},{"damage_healed":0,"gold_gain":72,"player_choice":"Gained Gold","damage_taken":0,"max_hp_gain":0,"max_hp_loss":0,"event_name":"Golden Wing","floor":8,"gold_loss":0}],"is_beta":false,"boss_relics":[],"items_purged_floors":[3],"is_endless":false,"potions_floor_spawned":[1],"killed_by":"Lagavulin","ascension_level":0}}