{"host":"0ndhasp09f4rkdar","time":1610438560,"event":{"mods":["Act Like it!","BaseMod","Dio Mod","Energized Spire","Hermit","Hero for Fun","Minty Spire (QoL Compilation)","Pale of the Ancients","Replay The Spire","StSLib","SuperFastMode","The Bladedancer"],"gold_per_floor":[13,13,29,29,46,74,40,40,40,52,52,66,66,84,84,180,180,191,191,191],"floor_reached":19,"playtime":852,"items_purged":[],"score":169,"play_id":"5fcf16dc-6a10-49a2-bb18-2d7fa5b99adf","local_time":"20210112160240","is_ascension_mode":false,"campfire_choices":[{"floor":8,"key":"REST"},{"floor":11,"key":"REST"},{"data":"Consume","floor":13,"key":"SMITH"}],"circlet_count":0,"master_deck":["Strike_B","Strike_B","Defend_B","Defend_B","Defend_B","Zap+1","Dualcast","Hologram","Compile Driver","Rip and Tear+1","Lockon","Heatsinks","Hello World","Consume+1","Ball Lightning+1","Reboot","BootSequence","ReplayTheSpireMod:Reroute Power","Fusion"],"relics":["FrozenCore","Molten Egg 2","Garlic"],"acts_visited":["Exordium","TheCity"],"potions_floor_usage":[],"damage_taken":[{"damage":3,"enemies":"Jaw Worm","floor":1,"turns":4},{"damage":12,"enemies":"Small Slimes","floor":3,"turns":3},{"damage":0,"enemies":"Cultist","floor":5,"turns":2},{"damage":26,"enemies":"3 Sentries","floor":6,"turns":7},{"damage":11,"enemies":"Red Slaver","floor":10,"turns":3},{"damage":3,"enemies":"Lots of Slimes","floor":12,"turns":4},{"damage":7,"enemies":"Exordium Wildlife","floor":14,"turns":3},{"damage":26,"enemies":"Slime Boss","floor":16,"turns":6},{"damage":16,"enemies":"Chosen","floor":18,"turns":5}],"seed_played":"3943233819819467754","potions_obtained":[{"floor":3,"key":"SteroidPotion"},{"floor":10,"key":"Death Potion"},{"floor":12,"key":"SkillPotion"}],"is_trial":false,"path_per_floor":["M","?","M","?","M","E","$","R","T","M","R","M","R","M","R","B",null,"M","?"],"character_chosen":"DEFECT","items_purchased":["Hello World"],"campfire_rested":2,"item_purchase_floors":[7],"current_hp_per_floor":[72,65,53,53,53,27,27,49,49,38,60,57,57,50,72,46,75,59,59,59],"gold":191,"neow_bonus":"TRANSFORM_TWO_CARDS","is_daily":false,"chose_seed":false,"campfire_upgraded":1,"win_rate":0.0,"timestamp":1610438560,"path_taken":["M","?","M","?","?","E","?","R","T","?","R","M","R","M","R","BOSS","M","?"],"items_purchased_type":["Card"],"build_version":"2020-12-22","purchased_purges":0,"victory":false,"max_hp_per_floor":[75,75,75,75,75,75,75,75,75,75,75,75,75,75,75,75,75,75,75,75],"card_choices":[{"not_picked":["Cold Snap","BasicCrystalCard"],"picked":"Loop","floor":1},{"not_picked":["Streamline","ReplayTheSpireMod:GoodbyeWorld"],"picked":"Rip and Tear","floor":3},{"not_picked":["ReplayTheSpireMod:Repulse","Beam Cell"],"picked":"Lockon","floor":5},{"not_picked":["Beam Cell+1","Rip and Tear+1"],"picked":"Heatsinks","floor":6},{"not_picked":["ReplayTheSpireMod:GoodbyeWorld","FTL+1"],"picked":"Consume","floor":10},{"not_picked":["Steam","Panic Button"],"picked":"Creative AI","floor":12},{"not_picked":["Aggregate","Barrage+1"],"picked":"Ball Lightning+1","floor":14},{"not_picked":["Rainbow","Creative AI"],"picked":"Reboot","floor":16},{"not_picked":["Sweeping Beam+1","Defragment"],"picked":"BootSequence","floor":18}],"player_experience":223435,"relics_obtained":[{"floor":6,"key":"Molten Egg 2"},{"floor":9,"key":"Garlic"}],"event_choices":[{"cards_removed":["Defend_B"],"damage_healed":0,"gold_gain":0,"player_choice":"Card Removal","damage_taken":7,"max_hp_gain":0,"max_hp_loss":0,"event_name":"Golden Wing","floor":2,"gold_loss":0},{"damage_healed":0,"gold_gain":0,"player_choice":"Upgraded","damage_taken":0,"max_hp_gain":0,"max_hp_loss":0,"event_name":"Upgrade Shrine","floor":4,"gold_loss":0,"cards_upgraded":["Zap"]},{"damage_healed":0,"gold_gain":0,"cards_transformed":["Creative AI","Loop"],"player_choice":"Became Test Subject","damage_taken":0,"max_hp_gain":0,"max_hp_loss":0,"event_name":"Drug Dealer","floor":19,"gold_loss":0,"cards_obtained":["ReplayTheSpireMod:Reroute Power","Fusion"]}],"is_beta":false,"boss_relics":[{"not_picked":["Honey Jar","Sozu"],"picked":"FrozenCore"}],"items_purged_floors":[],"is_endless":false,"potions_floor_spawned":[3,10,12],"ascension_level":0}}