{"host":"d66n7ln59ex8canu","time":1610426736,"event":{"mods":["AchievementEnabler","BaseMod","Colored Map","Minty Spire (QoL Compilation)","Quick Restart","StSLib"],"gold_per_floor":[111,125,125,145,163,163,238,97,169,194,194,159,109,139,139,236,236,247,170,170,23,23,50,50,50,76,87,87,121,140,80,80,80,80],"floor_reached":33,"playtime":923,"items_purged":["Doubt"],"score":347,"play_id":"1b14e9a5-1af4-428c-8444-8ecffa0f1cb8","local_time":"20210111234536","is_ascension_mode":true,"campfire_choices":[{"data":"Storm of Steel","floor":6,"key":"SMITH"},{"data":"Accuracy","floor":11,"key":"SMITH"},{"data":"Cloak And Dagger","floor":15,"key":"SMITH"},{"data":"Accuracy","floor":25,"key":"SMITH"},{"floor":32,"key":"REST"}],"circlet_count":0,"master_deck":["Strike_G","Strike_G","Strike_G","Strike_G","Strike_G","Defend_G","Defend_G","Defend_G","Defend_G","Survivor","Neutralize","Backflip","Escape Plan","Storm of Steel+1","Wraith Form v2","Blur","Accuracy+1","Endless Agony","Cloak And Dagger+1","Cloak And Dagger","Endless Agony","Adrenaline+1","Cloak And Dagger","Accuracy+1","Backstab","Dodge and Roll","Doubt","PiercingWail+1","Crippling Poison+1","Heel Hook+1"],"relics":["Cursed Key","Ornamental Fan","PreservedInsect","Sundial","HoveringKite","TwistedFunnel","Tough Bandages","The Courier"],"acts_visited":["Exordium","TheCity"],"potions_floor_usage":[10,23,23,29,29,30,33],"damage_taken":[{"damage":0,"enemies":"2 Louse","floor":1,"turns":4},{"damage":0,"enemies":"Cultist","floor":2,"turns":4},{"damage":6,"enemies":"Jaw Worm","floor":4,"turns":4},{"damage":3,"enemies":"Blue Slaver","floor":5,"turns":5},{"damage":27,"enemies":"Lagavulin","floor":10,"turns":8},{"damage":8,"enemies":"Gremlin Nob","floor":14,"turns":3},{"damage":18,"enemies":"Hexaghost","floor":16,"turns":11},{"damage":2,"enemies":"Chosen","floor":18,"turns":4},{"damage":4,"enemies":"Gremlin Leader","floor":23,"turns":5},{"damage":1,"enemies":"Spheric Guardian","floor":27,"turns":4},{"damage":36,"enemies":"Slavers","floor":29,"turns":7},{"damage":0,"enemies":"Centurion and Healer","floor":30,"turns":3},{"damage":48,"enemies":"Champ","floor":33,"turns":7}],"seed_played":"-2775375094754426248","potions_obtained":[{"floor":2,"key":"SteroidPotion"},{"floor":16,"key":"SkillPotion"},{"floor":18,"key":"EntropicBrew"},{"floor":30,"key":"LiquidMemories"}],"is_trial":false,"path_per_floor":["M","M","?","M","M","R","?","$","T","E","R","?","$","E","R","B",null,"M","$","?","$","?","E","?","R","T","M","?","E","M","$","R","B"],"character_chosen":"THE_SILENT","items_purchased":["Accuracy","Endless Agony","Cloak And Dagger","Accuracy","TwistedFunnel"],"campfire_rested":1,"item_purchase_floors":[8,8,13,19,21],"current_hp_per_floor":[70,70,70,64,61,61,50,50,50,23,23,40,40,32,32,14,70,68,68,68,68,68,64,64,64,64,63,63,27,27,27,48,0,0],"gold":80,"neow_bonus":"BOSS_RELIC","is_daily":false,"chose_seed":false,"campfire_upgraded":4,"win_rate":0.0,"timestamp":1610426736,"path_taken":["M","M","?","M","?","R","?","$","T","E","R","?","?","E","R","BOSS","M","$","?","$","?","E","?","R","T","?","?","E","?","$","R","BOSS"],"items_purchased_type":["Card","Card","Card","Card","Relic"],"build_version":"2020-12-22","purchased_purges":1,"victory":false,"max_hp_per_floor":[70,70,70,70,70,70,70,70,70,70,70,70,70,70,70,70,70,70,70,70,70,70,70,70,70,70,70,70,70,70,70,70,70,70],"card_choices":[{"not_picked":["Infinite Blades","Bane"],"picked":"Backflip","floor":1},{"not_picked":["Distraction","PiercingWail"],"picked":"Escape Plan","floor":2},{"not_picked":["Quick Slash","Choke"],"picked":"Wraith Form v2","floor":4},{"not_picked":["Underhanded Strike","Flying Knee"],"picked":"Blur","floor":5},{"not_picked":["All Out Attack","Storm of Steel"],"picked":"Cloak And Dagger","floor":10},{"not_picked":["Flying Knee","Quick Slash"],"picked":"Endless Agony","floor":14},{"not_picked":["Glass Knife","Grand Finale"],"picked":"Adrenaline","floor":16},{"not_picked":["Catalyst","Dagger Throw"],"picked":"Cloak And Dagger","floor":18},{"not_picked":["Sucker Punch","Bane"],"picked":"Backstab","floor":23},{"not_picked":["Flechettes","Cloak And Dagger"],"picked":"PiercingWail+1","floor":27},{"not_picked":["Noxious Fumes","Prepared"],"picked":"Crippling Poison+1","floor":29},{"not_picked":["Flying Knee","Quick Slash"],"picked":"Heel Hook+1","floor":30}],"player_experience":317992,"relics_obtained":[{"floor":9,"key":"Ornamental Fan"},{"floor":10,"key":"PreservedInsect"},{"floor":14,"key":"Sundial"},{"floor":23,"key":"Tough Bandages"},{"floor":29,"key":"The Courier"}],"event_choices":[{"damage_healed":0,"gold_gain":0,"cards_transformed":["Defend_G"],"player_choice":"Transformed","damage_taken":0,"max_hp_gain":0,"max_hp_loss":0,"event_name":"Transmorgrifier","floor":3,"gold_loss":0,"cards_obtained":["Storm of Steel"]},{"damage_healed":0,"gold_gain":75,"player_choice":"Gather Gold","damage_taken":11,"max_hp_gain":0,"max_hp_loss":0,"event_name":"World of Goop","floor":7,"gold_loss":0},{"damage_healed":17,"gold_gain":0,"player_choice":"Healed","damage_taken":0,"max_hp_gain":0,"max_hp_loss":0,"event_name":"The Cleric","floor":12,"gold_loss":35},{"damage_healed":0,"gold_gain":0,"player_choice":"Ignored","damage_taken":0,"max_hp_gain":0,"max_hp_loss":0,"event_name":"Beggar","floor":20,"gold_loss":0},{"damage_healed":0,"gold_gain":0,"player_choice":"Ignored","damage_taken":0,"max_hp_gain":0,"max_hp_loss":0,"event_name":"Ghosts","floor":22,"gold_loss":0},{"damage_healed":0,"gold_gain":0,"player_choice":"1 cards matched","damage_taken":0,"max_hp_gain":0,"max_hp_loss":0,"event_name":"Match and Keep!","floor":24,"gold_loss":0,"cards_obtained":["Dodge and Roll"]},{"damage_healed":0,"gold_gain":0,"player_choice":"Upgraded","damage_taken":0,"max_hp_gain":0,"max_hp_loss":0,"event_name":"Upgrade Shrine","floor":28,"gold_loss":0,"cards_upgraded":["Adrenaline"]}],"is_beta":false,"boss_relics":[{"not_picked":["Coffee Dripper","Runic Dome"],"picked":"HoveringKite"}],"items_purged_floors":[31],"is_endless":false,"potions_floor_spawned":[2,16,18,23,30],"killed_by":"Champ","ascension_level":4}}