{"host":"w3q5ijqu8eoknil3","time":1610410538,"event":{"mods":["AchievementEnabler","BaseMod","Block Reminder","Colored Powertips","Curses Come First","Minty Spire (QoL Compilation)","Quick Restart","Relic Stats","StSLib","ojb\u0027s Better Paths Mod","ojb\u0027s Info Mod","slay the spire mod where everything is the same but ironclad has a cowboy hat"],"gold_per_floor":[115,128,128,128,146,177,177,177,177],"floor_reached":8,"playtime":194,"items_purged":[],"score":106,"play_id":"afc52b3d-1a9d-4ad7-9c3a-739aee163c35","local_time":"20210112001538","is_ascension_mode":true,"campfire_choices":[{"floor":7,"key":"REST"}],"circlet_count":0,"master_deck":["AscendersBane","Strike_G+1","Strike_G","Strike_G","Strike_G","Strike_G","Defend_G","Defend_G","Defend_G","Defend_G","Defend_G","Survivor","Neutralize+1","Outmaneuver","Eviscerate","Wraith Form v2","Flying Knee","Neutralize","Dagger Spray","Underhanded Strike"],"relics":["Ring of the Snake","NeowsBlessing","Darkstone Periapt"],"acts_visited":["Exordium"],"potions_floor_usage":[8,8],"damage_taken":[{"damage":0,"enemies":"Cultist","floor":1,"turns":1},{"damage":0,"enemies":"Jaw Worm","floor":2,"turns":1},{"damage":0,"enemies":"Small Slimes","floor":5,"turns":1},{"damage":37,"enemies":"Gremlin Nob","floor":6,"turns":5},{"damage":34,"enemies":"Lagavulin","floor":8,"turns":8}],"seed_played":"-3703704324744834774","potions_obtained":[{"floor":1,"key":"LiquidBronze"},{"floor":6,"key":"Energy Potion"}],"is_trial":false,"path_per_floor":["M","M","?","?","M","E","R","E"],"character_chosen":"THE_SILENT","items_purchased":[],"campfire_rested":1,"item_purchase_floors":[],"current_hp_per_floor":[59,59,39,39,39,2,21,0,0],"gold":177,"neow_bonus":"THREE_ENEMY_KILL","is_daily":false,"chose_seed":false,"campfire_upgraded":0,"win_rate":0.0,"timestamp":1610410538,"path_taken":["M","M","?","?","?","E","R","E"],"items_purchased_type":[],"build_version":"2020-12-22","purchased_purges":0,"victory":false,"max_hp_per_floor":[66,66,66,66,66,66,66,66,66],"relic_stats":{"Darkstone Periapt":0,"counters":[5,16],"obtain_stats":[{"Darkstone Periapt":6,"NeowsBlessing":0,"Ring of the Snake":0},{"Darkstone Periapt":4,"NeowsBlessing":0,"Ring of the Snake":0},{"Darkstone Periapt":8,"NeowsBlessing":0,"Ring of the Snake":0}],"Ring of the Snake":[10]},"card_choices":[{"not_picked":["Tactician","Bane"],"picked":"Outmaneuver","floor":1},{"not_picked":["Dodge and Roll","Endless Agony"],"picked":"Eviscerate","floor":2},{"not_picked":["Outmaneuver","Finisher"],"picked":"Dagger Spray","floor":5},{"not_picked":["Outmaneuver","PiercingWail"],"picked":"Underhanded Strike","floor":6}],"player_experience":964109,"relics_obtained":[{"floor":6,"key":"Darkstone Periapt"}],"event_choices":[{"damage_healed":0,"gold_gain":0,"player_choice":"Entered Light","damage_taken":20,"max_hp_gain":0,"max_hp_loss":0,"event_name":"Shining Light","floor":3,"gold_loss":0,"cards_upgraded":["Strike_G","Neutralize"]},{"damage_healed":0,"gold_gain":0,"player_choice":"3 cards matched","damage_taken":0,"max_hp_gain":0,"max_hp_loss":0,"event_name":"Match and Keep!","floor":4,"gold_loss":0,"cards_obtained":["Wraith Form v2","Flying Knee","Neutralize"]}],"is_beta":false,"boss_relics":[],"items_purged_floors":[],"is_endless":false,"potions_floor_spawned":[1,6],"killed_by":"Lagavulin","ascension_level":18}}