{"host":"tnsigirk6wurdark","time":1610487240,"event":{"mods":["BaseMod","Colored Map","Colored Powertips","Highlight Path","Minty Spire (QoL Compilation)","Quick Restart","Relic Sorter","StSLib","Synergy Search"],"gold_per_floor":[113,113,132,132,18,18,30,63,86,105,105,105,105,105,105,178,178,192,208,148,161,181,181,207,223,223,9,24,24,24,36,36,36,36],"floor_reached":33,"language":"ENG","playtime":2162,"items_purged":["Strike_G","Regret"],"score":467,"play_id":"d57c6f77-eb58-4c51-bc8c-85128ebe95d7","local_time":"20210112213400","is_ascension_mode":true,"campfire_choices":[{"data":"Footwork","floor":6,"key":"SMITH"},{"data":"Bouncing Flask","floor":11,"key":"SMITH"},{"floor":13,"key":"REST"},{"data":"Leg Sweep","floor":15,"key":"SMITH"},{"floor":23,"key":"REST"},{"floor":30,"key":"REST"},{"floor":32,"key":"REST"}],"circlet_count":0,"master_deck":["AscendersBane","Strike_G","Strike_G","Strike_G","Defend_G","Defend_G","Defend_G","Defend_G","Defend_G","Survivor","Neutralize","Dagger Throw","Dagger Throw","Acrobatics","Footwork+1","Bouncing Flask+1","Escape Plan","Leg Sweep+1","Tools of the Trade+1","Noxious Fumes","Blade Dance","Noxious Fumes","Deadly Poison","Footwork","Bane+1","Choke+1","Blade Dance","Noxious Fumes","Backstab","Prepared","Blade Dance","Slice","Slice+1","Deflect+1"],"relics":["Ring of the Snake","Prayer Wheel","Fusion Hammer","Blood Vial","Shuriken","Orichalcum","Pantograph","Girya"],"acts_visited":["Exordium","TheCity"],"potions_floor_usage":[12,19,24,25,31],"damage_taken":[{"damage":3.0,"enemies":"Small Slimes","floor":1.0,"turns":5.0},{"damage":1,"enemies":"2 Louse","floor":3,"turns":4},{"damage":0,"enemies":"Jaw Worm","floor":7,"turns":5},{"damage":26,"enemies":"Gremlin Nob","floor":8,"turns":5},{"damage":8,"enemies":"3 Louse","floor":10,"turns":4},{"damage":0,"enemies":"The Mushroom Lair","floor":12,"turns":1},{"damage":16,"enemies":"Hexaghost","floor":16,"turns":10},{"damage":6,"enemies":"Chosen","floor":18,"turns":5},{"damage":11,"enemies":"3 Byrds","floor":19,"turns":9},{"damage":14,"enemies":"Snecko","floor":21,"turns":7},{"damage":20,"enemies":"Sentry and Sphere","floor":22,"turns":5},{"damage":24,"enemies":"Slavers","floor":24,"turns":8},{"damage":8,"enemies":"Snake Plant","floor":25,"turns":5},{"damage":5,"enemies":"Snecko","floor":28,"turns":6},{"damage":13,"enemies":"Centurion and Healer","floor":31,"turns":5},{"damage":59,"enemies":"Collector","floor":33,"turns":8}],"seed_played":"8103150009308403487","potions_obtained":[{"floor":10,"key":"SmokeBomb"},{"floor":18,"key":"Strength Potion"},{"floor":22,"key":"Poison Potion"},{"floor":24,"key":"SkillPotion"},{"floor":28,"key":"SteroidPotion"}],"is_trial":false,"path_per_floor":["M","?","M","?","$","R","M","E","T","M","R","?","R","?","R","B",null,"M","M","?","M","M","R","E","M","T","$","M","?","R","M","R","B"],"character_chosen":"THE_SILENT","items_purchased":["Footwork","Backstab","Prepared"],"campfire_rested":4,"item_purchase_floors":[5,27,27],"current_hp_per_floor":[56,56,57,50,50,50,52,28,28,22,22,24,43,43,43,29,57,53,44,44,32,14,33,11,5,5,5,2,2,21,10,29,0,0],"gold":36,"neow_bonus":"THREE_CARDS","is_daily":false,"chose_seed":false,"campfire_upgraded":3,"win_rate":0.0,"timestamp":1610487240,"path_taken":["M","?","M","?","$","R","?","E","T","M","R","?","R","?","R","BOSS","M","M","?","M","?","R","E","M","T","?","M","?","R","M","R","BOSS"],"items_purchased_type":["Card","Card","Card"],"build_version":"2020-12-22","purchased_purges":2,"victory":false,"max_hp_per_floor":[66,66,66,66,66,66,66,66,66,66,66,66,66,66,66,66,66,66,66,66,66,66,66,66,66,66,66,66,66,66,66,66,66,66],"card_choices":[{"not_picked":["Expertise","Tactician"],"picked":"Dagger Throw","floor":0.0},{"not_picked":["Sucker Punch","Outmaneuver"],"picked":"Dagger Throw","floor":1.0},{"not_picked":["Sucker Punch","Heel Hook"],"picked":"Acrobatics","floor":3},{"not_picked":["Infinite Blades","Dash"],"picked":"Bouncing Flask","floor":7},{"not_picked":["Acrobatics","Reflex"],"picked":"Escape Plan","floor":8},{"not_picked":["Backflip","Acrobatics"],"picked":"Leg Sweep","floor":10},{"not_picked":["Malaise","Venomology"],"picked":"Tools of the Trade","floor":16},{"not_picked":["Deflect+1","Bane"],"picked":"Noxious Fumes","floor":18},{"not_picked":["Deflect","Poisoned Stab"],"picked":"Blade Dance","floor":19},{"not_picked":["Backflip","Backstab"],"picked":"Noxious Fumes","floor":21},{"not_picked":["Well Laid Plans","Blur"],"picked":"Deadly Poison","floor":21},{"not_picked":["Slice","Underhanded Strike"],"picked":"Footwork","floor":22},{"not_picked":["Poisoned Stab","Acrobatics","Bane+1"],"picked":"SKIP","floor":22},{"not_picked":["Poisoned Stab","Acrobatics"],"picked":"Bane+1","floor":22},{"not_picked":["Escape Plan","Caltrops"],"picked":"Choke+1","floor":24},{"not_picked":["Acrobatics","Bane"],"picked":"Blade Dance","floor":25},{"not_picked":["Glass Knife","Quick Slash"],"picked":"Noxious Fumes","floor":25},{"not_picked":["Heel Hook","Dodge and Roll"],"picked":"Blade Dance","floor":28},{"not_picked":["Dagger Spray","Dagger Throw"],"picked":"Slice","floor":28},{"not_picked":["Calculated Gamble","Acrobatics"],"picked":"Slice+1","floor":31},{"not_picked":["Bane","Footwork"],"picked":"Deflect+1","floor":31}],"player_experience":695690,"relics_obtained":[{"floor":8,"key":"Shuriken"},{"floor":9,"key":"Orichalcum"},{"floor":24,"key":"Pantograph"},{"floor":26,"key":"Girya"}],"event_choices":[{"damage_healed":0.0,"max_hp_gain":0.0,"max_hp_loss":0.0,"gold_gain":0.0,"event_name":"Big Fish","player_choice":"Box","floor":2.0,"gold_loss":0.0,"damage_taken":0.0,"relics_obtained":["Blood Vial"],"cards_obtained":["Regret"]},{"cards_removed":["Strike_G"],"damage_healed":0,"gold_gain":0,"player_choice":"Card Removal","damage_taken":7,"max_hp_gain":0,"max_hp_loss":0,"event_name":"Golden Wing","floor":4,"gold_loss":0},{"damage_healed":0,"gold_gain":0,"player_choice":"Fought Mushrooms","damage_taken":0,"max_hp_gain":0,"max_hp_loss":0,"event_name":"Mushrooms","floor":12,"gold_loss":0},{"damage_healed":0,"gold_gain":0,"player_choice":"Ignored","damage_taken":0,"max_hp_gain":0,"max_hp_loss":0,"event_name":"Liars Game","floor":14,"gold_loss":0},{"damage_healed":0,"gold_gain":0,"player_choice":"Paid Gold","damage_taken":0,"relics_obtained":["Prayer Wheel"],"max_hp_gain":0,"max_hp_loss":0,"event_name":"WeMeetAgain","floor":20,"gold_loss":60},{"damage_healed":0,"gold_gain":0,"player_choice":"Forge","damage_taken":0,"max_hp_gain":0,"max_hp_loss":0,"event_name":"Accursed Blacksmith","floor":29,"gold_loss":0,"cards_upgraded":["Tools of the Trade"]}],"is_beta":false,"boss_relics":[{"not_picked":["WristBlade","Ectoplasm"],"picked":"Fusion Hammer"}],"items_purged_floors":[5,27],"is_endless":false,"potions_floor_spawned":[10,18,22,24,28],"killed_by":"Collector","ascension_level":15}}