{"host":"g0h2b624hxmxacav","time":1610461346,"event":{"mods":["Act Like it!","BaseMod","Colored Map","Downfall","Gensokyo","Luminous","Marisa£®ÏF”Í°°ƒß¿Ì…≥£©","Minty Spire (QoL Compilation)","Reimu£®≤©¿ˆ¡È√Œ£©","Remilia£®¿Ÿ√◊¿Ú—«£©","Replay The Spire","StSLib","The Servant 0.9.4"],"gold_per_floor":[115,115,125,25,5,5,5,5,59,93,93,93,409,425,425,425,425],"floor_reached":16,"playtime":568,"items_purged":[],"score":123,"play_id":"51afea33-953a-4e8c-ace2-da643b19b548","local_time":"20210112222226","is_ascension_mode":false,"campfire_choices":[{"data":"1","floor":6,"key":"LIFT"},{"data":"2","floor":8,"key":"LIFT"},{"data":"3","floor":15,"key":"LIFT"}],"circlet_count":0,"master_deck":["Strike_S","Strike_S","Strike_S","Strike_S","Defend_S","Defend_S","Defend_S","Defend_S","KidneyShot","Exchange","Potential","FanOfKnives","Hallucinations","Duplication","Rearm","InstantArmor"],"relics":["Uniform","NeowsBlessing","Girya","Ornamental Fan","Ring of Peace","ReplayTheSpireMod:Ring of Challenge","Replay:Baseball","Omamori","ReplayTheSpireMod:Lightbulb"],"acts_visited":["Exordium"],"potions_floor_usage":[],"damage_taken":[{"damage":0,"enemies":"Gensokyo:2_Kodama","floor":1,"turns":1},{"damage":0,"enemies":"Gensokyo:Gryphon","floor":3,"turns":1},{"damage":0,"enemies":"Gensokyo:Mamizou","floor":10,"turns":2},{"damage":0,"enemies":"Gensokyo:3_Fairies","floor":13,"turns":3},{"damage":14,"enemies":"Gensokyo:2_Rabbits","floor":14,"turns":5},{"damage":53,"enemies":"Gensokyo:Kokoro","floor":16,"turns":11}],"seed_played":"8519568542111157406","potions_obtained":[{"floor":3,"key":"DistilledChaos"},{"floor":14,"key":"Strength Potion"}],"is_trial":false,"path_per_floor":["M","?","M","?","COS","R","?","R","T","E","?","T","M","M","R","B"],"character_chosen":"THE_SERVANT","items_purchased":[],"campfire_rested":0,"item_purchase_floors":[],"current_hp_per_floor":[65,65,65,65,65,65,65,65,65,65,65,65,65,51,51,0,0],"gold":425,"neow_bonus":"THREE_ENEMY_KILL","is_daily":false,"chose_seed":false,"campfire_upgraded":0,"win_rate":0.0,"timestamp":1610461346,"path_taken":["M","?","?","?","COS","R","?","R","T","E","?","?","?","M","R","BOSS"],"items_purchased_type":[],"build_version":"2020-12-22","purchased_purges":0,"victory":false,"max_hp_per_floor":[65,65,65,65,65,65,65,65,65,65,65,65,65,65,65,65,65],"card_choices":[{"not_picked":["Spin","Starlight"],"picked":"Potential","floor":1},{"not_picked":["FastForward","Potential"],"picked":"FanOfKnives","floor":3},{"not_picked":["Alleviate","Hightail"],"picked":"Duplication","floor":10},{"not_picked":["Advance","Revamp"],"picked":"Rearm","floor":13},{"not_picked":["Alleviate","Hightail"],"picked":"InstantArmor","floor":14}],"player_experience":74689,"relics_obtained":[{"floor":7,"key":"Ring of Peace"},{"floor":7,"key":"ReplayTheSpireMod:Ring of Challenge"},{"floor":9,"key":"Replay:Baseball"},{"floor":10,"key":"Omamori"},{"floor":12,"key":"ReplayTheSpireMod:Lightbulb"}],"event_choices":[],"is_beta":false,"boss_relics":[],"items_purged_floors":[],"is_endless":false,"potions_floor_spawned":[3,14],"killed_by":"Gensokyo:Kokoro","ascension_level":0}}