{"host":"0tiuc76yumknr6qf","time":1610471088,"event":{"mods":["BaseMod","Colored Map","Highlight Path","Minty Spire (QoL Compilation)","StSLib","The Necromancer"],"gold_per_floor":[365,222,237,187,187,187,212,212,239,265,265,277,292,292,292,371,371,384,384,399,95,20,20,36,56,101,101,112,112,139,150,150,236,236,263,263,285,303,315,315,415,415,415,454,475,502,502,97,97,97],"floor_reached":51,"playtime":4593,"items_purged":["Strike_W"],"score":1269,"play_id":"1c148a49-6413-4a27-8001-d4aaa2da9cab","local_time":"20210112110448","is_ascension_mode":true,"campfire_choices":[{"data":"Bone_Bullets","floor":6.0,"key":"SMITH"},{"data":"Bone_Armory","floor":8.0,"key":"SMITH"},{"data":"Bones_to_Steel","floor":11.0,"key":"SMITH"},{"floor":15.0,"key":"REST"},{"floor":27.0,"key":"REST"},{"floor":29.0,"key":"REST"},{"floor":32.0,"key":"REST"},{"floor":40.0,"key":"REST"},{"floor":42.0,"key":"REST"},{"floor":49.0,"key":"REST"}],"circlet_count":0,"master_deck":["AscendersBane","Defend_W+1","Defend_W","Defend_W+1","Defend_W","Negative_Energy_Arrows","Bone_Wall","Bone_Prison","Bone_Armor","Deaths_Shadow+1","Vampiric_Strike+1","Grasp_Heart","Bones_to_Steel+1","Bone_Bullets+1","Bone_Armory+1","Violent_Necrosis","Siphon_Strength","Grasp_Heart","Bone_Armory","Spectral_Walk","Skeleton_Dragon","Epidemic","Bone_Bullets+1","Bone_Prison","Bone_Armor","Summon_Undead","Spectral_Walk","Plague_Bolt","Skeleton_Dragon","Forethought"],"relics":["Vampire_Amulet","Orrery","Happy Flower","Ancient Tea Set","War Paint","FossilizedHelix","Fusion Hammer","MutagenicStrength","Whetstone","TungstenRod","CeramicFish","Blood Vial","Runic Pyramid","Torii","Turnip"],"acts_visited":["Exordium","TheCity","TheBeyond"],"potions_floor_usage":[50,50],"damage_taken":[{"damage":0.0,"enemies":"2 Louse","floor":1.0,"turns":3.0},{"damage":0.0,"enemies":"Cultist","floor":3.0,"turns":3.0},{"damage":16.0,"enemies":"Gremlin Nob","floor":7.0,"turns":3.0},{"damage":26.0,"enemies":"Lagavulin","floor":10.0,"turns":4.0},{"damage":10.0,"enemies":"Small Slimes","floor":12.0,"turns":3.0},{"damage":0.0,"enemies":"3 Louse","floor":13.0,"turns":2.0},{"damage":0.0,"enemies":"The Guardian","floor":16.0,"turns":10.0},{"damage":18.0,"enemies":"2 Thieves","floor":18.0,"turns":4.0},{"damage":20.0,"enemies":"Shell Parasite","floor":20.0,"turns":4.0},{"damage":22.0,"enemies":"Shelled Parasite and Fungi","floor":24.0,"turns":4.0},{"damage":14.0,"enemies":"Snake Plant","floor":25.0,"turns":3.0},{"damage":12.0,"enemies":"Cultist and Chosen","floor":28.0,"turns":6.0},{"damage":0.0,"enemies":"Book of Stabbing","floor":30.0,"turns":6.0},{"damage":0.0,"enemies":"Snecko","floor":31.0,"turns":4.0},{"damage":56.0,"enemies":"Automaton","floor":33.0,"turns":17.0},{"damage":25.0,"enemies":"3 Shapes","floor":35.0,"turns":6.0},{"damage":0.0,"enemies":"Orb Walker","floor":37.0,"turns":4.0},{"damage":16.0,"enemies":"Jaw Worm Horde","floor":38.0,"turns":4.0},{"damage":27.0,"enemies":"Sphere and 2 Shapes","floor":39.0,"turns":7.0},{"damage":20.0,"enemies":"Reptomancer","floor":44.0,"turns":8.0},{"damage":0.0,"enemies":"4 Shapes","floor":45.0,"turns":6.0},{"damage":0.0,"enemies":"Transient","floor":46.0,"turns":5.0},{"damage":60,"enemies":"Donu and Deca","floor":50,"turns":9}],"seed_played":"5775876002791531507","potions_obtained":[{"floor":1.0,"key":"SmokeBomb"},{"floor":10.0,"key":"Swift Potion"},{"floor":12.0,"key":"BlessingOfTheForge"},{"floor":24.0,"key":"EntropicBrew"},{"floor":37.0,"key":"DuplicationPotion"},{"floor":38.0,"key":"LiquidMemories"}],"is_trial":false,"path_per_floor":["M","$","M","?","?","R","E","R","T","E","R","M","M","?","R","B",null,"M","?","M","$","?","T","M","M","T","R","M","R","E","M","R","B",null,"M","?","M","M","M","R","?","R","T","E","M","M","?","$","R","B",null],"character_chosen":"NECROMANCER","items_purchased":["Orrery","Spectral_Walk","Whetstone","DuplicationPotion","BlessingOfTheForge","Spectral_Walk","Plague_Bolt","Skeleton_Dragon","Forethought"],"campfire_rested":7,"item_purchase_floors":[2,21,21,48,48,48,48,48,48],"current_hp_per_floor":[64,64,64,64,64,64,50,50,50,26,26,20,28,28,47,51,61,47,47,29,29,29,29,14,8,8,27,19,38,43,50,64,20,53,39,39,43,38,22,41,41,60,60,50,63,64,64,64,64,11],"gold":97,"neow_bonus":"TWO_FIFTY_GOLD","is_daily":false,"chose_seed":false,"campfire_upgraded":3,"win_rate":0.0,"timestamp":1610471088,"path_taken":["M","$","M","?","?","R","E","R","T","E","R","M","?","?","R","BOSS","M","?","M","$","?","?","M","M","T","R","?","R","E","M","R","BOSS","M","?","?","M","M","R","?","R","T","E","?","?","?","$","R","BOSS"],"items_purchased_type":["Relic","Card","Relic","Potion","Potion","Card","Card","Card","Card"],"build_version":"2020-12-22","purchased_purges":1,"victory":true,"max_hp_per_floor":[64,64,64,64,64,64,64,64,64,64,64,64,64,64,64,64,64,64,64,64,64,64,64,64,64,64,64,64,64,64,64,64,64,64,64,64,64,64,64,64,64,64,64,64,64,64,64,64,64,64],"card_choices":[{"not_picked":["Slay_Living","Bone_Armor"],"picked":"Bone_Prison","floor":1.0},{"not_picked":["Violent_Necrosis","Summon_Undead_Army"],"picked":"Bone_Armor","floor":2.0},{"not_picked":["Detonate_Bones","Shackles_Of_Pain"],"picked":"Deaths_Shadow","floor":2.0},{"not_picked":["Bone_Spikes","Consume_Illness"],"picked":"Vampiric_Strike","floor":2.0},{"not_picked":["Shade_Step","Blood_Curse"],"picked":"Grasp_Heart","floor":2.0},{"not_picked":["Exploit","Bone_Shift"],"picked":"Bones_to_Steel","floor":2.0},{"not_picked":["Whirlwind_of_Bones","Death_March_Dance"],"picked":"Bone_Bullets","floor":3.0},{"not_picked":["Negative_Energy_Bomb","Flesh_Made_Foul"],"picked":"Bone_Armory","floor":7.0},{"not_picked":["Strike_from_Beyond","Consume_Illness","Acid_Javelin"],"picked":"SKIP","floor":10.0},{"not_picked":["Necromantic_Selection","Negative_Energy_Javelin"],"picked":"Violent_Necrosis","floor":12.0},{"not_picked":["Blood_Is_Power","Scare"],"picked":"Siphon_Strength","floor":13.0},{"not_picked":["Blood_Magic","Negative_Energy_Bomb"],"picked":"Grasp_Heart","floor":16.0},{"not_picked":["Death_Knell","Death_Coil"],"picked":"Bone_Armory","floor":18.0},{"not_picked":["Negative_Energy_Mist","Summon_Lich","Negative_Energy_Sphere"],"picked":"SKIP","floor":20.0},{"not_picked":["Shackles_Of_Pain+1","Toxic_Smoke_Screen"],"picked":"Consume_Illness","floor":24.0},{"not_picked":["Blood_Whip","Bone_Spikes+1","Necromantic_Selection"],"picked":"SKIP","floor":25.0},{"not_picked":["Chill_Blood+1","Death_Coil","Blood_Whip"],"picked":"SKIP","floor":28.0},{"not_picked":["Detonate_Bones","Death_March_Dance","Chill_Blood"],"picked":"SKIP","floor":30.0},{"not_picked":["Death_Knell","Scare","Finger_Of_Death"],"picked":"SKIP","floor":31.0},{"not_picked":["Blood_Wake","Requiem"],"picked":"Skeleton_Dragon","floor":33.0},{"not_picked":["Bone_Armor","Bone_Spikes+1"],"picked":"Epidemic","floor":35.0},{"not_picked":["Blood_Shield","Acid_Javelin"],"picked":"Bone_Bullets+1","floor":37.0},{"not_picked":["Exploit+1","Negative_Energy_Javelin","Blood_Curse"],"picked":"SKIP","floor":38.0},{"not_picked":["Negative_Energy_Mist","Vampiric_Strike+1","Death_Coil"],"picked":"SKIP","floor":39.0},{"not_picked":["Life_Tap+1","Bone_Spikes"],"picked":"Bone_Prison","floor":44.0},{"not_picked":["Cloudkill","Toxic_Smoke_Screen+1"],"picked":"Bone_Armor","floor":45.0},{"not_picked":["Finger_Of_Death","Death_Coil"],"picked":"Summon_Undead","floor":46.0}],"player_experience":1972817,"relics_obtained":[{"floor":7.0,"key":"Happy Flower"},{"floor":9.0,"key":"Ancient Tea Set"},{"floor":10.0,"key":"War Paint"},{"floor":23.0,"key":"TungstenRod"},{"floor":26.0,"key":"CeramicFish"},{"floor":30.0,"key":"Blood Vial"},{"floor":43.0,"key":"Torii"},{"floor":44.0,"key":"Turnip"}],"event_choices":[{"cards_removed":["Strike_W"],"damage_healed":0.0,"max_hp_gain":0.0,"max_hp_loss":0.0,"gold_gain":0.0,"event_name":"The Cleric","player_choice":"Card Removal","floor":4.0,"gold_loss":50.0,"damage_taken":0.0},{"damage_healed":0.0,"max_hp_gain":0.0,"max_hp_loss":0.0,"gold_gain":0.0,"event_name":"Upgrade Shrine","player_choice":"Upgraded","floor":5.0,"gold_loss":0.0,"damage_taken":0.0,"cards_upgraded":["Deaths_Shadow"]},{"damage_healed":0.0,"max_hp_gain":0.0,"max_hp_loss":0.0,"gold_gain":0.0,"event_name":"Dead Adventurer","player_choice":"Searched \u00272\u0027 times","floor":14.0,"gold_loss":0.0,"damage_taken":0.0,"relics_obtained":["FossilizedHelix"]},{"damage_healed":0.0,"max_hp_gain":0.0,"max_hp_loss":0.0,"gold_gain":0.0,"event_name":"Drug Dealer","player_choice":"Inject Mutagens","floor":19.0,"gold_loss":0.0,"damage_taken":0.0,"relics_obtained":["MutagenicStrength"]},{"cards_removed":["Strike_W"],"damage_healed":0.0,"max_hp_gain":0.0,"max_hp_loss":0.0,"gold_gain":0.0,"event_name":"Beggar","player_choice":"Gave Gold","floor":22.0,"gold_loss":75.0,"damage_taken":0.0},{"cards_removed":["Consume_Illness"],"damage_healed":0.0,"max_hp_gain":0.0,"max_hp_loss":0.0,"gold_gain":0.0,"event_name":"Purifier","player_choice":"Purged","floor":36.0,"gold_loss":0.0,"damage_taken":0.0},{"damage_healed":0.0,"max_hp_gain":0.0,"max_hp_loss":0.0,"gold_gain":100.0,"event_name":"Golden Shrine","player_choice":"Pray","floor":41.0,"gold_loss":0.0,"damage_taken":0.0},{"cards_removed":["Strike_W"],"damage_healed":0.0,"max_hp_gain":0.0,"max_hp_loss":0.0,"gold_gain":0.0,"event_name":"Falling","player_choice":"Removed Attack","floor":47.0,"gold_loss":0.0,"damage_taken":0.0}],"is_beta":false,"boss_relics":[{"not_picked":["Calling Bell","Black Star"],"picked":"Fusion Hammer"},{"not_picked":["Pandora\u0027s Box","Busted Crown"],"picked":"Runic Pyramid"}],"items_purged_floors":[21],"is_endless":false,"potions_floor_spawned":[1,10,12,24,25,30,37,38],"ascension_level":14}}