{"host":"a0d98l75j0h1o085","time":1610464788,"event":{"mods":["AlwaysNeverKeys","BaseMod","Downfall","Highlight Path","Minty Spire (QoL Compilation)","StSLib"],"gold_per_floor":[119,130,130,55,130,130,165,165,189,189,209,209,225,555,555,660,660,660,660],"floor_reached":18,"playtime":1219,"items_purged":["Defend_B"],"score":290,"play_id":"97b22bfe-5ba2-4fa5-92b8-c018a9823409","local_time":"20210112151948","is_ascension_mode":true,"campfire_choices":[{"data":"Defragment","floor":6.0,"key":"SMITH"},{"data":"Fusion","floor":8.0,"key":"SMITH"},{"data":"Conserve Battery","floor":12.0,"key":"SMITH"},{"floor":15.0,"key":"REST"}],"circlet_count":0,"master_deck":["AscendersBane","Strike_B+1","Strike_B","Strike_B","Defend_B","Defend_B+1","Defend_B","Zap","Dualcast","Defragment+1","Fusion+1","Conserve Battery+1","Coolheaded","Creative AI"],"relics":["FrozenCore","NeowsBlessing","Prayer Wheel","Lantern","Old Coin"],"acts_visited":["Exordium","TheCity"],"potions_floor_usage":[],"damage_taken":[{"damage":0.0,"enemies":"2 Louse","floor":1.0,"turns":1.0},{"damage":0.0,"enemies":"Small Slimes","floor":2.0,"turns":1.0},{"damage":0.0,"enemies":"Lagavulin","floor":7.0,"turns":1.0},{"damage":0.0,"enemies":"Jaw Worm","floor":11.0,"turns":2.0},{"damage":9.0,"enemies":"Exordium Thugs","floor":13.0,"turns":5.0},{"damage":15.0,"enemies":"3 Sentries","floor":14.0,"turns":9.0},{"damage":10.0,"enemies":"The Guardian","floor":16.0,"turns":13.0},{"damage":0,"enemies":"2 Thieves","floor":18,"turns":1}],"seed_played":"-7352394138251771977","potions_obtained":[{"floor":1.0,"key":"SkillPotion"},{"floor":11.0,"key":"Swift Potion"},{"floor":14.0,"key":"Strength Potion"}],"is_trial":false,"path_per_floor":["M","M","?","$","?","R","E","R","T","?","M","R","M","E","R","B",null,"M"],"character_chosen":"DEFECT","items_purchased":[],"campfire_rested":1,"item_purchase_floors":[],"current_hp_per_floor":[68,68,53,53,42,42,42,42,42,35,35,35,26,11,33,23,62,62,62],"gold":660,"neow_bonus":"THREE_ENEMY_KILL","is_daily":false,"chose_seed":false,"campfire_upgraded":3,"win_rate":0.0,"timestamp":1610464788,"path_taken":["M","M","?","$","?","R","E","R","T","?","M","R","M","E","R","BOSS","M"],"items_purchased_type":[],"build_version":"2020-12-22","purchased_purges":1,"victory":false,"max_hp_per_floor":[75,75,75,75,75,75,75,75,75,75,75,75,75,75,75,75,75,75,75],"card_choices":[{"not_picked":["Beam Cell","White Noise"],"picked":"Defragment","floor":1.0},{"not_picked":["Chaos","Barrage","Steam Power"],"picked":"SKIP","floor":2.0},{"not_picked":["Go for the Eyes","Fusion","Skim"],"picked":"SKIP","floor":7.0},{"not_picked":["Go for the Eyes","Fusion","Skim"],"picked":"SKIP","floor":7.0},{"not_picked":["Go for the Eyes","Fusion","Skim"],"picked":"SKIP","floor":7.0},{"not_picked":["Go for the Eyes","Skim"],"picked":"Fusion","floor":7.0},{"not_picked":["Turbo","Aggregate"],"picked":"Conserve Battery","floor":11.0},{"not_picked":["Turbo","Go for the Eyes","Darkness"],"picked":"SKIP","floor":11.0},{"not_picked":["Steam","Go for the Eyes"],"picked":"Coolheaded","floor":13.0},{"not_picked":["Darkness","Steam","Hyperbeam"],"picked":"SKIP","floor":13.0},{"not_picked":["Gash","Compile Driver","Sunder"],"picked":"SKIP","floor":14.0},{"not_picked":["Buffer","All For One"],"picked":"Creative AI","floor":16.0}],"player_experience":873388,"relics_obtained":[{"floor":7.0,"key":"Prayer Wheel"},{"floor":9.0,"key":"Lantern"},{"floor":14.0,"key":"Old Coin"}],"event_choices":[{"damage_healed":0.0,"max_hp_gain":0.0,"max_hp_loss":0.0,"gold_gain":0.0,"event_name":"Shining Light","player_choice":"Entered Light","floor":3.0,"gold_loss":0.0,"damage_taken":15.0,"cards_upgraded":["Defend_B","Strike_B"]},{"damage_healed":0.0,"max_hp_gain":0.0,"max_hp_loss":0.0,"gold_gain":75.0,"event_name":"World of Goop","player_choice":"Gather Gold","floor":5.0,"gold_loss":0.0,"damage_taken":11.0},{"cards_removed":["Strike_B"],"damage_healed":0.0,"max_hp_gain":0.0,"max_hp_loss":0.0,"gold_gain":0.0,"event_name":"Golden Wing","player_choice":"Card Removal","floor":10.0,"gold_loss":0.0,"damage_taken":7.0}],"is_beta":false,"boss_relics":[{"not_picked":["Runic Dome","Runic Pyramid"],"picked":"FrozenCore"}],"items_purged_floors":[4],"is_endless":false,"potions_floor_spawned":[1,11,14],"killed_by":"2 Thieves","ascension_level":10}}