{"host":"csp9nt53rootlkah","time":1610439273,"event":{"mods":["Act Like it!","BaseMod","Colored Powertips","Friendly Minions","Gensokyo","Highlight Path","Marisa（F雨　魔理沙）","Minty Spire (QoL Compilation)","Quick Restart","Replay The Spire","StSLib","TestMod","The Factory","The Jungle","【遗物卡牌】REMEMod"],"gold_per_floor":[116,116,116,41,60,60,101,6,6,41,61,61,77,331,331,761,761,786,831,831,892,426,455,455,773,773,773,773,996,996,1005,885,492,492,616,616,635,366,366,366,366,366,399,412,438,463,484,498,524,524,524,526,526,526,222,251,255],"floor_reached":58,"playtime":2990,"items_purged":["Defend_MRS","Strike_MRS","Strike_MRS","Defend_MRS"],"score":2043,"play_id":"5495dffc-5eda-4f54-8888-f75eb63cd789","local_time":"20210112161433","is_ascension_mode":true,"campfire_choices":[{"data":"UltimateShortwave","floor":6.0,"key":"SMITH"},{"data":"BinaryStars","floor":15.0,"key":"SMITH"},{"data":"MeteoricShower","floor":24.0,"key":"SMITH"},{"data":"testmod-BloodShelter","floor":30.0,"key":"SMITH"},{"data":"REME_TheoryOfElimination","floor":34.0,"key":"SMITH"},{"data":"EscapeVelocity","floor":42.0,"key":"SMITH"},{"floor":51,"key":"RECALL"},{"data":"Defend_MRS","floor":54,"key":"SMITH"}],"circlet_count":0,"master_deck":["Strike_MRS","Defend_MRS","Defend_MRS+1","MasterSpark","UpSweep","testmod-BloodShelter+1","REME_TheoryOfElimination+1","GasGiant+1","UltimateShortwave+1","GasGiant+1","MeteoricShower+1","BinaryStars+1","EscapeVelocity+1","Acceleration+1"],"relics":["MiniHakkero","testmod-TestBox","REME_ComplimentaryCards","testmod-DeterminationOfClimber","Snack Pack","ReplayTheSpireMod:TigerMarble","Shuriken","testmod-ConstraintPeriapt","Replay:Bandana","Replay:Accelerometer","Black Star","testmod-Charity","ClockworkSouvenir","testmod-ArcanaOfDestiny","Oddly Smooth Stone","Orichalcum","Mango","Replay:Ringing Soul","Replay:Bottled Eggs","testmod-Maize","Gensokyo:SpiderMask","TheAbacus","Happy Flower","testmod-SaigiyounoYou","testmod-Register","Iron Hammer","testmod-CasingShield","testmod-AssaultLearning","Centennial Puzzle","Quantum Egg","Bird Faced Urn","Medical Kit","Replay:Wax Seal","Replay:WaspNest"],"acts_visited":["Gensokyo:Gensokyo","Gensokyo:Gensokyoer","Gensokyo:Gensokyoest","TheEnding"],"potions_floor_usage":[52,57,57,57],"damage_taken":[{"damage":0.0,"enemies":"Gensokyo:2_Kodama","floor":1.0,"turns":2.0},{"damage":0.0,"enemies":"Gensokyo:Gryphon","floor":5.0,"turns":2.0},{"damage":6.0,"enemies":"Gensokyo:Cirno","floor":7.0,"turns":7.0},{"damage":3.0,"enemies":"Gensokyo:Aya","floor":10.0,"turns":3.0},{"damage":0.0,"enemies":"Gensokyo:Python","floor":11.0,"turns":2.0},{"damage":0.0,"enemies":"Gensokyo:CorruptedTreant","floor":13.0,"turns":2.0},{"damage":2.0,"enemies":"Gensokyo:Cirno","floor":14.0,"turns":4.0},{"damage":0.0,"enemies":"Gensokyo:Yukari","floor":16.0,"turns":2.0},{"damage":4.0,"enemies":"Gensokyo:3_Dogs","floor":18.0,"turns":3.0},{"damage":0.0,"enemies":"Gensokyo:CosmicMonolith","floor":19.0,"turns":3.0},{"damage":0.0,"enemies":"Gensokyo:Swordslinger","floor":21.0,"turns":2.0},{"damage":27.0,"enemies":"Gensokyo:Reisen","floor":23.0,"turns":4.0},{"damage":15.0,"enemies":"Gensokyo:Slime_Group","floor":25.0,"turns":3.0},{"damage":0.0,"enemies":"Gensokyo:Tenshi","floor":29.0,"turns":1.0},{"damage":12.0,"enemies":"Gensokyo:Wraith","floor":31.0,"turns":3.0},{"damage":0.0,"enemies":"Gensokyo:Kaguya","floor":35.0,"turns":5.0},{"damage":0.0,"enemies":"Gensokyo:3_Bats","floor":37.0,"turns":1.0},{"damage":0.0,"enemies":"Gensokyo:Marisa","floor":43.0,"turns":1.0},{"damage":8.0,"enemies":"Gensokyo:3_Boulders","floor":44.0,"turns":2.0},{"damage":0.0,"enemies":"Gensokyo:Kasen","floor":46.0,"turns":2.0},{"damage":0.0,"enemies":"Gensokyo:Sharpion","floor":47.0,"turns":1.0},{"damage":0.0,"enemies":"Gensokyo:Dusk_and_Dawn","floor":48.0,"turns":2.0},{"damage":0.0,"enemies":"Gensokyo:Marisa","floor":49.0,"turns":2.0},{"damage":0,"enemies":"Gensokyo:Yuyuko","floor":52,"turns":3},{"damage":0,"enemies":"Shield and Spear","floor":56,"turns":3},{"damage":1,"enemies":"The Heart","floor":57,"turns":3}],"seed_played":"-8372870305019558306","potions_obtained":[{"floor":10.0,"key":"testmod-SpacePotion"},{"floor":11.0,"key":"Weak Potion"},{"floor":13.0,"key":"SkillPotion"},{"floor":14.0,"key":"Strength Potion"},{"floor":16.0,"key":"testmod-TimePotion"},{"floor":29.0,"key":"DistilledChaos"},{"floor":46.0,"key":"Adrenaline Potion"},{"floor":48.0,"key":"Flashbang"},{"floor":56,"key":"ShroomBrew"}],"is_trial":false,"path_per_floor":["M","T","?","$","M","R","E","COS","T","E","M","?","M","E","R","B",null,"M","M","?","M","COS","E","R","M","T","PTL","PTL","E","R","M","?","$","R","B",null,"M","$","?","?","?","R","E","M","T","E","M","M","E","T","R","B",null,"R","$","E","B",null],"character_chosen":"MARISA","items_purchased":["TheAbacus","Happy Flower","testmod-Register","Medical Kit"],"campfire_rested":0,"item_purchase_floors":[33,33,38,55],"current_hp_per_floor":[75,75,75,75,75,75,75,75,75,75,75,75,75,73,73,75,75,75,75,75,75,75,84,84,100,114,114,114,152,152,185,185,185,185,248,248,251,251,251,251,251,251,277,324,325,369,386,413,439,439,439,441,487,487,487,447,569],"gold":255,"neow_bonus":"RANDOM_COLORLESS","is_daily":false,"chose_seed":false,"campfire_upgraded":7,"win_rate":0.0,"timestamp":1610439273,"path_taken":["M","?","?","?","?","R","E","COS","T","E","M","?","M","E","R","BOSS","M","M","?","M","COS","E","R","M","T","PTL","PTL","E","R","M","?","$","R","BOSS","M","$","?","?","?","R","E","M","T","E","M","?","E","?","R","BOSS","R","$","E","BOSS"],"items_purchased_type":["Relic","Relic","Relic","Relic"],"build_version":"2020-12-22","purchased_purges":4,"victory":true,"max_hp_per_floor":[75,75,75,75,75,75,75,75,75,75,75,75,75,75,75,75,75,75,75,75,75,75,104,104,126,140,140,140,169,169,198,198,198,198,248,248,251,251,251,251,251,251,277,324,325,369,386,413,439,439,439,502,502,502,502,541,600],"card_choices":[{"not_picked":["ReplayTheSpireMod:Trickstab","Mind Blast"],"picked":"REME_TheoryOfElimination","floor":0.0},{"not_picked":["6A","EnergyRecoil"],"picked":"GasGiant","floor":1.0},{"not_picked":["DC","IllusionStar","LuminesStrike"],"picked":"SKIP","floor":5.0},{"not_picked":["MachineGunSpark","SprinkleStarSeal"],"picked":"GasGiant","floor":7.0},{"not_picked":["ShootTheMoon","Singularity"],"picked":"MeteoricShower","floor":10.0},{"not_picked":["PowerUp","GrandCross","GalacticHalo"],"picked":"SKIP","floor":11.0},{"not_picked":["Acceleration","MysteriousBeam","ShootTheMoon"],"picked":"SKIP","floor":13.0},{"not_picked":["MagicChant","OneTimeOff"],"picked":"BinaryStars","floor":14.0},{"not_picked":["DragonMeteor","ChargingUp","DoubleSpark+1"],"picked":"SKIP","floor":18.0},{"not_picked":["MeteoricShower","ShootingEcho","MilkyWay+1"],"picked":"SKIP","floor":19.0},{"not_picked":["SprinkleStarSeal","UnstableBomb","6A"],"picked":"SKIP","floor":21.0},{"not_picked":["DarkSpark","DarkMatter+1","MilkyWay"],"picked":"SKIP","floor":23.0},{"not_picked":["ShootingEcho+1","Acceleration","GravityBeat"],"picked":"SKIP","floor":25.0},{"not_picked":["Acceleration","ShootingEcho","ManaRampage"],"picked":"SKIP","floor":29.0},{"not_picked":["ManaConvection","ShootTheMoon+1","Acceleration"],"picked":"SKIP","floor":31.0},{"not_picked":["FinalSpark","UltimateShortwave"],"picked":"EscapeVelocity","floor":35.0},{"not_picked":["OpenUniverse","BlazeAway","PowerUp"],"picked":"SKIP","floor":37.0},{"not_picked":["MachineGunSpark+1","GrandCross+1","GalacticHalo"],"picked":"SKIP","floor":43.0},{"not_picked":["Acceleration+1","OneTimeOff","IllusionStar+1"],"picked":"SKIP","floor":44.0},{"not_picked":["OneTimeOff","IllusionStar+1"],"picked":"Acceleration+1","floor":44.0},{"not_picked":["BlazingStar","OpenUniverse","BinaryStars"],"picked":"SKIP","floor":46.0},{"not_picked":["OortCloud","IllusionStar","LuminesStrike+1"],"picked":"SKIP","floor":47.0},{"not_picked":["MachineGunSpark+1","StarBarrage+1","MagicChant"],"picked":"SKIP","floor":48.0},{"not_picked":["Acceleration+1","UnstableBomb","DoubleSpark"],"picked":"SKIP","floor":49.0},{"not_picked":["OortCloud","PowerUp+1","TreasureHunter"],"picked":"SKIP","floor":56}],"player_experience":129775,"relics_obtained":[{"floor":2.0,"key":"Snack Pack"},{"floor":7.0,"key":"ReplayTheSpireMod:TigerMarble"},{"floor":9.0,"key":"Shuriken"},{"floor":10.0,"key":"testmod-ConstraintPeriapt"},{"floor":14.0,"key":"Replay:Accelerometer"},{"floor":23.0,"key":"testmod-ArcanaOfDestiny"},{"floor":23.0,"key":"Oddly Smooth Stone"},{"floor":26.0,"key":"Mango"},{"floor":29.0,"key":"Replay:Ringing Soul"},{"floor":29.0,"key":"Replay:Bottled Eggs"},{"floor":43.0,"key":"Iron Hammer"},{"floor":43.0,"key":"testmod-CasingShield"},{"floor":46.0,"key":"testmod-AssaultLearning"},{"floor":46.0,"key":"Centennial Puzzle"},{"floor":49.0,"key":"Quantum Egg"},{"floor":49.0,"key":"Bird Faced Urn"},{"floor":56,"key":"Replay:Wax Seal"},{"floor":56,"key":"Replay:WaspNest"}],"event_choices":[{"damage_healed":0.0,"max_hp_gain":0.0,"max_hp_loss":0.0,"gold_gain":0.0,"event_name":"给自己的盒子","player_choice":"Ignored","floor":12.0,"gold_loss":0.0,"damage_taken":0.0}],"is_beta":false,"boss_relics":[{"not_picked":["testmod-EnergyCheck","testmod-NegativeEmotionEnhancer"],"picked":"Black Star"},{"not_picked":["Ring of Chaos","ExperimentalFamiliar"],"picked":"testmod-SaigiyounoYou"}],"items_purged_floors":[4,33,38,55],"is_endless":false,"potions_floor_spawned":[10,11,13,14,16,19,23,29,31,46,48,56],"ascension_level":5}}