{"host":"r53pw7z744tg3fxg","time":1610476816,"event":{"mods":["AchievementEnabler","BaseMod","Colored Map","Colored Powertips","Highlight Path","Minty Spire (QoL Compilation)","Quick Restart","Transform Curses"],"gold_per_floor":[116,91,266,278,278,278,311,311,311,311,11,28,55,66,66,140,140,152,171,171,23,23,23,23],"floor_reached":23,"playtime":618,"items_purged":["Doubt"],"score":366,"play_id":"f62620c2-ae54-4abe-9d06-367cb37e3d77","local_time":"20210112114016","is_ascension_mode":true,"campfire_choices":[{"data":"Eruption","floor":6.0,"key":"SMITH"},{"data":"BowlingBash","floor":8.0,"key":"SMITH"},{"data":"ReachHeaven","floor":10.0,"key":"SMITH"},{"data":"Establishment","floor":15.0,"key":"SMITH"}],"circlet_count":0,"master_deck":["AscendersBane","Strike_P","Strike_P","Strike_P","Strike_P","Defend_P","Defend_P","Defend_P","Defend_P","Eruption+1","Vigilance","SashWhip","BowlingBash+1","Regret","ReachHeaven+1","EmptyFist","Establishment+1","DevaForm","FearNoEvil","Pray","CarveReality"],"relics":["PureWater","NeowsBlessing","Akabeko","StoneCalendar","Eternal Feather","Anchor","Bag of Preparation","MealTicket"],"acts_visited":["Exordium","TheCity"],"potions_floor_usage":[23,23],"damage_taken":[{"damage":0.0,"enemies":"2 Louse","floor":1.0,"turns":1.0},{"damage":0.0,"enemies":"Jaw Worm","floor":4.0,"turns":1.0},{"damage":0.0,"enemies":"Lagavulin","floor":7.0,"turns":1.0},{"damage":0.0,"enemies":"Small Slimes","floor":12.0,"turns":1.0},{"damage":13.0,"enemies":"Gremlin Nob","floor":13.0,"turns":3.0},{"damage":0.0,"enemies":"Blue Slaver","floor":14.0,"turns":1.0},{"damage":36.0,"enemies":"The Guardian","floor":16.0,"turns":8.0},{"damage":27.0,"enemies":"Spheric Guardian","floor":18.0,"turns":5.0},{"damage":19,"enemies":"Chosen","floor":19,"turns":5},{"damage":40,"enemies":"Gremlin Leader","floor":23,"turns":6}],"seed_played":"-2625638736578362662","potions_obtained":[{"floor":1.0,"key":"EssenceOfSteel"},{"floor":7.0,"key":"GamblersBrew"},{"floor":16.0,"key":"Weak Potion"},{"floor":18.0,"key":"Fire Potion"}],"is_trial":false,"path_per_floor":["M","$","?","M","?","R","E","R","T","R","$","M","E","M","R","B",null,"M","M","?","$","?","E"],"character_chosen":"WATCHER","items_purchased":["BowlingBash","Anchor","Bag of Preparation","CarveReality"],"campfire_rested":0,"item_purchase_floors":[2,11,11,21],"current_hp_per_floor":[65,65,65,65,65,65,65,65,65,72,72,72,59,59,68,32,62,35,16,16,31,31,0,0],"gold":23,"neow_bonus":"THREE_ENEMY_KILL","is_daily":false,"chose_seed":false,"campfire_upgraded":4,"win_rate":0.0,"timestamp":1610476816,"path_taken":["M","$","?","M","?","R","E","R","T","R","?","M","E","M","R","BOSS","M","M","?","$","?","E"],"items_purchased_type":["Card","Relic","Relic","Card"],"build_version":"2020-12-22","purchased_purges":1,"victory":false,"max_hp_per_floor":[72,72,72,72,72,72,72,72,72,72,72,72,72,72,72,72,72,72,72,72,72,72,72,72],"card_choices":[{"not_picked":["MentalFortress","FlyingSleeves"],"picked":"SashWhip","floor":1.0},{"not_picked":["Worship","FlyingSleeves","InnerPeace"],"picked":"SKIP","floor":4.0},{"not_picked":["BowlingBash","InnerPeace"],"picked":"ReachHeaven","floor":7.0},{"not_picked":["JustLucky","Wireheading"],"picked":"EmptyFist","floor":12.0},{"not_picked":["CrushJoints","Crescendo","BowlingBash"],"picked":"SKIP","floor":13.0},{"not_picked":["LikeWater","EmptyFist"],"picked":"Establishment","floor":14.0},{"not_picked":["Establishment","SpiritShield"],"picked":"DevaForm","floor":16.0},{"not_picked":["Evaluate","JustLucky"],"picked":"FearNoEvil","floor":18.0},{"not_picked":["Swivel","EmptyBody"],"picked":"Pray","floor":19}],"player_experience":1237715,"relics_obtained":[{"floor":7.0,"key":"StoneCalendar"},{"floor":9.0,"key":"Eternal Feather"},{"floor":13.0,"key":"MealTicket"}],"event_choices":[{"damage_healed":0.0,"max_hp_gain":0.0,"max_hp_loss":0.0,"gold_gain":175.0,"event_name":"Liars Game","player_choice":"AGREE","floor":3.0,"gold_loss":0.0,"damage_taken":0.0,"cards_obtained":["Doubt"]},{"damage_healed":0.0,"max_hp_gain":0.0,"max_hp_loss":0.0,"gold_gain":0.0,"event_name":"Big Fish","player_choice":"Box","floor":5.0,"gold_loss":0.0,"damage_taken":0.0,"relics_obtained":["Akabeko"],"cards_obtained":["Regret"]},{"damage_healed":0,"gold_gain":0,"player_choice":"Ignored","damage_taken":0,"max_hp_gain":0,"max_hp_loss":0,"event_name":"Ghosts","floor":20,"gold_loss":0},{"damage_healed":0,"gold_gain":0,"player_choice":"Ignored","damage_taken":0,"max_hp_gain":0,"max_hp_loss":0,"event_name":"Vampires","floor":22,"gold_loss":0}],"is_beta":false,"boss_relics":[{"not_picked":["Runic Dome","Fusion Hammer","Philosopher\u0027s Stone"]}],"items_purged_floors":[21],"is_endless":false,"potions_floor_spawned":[1,7,12,16,18,19],"killed_by":"Gremlin Leader","ascension_level":13}}