{"host":"hw13b7hbn5su36xt","time":1610466852,"event":{"mods":["2.2 Compatiblity","BaseMod","Bestiary","Colored Map","Colored Powertips","Curses Come First","Dark Map","Downfall","Highlight Path","Minty Spire (QoL Compilation)","RNG Fix","Relic Filter","Relic Sorter","Relic Stats","StSLib"],"gold_per_floor":[99,119,136,236,250,69,69,89,14,42,42,60,85,70,88,183,183,183,194,205,218,233,264,318,418,430,442,352,352,597,607,626,722,722,647,660,660,340,340,265,344,379,379,429,31,50,50,50,60,60,60,86,86,86,86,86,86],"floor_reached":55,"playtime":3281,"items_purged":["champ:Strike","champ:Strike","champ:Defend","Decay"],"score":1377,"play_id":"5e1b1f85-897a-4c0b-a387-539d11346e69","local_time":"20210112155412","is_ascension_mode":true,"campfire_choices":[{"floor":1.0,"key":"REST"},{"data":"champ:BringItOn","floor":9.0,"key":"SMITH"},{"data":"champ:RisingSlash","floor":11.0,"key":"SMITH"},{"data":"champ:PerfectForm","floor":18.0,"key":"SMITH"},{"data":"champ:SwordSigil","floor":29.0,"key":"SMITH"},{"floor":35,"key":"RECALL"},{"data":"champ:CalledShot","floor":40,"key":"SMITH"},{"data":"champ:Shatter","floor":43,"key":"SMITH"},{"floor":47,"key":"REST"},{"data":"champ:BringItOn","floor":54,"key":"SMITH"}],"circlet_count":0,"master_deck":["champ:Defend","champ:Defend","champ:Execute","champ:Taunt","champ:SwordSigil+1","champ:RisingSlash+1","champ:RecklessLeap","champ:Shatter+1","Master of Strategy","champ:BringItOn+1","champ:RapidStrikes","champ:PerfectForm+1","champ:BringItOn+1","champ:RageSigil+1","champ:CalledShot+1","champ:CrookedStrike","champ:IgnorePain+1","expansioncontent:StudyTheSpire+1","champ:RageSigil+1","champ:RageSigil+1","expansioncontent:GoopSpray+1","expansioncontent:ChargeUp+1"],"relics":["champ:ChampionCrownUpgraded","downfall:HeartBlessingBlue","StoneCalendar","Meat on the Bone","Toxic Egg 2","Bag of Marbles","Cursed Key","downfall:HeartBlessingGreen","downfall:HeartBlessingRed","Bottled Lightning","Bronze Scales","Thread and Needle","Lantern","Du-Vu Doll"],"acts_visited":["Exordium","TheCity","TheBeyond","TheEnding"],"potions_floor_usage":[45,50,52,55],"damage_taken":[{"damage":4.0,"enemies":"2 Louse","floor":2.0,"turns":4.0},{"damage":5.0,"enemies":"Small Slimes","floor":3.0,"turns":1.0},{"damage":13.0,"enemies":"Jaw Worm","floor":5.0,"turns":3.0},{"damage":31.0,"enemies":"downfall:FleeingMerchant","floor":6.0,"turns":4.0},{"damage":15.0,"enemies":"2 Fungi Beasts","floor":8.0,"turns":2.0},{"damage":50.0,"enemies":"Lagavulin","floor":10.0,"turns":5.0},{"damage":0.0,"enemies":"3 Louse","floor":12.0,"turns":2.0},{"damage":35.0,"enemies":"Gremlin Nob","floor":13.0,"turns":3.0},{"damage":25.0,"enemies":"downfall:FleeingMerchant","floor":14.0,"turns":4.0},{"damage":18.0,"enemies":"Blue Slaver","floor":15.0,"turns":2.0},{"damage":43.0,"enemies":"downfall:Ironclad","floor":16.0,"turns":7.0},{"damage":35.0,"enemies":"3 Byrds","floor":19.0,"turns":3.0},{"damage":29.0,"enemies":"Spheric Guardian","floor":20.0,"turns":2.0},{"damage":52.0,"enemies":"Snecko","floor":21.0,"turns":3.0},{"damage":36.0,"enemies":"Chosen and Byrds","floor":22.0,"turns":3.0},{"damage":55.0,"enemies":"Gremlin Leader","floor":23.0,"turns":5.0},{"damage":22.0,"enemies":"Sentry and Sphere","floor":26.0,"turns":3.0},{"damage":38.0,"enemies":"Centurion and Healer","floor":27.0,"turns":4.0},{"damage":38.0,"enemies":"downfall:FleeingMerchant","floor":28.0,"turns":4.0},{"damage":3.0,"enemies":"downfall:FleeingMerchant","floor":30.0,"turns":1.0},{"damage":39.0,"enemies":"Snecko","floor":31.0,"turns":3.0},{"damage":23.0,"enemies":"Snake Plant","floor":32.0,"turns":2.0},{"damage":49.0,"enemies":"downfall:Silent","floor":33.0,"turns":5.0},{"damage":50,"enemies":"3 Darklings","floor":36,"turns":3},{"damage":58,"enemies":"Nemesis","floor":42,"turns":5},{"damage":54,"enemies":"Mind Bloom Boss Battle","floor":44,"turns":5},{"damage":23,"enemies":"Orb Walker","floor":46,"turns":2},{"damage":21,"enemies":"Writhing Mass","floor":49,"turns":2},{"damage":63,"enemies":"downfall:Watcher","floor":50,"turns":4},{"damage":65,"enemies":"downfall:CharBossMerchant","floor":52,"turns":5},{"damage":173,"enemies":"downfall:NeowBoss","floor":55,"turns":16}],"seed_played":"2357085534825956285","potions_obtained":[{"floor":2.0,"key":"DistilledChaos"},{"floor":10.0,"key":"LiquidMemories"},{"floor":12.0,"key":"Dexterity Potion"},{"floor":13.0,"key":"Swift Potion"},{"floor":16.0,"key":"DistilledChaos"},{"floor":20.0,"key":"Regen Potion"},{"floor":21.0,"key":"LiquidMemories"},{"floor":27.0,"key":"Fruit Juice"},{"floor":31.0,"key":"BlessingOfTheForge"},{"floor":32.0,"key":"LiquidMemories"},{"floor":44,"key":"CultistPotion"},{"floor":49,"key":"ColorlessPotion"}],"is_trial":false,"path_per_floor":["R","M","M","?","M","$","T","M","R","E","R","M","E","$","M","B",null,"R","M","M","M","M","E","T","?","M","M","$","R","$","M","M","B",null,"R","M","?","$","?","R","T","E","R","?","$","M","R","?","M","B",null,"E","$","R","B"],"character_chosen":"THE_CHAMP","items_purchased":["Master of Strategy","expansioncontent:StudyTheSpire","Fruit Juice","Lantern"],"campfire_rested":2,"item_purchase_floors":[6,38,45,45],"current_hp_per_floor":[90,86,86,86,84,79,79,79,89,72,72,72,72,84,81,58,100,100,100,100,94,94,78,78,78,87,90,87,87,87,87,87,87,105,105,105,105,105,97,97,97,82,82,82,87,90,110,100,100,100,110,105,105,105,0,0,0],"gold":86,"neow_bonus":"REMOVE_TWO","is_daily":false,"chose_seed":false,"campfire_upgraded":7,"win_rate":0.0,"timestamp":1610466852,"path_taken":["R","M","M","?","?","?","T","M","R","E","R","M","E","$","M","BOSS","R","M","M","M","M","E","T","?","M","M","$","R","$","?","M","BOSS","R","M","?","$","?","R","T","E","R","?","$","M","R","?","M","BOSS","E","$","R","BOSS"],"items_purchased_type":["Card","Card","Potion","Relic"],"build_version":"2020-12-22","purchased_purges":4,"victory":false,"max_hp_per_floor":[90,90,90,90,90,90,90,90,100,100,100,100,100,100,100,100,100,100,100,100,100,100,100,100,100,100,105,105,105,105,105,105,105,105,105,105,105,105,105,105,105,105,105,105,110,110,110,110,110,110,110,110,110,110,110,110,110],"relic_stats":{"counters":[31,117],"Bronze Scales":[71],"StoneCalendar":[0],"Cursed Key":1,"obtain_stats":[{"Lantern":45,"downfall:HeartBlessingRed":40,"champ:ChampionCrown":0,"StoneCalendar":10,"downfall:HeartBlessingGreen":35,"Thread and Needle":44,"champ:ChampionCrownUpgraded":17,"Cursed Key":34,"Du-Vu Doll":52,"downfall:HeartBlessingBlue":9,"Bronze Scales":42,"Bag of Marbles":24,"Bottled Lightning":41,"Toxic Egg 2":23,"Meat on the Bone":13},{"Lantern":26,"downfall:HeartBlessingRed":24,"champ:ChampionCrown":0,"StoneCalendar":6,"downfall:HeartBlessingGreen":23,"Thread and Needle":26,"champ:ChampionCrownUpgraded":11,"Cursed Key":23,"Du-Vu Doll":30,"downfall:HeartBlessingBlue":5,"Bronze Scales":25,"Bag of Marbles":16,"Bottled Lightning":24,"Toxic Egg 2":16,"Meat on the Bone":8},{"Lantern":88,"downfall:HeartBlessingRed":78,"champ:ChampionCrown":0,"StoneCalendar":19,"downfall:HeartBlessingGreen":75,"Thread and Needle":88,"champ:ChampionCrownUpgraded":37,"Cursed Key":75,"Du-Vu Doll":101,"downfall:HeartBlessingBlue":14,"Bronze Scales":83,"Bag of Marbles":53,"Bottled Lightning":78,"Toxic Egg 2":53,"Meat on the Bone":24}],"Meat on the Bone":12},"card_choices":[{"not_picked":["champ:BladeFlurry","champ:GladiatorsShout"],"picked":"champ:SwordSigil","floor":2.0},{"not_picked":["champ:Circumvent","champ:HeartStrike"],"picked":"champ:RisingSlash","floor":3.0},{"not_picked":["champ:FightOn","champ:ShieldSigil"],"picked":"champ:RecklessLeap","floor":5.0},{"not_picked":["champ:PerfectedStrike","champ:GladiatorsShout"],"picked":"champ:Shatter","floor":6.0},{"not_picked":["champ:ShieldSigil","champ:GladiatorsShout"],"picked":"champ:BringItOn","floor":8.0},{"not_picked":["champ:DefensiveShout","champ:FanOfKnives","champ:CrookedStrike"],"picked":"SKIP","floor":10.0},{"not_picked":["champ:ViciousMockery","champ:IronFortress","champ:Circumvent"],"picked":"SKIP","floor":12.0},{"not_picked":["champ:ArenaPreparation","champ:HeartStrike"],"picked":"champ:RapidStrikes","floor":13.0},{"not_picked":["champ:BerserkersShout","champ:FightOn","champ:AdrenalArmor"],"picked":"SKIP","floor":14.0},{"not_picked":["champ:BerserkersShout","champ:FocusedGladiator","champ:BringItOn"],"picked":"SKIP","floor":15.0},{"not_picked":["champ:SwordThrow","champ:CheapShot"],"picked":"champ:PerfectForm","floor":16.0},{"not_picked":["champ:StanceDance","champ:FlashCut","champ:Haymaker"],"picked":"SKIP","floor":19.0},{"not_picked":["champ:Aggression","champ:Haymaker","champ:PerfectForm"],"picked":"SKIP","floor":20.0},{"not_picked":["champ:Haymaker","champ:GladiatorsShout"],"picked":"champ:BringItOn","floor":21.0},{"not_picked":["champ:TornadoPunch","champ:PerfectedStrike","champ:BringItOn"],"picked":"SKIP","floor":22.0},{"not_picked":["champ:Riposte+1","champ:BringItOn+1"],"picked":"champ:RageSigil+1","floor":23.0},{"not_picked":["champ:StanceDance+1","champ:PerfectedStrike","champ:DefensiveShout+1"],"picked":"SKIP","floor":26.0},{"not_picked":["champ:FocusedDefense+1","champ:ShieldWall","champ:Shatter"],"picked":"SKIP","floor":27.0},{"not_picked":["champ:EnchantSword+1","champ:FocusedGladiator+1"],"picked":"champ:CalledShot","floor":28.0},{"not_picked":["champ:BringItOn+1","champ:GladiatorStyle"],"picked":"champ:CrookedStrike","floor":30.0},{"not_picked":["champ:CrookedStrike","champ:GladiatorStyle","champ:DefensiveShout+1"],"picked":"SKIP","floor":31.0},{"not_picked":["champ:Backstep+1","champ:Lariat+1","champ:DefensiveShout+1"],"picked":"SKIP","floor":32.0},{"not_picked":["champ:StrikeOfGenius","champ:PerfectForm"],"picked":"champ:IgnorePain+1","floor":33.0},{"not_picked":["champ:BringItOn+1","champ:Lariat+1","champ:TornadoPunch"],"picked":"SKIP","floor":36},{"not_picked":["champ:Duel+1","champ:FlashCut+1","champ:FalseCounter+1"],"picked":"SKIP","floor":42},{"not_picked":["champ:FanOfKnives+1","champ:SkillfulDodge+1"],"picked":"champ:RageSigil+1","floor":44},{"not_picked":["champ:TornadoPunch+1","champ:Circumvent+1"],"picked":"champ:RageSigil+1","floor":46},{"not_picked":["expansioncontent:Torchfire","expansioncontent:DefensiveMode"],"picked":"expansioncontent:GoopSpray+1","floor":48},{"not_picked":["expansioncontent:Hexaburn","expansioncontent:TimeRipple"],"picked":"expansioncontent:ChargeUp+1","floor":48},{"not_picked":["champ:Haymaker","champ:DefensiveStyle+1","champ:PerfectedStrike+1"],"picked":"SKIP","floor":49},{"not_picked":["champ:Haymaker","champ:SwordThrow","champ:GutPunch"],"picked":"SKIP","floor":52}],"player_experience":371826,"relics_obtained":[{"floor":10.0,"key":"StoneCalendar"},{"floor":13.0,"key":"Meat on the Bone"},{"floor":23.0,"key":"Toxic Egg 2"},{"floor":24.0,"key":"Bag of Marbles"},{"floor":41,"key":"Bottled Lightning"},{"floor":42,"key":"Bronze Scales"},{"floor":44,"key":"Thread and Needle"},{"floor":52,"key":"Du-Vu Doll"}],"event_choices":[],"is_beta":false,"boss_relics":[{"not_picked":["Tiny House","Empty Cage"],"picked":"champ:ChampionCrownUpgraded"},{"not_picked":["Calling Bell","Fusion Hammer"],"picked":"Cursed Key"}],"items_purged_floors":[28,30,38,45],"is_endless":false,"potions_floor_spawned":[2,10,12,13,16,20,21,27,31,32,44,49],"killed_by":"downfall:NeowBoss","ascension_level":3}}