{"host":"yganem311pbhnzmn","time":1610443547,"event":{"mods":["AchievementEnabler","BaseMod","BetterRewards","Colored Map","Minty Spire (QoL Compilation)","Replay The Spire","Shop Mod","StSLib","SuperFastMode"],"gold_per_floor":[113,125,125,125,137,152,170,196,196,215,215,231,231,290,307,321,321,420,420,431,431,431,445,445,445,445,445,496,496,515,541,293,488,488,593,593,605,616,631,631,646,646,673,673,722,722,733,506,516,529,529,529,529,529,89,123,123,123],"floor_reached":57,"playtime":2393,"items_purged":["CommonCold"],"score":1433,"play_id":"49fa4f55-8bb3-4d75-ba7f-7060f9df0563","local_time":"20210112182547","is_ascension_mode":false,"campfire_choices":[{"data":"Perfected Strike","floor":9,"key":"SMITH"},{"data":"Perfected Strike","floor":9,"key":"SMITH"},{"data":"Pommel Strike","floor":13,"key":"SMITH"},{"data":"Metallicize","floor":13,"key":"SMITH"},{"floor":17,"key":"RECALL"},{"data":"Armaments","floor":25,"key":"SMITH"},{"data":"Double Tap","floor":25,"key":"SMITH"},{"data":"Metallicize","floor":27,"key":"SMITH"},{"data":"Inflame","floor":27,"key":"SMITH"},{"data":"Pommel Strike","floor":29,"key":"SMITH"},{"data":"Strike_R","floor":29,"key":"SMITH"},{"data":"Shrug It Off","floor":34,"key":"SMITH"},{"data":"Defend_R","floor":34,"key":"SMITH"},{"data":"Searing Blow+1","floor":42,"key":"SMITH"},{"data":"Searing Blow+2","floor":42,"key":"SMITH"},{"data":"Searing Blow+3","floor":44,"key":"SMITH"},{"data":"Searing Blow+4","floor":44,"key":"SMITH"},{"data":"Searing Blow+5","floor":46,"key":"SMITH"},{"data":"Searing Blow+6","floor":46,"key":"SMITH"},{"data":"Perfected Strike","floor":51,"key":"SMITH"},{"data":"Pommel Strike","floor":51,"key":"SMITH"},{"data":"Inflame","floor":54,"key":"SMITH"},{"data":"Searing Blow+7","floor":54,"key":"SMITH"}],"circlet_count":0,"master_deck":["Strike_R+1","Strike_R","Strike_R","Strike_R","Strike_R","Defend_R","Defend_R","Defend_R","Defend_R+1","Bash","Shrug It Off+1","Perfected Strike+1","Metallicize+1","Perfected Strike+1","Pommel Strike+1","Metallicize+1","Pommel Strike+1","Double Tap+1","Armaments+1","Inflame+1","Spot Weakness+1","Perfected Strike+1","Shrug It Off+1","ReplayTheSpireMod:IOU","ReplayTheSpireMod:IOU","ReplayTheSpireMod:IOU","ReplayTheSpireMod:IOU","Searing Blow+8","Parasite","Perfected Strike+1","Inflame+1","Pommel Strike+1","Spot Weakness+1","Wild Strike"],"relics":["Burning Blood","Replay:Arrowhead","Centennial Puzzle","Question Card","Snecko Eye","Ring of Misfortune","Orichalcum","Replay:Baseball","Replay:Mystery Machine","Replay:Wax Seal","Toolbox","Mark of Pain","Gremlin Food","Bag of Marbles","Snack Pack","Brimstone","Mercury Hourglass"],"acts_visited":["Exordium","TheCity","TheBeyond","TheEnding"],"potions_floor_usage":[12,18,31,57,57,57],"damage_taken":[{"damage":1,"enemies":"Jaw Worm","floor":1,"turns":4},{"damage":5,"enemies":"2 Louse","floor":2,"turns":3},{"damage":2,"enemies":"Small Slimes","floor":5,"turns":3},{"damage":19,"enemies":"Gremlin Gang","floor":6,"turns":6},{"damage":10,"enemies":"Lots of Slimes","floor":7,"turns":5},{"damage":38,"enemies":"Gremlin Nob","floor":8,"turns":6},{"damage":0,"enemies":"Exordium Wildlife","floor":10,"turns":4},{"damage":8,"enemies":"3 Louse","floor":12,"turns":5},{"damage":8,"enemies":"Gremlin Gang","floor":15,"turns":6},{"damage":0,"enemies":"Exordium Wildlife","floor":16,"turns":3},{"damage":15,"enemies":"The Guardian","floor":18,"turns":10},{"damage":7,"enemies":"Shell Parasite","floor":20,"turns":3},{"damage":6,"enemies":"3 Byrds","floor":23,"turns":5},{"damage":0,"enemies":"Snake Plant","floor":30,"turns":1},{"damage":14,"enemies":"Slavers","floor":31,"turns":5},{"damage":0,"enemies":"Pondfish","floor":35,"turns":9},{"damage":0,"enemies":"3 Shapes","floor":37,"turns":3},{"damage":0,"enemies":"3 Darklings","floor":38,"turns":6},{"damage":0,"enemies":"Writhing Mass","floor":39,"turns":3},{"damage":0,"enemies":"Spire Growth","floor":41,"turns":4},{"damage":18,"enemies":"Reptomancer","floor":43,"turns":7},{"damage":0,"enemies":"Maw","floor":47,"turns":7},{"damage":0,"enemies":"Sphere and 2 Shapes","floor":49,"turns":4},{"damage":8,"enemies":"Jaw Worm Horde","floor":50,"turns":2},{"damage":68,"enemies":"Awakened One","floor":52,"turns":9},{"damage":19,"enemies":"Shield and Spear","floor":56,"turns":4},{"damage":77,"enemies":"The Heart","floor":57,"turns":5}],"seed_played":"572439998708794320","potions_obtained":[{"floor":1,"key":"Block Potion"},{"floor":2,"key":"Regen Potion"},{"floor":10,"key":"Dexterity Potion"},{"floor":15,"key":"LiquidMemories"},{"floor":16,"key":"AttackPotion"},{"floor":18,"key":"FearPotion"},{"floor":30,"key":"Block Potion"},{"floor":31,"key":"Languid Potion"}],"is_trial":false,"path_per_floor":["M","M","PTL","PTL","M","M","M","E","R","M","T","M","R","?","M","M","R","B",null,"M","?","$","M","?","R","?","R","T","R","M","E","$","$","R","B",null,"M","M","M","?","M","R","E","R","T","R","M","$","M","M","R","B",null,"R","$","E","B"],"character_chosen":"IRONCLAD","items_purchased":["Shrug It Off+1","Centennial Puzzle","Replay:Mystery Machine","Shrug It Off","Replay:Wax Seal","Toolbox","Bag of Marbles","Inflame","Snack Pack","Wild Strike","Brimstone"],"campfire_rested":0,"item_purchase_floors":[0,0,32,32,33,33,48,48,55,55,55],"current_hp_per_floor":[61,62,62,62,66,53,49,17,17,23,23,35,35,35,33,39,39,30,80,79,79,79,79,79,79,79,79,79,79,80,72,72,72,72,78,80,80,80,80,80,80,80,68,68,68,68,74,74,80,78,78,16,80,80,80,69,0,0],"gold":123,"neow_bonus":"","is_daily":false,"chose_seed":false,"campfire_upgraded":22,"win_rate":0.0,"timestamp":1610443547,"path_taken":["M","M","PTL","PTL","M","M","M","E","R","M","T","M","R","?","M","M","R","BOSS","M","?","$","M","?","R","?","R","T","R","?","E","?","$","R","BOSS","M","M","M","?","M","R","E","R","T","R","M","$","M","M","R","BOSS","R","$","E","BOSS"],"items_purchased_type":["Card","Relic","Relic","Card","Relic","Relic","Relic","Card","Relic","Card","Relic"],"build_version":"2020-12-22","purchased_purges":1,"victory":false,"max_hp_per_floor":[80,80,80,80,80,80,80,80,80,80,80,80,80,80,80,80,80,80,80,80,80,80,80,80,80,80,80,80,80,80,80,80,80,80,80,80,80,80,80,80,80,80,80,80,80,80,80,80,80,80,80,80,80,80,80,80,80,80],"card_choices":[{"not_picked":["Dual Wield","Twin Strike"],"picked":"Perfected Strike","floor":1},{"not_picked":["Clash","Second Wind"],"picked":"Metallicize","floor":2},{"not_picked":["Clothesline","Fire Breathing"],"picked":"Perfected Strike","floor":5},{"not_picked":["Infernal Blade","Sword Boomerang","Defy Death"],"picked":"SKIP","floor":6},{"not_picked":["Infernal Blade","Whirlwind","Rage"],"picked":"SKIP","floor":7},{"not_picked":["Searing Blow","Clothesline","Sever Soul"],"picked":"SKIP","floor":8},{"not_picked":["Shrug It Off","ReplayTheSpireMod:LeadingStrike","Fire Breathing"],"picked":"Pommel Strike","floor":10},{"not_picked":["Anger","Warcry","Shockwave"],"picked":"Metallicize","floor":12},{"not_picked":["Defy Death","Headbutt","Offering"],"picked":"Pommel Strike","floor":15},{"not_picked":["Iron Wave","Searing Blow","Replay:Undeath\u0027s Touch","Infernal Blade"],"picked":"SKIP","floor":16},{"not_picked":["Exhume","Bludgeon","Impervious"],"picked":"Double Tap","floor":18},{"not_picked":["Thunderclap+1","Body Slam","True Grit"],"picked":"Armaments","floor":20},{"not_picked":["Sever Soul","Anger","Pummel"],"picked":"Spot Weakness+1","floor":23},{"not_picked":["Thunderclap+1","Havoc","Warcry+1","Clash"],"picked":"SKIP","floor":30},{"not_picked":["Hemogenesis","Body Slam","Iron Wave","Uppercut"],"picked":"SKIP","floor":31},{"not_picked":["ReplayTheSpireMod:Stacked","Iron Wave","Havoc","Feel No Pain+1"],"picked":"SKIP","floor":37},{"not_picked":["Burning Pact","Shockwave","Flame Barrier"],"picked":"Searing Blow+1","floor":38},{"not_picked":["Clash","Power Through","Clothesline","ReplayTheSpireMod:Muscle Training"],"picked":"SKIP","floor":39},{"not_picked":["Clothesline","Rupture+1","Heavy Blade","Defy Death+1"],"picked":"SKIP","floor":41},{"not_picked":["Rampage","Juggernaut","Heavy Blade+1","Second Wind+1"],"picked":"SKIP","floor":43},{"not_picked":["Clash","Battle Trance+1","Heavy Blade"],"picked":"Perfected Strike","floor":47},{"not_picked":["Bludgeon","Replay:Undeath\u0027s Touch","Headbutt"],"picked":"Pommel Strike","floor":49},{"not_picked":["ReplayTheSpireMod:Corrosion Curse+1","Clothesline","Anger"],"picked":"Spot Weakness+1","floor":50},{"not_picked":["Iron Wave","Cleave","Sentinel","Dark Embrace+1"],"picked":"SKIP","floor":56}],"player_experience":128874,"relics_obtained":[{"floor":8,"key":"Question Card"},{"floor":24,"key":"Ring of Misfortune"},{"floor":28,"key":"Orichalcum"},{"floor":31,"key":"Replay:Baseball"},{"floor":45,"key":"Gremlin Food"},{"floor":56,"key":"Mercury Hourglass"}],"event_choices":[{"damage_healed":0,"gold_gain":59,"player_choice":"Gained Gold","damage_taken":0,"max_hp_gain":0,"max_hp_loss":0,"event_name":"Golden Wing","floor":14,"gold_loss":0},{"damage_healed":0,"gold_gain":0,"player_choice":"Read","damage_taken":0,"max_hp_gain":0,"max_hp_loss":0,"event_name":"The Library","floor":21,"gold_loss":0,"cards_obtained":["Inflame"]},{"damage_healed":0,"gold_gain":0,"player_choice":"Copied","damage_taken":0,"max_hp_gain":0,"max_hp_loss":0,"event_name":"Duplicator","floor":26,"gold_loss":0,"cards_obtained":["Perfected Strike"]},{"damage_healed":0,"gold_gain":0,"player_choice":"Ignored","damage_taken":0,"max_hp_gain":0,"max_hp_loss":0,"event_name":"Tomb of Lord Red Mask","floor":40,"gold_loss":0}],"is_beta":false,"boss_relics":[{"not_picked":["Empty Cage","Pandora\u0027s Box"],"picked":"Snecko Eye"},{"not_picked":["Replay:Drink Me","Replay:Wanted Poster"],"picked":"Mark of Pain"}],"items_purged_floors":[32],"is_endless":false,"potions_floor_spawned":[1,2,10,15,16,18,23,30,31,38,39,50,56],"killed_by":"The Heart","ascension_level":0}}