{"host":"yvb207ks1sg3cxef","time":1610449168,"event":{"mods":["2.2 Compatiblity","BaseMod","Bestiary","Colored Powertips","Minty Spire (QoL Compilation)","Permanent Neow","Quick Restart","Relic Stats","StSLib"],"gold_per_floor":[119,136,148,162,162,198,58,58,58,95,95,104,104,129,129,129,129],"floor_reached":16,"playtime":652,"items_purged":[],"score":121,"play_id":"8f857854-7d66-4b38-974a-153217c5b484","local_time":"20210112162928","is_ascension_mode":true,"campfire_choices":[{"data":"Recycle","floor":8,"key":"SMITH"},{"floor":13,"key":"REST"},{"floor":15,"key":"REST"}],"circlet_count":0,"master_deck":["Strike_B","Strike_B","Strike_B","Strike_B","Defend_B","Defend_B","Defend_B","Defend_B","Zap","Dualcast","Defragment","Recycle+1","Sweeping Beam","Ball Lightning","Capacitor","Fission","Conserve Battery","Decay","Electrodynamics+1"],"relics":["Cracked Core","Bag of Marbles","CeramicFish","Art of War","Frozen Egg 2"],"acts_visited":[],"potions_floor_usage":[6,16,16],"damage_taken":[{"damage":2.0,"enemies":"2 Louse","floor":1.0,"turns":4.0},{"damage":7.0,"enemies":"Jaw Worm","floor":2.0,"turns":4.0},{"damage":0,"enemies":"Cultist","floor":3,"turns":4},{"damage":7,"enemies":"Looter","floor":4,"turns":3},{"damage":15,"enemies":"Gremlin Nob","floor":6,"turns":4},{"damage":48,"enemies":"3 Sentries","floor":10,"turns":10},{"damage":23,"enemies":"Large Slime","floor":14,"turns":6},{"damage":30,"enemies":"Slime Boss","floor":16,"turns":3}],"seed_played":"-1227652688475955358","potions_obtained":[{"floor":3,"key":"ColorlessPotion"},{"floor":10,"key":"GamblersBrew"},{"floor":14,"key":"FocusPotion"}],"is_trial":false,"path_per_floor":["M","M","M","M","?","E","$","R","T","E","?","?","R","M","R","B"],"character_chosen":"DEFECT","items_purchased":["Fission"],"campfire_rested":2,"item_purchase_floors":[7],"current_hp_per_floor":[73,66,66,59,64,49,49,49,49,1,1,1,25,2,26,0,0],"gold":129,"neow_bonus":"RANDOM_COMMON_RELIC","is_daily":false,"chose_seed":false,"campfire_upgraded":1,"win_rate":0.0,"timestamp":1610449168,"path_taken":["M","M","M","M","?","E","$","R","T","E","?","?","R","M","R","BOSS"],"items_purchased_type":["Card"],"build_version":"2020-12-22","purchased_purges":0,"victory":false,"max_hp_per_floor":[75,75,75,75,80,80,80,80,80,80,80,80,80,80,80,80,80],"relic_stats":{"counters":[8,38],"CeramicFish":45,"Art of War":[4],"obtain_stats":[{"CeramicFish":6,"Bag of Marbles":0,"Art of War":9,"Frozen Egg 2":10,"Cracked Core":0},{"CeramicFish":5,"Bag of Marbles":0,"Art of War":5,"Frozen Egg 2":6,"Cracked Core":0},{"CeramicFish":19,"Bag of Marbles":0,"Art of War":19,"Frozen Egg 2":29,"Cracked Core":0}]},"card_choices":[{"not_picked":["Gash","Self Repair"],"picked":"Defragment","floor":1.0},{"not_picked":["Stack","Hologram"],"picked":"Recycle","floor":2},{"not_picked":["Streamline","Gash"],"picked":"Sweeping Beam","floor":3},{"not_picked":["Steam","Barrage"],"picked":"Ball Lightning","floor":4},{"not_picked":["Loop","Hologram"],"picked":"Capacitor","floor":6},{"not_picked":["Gash","Go for the Eyes"],"picked":"Conserve Battery","floor":10},{"not_picked":["Turbo","Consume"],"picked":"Electrodynamics+1","floor":14}],"player_experience":318807,"relics_obtained":[{"floor":6,"key":"CeramicFish"},{"floor":9,"key":"Art of War"},{"floor":10,"key":"Frozen Egg 2"}],"event_choices":[{"damage_healed":0,"gold_gain":0,"player_choice":"Donut","damage_taken":0,"max_hp_gain":5,"max_hp_loss":0,"event_name":"Big Fish","floor":5,"gold_loss":0},{"damage_healed":0,"gold_gain":0,"player_choice":"Fled","damage_taken":0,"max_hp_gain":0,"max_hp_loss":0,"event_name":"Scrap Ooze","floor":11,"gold_loss":0},{"damage_healed":0,"gold_gain":0,"player_choice":"Cursed","damage_taken":0,"max_hp_gain":0,"max_hp_loss":0,"event_name":"Wheel of Change","floor":12,"gold_loss":0,"cards_obtained":["Decay"]}],"is_beta":false,"boss_relics":[],"items_purged_floors":[],"is_endless":false,"potions_floor_spawned":[3,10,14],"killed_by":"Slime Boss","ascension_level":2}}