{"host":"cdwmoa70bcdnlxwr","time":1610454221,"event":{"mods":["BaseMod","Colored Map","Colored Powertips","Custom Start","Keyboard Shortcuts","Minty Spire (QoL Compilation)","StSLib","SuperFastMode"],"gold_per_floor":[111,128,128,128,128,159,176,187,187,187,198,216,216,229,229,229,229],"floor_reached":16,"playtime":230,"items_purged":[],"score":258,"play_id":"7d2ff62d-7949-4b74-896b-59dfc8d53852","local_time":"20210112212341","is_ascension_mode":true,"campfire_choices":[{"data":"Poisoned Stab","floor":13,"key":"SMITH"},{"data":"Footwork","floor":15,"key":"SMITH"}],"circlet_count":0,"master_deck":["AscendersBane","Strike_G","Strike_G","Strike_G","Strike_G","Defend_G","Defend_G","Defend_G","Defend_G","Survivor","Neutralize","Dagger Spray","Reflex","Poisoned Stab+1","Venomology","Poisoned Stab+1","Footwork+1"],"relics":["Ring of the Snake","NeowsBlessing","Snake Skull","Pantograph"],"acts_visited":["Exordium"],"potions_floor_usage":[12,14,16],"damage_taken":[{"damage":0,"enemies":"Jaw Worm","floor":1,"turns":1},{"damage":0,"enemies":"2 Louse","floor":2,"turns":1},{"damage":0,"enemies":"Lagavulin","floor":6,"turns":1},{"damage":1,"enemies":"Small Slimes","floor":7,"turns":3},{"damage":9,"enemies":"Exordium Thugs","floor":8,"turns":7},{"damage":9,"enemies":"Blue Slaver","floor":11,"turns":3},{"damage":0,"enemies":"Lots of Slimes","floor":12,"turns":2},{"damage":7,"enemies":"Large Slime","floor":14,"turns":5},{"damage":24,"enemies":"Slime Boss","floor":16,"turns":8}],"seed_played":"5828368831751643135","potions_obtained":[{"floor":1,"key":"Explosive Potion"},{"floor":2,"key":"AttackPotion"}],"is_trial":false,"path_per_floor":["M","M","?","?","?","E","M","M","T","?","M","M","R","M","R","B"],"character_chosen":"THE_SILENT","items_purchased":[],"campfire_rested":0,"item_purchase_floors":[],"current_hp_per_floor":[59,59,59,52,57,57,56,47,47,47,38,38,38,31,31,32,32],"gold":229,"neow_bonus":"THREE_ENEMY_KILL","is_daily":false,"chose_seed":false,"campfire_upgraded":2,"win_rate":0.0,"timestamp":1610454221,"path_taken":["M","M","?","?","?","E","M","M","T","?","?","M","R","M","R","BOSS"],"items_purchased_type":[],"build_version":"2020-12-22","purchased_purges":0,"victory":false,"max_hp_per_floor":[66,66,66,66,71,71,71,71,71,71,71,71,71,71,71,71,71],"card_choices":[{"not_picked":["Sucker Punch","Cloak And Dagger","Calculated Gamble"],"picked":"SKIP","floor":1},{"not_picked":["Deadly Poison","Footwork"],"picked":"Dagger Spray","floor":2},{"not_picked":["Dagger Spray","Skewer","Concentrate"],"picked":"SKIP","floor":6},{"not_picked":["Dash","Deadly Poison"],"picked":"Reflex","floor":7},{"not_picked":["Underhanded Strike","Quick Slash"],"picked":"Poisoned Stab","floor":8},{"not_picked":["Concentrate","Slice"],"picked":"Venomology","floor":11},{"not_picked":["Infinite Blades","Flying Knee"],"picked":"Poisoned Stab","floor":12},{"not_picked":["Skewer","Slice"],"picked":"Footwork","floor":14}],"player_experience":2616467,"relics_obtained":[{"floor":6,"key":"Snake Skull"},{"floor":9,"key":"Pantograph"}],"event_choices":[{"cards_removed":["Strike_G"],"damage_healed":0,"gold_gain":0,"player_choice":"Forget","damage_taken":0,"max_hp_gain":0,"max_hp_loss":0,"event_name":"Living Wall","floor":3,"gold_loss":0},{"cards_removed":["Defend_G"],"damage_healed":0,"gold_gain":0,"player_choice":"Card Removal","damage_taken":7,"max_hp_gain":0,"max_hp_loss":0,"event_name":"Golden Wing","floor":4,"gold_loss":0},{"damage_healed":0,"gold_gain":0,"player_choice":"Donut","damage_taken":0,"max_hp_gain":5,"max_hp_loss":0,"event_name":"Big Fish","floor":5,"gold_loss":0},{"damage_healed":0,"gold_gain":0,"player_choice":"Forge","damage_taken":0,"max_hp_gain":0,"max_hp_loss":0,"event_name":"Accursed Blacksmith","floor":10,"gold_loss":0,"cards_upgraded":["Poisoned Stab"]}],"is_beta":false,"boss_relics":[],"items_purged_floors":[],"is_endless":false,"potions_floor_spawned":[1,2,8,12],"killed_by":"Slime Boss","ascension_level":20}}