{"host":"hzae5erqwbuuc0p5","time":1610462810,"event":{"mods":["AchievementEnabler","BaseMod","Card Forge","Colored Powertips","Custom Start","Friendly Minions","Minty Spire (QoL Compilation)","Quick Restart","StSLib","UnlockEverythingMod","Waifu the Spire","WarShipGirlsR/’ΩΩ¢…Ÿ≈ÆR mod"],"gold_per_floor":[114,114,186,203,173,206,206,239,284,301,311,329,329,339,339,441,441,460,460,460,476,492,492,517,517,517,517,517,532,549,563,563,563,563],"floor_reached":33,"playtime":1620,"items_purged":[],"score":354,"play_id":"524def34-0989-4648-9d15-e7225b2bee66","local_time":"20210112224650","is_ascension_mode":false,"campfire_choices":[{"data":"rmod:supportescort","floor":7,"key":"SMITH"},{"data":"rmod:salvage","floor":13,"key":"SMITH"},{"data":"rmod:fletcherpendant","floor":15,"key":"SMITH"},{"floor":23,"key":"REST"},{"floor":25,"key":"REST"},{"floor":27,"key":"REST"},{"floor":32,"key":"REST"}],"circlet_count":0,"master_deck":["rmod:strick","rmod:strick","rmod:strick","rmod:defend","rmod:defend","rmod:defend","rmod:basicallowance","rmod:maingunfire","rmod:supportescort+1","rmod:fletcherpendant+1","rmod:combined","rmod:supportaircraftcarrier","rmod:salvage+1","rmod:tearstotiara","rmod:windflower","rmod:punchline","Trip","rmod:fletcherpendant+1","rmod:tearstotiara","rmod:fletcherpendant+1","rmod:secretscript+1","Decay","rmod:firesupport+1","rmod:salvage+1","rmod:fletcherpendant","rmod:gendarmerie+1"],"relics":["rmod:firstchargereward","Hammer of Thor","Seething Fire","Anvil of the Gods","NeowsBlessing","Ornamental Fan","Shuriken","Blue Candle","Anchor","Velvet Choker","HornCleat"],"acts_visited":["Exordium","TheCity"],"potions_floor_usage":[8,8,8,16,16,24,24,29,33],"damage_taken":[{"damage":0,"enemies":"Jaw Worm","floor":1,"turns":1},{"damage":0,"enemies":"Cultist","floor":4,"turns":1},{"damage":0,"enemies":"Gremlin Nob","floor":6,"turns":1},{"damage":0,"enemies":"Lagavulin","floor":8,"turns":6},{"damage":0,"enemies":"2 Louse","floor":10,"turns":2},{"damage":0,"enemies":"Looter","floor":11,"turns":2},{"damage":1,"enemies":"Red Slaver","floor":12,"turns":4},{"damage":0,"enemies":"Large Slime","floor":14,"turns":4},{"damage":33,"enemies":"The Guardian","floor":16,"turns":9},{"damage":9,"enemies":"Chosen","floor":18,"turns":5},{"damage":0,"enemies":"Spheric Guardian","floor":21,"turns":3},{"damage":21,"enemies":"Snake Plant","floor":22,"turns":4},{"damage":37,"enemies":"Slavers","floor":24,"turns":8},{"damage":7,"enemies":"Centurion and Healer","floor":29,"turns":4},{"damage":28,"enemies":"Shelled Parasite and Fungi","floor":30,"turns":7},{"damage":13,"enemies":"Cultist and Chosen","floor":31,"turns":7},{"damage":38,"enemies":"Collector","floor":33,"turns":6}],"seed_played":"7930865635831621757","potions_obtained":[{"floor":5,"key":"Explosive Potion"},{"floor":5,"key":"Weak Potion"},{"floor":6,"key":"LiquidBronze"},{"floor":8,"key":"CultistPotion"},{"floor":12,"key":"Block Potion"},{"floor":16,"key":"Energy Potion"},{"floor":18,"key":"Block Potion"},{"floor":22,"key":"Fire Potion"},{"floor":24,"key":"ColorlessPotion"},{"floor":31,"key":"AttackPotion"}],"is_trial":false,"path_per_floor":["M","?","T","M","?","E","R","E","T","M","M","M","R","M","R","B",null,"M","?","?","M","M","R","E","R","T","R","?","M","M","M","R","B"],"character_chosen":"PRAEFECT","items_purchased":[],"campfire_rested":4,"item_purchase_floors":[],"current_hp_per_floor":[75,68,68,68,68,68,68,68,68,68,68,67,67,67,67,34,75,66,66,54,54,33,55,18,40,40,62,62,55,27,14,36,0,0],"gold":563,"neow_bonus":"THREE_ENEMY_KILL","is_daily":false,"chose_seed":false,"campfire_upgraded":3,"win_rate":0.0,"timestamp":1610462810,"path_taken":["M","?","?","?","?","E","R","E","T","?","M","M","R","M","R","BOSS","M","?","?","?","M","R","E","R","T","R","?","M","?","M","R","BOSS"],"items_purchased_type":[],"build_version":"2020-12-22","purchased_purges":0,"victory":false,"max_hp_per_floor":[75,75,75,75,75,75,75,75,75,75,75,75,75,75,75,75,75,75,75,75,75,75,75,75,75,75,75,75,75,75,75,75,75,75],"card_choices":[{"not_picked":["rmod:fuelsupply","rmod:smokecover"],"picked":"rmod:supportescort","floor":1},{"not_picked":["rmod:tearstotiara","rmod:unsinkable"],"picked":"rmod:fletcherpendant","floor":4},{"not_picked":["rmod:ammunitionsupply","rmod:chargemoney"],"picked":"rmod:combined","floor":6},{"not_picked":["rmod:robin","rmod:bulid","rmod:timeschanged"],"picked":"SKIP","floor":8},{"not_picked":["rmod:launchingtorpedo","rmod:diamondstrike","rmod:unsinkable"],"picked":"SKIP","floor":10},{"not_picked":["rmod:slowdown","rmod:aviationdawn"],"picked":"rmod:supportaircraftcarrier","floor":11},{"not_picked":["rmod:gendarmerie","rmod:diaomin"],"picked":"rmod:salvage","floor":12},{"not_picked":["rmod:spoils","rmod:diamondstrike"],"picked":"rmod:tearstotiara","floor":14},{"not_picked":["rmod:acesubmarine","rmod:stealaluminum"],"picked":"rmod:windflower","floor":16},{"not_picked":["rmod:slowdown","rmod:fuelsupply"],"picked":"rmod:punchline","floor":18},{"not_picked":["rmod:circuitoustactics","rmod:tearstotiara"],"picked":"rmod:fletcherpendant","floor":21},{"not_picked":["rmod:capitalist","rmod:slowdown"],"picked":"rmod:tearstotiara","floor":22},{"not_picked":["rmod:supportescort","rmod:diamondstrike"],"picked":"rmod:secretscript","floor":24},{"not_picked":["rmod:openingtorpedo","rmod:ammunitionsupply"],"picked":"rmod:firesupport+1","floor":29},{"not_picked":["rmod:spoils","rmod:seals"],"picked":"rmod:salvage","floor":30},{"not_picked":["rmod:intelligenceanalysis","rmod:combined"],"picked":"rmod:gendarmerie+1","floor":31}],"player_experience":12077,"relics_obtained":[{"floor":3,"key":"Ornamental Fan"},{"floor":6,"key":"Shuriken"},{"floor":8,"key":"Blue Candle"},{"floor":9,"key":"Anchor"},{"floor":26,"key":"HornCleat"}],"event_choices":[{"cards_removed":["rmod:defend"],"damage_healed":0,"gold_gain":0,"player_choice":"Card Removal","damage_taken":7,"max_hp_gain":0,"max_hp_loss":0,"event_name":"Golden Wing","floor":2,"gold_loss":0},{"damage_healed":0,"gold_gain":0,"player_choice":"Bought 2 Potions","damage_taken":0,"max_hp_gain":0,"max_hp_loss":0,"event_name":"The Woman in Blue","floor":5,"gold_loss":0},{"cards_removed":["rmod:strick"],"damage_healed":0,"gold_gain":0,"player_choice":"Elegance","damage_taken":0,"max_hp_gain":0,"max_hp_loss":0,"event_name":"Back to Basics","floor":19,"gold_loss":0},{"damage_healed":0,"gold_gain":0,"player_choice":"CARD ","damage_taken":12,"max_hp_gain":0,"max_hp_loss":0,"event_name":"Knowing Skull","floor":20,"potions_obtained":[],"gold_loss":0,"cards_obtained":["Trip"]},{"damage_healed":0,"gold_gain":0,"player_choice":"Cursed","damage_taken":0,"max_hp_gain":0,"max_hp_loss":0,"event_name":"Wheel of Change","floor":28,"gold_loss":0,"cards_obtained":["Decay"]}],"is_beta":false,"boss_relics":[{"not_picked":["Runic Dome","Pandora\u0027s Box"],"picked":"Velvet Choker"}],"items_purged_floors":[],"is_endless":false,"potions_floor_spawned":[6,8,12,16,18,22,24,31],"killed_by":"Collector","ascension_level":0}}