{"host":"ctlqibkg0sskiu65","time":1610429246,"event":{"mods":["2.2 Compatiblity","AchievementEnabler","Aspiration","BaseMod","BetterRewards","Colored Map","Colored Powertips","Conspire","Downfall","Fiend Mod","Infinite Spire","Minty Spire (QoL Compilation)","Quick Restart","Replay The Spire","Shop Mod","StSLib","The Bladedancer","The Cursed","The Hierophant","The Jungle","The Kombatant","The Poker Player","The Servant 0.9.4","TheBandit"],"gold_per_floor":[119,119,119,131,161,161,174,174,174,201,201,201,233,252,252,252,252],"floor_reached":16,"playtime":646,"items_purged":[],"score":277,"play_id":"1407cb67-d1ef-49d2-b8b9-575f90a21114","local_time":"20210111232726","is_ascension_mode":true,"campfire_choices":[{"data":"Poisoned Stab","floor":6.0,"key":"SMITH"},{"data":"Leg Sweep","floor":8.0,"key":"SMITH"},{"data":"Survivor","floor":11.0,"key":"SMITH"},{"data":"Adrenaline","floor":15.0,"key":"SMITH"}],"circlet_count":0,"master_deck":["AscendersBane","Strike_G","Strike_G","Strike_G","Strike_G+1","Defend_G","Defend_G","Defend_G","Defend_G","Defend_G","Survivor+1","Neutralize","Poisoned Stab+1","PiercingWail","Backflip","Leg Sweep+1","infinitespire:Fortify","Adrenaline+1"],"relics":["Ring of the Snake","Blood Vial","Bird Faced Urn","MealTicket","aspiration:FetidBarrel","PreservedInsect","Sundial"],"acts_visited":["Exordium"],"potions_floor_usage":[],"damage_taken":[{"damage":0.0,"enemies":"conspire:RoseBush","floor":1.0,"turns":5.0},{"damage":0.0,"enemies":"Small Slimes","floor":4.0,"turns":4.0},{"damage":4.0,"enemies":"conspire:MimicChest","floor":5.0,"turns":6.0},{"damage":4.0,"enemies":"Jaw Worm","floor":7.0,"turns":3.0},{"damage":0.0,"enemies":"3 Sentries","floor":13.0,"turns":6.0},{"damage":0.0,"enemies":"Looter","floor":14.0,"turns":3.0},{"damage":53,"enemies":"Hexaghost","floor":16,"turns":16}],"seed_played":"-3246941515569851481","potions_obtained":[{"floor":1.0,"key":"AttackPotion"},{"floor":4.0,"key":"Explosive Potion"},{"floor":7.0,"key":"Energy Potion"}],"is_trial":false,"path_per_floor":["M","?","?","M","?","R","M","R","T","T","R","?","E","M","R","B"],"character_chosen":"THE_SILENT","items_purchased":["Blood Vial","Poisoned Stab"],"campfire_rested":0,"item_purchase_floors":[0,0],"current_hp_per_floor":[65,65,65,67,65,65,63,63,63,63,63,46,48,50,50,0,0],"gold":252,"neow_bonus":"","is_daily":false,"chose_seed":false,"campfire_upgraded":4,"win_rate":0.0,"timestamp":1610429246,"path_taken":["M","?","?","M","?","R","M","R","T","?","R","?","E","M","R","BOSS"],"items_purchased_type":["Relic","Card"],"build_version":"2020-12-22","purchased_purges":0,"victory":false,"max_hp_per_floor":[70,70,70,70,70,70,70,70,70,70,70,70,70,70,70,70,70],"card_choices":[{"not_picked":["Acrobatics","Sneak Up"],"picked":"PiercingWail","floor":1.0},{"not_picked":["Outmaneuver","Terror","Acrobatics"],"picked":"SKIP","floor":4.0},{"not_picked":["Riddle With Holes","Cloak And Dagger"],"picked":"Backflip","floor":5.0},{"not_picked":["PiercingWail","Finisher"],"picked":"Leg Sweep","floor":7.0},{"not_picked":["ReplayTheSpireMod:Haul","ReplayTheSpireMod:Echoes of Time"],"picked":"infinitespire:Fortify","floor":12.0},{"not_picked":["Dodge and Roll","Tactician"],"picked":"Adrenaline","floor":13.0},{"not_picked":["Backflip","Blade Dance","Fluid Movement"],"picked":"SKIP","floor":14.0}],"player_experience":197161,"relics_obtained":[{"floor":5.0,"key":"MealTicket"},{"floor":9.0,"key":"aspiration:FetidBarrel"},{"floor":10.0,"key":"PreservedInsect"},{"floor":13.0,"key":"Sundial"}],"event_choices":[{"cards_removed":["Strike_G"],"damage_healed":0.0,"max_hp_gain":0.0,"max_hp_loss":0.0,"gold_gain":0.0,"event_name":"Living Wall","player_choice":"Forget","floor":2.0,"gold_loss":0.0,"damage_taken":0.0}],"is_beta":false,"boss_relics":[],"items_purged_floors":[],"is_endless":false,"potions_floor_spawned":[1,4,7],"killed_by":"Hexaghost","ascension_level":12}}