{"host":"s6mlqkqtr3ey2mm2","time":1610492064,"event":{"mods":["2.2 Compatiblity","AchievementEnabler","Aspiration","BaseMod","Beaked The Cultist","Better Note","Better Vampires","BetterRewards","Challenge The Spire","Colored Map","Colored Powertips","Conspire","Curses Come First","Downfall","Emptier Cage","Energized Spire","GifTheSpireLib","GungeonMod","Halation","Hermit","Hubris","Infinite Spire","Ironclad Rager","Magitek Elite","Marked Mod","Minty Spire (QoL Compilation)","Poor People Problems","Quick Restart","RatMod","Replay The Spire","Retaliation","Robot Space Explorer","Shade Mod","Somnambulant","Spicy Shops","StSLib","Stuff the Spire","The Blue Laboratory","The Construct","The Druid","The Hayseed","The Hierophant","The IronCluck","The Necromancer","The Poker Player","The Runesmith","The Servant 0.9.4","The Valiant","vexMod"],"gold_per_floor":[99,112,130,39,39,55,101,121,147,147,165,176,202,40,59,163,163,88,99,26,26,126,126,126,139,69,69,69,69,69,104,104,104,104],"floor_reached":32,"language":"ENG","playtime":3754,"items_purged":["Pain","hexamod:Strike"],"score":343,"play_id":"2a7125dd-ac3a-47ae-973b-68e5c63226f4","local_time":"20210112175424","is_ascension_mode":false,"campfire_choices":[{"floor":1,"key":"RECALL"},{"data":"hexamod:FastForward","floor":18,"key":"SMITH"},{"data":"hexamod:HexaLevel","floor":30,"key":"SMITH"}],"circlet_count":0,"master_deck":["hexamod:Strike","hexamod:Strike","hexamod:Strike","hexamod:Defend","hexamod:Defend","hexamod:Defend","hexamod:Defend","hexamod:Sear","hexamod:Float","hexamod:GhostOfSpireFuture","hexamod:SpectersWail","hexamod:FastForward+1","hexamod:NightmareStrike","hexamod:NightmareGuise","hexamod:FirstSeal","hexamod:RadiantFlame","hexamod:Incineration","hexamod:SpectersWail","hexamod:ThirdSeal","expansioncontent:DefensiveStance","hexamod:GhostOfSpireFuture","hexamod:BurningTouch","hexamod:VolcanoVisage+1","hexamod:HexaLevel+1","hexamod:InspiringFlames","hexamod:Hexaguard","hexamod:RecurringNightmare","hexamod:EmpoweredFlame","hexamod:RecurringNightmare","hexamod:EtherealExpedition+1","hexamod:PhantomFireball","hexamod:SecondSeal","Bite","Bite","Bite","Bite","Bite","hexamod:ChargedBarrage","hexamod:Firestarter+1"],"relics":["hexamod:SpiritBrand","Boot","Guard_Bracelet","PreservedInsect","DemoMod:BlueGuonStone","DemoMod:GnawedKey","energizedSpire:RedRose","downfall:HeartBlessingRed","WarpedTongs","DemoMod:MeltedRock","hubris:CuriousFeather","Juzu Bracelet","DemoMod:MonsterBlood","DemoMod:GlassGuonStoneRelic","hubris:MedicalManual"],"acts_visited":["Exordium","TheCity"],"potions_floor_usage":[16,16,16],"damage_taken":[{"damage":0,"enemies":"Jaw Worm","floor":2,"turns":3},{"damage":0,"enemies":"Cultist","floor":3,"turns":3},{"damage":0,"enemies":"downfall:FleeingMerchant","floor":4,"turns":4},{"damage":0,"enemies":"Small Slimes","floor":6,"turns":3},{"damage":0,"enemies":"3 Louse","floor":8,"turns":2},{"damage":14,"enemies":"Gremlin Nob","floor":9,"turns":5},{"damage":9,"enemies":"Large Slime","floor":11,"turns":6},{"damage":7,"enemies":"Blue Slaver","floor":12,"turns":3},{"damage":0,"enemies":"Lagavulin","floor":13,"turns":5},{"damage":0,"enemies":"downfall:FleeingMerchant","floor":14,"turns":4},{"damage":0,"enemies":"Red Slaver","floor":15,"turns":5},{"damage":5,"enemies":"downfall:Ironclad","floor":16,"turns":8},{"damage":14,"enemies":"Shell Parasite","floor":19,"turns":6},{"damage":2,"enemies":"downfall:FleeingMerchant","floor":20,"turns":4},{"damage":8,"enemies":"3 Byrds","floor":25,"turns":4},{"damage":19,"enemies":"downfall:FleeingMerchant","floor":26,"turns":4},{"damage":6,"enemies":"Gremlin Leader","floor":31,"turns":7},{"damage":0,"enemies":"Snecko","floor":32,"turns":1}],"seed_played":"2835146908858415594","potions_obtained":[{"floor":2,"key":"EssenceOfSteel"},{"floor":8,"key":"BlessingOfTheForge"},{"floor":12,"key":"SteroidPotion"}],"is_trial":false,"path_per_floor":["R","M","M","$","?","M","T","M","E","?","M","M","E","$","M","B",null,"R","M","$","?","?","?","T","M","$","?","?","?","R","E","M"],"character_chosen":"THE_SPIRIT","items_purchased":["Boot","DemoMod:GnawedKey","expansioncontent:DefensiveStance","hexamod:EmpoweredFlame","hubris:CuriousFeather","Juzu Bracelet"],"campfire_rested":0,"item_purchase_floors":[4,14,14,20,26,26],"current_hp_per_floor":[77,77,77,77,77,77,77,77,63,56,54,54,61,68,75,77,77,77,70,68,68,68,68,68,60,41,41,48,48,48,57,57,57,57],"gold":104,"neow_bonus":"TEN_PERCENT_HP_BONUS","is_daily":false,"chose_seed":false,"campfire_upgraded":2,"win_rate":0.0,"timestamp":1610492064,"path_taken":["R","M","M","$","?","?","T","M","E","?","M","M","E","$","M","BOSS","R","M","$","?","?","?","T","?","$","?","?","?","R","E","M"],"items_purchased_type":["Relic","Relic","Card","Card","Relic","Relic"],"build_version":"2020-12-22","purchased_purges":2,"victory":false,"max_hp_per_floor":[77,77,77,77,77,77,77,77,77,77,77,77,77,77,77,77,77,77,77,77,77,77,77,77,77,77,77,84,68,68,68,68,68,68],"card_choices":[{"not_picked":["hexamod:Rewind","hexamod:GhostOfSpirePast"],"picked":"hexamod:GhostOfSpireFuture","floor":2},{"not_picked":["hexamod:HeatCrush","hexamod:AdvancingGuard"],"picked":"hexamod:SoulSteal","floor":3},{"not_picked":["hexamod:ShieldOfDarkness","hexamod:UnleashSpirits"],"picked":"hexamod:SpectersWail","floor":4},{"not_picked":["hexamod:HauntingEcho","hexamod:BacktrackSmack"],"picked":"hexamod:FastForward","floor":6},{"not_picked":["hexamod:RetreatToShadows","hexamod:HeatShield"],"picked":"hexamod:NightmareStrike","floor":8},{"not_picked":["hexamod:SwordOfDarkness","hexamod:ShieldOfDarkness"],"picked":"hexamod:NightmareGuise","floor":9},{"not_picked":["hexamod:AdvancingGuard","hexamod:Incineration"],"picked":"hexamod:RadiantFlame","floor":11},{"not_picked":["hexamod:GhostLash","hexamod:HeatShield"],"picked":"hexamod:Incineration","floor":12},{"not_picked":["hexamod:ThermalTransfer","hexamod:ShieldOfDarkness"],"picked":"hexamod:SpectersWail","floor":13},{"not_picked":["hexamod:RadiantFlame","hexamod:BurningTouch"],"picked":"hexamod:ThirdSeal","floor":14},{"not_picked":["hexamod:Firestarter","hexamod:BacktrackSmack"],"picked":"hexamod:GhostOfSpireFuture","floor":15},{"not_picked":["hexamod:Again","hexamod:GhostLash"],"picked":"hexamod:BurningTouch","floor":15},{"not_picked":["hexamod:HexaLevel","hexamod:SearingWound"],"picked":"hexamod:VolcanoVisage","floor":16},{"not_picked":["hexamod:TurnItUp","hexamod:EmpoweringStance"],"picked":"hexamod:HexaLevel","floor":16},{"not_picked":["hexamod:ThermalTransfer+1","hexamod:Rewind"],"picked":"hexamod:InspiringFlames","floor":19},{"not_picked":["hexamod:Incineration","hexamod:RainOfEmbers","hexamod:BacktrackSmack"],"picked":"SKIP","floor":19},{"not_picked":["hexamod:InspiringFlames","hexamod:GhostShield+1"],"picked":"hexamod:Hexaguard","floor":20},{"not_picked":["hexamod:AdvancingGuard","hexamod:BurningTouch+1"],"picked":"hexamod:RecurringNightmare","floor":20},{"not_picked":["hexamod:Firestarter","hexamod:Rewind+1"],"picked":"hexamod:EtherealExpedition+1","floor":25},{"not_picked":["hexamod:EmpoweringStance","hexamod:HauntingEcho"],"picked":"hexamod:PhantomFireball","floor":26},{"not_picked":["hexamod:SpectralAdrenaline+1","hexamod:PhantomFireball"],"picked":"hexamod:SecondSeal","floor":26},{"not_picked":["hexamod:InspiringFlames","hexamod:SwordOfDarkness+1"],"picked":"hexamod:ChargedBarrage","floor":31},{"not_picked":["hexamod:PhantomCloak","hexamod:EmpoweredFlame"],"picked":"hexamod:Firestarter+1","floor":31}],"player_experience":88244,"relics_obtained":[{"floor":7,"key":"Guard_Bracelet"},{"floor":9,"key":"PreservedInsect"},{"floor":13,"key":"DemoMod:BlueGuonStone"},{"floor":24,"key":"DemoMod:MeltedRock"},{"floor":31,"key":"hubris:MedicalManual"}],"event_choices":[{"cards_removed":["hexamod:SoulSteal"],"damage_healed":0,"gold_gain":0,"player_choice":"Offered Uncommon","damage_taken":0,"max_hp_gain":0,"max_hp_loss":0,"event_name":"Bonfire Elementals","floor":5,"gold_loss":0},{"damage_healed":0,"gold_gain":0,"player_choice":"Rummage","damage_taken":0,"relics_obtained":["WarpedTongs"],"max_hp_gain":0,"max_hp_loss":0,"event_name":"Accursed Blacksmith","floor":21,"gold_loss":0,"cards_obtained":["Pain"]},{"damage_healed":0,"gold_gain":0,"player_choice":"Became a vampire","damage_taken":0,"max_hp_gain":0,"max_hp_loss":16,"event_name":"Vampires","floor":29,"gold_loss":0,"cards_obtained":["Bite","Bite","Bite","Bite","Bite"]}],"is_beta":false,"boss_relics":[{"not_picked":["Astrolabe","halation:LoveArrow"],"picked":"energizedSpire:RedRose"}],"items_purged_floors":[26,26],"is_endless":false,"potions_floor_spawned":[2,8,12,13],"killed_by":"Snecko","ascension_level":0}}