{"host":"iv8gkcqs5ryn8eyc","time":1610435946,"event":{"mods":["Astrologer","BaseMod","Colored Map","Colored Powertips","Magitek Elite","Minty Spire (QoL Compilation)","Replay The Spire","Shade Mod","Spire Birthday Party","StSLib","The Blackbeard","The Marked","The Runesmith","The Saiyan","The Servant 0.9.4","TheVacant"],"gold_per_floor":[119,129,144,163,174,207,207,207,207,207,52,52,52,68,68,194,194,218,241,259,274,274,274,274],"floor_reached":23,"playtime":1095,"items_purged":["astrologer:Strike"],"score":245,"play_id":"827a0ec8-92ea-4a87-a686-845ddfd1db51","local_time":"20210112021906","is_ascension_mode":false,"campfire_choices":[{"data":"astrologer:SolarFlare","floor":8,"key":"SMITH"},{"floor":12,"key":"REST"},{"data":"astrologer:Prismatic","floor":15,"key":"SMITH"}],"circlet_count":0,"master_deck":["astrologer:Strike","astrologer:Strike","astrologer:Defend","astrologer:Defend","astrologer:Defend","astrologer:Defend","astrologer:NorthStar","astrologer:TheFool","astrologer:LonelyStar","astrologer:SolarFlare+1","astrologer:Radiance","astrologer:StarOfRegret","astrologer:FrozenStar","astrologer:Eclipse","astrologer:Prismatic+1","astrologer:Alignment","astrologer:SpaceDust","astrologer:Stardust","astrologer:Fireball+1","astrologer:NeutronStar"],"relics":["Golden_Hairpin","Replay:WaspNest","Golden Idol","HornCleat","Honey Jar"],"acts_visited":["Exordium","TheCity"],"potions_floor_usage":[6,16,16,20],"damage_taken":[{"damage":0,"enemies":"Small Slimes","floor":1,"turns":3},{"damage":0,"enemies":"2 Louse","floor":2,"turns":3},{"damage":4,"enemies":"Jaw Worm","floor":3,"turns":3},{"damage":9,"enemies":"Exordium Wildlife","floor":4,"turns":3},{"damage":0,"enemies":"3 Louse","floor":5,"turns":2},{"damage":16,"enemies":"Lagavulin","floor":6,"turns":5},{"damage":0,"enemies":"Blue Slaver","floor":14,"turns":3},{"damage":0,"enemies":"Slime Boss","floor":16,"turns":9},{"damage":24,"enemies":"Chosen","floor":18,"turns":5},{"damage":5,"enemies":"Spheric Guardian","floor":19,"turns":4},{"damage":16,"enemies":"Snecko","floor":20,"turns":5},{"damage":9,"enemies":"Sentry and Sphere","floor":21,"turns":5},{"damage":16,"enemies":"Gremlin Leader","floor":23,"turns":4}],"seed_played":"2468482777765718339","potions_obtained":[{"floor":1,"key":"Block Potion"},{"floor":3,"key":"Reflective Coating"},{"floor":4,"key":"LiquidBronze"},{"floor":18,"key":"CultistPotion"},{"floor":19,"key":"SkillPotion"}],"is_trial":false,"path_per_floor":["M","M","M","M","M","E","?","R","T","?","$","R","$","M","R","B",null,"M","M","M","M","?","E"],"character_chosen":"ASTROLOGER","items_purchased":["astrologer:Prismatic"],"campfire_rested":1,"item_purchase_floors":[11],"current_hp_per_floor":[70,70,66,57,57,41,41,41,41,34,34,53,53,53,53,53,65,41,36,20,11,11,0,0],"gold":274,"neow_bonus":"BOSS_RELIC","is_daily":false,"chose_seed":false,"campfire_upgraded":2,"win_rate":0.0,"timestamp":1610435946,"path_taken":["M","M","M","M","M","E","?","R","T","?","?","R","$","M","R","BOSS","M","M","M","M","?","E"],"items_purchased_type":["Card"],"build_version":"2020-12-22","purchased_purges":1,"victory":false,"max_hp_per_floor":[70,70,70,70,70,70,65,65,65,65,65,65,65,65,65,65,65,65,65,65,65,65,65,65],"card_choices":[{"not_picked":["astrologer:TheDevil","astrologer:Stardust"],"picked":"astrologer:LonelyStar","floor":1},{"not_picked":["astrologer:Retelling","astrologer:CometStrike"],"picked":"astrologer:SolarFlare","floor":2},{"not_picked":["astrologer:MeteorShower","astrologer:CrystalBall"],"picked":"astrologer:Radiance","floor":3},{"not_picked":["astrologer:ReadTheStars","astrologer:Divination"],"picked":"astrologer:StarOfRegret","floor":4},{"not_picked":["astrologer:Conjunction","astrologer:Opposition"],"picked":"astrologer:FrozenStar","floor":5},{"not_picked":["astrologer:TheEmpress","astrologer:Prestidigitation"],"picked":"astrologer:Eclipse","floor":6},{"not_picked":["astrologer:TheHermit","astrologer:FrozenStar","astrologer:Premonition"],"picked":"SKIP","floor":14},{"not_picked":["astrologer:TheChariot","astrologer:Wish"],"picked":"astrologer:Alignment","floor":16},{"not_picked":["astrologer:ShootingStar+1","astrologer:Still+1","astrologer:ReadTheStars+1"],"picked":"astrologer:SpaceDust","floor":18},{"not_picked":["astrologer:Temperance","astrologer:GlassStar","astrologer:Observe"],"picked":"astrologer:Stardust","floor":19},{"not_picked":["astrologer:FrozenStar","astrologer:Still","astrologer:Eclipse"],"picked":"astrologer:Fireball+1","floor":20},{"not_picked":["astrologer:MeteorShower","astrologer:SolarFlare","astrologer:Wish"],"picked":"astrologer:NeutronStar","floor":21}],"player_experience":465920,"relics_obtained":[{"floor":6,"key":"Replay:WaspNest"},{"floor":9,"key":"HornCleat"}],"event_choices":[{"damage_healed":0,"gold_gain":0,"player_choice":"Lose Max HP","damage_taken":0,"relics_obtained":["Golden Idol"],"max_hp_gain":0,"max_hp_loss":5,"event_name":"Golden Idol","floor":7,"gold_loss":0},{"cards_removed":["astrologer:Strike"],"damage_healed":0,"gold_gain":0,"player_choice":"Card Removal","damage_taken":7,"max_hp_gain":0,"max_hp_loss":0,"event_name":"Golden Wing","floor":10,"gold_loss":0},{"damage_healed":0,"gold_gain":0,"player_choice":"Ignored","damage_taken":0,"max_hp_gain":0,"max_hp_loss":0,"event_name":"Cursed Tome","floor":22,"gold_loss":0}],"is_beta":false,"boss_relics":[{"not_picked":["Replay:Wanted Poster","ChewingGum"],"picked":"Honey Jar"}],"items_purged_floors":[11],"is_endless":false,"potions_floor_spawned":[1,3,4,18,19],"killed_by":"Gremlin Leader","ascension_level":0}}