{"host":"w9yruvs4bqht6bhw","time":1610412132,"event":{"mods":["BaseMod","Colored Powertips","Minty Spire (QoL Compilation)"],"gold_per_floor":[118,118,129,146,159,192,192,192,192,192,142,152,152,164,164,268,268,286,332,208,307,321,321,339,339,339],"floor_reached":25,"playtime":917,"items_purged":["Defend_R"],"score":309,"play_id":"fb4a8c1f-b384-42bd-8daf-938cfa340703","local_time":"20210111194212","is_ascension_mode":true,"campfire_choices":[{"floor":7,"key":"REST"},{"data":"Shrug It Off","floor":10,"key":"SMITH"},{"floor":15,"key":"REST"},{"data":"Iron Wave","floor":23,"key":"SMITH"}],"circlet_count":0,"master_deck":["Strike_R","Strike_R","Strike_R","Strike_R","Strike_R","Defend_R","Defend_R","Bash","Enlightenment","Shrug It Off+1","Iron Wave+1","Immolate","Iron Wave","Spot Weakness","Corruption","Iron Wave+1","Iron Wave","Flame Barrier"],"relics":["Black Blood","Tiny Chest","Toy Ornithopter","Blood Vial"],"acts_visited":["Exordium","TheCity"],"potions_floor_usage":[16,16,16,25],"damage_taken":[{"damage":6,"enemies":"Cultist","floor":1,"turns":3},{"damage":7,"enemies":"Jaw Worm","floor":3,"turns":3},{"damage":7,"enemies":"2 Louse","floor":4,"turns":4},{"damage":22,"enemies":"2 Fungi Beasts","floor":5,"turns":4},{"damage":37,"enemies":"Gremlin Nob","floor":6,"turns":5},{"damage":0,"enemies":"Blue Slaver","floor":12,"turns":2},{"damage":0,"enemies":"3 Louse","floor":14,"turns":2},{"damage":94,"enemies":"Hexaghost","floor":16,"turns":12},{"damage":33,"enemies":"3 Byrds","floor":18,"turns":6},{"damage":7,"enemies":"Chosen","floor":22,"turns":4},{"damage":46,"enemies":"Snecko","floor":24,"turns":6},{"damage":25,"enemies":"Book of Stabbing","floor":25,"turns":5}],"seed_played":"2078594933322145022","potions_obtained":[{"floor":3,"key":"Strength Potion"},{"floor":4,"key":"GamblersBrew"},{"floor":6,"key":"Swift Potion"},{"floor":18,"key":"BlessingOfTheForge"}],"is_trial":false,"path_per_floor":["M","?","M","M","M","E","R","?","T","R","?","M","?","M","R","B",null,"M","T","$","?","M","R","M","E"],"character_chosen":"IRONCLAD","items_purchased":["Explosive Potion"],"campfire_rested":2,"item_purchase_floors":[20],"current_hp_per_floor":[80,80,79,78,62,31,57,79,79,79,79,85,85,85,85,7,66,45,45,45,45,52,52,20,2,2],"gold":339,"neow_bonus":"TEN_PERCENT_HP_BONUS","is_daily":false,"chose_seed":false,"campfire_upgraded":2,"win_rate":0.0,"timestamp":1610412132,"path_taken":["M","?","M","M","?","E","R","?","T","R","?","M","?","M","R","BOSS","M","?","$","?","M","R","M","E"],"items_purchased_type":["Potion"],"build_version":"2020-12-22","purchased_purges":1,"victory":false,"max_hp_per_floor":[88,88,88,88,88,88,88,88,88,88,85,85,85,85,85,85,85,85,85,85,85,85,85,85,85,85],"card_choices":[{"not_picked":["True Grit","Havoc","Second Wind"],"picked":"SKIP","floor":1},{"not_picked":["Reckless Charge","Dropkick"],"picked":"Shrug It Off","floor":3},{"not_picked":["Sentinel","Perfected Strike"],"picked":"Iron Wave","floor":4},{"not_picked":["Thunderclap","Body Slam","Iron Wave"],"picked":"SKIP","floor":5},{"not_picked":["Clothesline","Armaments"],"picked":"Immolate","floor":6},{"not_picked":["Rage","Wild Strike"],"picked":"Iron Wave","floor":12},{"not_picked":["Wild Strike","Rampage"],"picked":"Spot Weakness","floor":14},{"not_picked":["Barricade","Exhume"],"picked":"Corruption","floor":16},{"not_picked":["Anger+1","Metallicize+1"],"picked":"Iron Wave+1","floor":18},{"not_picked":["Shrug It Off","Shockwave"],"picked":"Iron Wave","floor":22},{"not_picked":["Body Slam","Anger+1"],"picked":"Flame Barrier","floor":24}],"player_experience":369727,"relics_obtained":[{"floor":6,"key":"Tiny Chest"},{"floor":9,"key":"Toy Ornithopter"},{"floor":19,"key":"Blood Vial"}],"event_choices":[{"damage_healed":0,"gold_gain":0,"player_choice":"1 cards matched","damage_taken":0,"max_hp_gain":0,"max_hp_loss":0,"event_name":"Match and Keep!","floor":2,"gold_loss":0,"cards_obtained":["Enlightenment"]},{"damage_healed":22,"gold_gain":0,"player_choice":"Healed and dodged fight","damage_taken":0,"max_hp_gain":0,"max_hp_loss":0,"event_name":"Mushrooms","floor":8,"gold_loss":0,"cards_obtained":["Parasite"]},{"cards_removed":["Parasite"],"damage_healed":0,"gold_gain":0,"player_choice":"Card Removal","damage_taken":0,"max_hp_gain":0,"max_hp_loss":0,"event_name":"The Cleric","floor":11,"gold_loss":50},{"cards_removed":["Defend_R"],"damage_healed":0,"gold_gain":0,"player_choice":"Forget","damage_taken":0,"max_hp_gain":0,"max_hp_loss":0,"event_name":"Living Wall","floor":13,"gold_loss":0},{"damage_healed":0,"gold_gain":99,"player_choice":"Stole From Cult","damage_taken":0,"max_hp_gain":0,"max_hp_loss":0,"event_name":"Nest","floor":21,"gold_loss":0}],"is_beta":false,"boss_relics":[{"not_picked":["Astrolabe","Velvet Choker"],"picked":"Black Blood"}],"items_purged_floors":[20],"is_endless":false,"potions_floor_spawned":[3,4,6,14,18],"killed_by":"Book of Stabbing","ascension_level":8}}