{"host":"Squid","time":1610480649,"event":{"mods":["BaseMod","Minty Spire (QoL Compilation)","StSLib","The Marked"],"gold_per_floor":[368,368,378,388,400,428,428,428,428],"floor_reached":8,"language":"ENG","playtime":438,"items_purged":[],"score":61,"play_id":"33cad6bb-d278-41dc-8ef5-e33c5806982d","local_time":"20210112144409","is_ascension_mode":true,"campfire_choices":[{"data":"theMarked:GodGivenPower","floor":7,"key":"SMITH"}],"circlet_count":0,"master_deck":["theMarked:Strike","theMarked:Strike","theMarked:Strike","theMarked:Strike","theMarked:Strike","theMarked:Defend","theMarked:Defend","theMarked:Defend","theMarked:Defend","theMarked:SoldierOfQuellstein","theMarked:PowerFlow","theMarked:TakeOffHeels","Deep Breath","theMarked:Polarize","theMarked:GodGivenPower+1"],"relics":["theMarked:ArtifactOfAir","Pantograph"],"acts_visited":["Exordium"],"potions_floor_usage":[6],"damage_taken":[{"damage":10,"enemies":"Jaw Worm","floor":1,"turns":4},{"damage":0,"enemies":"Cultist","floor":3,"turns":3},{"damage":0,"enemies":"2 Louse","floor":4,"turns":2},{"damage":16,"enemies":"2 Fungi Beasts","floor":5,"turns":3},{"damage":12,"enemies":"3 Sentries","floor":6,"turns":9},{"damage":16,"enemies":"Gremlin Nob","floor":8,"turns":3}],"seed_played":"-2853099828777688551","potions_obtained":[{"floor":1,"key":"GamblersBrew"},{"floor":3,"key":"PowerPotion"},{"floor":5,"key":"Ancient Potion"}],"is_trial":false,"path_per_floor":["M","?","M","M","M","E","R","E"],"character_chosen":"THE_DEFAULT","items_purchased":[],"campfire_rested":0,"item_purchase_floors":[],"current_hp_per_floor":[53,53,53,53,37,25,25,9,9],"gold":428,"neow_bonus":"TWO_FIFTY_GOLD","is_daily":false,"chose_seed":false,"campfire_upgraded":1,"win_rate":0.0,"timestamp":1610480649,"path_taken":["M","?","M","M","M","E","R","E"],"items_purchased_type":[],"build_version":"2020-12-18","purchased_purges":0,"victory":false,"max_hp_per_floor":[63,63,63,63,63,63,63,63,63],"card_choices":[{"not_picked":["theMarked:ElectricStrings","theMarked:Frustration"],"picked":"theMarked:PowerFlow","floor":1},{"not_picked":["theMarked:WastefulAttack","theMarked:HeightenedSenses"],"picked":"theMarked:Polarize","floor":3},{"not_picked":["theMarked:ElectricStrings","theMarked:WardOff","theMarked:DispelDoubt"],"picked":"SKIP","floor":4},{"not_picked":["theMarked:SwordAndMagic","theMarked:ComboAttacks","theMarked:Improvise"],"picked":"SKIP","floor":5},{"not_picked":["theMarked:WardOff","theMarked:SwordAndMagic"],"picked":"theMarked:GodGivenPower","floor":6}],"player_experience":851894,"relics_obtained":[{"floor":6,"key":"Pantograph"}],"event_choices":[{"damage_healed":0,"gold_gain":0,"player_choice":"2 cards matched","damage_taken":0,"max_hp_gain":0,"max_hp_loss":0,"event_name":"Match and Keep!","floor":2,"gold_loss":0,"cards_obtained":["theMarked:TakeOffHeels","Deep Breath"]}],"is_beta":true,"boss_relics":[],"items_purged_floors":[],"is_endless":false,"potions_floor_spawned":[1,3,5],"killed_by":"Gremlin Nob","ascension_level":1}}