{"host":"w7dhjqgqsib0c3vt","time":1610452527,"event":{"mods":["ATMod(°¢èªMod)","BaseMod","Minty Spire (QoL Compilation)","Shop Mod","StSLib","TheWitcher"],"gold_per_floor":[119,130,22,47,47,47,80,92,92,108,108,126,153,172,172,250,250,268,284,298,143,154,180,192,192,192,192,225,225,225,260,260,335,335,354,370,9,22,33,33,0,28,28,43,59,86,105,105,105,105],"floor_reached":51,"playtime":1226,"items_purged":[],"score":1865,"play_id":"6d80bb3d-c6b3-44e2-8845-c5a0933573ee","local_time":"20210112195527","is_ascension_mode":true,"campfire_choices":[{"data":"AT_Desolate","floor":6.0,"key":"SMITH"},{"data":"AT_KneejerkReflex","floor":11.0,"key":"SMITH"},{"data":"AT_KingSlayer","floor":15.0,"key":"SMITH"},{"floor":25.0,"key":"REST"},{"floor":27.0,"key":"REST"},{"data":"AT_FocusSwordFire","floor":29.0,"key":"SMITH"},{"floor":32.0,"key":"REST"},{"data":"AT_TearsDenial","floor":40,"key":"SMITH"},{"floor":49,"key":"REST"}],"circlet_count":0,"master_deck":["AscendersBane","Strike_G","Strike_G","Strike_G","Strike_G","Defend_G","Defend_G","Defend_G","Defend_G","Survivor","Neutralize","AT_BreakingExtremeWeapon+1","Sucker Punch","Blade Dance","AT_Desolate+1","Dagger Spray","AT_KneejerkReflex+1","PiercingWail","Quick Slash","AT_KingSlayer+1","Endless Agony","Outmaneuver","Die Die Die","AT_WindRun+1","AT_Desolate+1","PanicButton","AT_FocusSwordFire+1","Riddle With Holes+1","Concentrate","Glass Knife","AT_TearsDenial+1","Panacea","Quick Slash+1"],"relics":["Ring of the Snake","AT_ATBox","PreservedInsect","AT_GuinsooRageblade","Strawberry","The Courier","Black Star","AT_BladeRuinedKing","AT_ImmortalShieldbow","AT_BellowingDragoncrestRing","Gremlin Horn","Happy Flower","PureWater","SnafuTest:BearRelic","AT_RedTearstoneRing","Runic Pyramid","Membership Card","Shuriken","Red Mask","Art of War","Potion Belt","Orichalcum","Bag of Preparation","Boot"],"acts_visited":["Exordium","TheCity","TheBeyond"],"potions_floor_usage":[44,45],"damage_taken":[{"damage":6.0,"enemies":"Cultist","floor":1.0,"turns":3.0},{"damage":0.0,"enemies":"2 Louse","floor":2.0,"turns":1.0},{"damage":4.0,"enemies":"3 Sentries","floor":7.0,"turns":3.0},{"damage":9.0,"enemies":"Jaw Worm","floor":8.0,"turns":2.0},{"damage":0.0,"enemies":"2 Fungi Beasts","floor":10.0,"turns":1.0},{"damage":0.0,"enemies":"Exordium Thugs","floor":12.0,"turns":2.0},{"damage":0.0,"enemies":"Lagavulin","floor":13.0,"turns":4.0},{"damage":0.0,"enemies":"Large Slime","floor":14.0,"turns":3.0},{"damage":14.0,"enemies":"Hexaghost","floor":16.0,"turns":5.0},{"damage":0.0,"enemies":"Chosen","floor":18.0,"turns":3.0},{"damage":15.0,"enemies":"3 Byrds","floor":19.0,"turns":3.0},{"damage":27.0,"enemies":"Shelled Parasite and Fungi","floor":20.0,"turns":2.0},{"damage":5.0,"enemies":"Snake Plant","floor":22.0,"turns":4.0},{"damage":0.0,"enemies":"Gremlin Leader","floor":23.0,"turns":3.0},{"damage":0.0,"enemies":"Cultist and Chosen","floor":24.0,"turns":4.0},{"damage":0.0,"enemies":"Book of Stabbing","floor":28.0,"turns":2.0},{"damage":0.0,"enemies":"Gremlin Leader","floor":31.0,"turns":2.0},{"damage":0.0,"enemies":"Champ","floor":33.0,"turns":1.0},{"damage":0,"enemies":"3 Darklings","floor":35,"turns":3},{"damage":0,"enemies":"Orb Walker","floor":36,"turns":1},{"damage":0,"enemies":"3 Darklings","floor":38,"turns":1},{"damage":0,"enemies":"Maw","floor":39,"turns":1},{"damage":0,"enemies":"Giant Head","floor":42,"turns":3},{"damage":8,"enemies":"Jaw Worm Horde","floor":44,"turns":3},{"damage":7,"enemies":"4 Shapes","floor":45,"turns":2},{"damage":0,"enemies":"Reptomancer","floor":46,"turns":1},{"damage":0,"enemies":"Spire Growth","floor":47,"turns":3},{"damage":10,"enemies":"Awakened One","floor":50,"turns":4}],"seed_played":"5385708520464905177","potions_obtained":[{"floor":2.0,"key":"Explosive Potion"},{"floor":7.0,"key":"AttackPotion"},{"floor":13.0,"key":"PowerPotion"},{"floor":14.0,"key":"DistilledChaos"},{"floor":20.0,"key":"SpeedPotion"},{"floor":28.0,"key":"SpeedPotion"},{"floor":33.0,"key":"SmokeBomb"},{"floor":36,"key":"GhostInAJar"},{"floor":42,"key":"GamblersBrew"},{"floor":44,"key":"LiquidMemories"},{"floor":46,"key":"Poison Potion"}],"is_trial":false,"path_per_floor":["M","M","$","T","?","R","E","M","T","M","R","M","E","M","R","B",null,"M","M","M","$","M","E","M","R","T","R","E","R","?","E","R","B",null,"M","M","$","M","M","R","?","E","T","M","M","E","M","?","R","B",null],"character_chosen":"THE_SILENT","items_purchased":["AT_Desolate","Dagger Spray","DuplicationPotion","PanicButton","Membership Card","Shuriken","AT_TearsDenial","Panacea"],"campfire_rested":4,"item_purchase_floors":[3,3,21,21,37,37,37,37],"current_hp_per_floor":[53,53,53,53,53,53,49,40,47,47,47,47,47,47,47,33,63,63,48,21,21,16,16,16,37,37,58,58,58,58,58,73,73,73,73,73,73,73,73,73,73,73,73,65,58,58,58,58,73,63],"gold":105,"neow_bonus":"UPGRADE_CARD","is_daily":false,"chose_seed":false,"campfire_upgraded":5,"win_rate":0.0,"timestamp":1610452527,"path_taken":["M","M","?","?","?","R","E","M","T","M","R","?","E","M","R","BOSS","M","M","M","$","M","E","M","R","T","R","E","R","?","E","R","BOSS","M","M","$","M","M","R","?","E","T","M","M","E","M","?","R","BOSS"],"items_purchased_type":["Card","Card","Potion","Card","Relic","Relic","Card","Card"],"build_version":"2020-12-22","purchased_purges":0,"victory":true,"max_hp_per_floor":[66,66,66,66,66,66,66,66,73,73,73,73,73,73,73,73,73,73,73,73,73,73,73,73,73,73,73,73,73,73,73,73,73,73,73,73,73,73,73,73,73,73,73,73,73,73,73,73,73,73],"card_choices":[{"not_picked":["Deadly Poison","Slice"],"picked":"Sucker Punch","floor":1.0},{"not_picked":["Infinite Blades","Prepared"],"picked":"Blade Dance","floor":2.0},{"not_picked":["Backflip","Bane"],"picked":"AT_KneejerkReflex","floor":7.0},{"not_picked":["Cloak And Dagger","Flying Knee"],"picked":"PiercingWail","floor":8.0},{"not_picked":["Deflect","Cloak And Dagger"],"picked":"Quick Slash","floor":10.0},{"not_picked":["Blade Dance","Deflect"],"picked":"AT_KingSlayer","floor":12.0},{"not_picked":["Acrobatics","Dagger Spray"],"picked":"Endless Agony","floor":13.0},{"not_picked":["AT_WindFlip","Doppelganger"],"picked":"Outmaneuver","floor":14.0},{"not_picked":["After Image","AT_MyraUnstableElement"],"picked":"Die Die Die","floor":16.0},{"not_picked":["Flying Knee","Sucker Punch","Dagger Throw"],"picked":"SKIP","floor":18.0},{"not_picked":["Underhanded Strike","Sucker Punch"],"picked":"AT_WindRun+1","floor":19.0},{"not_picked":["Escape Plan","Doppelganger"],"picked":"AT_Desolate+1","floor":20.0},{"not_picked":["Caltrops","Outmaneuver","Deadly Poison"],"picked":"SKIP","floor":22.0},{"not_picked":["Footwork","Cloak And Dagger"],"picked":"AT_FocusSwordFire","floor":23.0},{"not_picked":["Tactician","Finisher","AT_WindFlip"],"picked":"SKIP","floor":24.0},{"not_picked":["Slice","Backflip"],"picked":"Riddle With Holes+1","floor":28.0},{"not_picked":["Sucker Punch","Dagger Throw"],"picked":"Concentrate","floor":31.0},{"not_picked":["Doppelganger","AT_EssenceShift"],"picked":"Glass Knife","floor":33.0},{"not_picked":["Backflip+1","Eviscerate","AT_FocusSwordFire"],"picked":"SKIP","floor":35},{"not_picked":["Finisher","Dagger Throw","Underhanded Strike+1"],"picked":"SKIP","floor":36},{"not_picked":["Cloak And Dagger","Prepared+1"],"picked":"Quick Slash+1","floor":38},{"not_picked":["AT_KneejerkReflex","Escape Plan","AT_MyraUnstableElement"],"picked":"SKIP","floor":39},{"not_picked":["Dagger Throw","Dodge and Roll","Catalyst"],"picked":"SKIP","floor":42},{"not_picked":["Poisoned Stab","Riddle With Holes+1","Skewer"],"picked":"SKIP","floor":44},{"not_picked":["Deflect","Dagger Throw","Terror"],"picked":"SKIP","floor":45},{"not_picked":["Well Laid Plans+1","Setup","Dodge and Roll+1"],"picked":"SKIP","floor":46},{"not_picked":["AT_WindRun","Outmaneuver","Terror"],"picked":"SKIP","floor":47}],"player_experience":617424,"relics_obtained":[{"floor":4.0,"key":"PreservedInsect"},{"floor":7.0,"key":"AT_GuinsooRageblade"},{"floor":9.0,"key":"Strawberry"},{"floor":13.0,"key":"The Courier"},{"floor":23.0,"key":"AT_BladeRuinedKing"},{"floor":23.0,"key":"AT_ImmortalShieldbow"},{"floor":26.0,"key":"AT_BellowingDragoncrestRing"},{"floor":28.0,"key":"Gremlin Horn"},{"floor":28.0,"key":"Happy Flower"},{"floor":31.0,"key":"SnafuTest:BearRelic"},{"floor":31.0,"key":"AT_RedTearstoneRing"},{"floor":42,"key":"Art of War"},{"floor":42,"key":"Potion Belt"},{"floor":43,"key":"Orichalcum"},{"floor":46,"key":"Bag of Preparation"},{"floor":46,"key":"Boot"}],"event_choices":[{"cards_removed":["Defend_G"],"damage_healed":0.0,"max_hp_gain":0.0,"max_hp_loss":0.0,"gold_gain":0.0,"event_name":"Bonfire Elementals","player_choice":"Offered Basic","floor":5.0,"gold_loss":0.0,"damage_taken":0.0},{"damage_healed":0,"gold_gain":0,"player_choice":"Paid","damage_taken":0,"relics_obtained":["Red Mask"],"max_hp_gain":0,"max_hp_loss":0,"event_name":"Tomb of Lord Red Mask","floor":41,"gold_loss":33},{"cards_removed":["Strike_G"],"damage_healed":0,"gold_gain":0,"player_choice":"Purged","damage_taken":0,"max_hp_gain":0,"max_hp_loss":0,"event_name":"Purifier","floor":48,"gold_loss":0}],"is_beta":false,"boss_relics":[{"not_picked":["Empty Cage","Snecko Eye"],"picked":"Black Star"},{"not_picked":["Pandora\u0027s Box","Busted Crown"],"picked":"Runic Pyramid"}],"items_purged_floors":[],"is_endless":false,"potions_floor_spawned":[2,7,13,14,18,20,28,33,36,38,42,44,46],"ascension_level":17}}