{"host":"6h0diz2ap0m56grs","time":1610416385,"event":{"mods":["2.2 Compatiblity","BaseMod","Colored Map","Marisa????????","Minty Spire (QoL Compilation)","Quick Restart","Replay The Spire","Shop Mod","StSLib","The Servant 0.9.4"],"gold_per_floor":[114,126,126,201,227,260,293,319,319,346,95,95,95,95],"floor_reached":13,"playtime":553,"items_purged":[],"score":219,"play_id":"da439a9b-115c-44dd-b85c-c677bd0c346c","local_time":"20210111195305","daily_mods":["SealedDeck","Heirloom","Time Dilation","Flight"],"is_ascension_mode":true,"campfire_choices":[{"data":"DarkMatter","floor":12,"key":"SMITH"},{"data":"DragonMeteor","floor":12,"key":"SMITH"}],"circlet_count":0,"master_deck":["OneTimeOff","GalacticHalo","GrandCross","AsteroidBelt","DragonMeteor","ShootingEcho","GasGiant","OortCloud","DragonMeteor+1","DarkMatter+1","SuperPerseids","MillisecondPulsars","BinaryStars+1"],"relics":["MiniHakkero","replay:Trail_Library","Replay:Arrowhead","Omamori","Blue Doll","Incense Burner","Calipers","Mercury Hourglass","BreadOfAWashokuLover","MerchantsRug","ReplayTheSpireMod:CursedCoin","Bag of Marbles"],"acts_visited":["Exordium"],"potions_floor_usage":[],"damage_taken":[{"damage":0,"enemies":"Small Slimes","floor":1,"turns":3},{"damage":0,"enemies":"Jaw Worm","floor":2,"turns":5},{"damage":0,"enemies":"Replay:BlueRogue","floor":6,"turns":4},{"damage":0,"enemies":"3 Sentries","floor":7,"turns":7},{"damage":0,"enemies":"Replay:BlueRogue","floor":8,"turns":6},{"damage":0,"enemies":"Lagavulin","floor":10,"turns":5},{"damage":0,"enemies":"Gremlin Nob","floor":13,"turns":2}],"seed_played":"6256357783968032235","potions_obtained":[{"floor":1,"key":"ColorlessPotion"},{"floor":7,"key":"SmokeBomb"},{"floor":10,"key":"Swift Potion"}],"is_trial":true,"path_per_floor":["M","M","$","?","T","E","E","E","T","E","$","R","E"],"character_chosen":"MARISA","items_purchased":["MerchantsRug","ReplayTheSpireMod:CursedCoin","BinaryStars+1","Bag of Marbles"],"campfire_rested":0,"item_purchase_floors":[11,11,11,11],"current_hp_per_floor":[75,75,75,64,64,64,64,64,64,64,64,64,64,64],"gold":95,"neow_bonus":"","is_daily":false,"chose_seed":false,"campfire_upgraded":2,"win_rate":0.0,"timestamp":1610416385,"path_taken":["M","M","$","?","?","E","E","E","T","E","?","R","E"],"items_purchased_type":["Relic","Relic","Card","Relic"],"build_version":"2020-12-22","purchased_purges":0,"victory":false,"max_hp_per_floor":[75,75,75,75,75,75,75,75,75,75,75,75,75,75],"card_choices":[{"not_picked":["OrrerysSun","DarkMatter","6A"],"picked":"SKIP","floor":1},{"not_picked":["GravityBeat","MilkyWay"],"picked":"SuperPerseids","floor":2},{"not_picked":["UnstableBomb","GalacticHalo","MachineGunSpark"],"picked":"SKIP","floor":6},{"not_picked":["OpenUniverse","MysteriousBeam","Orbital"],"picked":"SKIP","floor":7},{"not_picked":["MaximisePower","DarkMatter","LuminesStrike"],"picked":"SKIP","floor":8},{"not_picked":["EventHorizon","OortCloud"],"picked":"MillisecondPulsars","floor":10}],"player_experience":177050,"relics_obtained":[{"floor":5,"key":"Omamori"},{"floor":6,"key":"Blue Doll"},{"floor":7,"key":"Incense Burner"},{"floor":8,"key":"Calipers"},{"floor":9,"key":"Mercury Hourglass"},{"floor":10,"key":"BreadOfAWashokuLover"}],"event_choices":[{"damage_healed":0,"gold_gain":75,"player_choice":"Gather Gold","damage_taken":11,"max_hp_gain":0,"max_hp_loss":0,"event_name":"World of Goop","floor":4,"gold_loss":0}],"is_beta":false,"boss_relics":[],"items_purged_floors":[],"is_endless":false,"potions_floor_spawned":[1,7,10],"killed_by":"Gremlin Nob","ascension_level":1}}