{"host":"vddkjx04kiwje1tk","time":1610436776,"event":{"mods":["AchievementEnabler","BaseMod","Colored Map","Minty Spire (QoL Compilation)","Quick Restart","SuperFastMode"],"gold_per_floor":[110,110,121,121,121,121,21,47,47,47,65,85,85,85,85,180,180,197,49,66,66,66,66,81,81,81,94,107,125,125,144,144,243,243,256,268,268,96,106,137,137,12,36,36,57,57,0,11,11,11],"floor_reached":51,"playtime":984,"items_purged":["Strike_R","Defend_R","Strike_R"],"score":1148,"play_id":"c48b2823-2053-4dc3-92b6-f7c8c1dbc5e4","local_time":"20210112163256","is_ascension_mode":true,"campfire_choices":[{"data":"Searing Blow+1","floor":6,"key":"SMITH"},{"data":"Searing Blow+2","floor":13,"key":"SMITH"},{"data":"Searing Blow+4","floor":15,"key":"SMITH"},{"data":"Searing Blow+5","floor":23,"key":"SMITH"},{"data":"Searing Blow+6","floor":25,"key":"SMITH"},{"data":"Searing Blow+7","floor":30,"key":"SMITH"},{"data":"Searing Blow+8","floor":32,"key":"SMITH"},{"data":"Searing Blow+9","floor":41,"key":"SMITH"},{"data":"Searing Blow+10","floor":44,"key":"SMITH"},{"data":"Searing Blow+11","floor":46,"key":"SMITH"},{"data":"Searing Blow+12","floor":49,"key":"SMITH"}],"circlet_count":0,"master_deck":["Strike_R","Strike_R","Strike_R","Defend_R","Defend_R","Defend_R","Bash","Searing Blow+13","Warcry","Headbutt","Battle Trance+1","Violence","Evolve+1"],"relics":["Burning Blood","NeowsBlessing","Singing Bowl","Art of War","Gambling Chip","Velvet Choker","Blue Candle","SacredBark","HornCleat","CeramicFish","Red Mask"],"acts_visited":["Exordium","TheCity","TheBeyond"],"potions_floor_usage":[16,40,50,50],"damage_taken":[{"damage":0,"enemies":"Small Slimes","floor":1,"turns":1},{"damage":0,"enemies":"Jaw Worm","floor":3,"turns":1},{"damage":0,"enemies":"Lagavulin","floor":8,"turns":1},{"damage":0,"enemies":"2 Louse","floor":11,"turns":2},{"damage":23,"enemies":"Red Slaver","floor":12,"turns":3},{"damage":56,"enemies":"Slime Boss","floor":16,"turns":7},{"damage":0,"enemies":"Spheric Guardian","floor":18,"turns":3},{"damage":12,"enemies":"Shell Parasite","floor":20,"turns":2},{"damage":12,"enemies":"3 Cultists","floor":24,"turns":3},{"damage":0,"enemies":"Snecko","floor":27,"turns":2},{"damage":15,"enemies":"Chosen and Byrds","floor":28,"turns":4},{"damage":9,"enemies":"Centurion and Healer","floor":29,"turns":2},{"damage":0,"enemies":"Snecko","floor":31,"turns":2},{"damage":54,"enemies":"Automaton","floor":33,"turns":5},{"damage":17,"enemies":"3 Shapes","floor":35,"turns":5},{"damage":6,"enemies":"Orb Walker","floor":36,"turns":2},{"damage":20,"enemies":"Jaw Worm Horde","floor":39,"turns":3},{"damage":18,"enemies":"Nemesis","floor":40,"turns":3},{"damage":0,"enemies":"Transient","floor":45,"turns":5},{"damage":0,"enemies":"Writhing Mass","floor":48,"turns":1},{"damage":18,"enemies":"Time Eater","floor":50,"turns":2}],"seed_played":"-7425313706956549876","potions_obtained":[{"floor":3,"key":"ColorlessPotion"},{"floor":20,"key":"Swift Potion"},{"floor":27,"key":"DistilledChaos"},{"floor":36,"key":"Regen Potion"},{"floor":40,"key":"Fire Potion"}],"is_trial":false,"path_per_floor":["M","?","M","$","?","R","$","E","T","$","M","M","R","?","R","B",null,"M","$","M","?","?","R","M","R","T","M","M","M","R","M","R","B",null,"M","M","?","$","M","E","R","$","T","R","M","R","?","M","R","B",null],"character_chosen":"IRONCLAD","items_purchased":["Warcry","BloodPotion","Violence"],"campfire_rested":0,"item_purchase_floors":[7,19,38],"current_hp_per_floor":[78,66,74,74,74,74,74,80,80,80,84,69,69,69,69,21,71,79,79,75,75,75,75,71,71,71,79,72,71,71,79,79,33,86,75,77,77,77,65,55,55,55,55,55,61,61,61,69,69,67],"gold":11,"neow_bonus":"THREE_ENEMY_KILL","is_daily":false,"chose_seed":false,"campfire_upgraded":11,"win_rate":0.0,"timestamp":1610436776,"path_taken":["M","?","M","$","?","R","$","E","T","?","M","M","R","?","R","BOSS","M","$","M","?","?","R","M","R","T","M","?","M","R","M","R","BOSS","M","?","?","$","M","E","R","?","T","R","M","R","?","M","R","BOSS"],"items_purchased_type":["Card","Potion","Card"],"build_version":"2020-12-22","purchased_purges":3,"victory":true,"max_hp_per_floor":[80,80,82,82,82,82,82,82,82,82,84,86,86,86,86,88,88,90,90,92,92,92,92,94,94,94,96,98,100,100,102,102,104,104,104,106,106,106,108,110,110,110,110,110,110,110,110,112,112,112],"card_choices":[{"not_picked":["Havoc","Clash"],"picked":"Searing Blow","floor":1},{"not_picked":["Perfected Strike","Clothesline","Cleave"],"picked":"Singing Bowl","floor":3},{"not_picked":["Feed","Sword Boomerang"],"picked":"Headbutt","floor":8},{"not_picked":["Clothesline","Wild Strike","True Grit"],"picked":"Singing Bowl","floor":11},{"not_picked":["Headbutt","Clothesline","Whirlwind"],"picked":"Singing Bowl","floor":12},{"not_picked":["Immolate","Exhume","Brutality"],"picked":"Singing Bowl","floor":16},{"not_picked":["Disarm","True Grit","Rage"],"picked":"Singing Bowl","floor":18},{"not_picked":["Pommel Strike","Entrench+1","Headbutt"],"picked":"Singing Bowl","floor":20},{"not_picked":["Wild Strike","Exhume","Clothesline"],"picked":"Singing Bowl","floor":24},{"not_picked":["Havoc","Thunderclap","Dark Embrace"],"picked":"Singing Bowl","floor":27},{"not_picked":["Power Through","Bloodletting","Whirlwind"],"picked":"Singing Bowl","floor":28},{"not_picked":["Infernal Blade","Iron Wave","Havoc"],"picked":"Singing Bowl","floor":29},{"not_picked":["Burning Pact","Iron Wave","Headbutt+1"],"picked":"Singing Bowl","floor":31},{"not_picked":["Limit Break","Barricade","Fiend Fire"],"picked":"Singing Bowl","floor":33},{"not_picked":["Thunderclap","Armaments+1"],"picked":"Battle Trance+1","floor":35},{"not_picked":["Wild Strike+1","Warcry","Second Wind+1"],"picked":"Singing Bowl","floor":36},{"not_picked":["Shrug It Off","Pommel Strike+1","Warcry+1"],"picked":"Singing Bowl","floor":39},{"not_picked":["Power Through+1","Pommel Strike","Disarm"],"picked":"Singing Bowl","floor":40},{"not_picked":["Bloodletting+1","Combust+1"],"picked":"Evolve+1","floor":45},{"not_picked":["Dark Embrace","Rage","Sword Boomerang"],"picked":"Singing Bowl","floor":48}],"player_experience":257741,"relics_obtained":[{"floor":8,"key":"Art of War"},{"floor":9,"key":"Gambling Chip"},{"floor":26,"key":"Blue Candle"},{"floor":40,"key":"HornCleat"},{"floor":43,"key":"CeramicFish"}],"event_choices":[{"damage_healed":0,"gold_gain":0,"player_choice":"Success","damage_taken":12,"relics_obtained":["Singing Bowl"],"max_hp_gain":0,"max_hp_loss":0,"event_name":"Scrap Ooze","floor":2,"gold_loss":0},{"damage_healed":0,"gold_gain":0,"player_choice":"Grow","damage_taken":0,"max_hp_gain":0,"max_hp_loss":0,"event_name":"Living Wall","floor":5,"gold_loss":0,"cards_upgraded":["Searing Blow"]},{"damage_healed":0,"gold_gain":0,"player_choice":"Upgraded","damage_taken":0,"max_hp_gain":0,"max_hp_loss":0,"event_name":"Upgrade Shrine","floor":14,"gold_loss":0,"cards_upgraded":["Searing Blow"]},{"damage_healed":0,"gold_gain":0,"player_choice":"Ignored","damage_taken":0,"max_hp_gain":0,"max_hp_loss":0,"event_name":"Vampires","floor":21,"gold_loss":0},{"damage_healed":0,"gold_gain":0,"player_choice":"Bought 0 Potions","damage_taken":0,"max_hp_gain":0,"max_hp_loss":0,"event_name":"The Woman in Blue","floor":37,"gold_loss":0},{"damage_healed":0,"gold_gain":0,"player_choice":"Paid","damage_taken":0,"relics_obtained":["Red Mask"],"max_hp_gain":0,"max_hp_loss":0,"event_name":"Tomb of Lord Red Mask","floor":47,"gold_loss":57}],"is_beta":false,"boss_relics":[{"not_picked":["Runic Pyramid","Empty Cage"],"picked":"Velvet Choker"},{"not_picked":["Runic Dome","Philosopher\u0027s Stone"],"picked":"SacredBark"}],"items_purged_floors":[7,19,42],"is_endless":false,"potions_floor_spawned":[3,20,27,29,36,40,45],"ascension_level":8}}