{"host":"upk85iu3rnh2l1yz","time":1610467653,"event":{"mods":["BaseMod","CapriCore","Downfall","Hermit","Minty Spire (QoL Compilation)","Replay The Spire","StSLib","The Cursed","The Immortal","The Marked","The Servant 0.9.4"],"gold_per_floor":[111,128,143,68,68,97,97,129,205,221,231,244,244,256,256,352,352,366,366,73,89,101,115,115,130,157,172,189,203,203,214,214,312,412,432,432,442,461,461,461,461,480,480,480,480],"floor_reached":44,"playtime":2124,"items_purged":["theMarked:Strike"],"score":430,"play_id":"39d7cb6a-6856-462d-bc41-69dccf328b7e","local_time":"20210113000733","is_ascension_mode":false,"campfire_choices":[{"data":"theMarked:BanishingWave","floor":7,"key":"SMITH"},{"floor":13,"key":"REST"},{"floor":15,"key":"REST"},{"floor":24,"key":"REST"},{"floor":30,"key":"REST"},{"floor":32,"key":"REST"},{"floor":40,"key":"REST"}],"circlet_count":0,"master_deck":["theMarked:Defend","theMarked:Defend","theMarked:Defend+1","theMarked:SoldierOfQuellstein+1","theMarked:Frustration","theMarked:LightningStrikesTwice+1","theMarked:BanishingWave+1","theMarked:WardOff+1","theMarked:Standoff+1","theMarked:TurnInvisible","theMarked:SummonStrength","Slimebound:Tackle+1","Slimebound:Tackle+1","Slimebound:Tackle+1","theMarked:SummonStrength","theMarked:BanishingWave+1","theMarked:ComboAttacks+1","theMarked:Overcharge","theMarked:Overcharge","theMarked:SummonStrength","Parasite"],"relics":["theMarked:ArtifactOfAir","Unceasing Top","Gremlin Food","Matryoshka","Painkiller Herb","DollysMirror","Bronze Scales","Replay:Wanted Poster","Pen Nib","Mercury Hourglass"],"acts_visited":["Exordium","TheCity","TheBeyond"],"potions_floor_usage":[6,22,28,44,44,44],"damage_taken":[{"damage":0,"enemies":"Cultist","floor":1,"turns":4},{"damage":0,"enemies":"Small Slimes","floor":2,"turns":3},{"damage":0,"enemies":"2 Louse","floor":3,"turns":2},{"damage":30,"enemies":"Gremlin Nob","floor":6,"turns":4},{"damage":21,"enemies":"Lagavulin","floor":8,"turns":5},{"damage":0,"enemies":"Large Slime","floor":10,"turns":5},{"damage":1,"enemies":"Gremlin Gang","floor":11,"turns":2},{"damage":10,"enemies":"Red Slaver","floor":12,"turns":4},{"damage":5,"enemies":"Looter","floor":14,"turns":3},{"damage":47,"enemies":"The Guardian","floor":16,"turns":12},{"damage":4,"enemies":"Chosen","floor":18,"turns":5},{"damage":0,"enemies":"2 Thieves","floor":21,"turns":2},{"damage":16,"enemies":"Centurion and Healer","floor":22,"turns":5},{"damage":19,"enemies":"Cultist and Chosen","floor":23,"turns":5},{"damage":0,"enemies":"Snake Plant","floor":25,"turns":3},{"damage":20,"enemies":"Snecko","floor":27,"turns":5},{"damage":5,"enemies":"Centurion and Healer","floor":28,"turns":4},{"damage":0,"enemies":"Shelled Parasite and Fungi","floor":29,"turns":1},{"damage":26,"enemies":"Sentry and Sphere","floor":31,"turns":5},{"damage":28,"enemies":"Champ","floor":33,"turns":9},{"damage":6,"enemies":"Orb Walker","floor":35,"turns":3},{"damage":12,"enemies":"3 Darklings","floor":37,"turns":3},{"damage":58,"enemies":"Maw","floor":38,"turns":7},{"damage":17,"enemies":"Writhing Mass","floor":42,"turns":4},{"damage":9,"enemies":"Sphere and 2 Shapes","floor":44,"turns":1}],"seed_played":"-8503576431986313909","potions_obtained":[{"floor":3,"key":"DistilledChaos"},{"floor":6,"key":"Energy Potion"},{"floor":8,"key":"Strength Potion"},{"floor":12,"key":"SpeedPotion"},{"floor":14,"key":"PowerPotion"},{"floor":18,"key":"Milkshake"},{"floor":22,"key":"Toxic Potion"},{"floor":29,"key":"champ:CounterPotion"},{"floor":31,"key":"DuplicationPotion"}],"is_trial":false,"path_per_floor":["M","M","M","$","?","E","R","E","T","M","M","M","R","M","R","B",null,"?","?","T","?","?","?","T","?","T","?","?","?","T","?","T","B",null,"?","T","?","?","?","T","T","?","T","?"],"character_chosen":"THE_DEFAULT","items_purchased":["theMarked:SummonStrength","DollysMirror"],"campfire_rested":6,"item_purchase_floors":[20,20],"current_hp_per_floor":[77,77,77,77,77,47,47,26,26,26,25,15,38,33,56,9,77,73,73,73,73,57,38,61,61,61,41,36,36,59,33,56,28,77,71,71,59,1,1,24,24,7,7,0,0],"gold":480,"neow_bonus":"TEN_PERCENT_HP_BONUS","is_daily":false,"chose_seed":false,"campfire_upgraded":1,"win_rate":0.0,"timestamp":1610467653,"path_taken":["M","M","M","$","?","E","R","E","T","M","?","M","R","M","R","BOSS","?","?","T","?","?","?","T","?","T","?","?","?","T","?","T","BOSS","?","T","?","?","?","T","T","?","T","?"],"items_purchased_type":["Card","Relic"],"build_version":"2020-12-22","purchased_purges":1,"victory":false,"max_hp_per_floor":[77,77,77,77,77,77,77,77,77,77,77,77,77,77,77,77,77,77,77,77,77,77,77,77,77,77,77,77,77,77,77,77,77,77,77,77,77,77,77,77,77,77,77,77,77],"card_choices":[{"not_picked":["theMarked:Improvise","theMarked:TwofoldDefense"],"picked":"theMarked:Frustration","floor":1},{"not_picked":["theMarked:WastefulAttack","theMarked:Improvise"],"picked":"theMarked:LightningStrikesTwice","floor":2},{"not_picked":["theMarked:HeightenedSenses","theMarked:SwordAndMagic","theMarked:WastefulAttack"],"picked":"SKIP","floor":3},{"not_picked":["theMarked:LightningStrikesTwice","theMarked:Convert"],"picked":"theMarked:BanishingWave","floor":6},{"not_picked":["theMarked:Reabsorb","theMarked:BanishingStrike"],"picked":"theMarked:WardOff","floor":8},{"not_picked":["theMarked:GodGivenPower","theMarked:Improvise"],"picked":"theMarked:Standoff","floor":10},{"not_picked":["theMarked:ReduceFriction","theMarked:ChainLightning"],"picked":"theMarked:TurnInvisible","floor":11},{"not_picked":["theMarked:Indomitable","theMarked:BanishingStrike","theMarked:ElectricStrings"],"picked":"SKIP","floor":12},{"not_picked":["theMarked:WastefulDefense","theMarked:TwofoldDefense","theMarked:EmpowerWeapon"],"picked":"SKIP","floor":14},{"not_picked":["theMarked:MuscleMemory","theMarked:TurnInvisible"],"picked":"theMarked:SummonStrength","floor":16},{"not_picked":["theMarked:HeightenedSenses","theMarked:RepellingDischarge","theMarked:Aftermath"],"picked":"SKIP","floor":18},{"not_picked":["theMarked:ElectricStrings","theMarked:PowerFlow"],"picked":"theMarked:ComboAttacks+1","floor":21},{"not_picked":["theMarked:Frustration","theMarked:CreepingChasm"],"picked":"theMarked:Overcharge","floor":22},{"not_picked":["theMarked:WastefulAttack","theMarked:RepellingDischarge","theMarked:HeightenedSenses"],"picked":"SKIP","floor":23},{"not_picked":["theMarked:SwordAndMagic+1","theMarked:ChannelForce"],"picked":"theMarked:Overcharge","floor":25},{"not_picked":["theMarked:TwofoldDefense+1","theMarked:ChainLightning+1","theMarked:EmpowerWeapon"],"picked":"SKIP","floor":27},{"not_picked":["theMarked:RepellingDischarge","theMarked:Opportunist+1","theMarked:TunnelVision+1"],"picked":"SKIP","floor":28},{"not_picked":["theMarked:HeightenedSenses","theMarked:WastefulAttack","theMarked:Aftermath"],"picked":"SKIP","floor":29},{"not_picked":["theMarked:EmpowerWeapon","theMarked:SwordAndMagic","theMarked:HeightenedSenses"],"picked":"SKIP","floor":31},{"not_picked":["theMarked:SuspiciousRaven","theMarked:Snap"],"picked":"theMarked:SummonStrength","floor":33},{"not_picked":["theMarked:Parkour+1","theMarked:Convert","theMarked:EmpowerWeapon"],"picked":"SKIP","floor":35},{"not_picked":["theMarked:WardOff","theMarked:ResourceFulStrike+1","theMarked:WastefulAttack"],"picked":"SKIP","floor":37},{"not_picked":["theMarked:SwordAndMagic","theMarked:CreepingChasm+1","theMarked:ResourceFulStrike"],"picked":"SKIP","floor":38},{"not_picked":["theMarked:TwofoldDefense+1","theMarked:SwordAndMagic","theMarked:BanishingStrike"],"picked":"SKIP","floor":42}],"player_experience":156971,"relics_obtained":[{"floor":6,"key":"Unceasing Top"},{"floor":8,"key":"Gremlin Food"},{"floor":9,"key":"Matryoshka"},{"floor":26,"key":"Bronze Scales"},{"floor":43,"key":"Pen Nib"},{"floor":43,"key":"Mercury Hourglass"}],"event_choices":[{"cards_removed":["theMarked:Defend"],"damage_healed":0,"gold_gain":0,"player_choice":"Purged","damage_taken":0,"max_hp_gain":0,"max_hp_loss":0,"event_name":"Purifier","floor":5,"gold_loss":0},{"damage_healed":0,"gold_gain":0,"player_choice":"Ignored","damage_taken":0,"max_hp_gain":0,"max_hp_loss":0,"event_name":"Mysterious Sphere","floor":39,"gold_loss":0}],"is_beta":false,"boss_relics":[{"not_picked":["theMarked:BronzeBlade","Empty Cage"],"picked":"Painkiller Herb"},{"not_picked":["Tiny House","Coffee Dripper"],"picked":"Replay:Wanted Poster"}],"items_purged_floors":[4],"is_endless":false,"potions_floor_spawned":[3,6,8,12,14,18,22,29,31,33,42],"killed_by":"Sphere and 2 Shapes","ascension_level":0}}