{"host":"8ew8rkkqvnu5a0j4","time":1610462201,"event":{"mods":["AchievementEnabler","Arknights The Spire","BaseMod","Colored Powertips","Decade(王小明)","Downfall","Friendly Minions","GungeonMod","Hermit","HololiveMod","Hubris","KinomotoSakuraMod(木之本樱)","Koishi","LagranYue(拉格朗・月)","Luminous","Marisa（F雨　魔理沙）","Minty Spire (QoL Compilation)","Nova Terra(诺娃・泰拉)","Quick Restart","READ ME - Guardian Mod","Rare Cards Sparkle","Reimu（博丽灵梦）","Remilia（蕾米莉亚）","Replay The Spire","Shop Mod","StSLib","Td1madao Mod","The Alterego","The Animator","The Bug Knight","The Cursed","The Hierophant","The Marked","The Mystic","The Poker Player","The Servant 0.9.4","WarShipGirlsR/战舰少女R mod","Youmu（魂魄妖梦）","Yuri Mod","【遗物卡牌】REMEMod"],"gold_per_floor":[119,294,308,308,325,357,357,392,392,406,482,482,89,107,107,210,210,226,245,258,258,270,303,303,303,303,303,56,82,82,96,96,196,196,210,210],"floor_reached":37,"playtime":1939,"items_purged":["Strike_G","Strike_G+1"],"score":957,"play_id":"996f334e-7719-4fde-a411-4d854480a913","local_time":"20210112223641","is_ascension_mode":true,"campfire_choices":[{"data":"Calculated Gamble","floor":12,"key":"SMITH"},{"data":"REME_GreenPollution","floor":15,"key":"SMITH"},{"data":"Prepared","floor":24,"key":"SMITH"},{"data":"REME_GreenPollution","floor":30,"key":"SMITH"},{"data":"Thinking Ahead","floor":32,"key":"SMITH"}],"circlet_count":0,"master_deck":["Strike_G+1","Strike_G+1","Strike_G+1","Defend_G+1","Defend_G+1","Defend_G+1","Defend_G+1","Survivor","Neutralize","Thinking Ahead+1","Calculated Gamble+1","REME_GreenPollution+1","Acrobatics","Prepared+1","REME_GreenPollution+1"],"relics":["Ring of the Snake","REME_ComplimentaryCards","LagranYue:RandomDrawCardRelic","Girya","Gremlin Horn","Oddly Smooth Stone","Pear","LagranYue:NewUniverseRelic","DemoMod:GnawedKey","hubris:ScarierMask","Omamori","ScarletDevilRocket","Kunai","Fusion Hammer"],"acts_visited":["Exordium","TheCity","TheBeyond"],"potions_floor_usage":[6,8],"damage_taken":[{"damage":0,"enemies":"Small Slimes","floor":1,"turns":3},{"damage":0,"enemies":"Jaw Worm","floor":3,"turns":6},{"damage":0,"enemies":"2 Louse","floor":5,"turns":2},{"damage":1,"enemies":"Replay:BlueRogue","floor":6,"turns":11},{"damage":19,"enemies":"Lagavulin","floor":8,"turns":5},{"damage":1,"enemies":"Red Slaver","floor":10,"turns":6},{"damage":0,"enemies":"3 Louse","floor":14,"turns":2},{"damage":0,"enemies":"The Guardian","floor":16,"turns":4},{"damage":0,"enemies":"Shell Parasite","floor":18,"turns":2},{"damage":0,"enemies":"Snake Plant","floor":19,"turns":2},{"damage":0,"enemies":"Shelled Parasite and Fungi","floor":20,"turns":1},{"damage":0,"enemies":"Cultist and Chosen","floor":22,"turns":2},{"damage":0,"enemies":"Slavers","floor":23,"turns":1},{"damage":0,"enemies":"Replay:Snechameleon","floor":29,"turns":1},{"damage":0,"enemies":"Snake Plant","floor":31,"turns":1},{"damage":0,"enemies":"Champ","floor":33,"turns":1},{"damage":0,"enemies":"3 Shapes","floor":35,"turns":1},{"damage":10,"enemies":"Time Eater","floor":36,"turns":3}],"seed_played":"3253869843532033403","potions_obtained":[{"floor":1,"key":"DemoMod:LeadSkinPotion"},{"floor":5,"key":"SteroidPotion"},{"floor":8,"key":"BlessingOfTheForge"},{"floor":16,"key":"PowerPotion"},{"floor":18,"key":"Ancient Potion"}],"is_trial":false,"path_per_floor":["M","?","M","?","M","E","?","E","T","M","T","R","$","M","R","B",null,"M","M","M","?","M","E","R","?","T","?","$","E","R","M","R","B",null,"M","B",null],"character_chosen":"THE_SILENT","items_purchased":["LagranYue:NewUniverseRelic","Acrobatics","DemoMod:GnawedKey","ScarletDevilRocket"],"campfire_rested":0,"item_purchase_floors":[13,13,13,28],"current_hp_per_floor":[77,77,77,77,77,76,69,50,50,49,59,59,59,59,59,59,87,87,87,87,87,87,87,87,87,87,87,87,87,87,87,87,87,87,87,77],"gold":210,"neow_bonus":"TEN_PERCENT_HP_BONUS","is_daily":false,"chose_seed":false,"campfire_upgraded":5,"win_rate":0.0,"timestamp":1610462201,"path_taken":["M","?","M","?","M","E","?","E","T","M","?","R","$","M","R","BOSS","M","M","M","?","M","E","R","?","T","?","$","E","R","M","R","BOSS","M","BOSS"],"items_purchased_type":["Relic","Card","Relic","Relic"],"build_version":"2020-12-22","purchased_purges":2,"victory":true,"max_hp_per_floor":[77,77,77,77,77,77,77,77,77,77,87,87,87,87,87,87,87,87,87,87,87,87,87,87,87,87,87,87,87,87,87,87,87,87,87,87],"card_choices":[{"not_picked":["Flying Knee","Prepared"],"picked":"Calculated Gamble","floor":1},{"not_picked":["Bane","Masterful Stab"],"picked":"REME_GreenPollution","floor":3},{"not_picked":["Setup","ReplayTheSpireMod:Tripwire","Outmaneuver"],"picked":"SKIP","floor":5},{"not_picked":["Crippling Poison","Flechettes","Dodge and Roll"],"picked":"SKIP","floor":6},{"not_picked":["Cloak And Dagger","Hidden Blade","Blade Dance"],"picked":"SKIP","floor":8},{"not_picked":["Bane","Predator","Flying Knee"],"picked":"SKIP","floor":10},{"not_picked":["Quick Slash","Sucker Punch","Outmaneuver"],"picked":"SKIP","floor":14},{"not_picked":["Bane","Deadly Poison","Footwork"],"picked":"SKIP","floor":18},{"not_picked":["Underhanded Strike+1","Heel Hook","Finisher"],"picked":"SKIP","floor":19},{"not_picked":["Slice","Infinite Blades","Hidden Blade"],"picked":"SKIP","floor":20},{"not_picked":["Dagger Spray+1","hubris:SlightOfHand+1","ReplayTheSpireMod:Exploit Weakness"],"picked":"SKIP","floor":22},{"not_picked":["Deadly Poison","Quick Slash+1"],"picked":"Prepared","floor":23},{"not_picked":["Dash","Poisoned Stab","Dagger Throw"],"picked":"SKIP","floor":29},{"not_picked":["Deadly Poison","Riddle With Holes+1","Outmaneuver"],"picked":"SKIP","floor":31},{"not_picked":["Dodge and Roll+1","Flying Knee","Quick Slash+1"],"picked":"SKIP","floor":35}],"player_experience":681391,"relics_obtained":[{"floor":6,"key":"Girya"},{"floor":8,"key":"Gremlin Horn"},{"floor":9,"key":"Oddly Smooth Stone"},{"floor":11,"key":"Pear"},{"floor":23,"key":"Omamori"},{"floor":29,"key":"Kunai"}],"event_choices":[{"damage_healed":0,"gold_gain":175,"player_choice":"AGREE","damage_taken":0,"max_hp_gain":0,"max_hp_loss":0,"event_name":"Liars Game","floor":2,"gold_loss":0,"cards_obtained":["Doubt"]},{"cards_removed":["Doubt"],"damage_healed":0,"gold_gain":0,"player_choice":"Card Removal","damage_taken":7,"max_hp_gain":0,"max_hp_loss":0,"event_name":"Golden Wing","floor":7,"gold_loss":0},{"damage_healed":0,"gold_gain":0,"player_choice":"Ignored","damage_taken":0,"max_hp_gain":0,"max_hp_loss":0,"event_name":"Ghosts","floor":21,"gold_loss":0},{"damage_healed":0,"gold_gain":0,"player_choice":"Simplicity","damage_taken":0,"max_hp_gain":0,"max_hp_loss":0,"event_name":"Back to Basics","floor":25,"gold_loss":0,"cards_upgraded":["Strike_G","Strike_G","Strike_G","Strike_G","Defend_G","Defend_G","Defend_G","Defend_G"]},{"damage_healed":0,"gold_gain":0,"player_choice":"Read","damage_taken":0,"max_hp_gain":0,"max_hp_loss":0,"event_name":"The Library","floor":27,"gold_loss":0,"cards_obtained":["REME_GreenPollution"]}],"is_beta":false,"boss_relics":[{"not_picked":["REME_ChargedStone","Ring of Chaos"],"picked":"hubris:ScarierMask"},{"not_picked":["Hololive_Finger","Pandora\u0027s Box"],"picked":"Fusion Hammer"}],"items_purged_floors":[13,28],"is_endless":false,"potions_floor_spawned":[1,5,8,16,18,22,23],"ascension_level":3}}