{"host":"zksvs3x2ysy9npnz","time":1610412409,"event":{"mods":["Aspiration","BaseMod","Beaked The Cultist","BetterRewards","Clockwork Mod","Colored Map","Conspire","Downfall","Duelist Mod","Ekko","Energized Spire","Fiend Mod","Halation","Highlight Path","Hubris","Hunter ??","Infinite Spire","Jedi Mod","JesterMod","Magitek Elite","Minty Spire (QoL Compilation)","Permanent Neow","Quick Restart","Relic Stats","Replay The Spire","Retaliation","Shade Mod","Shop Mod","StSLib","The Construct","The Poker Player","The Runesmith","The Witch","thorton"],"gold_per_floor":[126,126,160,160,192,192,215,215],"floor_reached":7,"playtime":402,"items_purged":[],"score":51,"play_id":"1a56aab9-e554-4f40-a417-3a85ff36c9a4","local_time":"20210112014649","is_ascension_mode":true,"campfire_choices":[{"data":"thethorton:CreditCard+2","floor":6,"key":"SMITH"}],"circlet_count":0,"master_deck":["thethorton:Strike","thethorton:Strike","thethorton:Strike","thethorton:Strike","thethorton:Defend","thethorton:Defend","thethorton:Defend","thethorton:Defend","thethorton:Heckle","thethorton:CreditCard+3","Normality","thethorton:RunningKick","thethorton:BoardroomBlast","thethorton:DualBap"],"relics":["thethorton:CouragePotion"],"acts_visited":["Exordium"],"potions_floor_usage":[7],"damage_taken":[{"damage":8,"enemies":"Small Slimes","floor":1,"turns":6},{"damage":10,"enemies":"Jaw Worm","floor":3,"turns":4},{"damage":16,"enemies":"Cultist","floor":5,"turns":4},{"damage":60,"enemies":"Lagavulin","floor":7,"turns":6}],"seed_played":"5003856409397552571","potions_obtained":[{"floor":5,"key":"Swift Potion"}],"is_trial":false,"path_per_floor":["M","?","M","?","M","R","E"],"character_chosen":"THE_THORT","items_purchased":[],"campfire_rested":0,"item_purchase_floors":[],"current_hp_per_floor":[60,60,50,68,52,52,0,0],"gold":215,"neow_bonus":"UPGRADE_CARD","is_daily":false,"chose_seed":false,"campfire_upgraded":1,"win_rate":0.0,"timestamp":1610412409,"path_taken":["M","?","M","?","M","R","E"],"items_purchased_type":[],"build_version":"2020-12-22","purchased_purges":0,"victory":false,"max_hp_per_floor":[68,68,68,68,68,68,68,68],"relic_stats":{"counters":[4,20],"obtain_stats":[{"thethorton:CouragePotion":0},{"thethorton:CouragePotion":0},{"thethorton:CouragePotion":0}]},"card_choices":[{"not_picked":["thethorton:BattleTrash","thethorton:StampSmack"],"picked":"thethorton:RunningKick","floor":1},{"not_picked":["thethorton:HedgeFund","thethorton:BookBash"],"picked":"thethorton:BoardroomBlast","floor":3},{"not_picked":["thethorton:TakeAccounts","thethorton:YoureFired"],"picked":"thethorton:DualBap","floor":5}],"player_experience":2467114,"relics_obtained":[],"event_choices":[{"damage_healed":22,"gold_gain":0,"player_choice":"Banana","damage_taken":0,"max_hp_gain":0,"max_hp_loss":0,"event_name":"Big Fish","floor":4,"gold_loss":0}],"is_beta":false,"boss_relics":[],"items_purged_floors":[],"is_endless":false,"potions_floor_spawned":[5],"killed_by":"Lagavulin","ascension_level":5}}