{"host":"uednfislz2ckn57r","time":1610439894,"event":{"mods":["Act Like it!","BaseMod","ChefMod","Colored Powertips","Elementarium","Hallownest","Menagerie","Minty Spire (QoL Compilation)","Quick Restart","StSLib","The Jungle","Wandering Minibosses"],"gold_per_floor":[111,111,122,134,153,181,181,218,218,218,238,238,277,293,293,406,406,426,426,70,85,112,150,163,163,189,109,109,148,148,176,176,282,282,311,78,78,22,45,45,86,86,86,112,62,62,97,116,116,116],"floor_reached":51,"playtime":3725,"items_purged":["chefmod:Strike","chefmod:Strike","chefmod:Strike"],"score":844,"play_id":"a7cbba89-88fc-4ecb-b084-82fa3c41af81","local_time":"20210112022454","is_ascension_mode":true,"campfire_choices":[{"data":"chefmod:Mince","floor":7.0,"key":"SMITH"},{"floor":12.0,"key":"REST"},{"data":"chefmod:IceCreamCone","floor":15.0,"key":"SMITH"},{"floor":25.0,"key":"REST"},{"floor":28.0,"key":"REST"},{"data":"chefmod:TastyDistraction","floor":32,"key":"SMITH"},{"floor":40,"key":"DIG"},{"floor":42,"key":"DIG"},{"floor":46,"key":"DIG"},{"floor":49,"key":"DIG"}],"circlet_count":0,"master_deck":["chefmod:Strike","chefmod:QuickThaw+1","chefmod:Defend","chefmod:Defend","chefmod:Defend","chefmod:Defend","chefmod:TodaysSpecial","chefmod:Chop","chefmod:Julienne","chefmod:Mince+1","chefmod:Cleavers+1","chefmod:IceCreamCone+1","chefmod:RaidPantry","chefmod:TastyDistraction+1","chefmod:DinoKale","chefmod:OrderUp","chefmod:FiveAlarmChili+1","chefmod:FreshProduce","chefmod:CuttingBoard","chefmod:BaoBuns+1","chefmod:Granita+1","chefmod:FreezeSolid+1","chefmod:Canape","wanderingMiniBosses:FinaleOfPromise","chefmod:NewMenu+1","Apotheosis","Dark Shackles","chefmod:AlooGobi","chefmod:Leftovers","chefmod:FullBurn+1","chefmod:Puree","chefmod:ZaruSoba","chefmod:Puree+1","chefmod:FreezeSolid+1"],"relics":["chefmod:TrustyPot","Gambling Chip","FossilizedHelix","CeramicFish","Whetstone","Letter Opener","The Courier","Sozu","Shovel","Pantograph","StrikeDummy","Centennial Puzzle","Darkstone Periapt","Thread and Needle","Fusion Hammer","wanderingMiniBosses:Blackblade","chefmod:WoodenSpoon","TungstenRod","Blue Candle","Kunai","Molten Egg 2","chefmod:Spatula","Toy Ornithopter"],"acts_visited":["Menagerie:Menagerie","Menagerie:Menagerie","Hallownest:KingdomsEdge"],"potions_floor_usage":[],"damage_taken":[{"damage":0.0,"enemies":"Menagerie:WhisperingWraith","floor":1.0,"turns":4.0},{"damage":0.0,"enemies":"Menagerie:StygianBoar","floor":3.0,"turns":2.0},{"damage":2.0,"enemies":"Menagerie:2_RABBITS","floor":4.0,"turns":3.0},{"damage":17.0,"enemies":"Menagerie:KEEPER_AND_YOUNG_SUNEATER","floor":5.0,"turns":7.0},{"damage":5.0,"enemies":"Menagerie:Hydra","floor":6.0,"turns":3.0},{"damage":19.0,"enemies":"Menagerie:VoidReaper","floor":8.0,"turns":4.0},{"damage":0.0,"enemies":"Menagerie:EntropyWarlock","floor":11.0,"turns":2.0},{"damage":5.0,"enemies":"Menagerie:MaskedSummoner","floor":13.0,"turns":7.0},{"damage":0.0,"enemies":"Menagerie:STYGIAN_BOAR_AND_WHISPERING_WRAITH","floor":14.0,"turns":6.0},{"damage":29.0,"enemies":"Menagerie:Chimera","floor":16.0,"turns":6.0},{"damage":0.0,"enemies":"theJungle:GiantWrat","floor":18.0,"turns":3.0},{"damage":17.0,"enemies":"theJungle:MUSHROOMGANG","floor":21.0,"turns":4.0},{"damage":17.0,"enemies":"theJungle:SlimyTreeVines","floor":22.0,"turns":7.0},{"damage":26.0,"enemies":"theJungle:Cassacara","floor":23.0,"turns":9.0},{"damage":0.0,"enemies":"theJungle:Lyon","floor":24.0,"turns":1.0},{"damage":0.0,"enemies":"theJungle:2_Phrogs","floor":29.0,"turns":6.0},{"damage":0.0,"enemies":"theJungle:MamaSnecko","floor":31.0,"turns":5.0},{"damage":64,"enemies":"theJungle:TotemBoss","floor":33,"turns":7},{"damage":20,"enemies":"Hallownest:3_Siblings","floor":35,"turns":7},{"damage":6,"enemies":"Hallownest:2_Littles","floor":39,"turns":3},{"damage":1,"enemies":"Hallownest:eliteCollector","floor":41,"turns":7},{"damage":0,"enemies":"Hallownest:2_Wing_and_1_Kings","floor":44,"turns":6},{"damage":0,"enemies":"Hallownest:StalkingDevout","floor":47,"turns":6},{"damage":0,"enemies":"Hallownest:Shield_Sturdy","floor":48,"turns":4},{"damage":21,"enemies":"Hallownest:BossHollowKnight","floor":50,"turns":8}],"seed_played":"-8530718609670553490","potions_obtained":[{"floor":4.0,"key":"EntropicBrew"},{"floor":5.0,"key":"Explosive Potion"},{"floor":8.0,"key":"FairyPotion"},{"floor":13.0,"key":"SteroidPotion"}],"is_trial":false,"path_per_floor":["M","?","M","M","M","E","R","E","T","T","M","R","E","M","R","B",null,"M","?","$","M","M","E","M","R","T","$","R","E","?","E","R","B",null,"M","$","?","$","M","R","E","R","T","M","$","R","E","M","R","B",null],"character_chosen":"THE_CHEF","items_purchased":["Pantograph","chefmod:FreshProduce","chefmod:CuttingBoard","Apotheosis","Dark Shackles","chefmod:Puree","chefmod:ZaruSoba"],"campfire_rested":3,"item_purchase_floors":[20,20,20,36,38,45,45],"current_hp_per_floor":[55,55,55,53,36,31,31,12,12,12,12,34,29,29,29,22,76,76,60,60,43,32,6,6,28,28,28,50,50,50,50,50,11,76,56,56,56,56,50,50,49,49,49,49,49,49,49,49,49,53],"gold":116,"neow_bonus":"ONE_RARE_RELIC","is_daily":false,"chose_seed":false,"campfire_upgraded":3,"win_rate":0.0,"timestamp":1610439894,"path_taken":["M","?","?","M","M","E","R","E","T","?","M","R","E","M","R","BOSS","M","?","$","M","M","E","M","R","T","$","R","E","?","E","R","BOSS","M","?","?","$","M","R","E","R","T","M","$","R","E","?","R","BOSS"],"items_purchased_type":["Relic","Card","Card","Card","Card","Card","Card"],"build_version":"2020-12-22","purchased_purges":3,"victory":true,"max_hp_per_floor":[76,76,76,76,76,76,76,76,76,76,76,76,76,76,76,76,76,76,76,76,76,76,76,76,76,76,76,76,76,76,76,76,76,76,76,76,76,76,76,76,76,76,76,76,76,76,76,76,76,76],"card_choices":[{"not_picked":["chefmod:Fillet","chefmod:Gelato"],"picked":"chefmod:Chop","floor":1.0},{"not_picked":["chefmod:Defrost","chefmod:FireUp"],"picked":"chefmod:Julienne","floor":3.0},{"not_picked":["chefmod:Defrost","chefmod:IcePick"],"picked":"chefmod:Mince","floor":4.0},{"not_picked":["chefmod:GroceryDelivery","chefmod:TonkotsuRamen"],"picked":"chefmod:Cleavers","floor":5.0},{"not_picked":["chefmod:DoubleChop","chefmod:SaveForLater"],"picked":"chefmod:IceCreamCone","floor":6.0},{"not_picked":["chefmod:FryPan","chefmod:IcePick"],"picked":"chefmod:RaidPantry","floor":8.0},{"not_picked":["chefmod:FreezerBurn","chefmod:ColdSteel"],"picked":"chefmod:TastyDistraction","floor":11.0},{"not_picked":["chefmod:Omelette","chefmod:TonkotsuRamen"],"picked":"chefmod:DinoKale","floor":13.0},{"not_picked":["chefmod:HotSoup","chefmod:Flambe","chefmod:ZaruSoba"],"picked":"SKIP","floor":14.0},{"not_picked":["chefmod:FullCourseMeal","chefmod:DeepFreeze"],"picked":"chefmod:OrderUp","floor":16.0},{"not_picked":["chefmod:FryPan+1","chefmod:IcePick"],"picked":"chefmod:FiveAlarmChili+1","floor":18.0},{"not_picked":["chefmod:QuickChop","chefmod:Gelato","chefmod:TonkotsuRamen"],"picked":"SKIP","floor":21.0},{"not_picked":["chefmod:FreezerBurn","chefmod:SliceAndDice"],"picked":"chefmod:BaoBuns+1","floor":22.0},{"not_picked":["chefmod:Chop","chefmod:Gelato"],"picked":"chefmod:Granita+1","floor":23.0},{"not_picked":["chefmod:Defrost","chefmod:SpaghettiCarbonara+1","chefmod:IcePick"],"picked":"SKIP","floor":24.0},{"not_picked":["chefmod:IcePick","chefmod:TastyDistraction"],"picked":"chefmod:FreezeSolid","floor":29.0},{"not_picked":["chefmod:FryPan+1","chefmod:CandyBowl","chefmod:NewMenu"],"picked":"SKIP","floor":31.0},{"not_picked":["chefmod:RaidPantry","chefmod:Tenderizer"],"picked":"chefmod:Canape","floor":33},{"not_picked":[],"picked":"wanderingMiniBosses:FinaleOfPromise","floor":35},{"not_picked":["chefmod:Defrost","chefmod:Julienne"],"picked":"chefmod:NewMenu+1","floor":35},{"not_picked":["chefmod:IcePick+1","chefmod:ZaruSoba"],"picked":"chefmod:AlooGobi","floor":39},{"not_picked":["chefmod:TonkotsuRamen+1","chefmod:FryPan"],"picked":"chefmod:Leftovers","floor":41},{"not_picked":["chefmod:Sorbet","chefmod:NewMenu+1"],"picked":"chefmod:FullBurn+1","floor":44},{"not_picked":["chefmod:SearedScallops+1","chefmod:FullBurn+1"],"picked":"chefmod:Puree+1","floor":47},{"not_picked":["chefmod:Defrost","chefmod:Granita+1"],"picked":"chefmod:FreezeSolid+1","floor":48}],"player_experience":1741495,"relics_obtained":[{"floor":6.0,"key":"FossilizedHelix"},{"floor":8.0,"key":"CeramicFish"},{"floor":9.0,"key":"Whetstone"},{"floor":10.0,"key":"Letter Opener"},{"floor":13.0,"key":"The Courier"},{"floor":23.0,"key":"StrikeDummy"},{"floor":26.0,"key":"Centennial Puzzle"},{"floor":29.0,"key":"Darkstone Periapt"},{"floor":31.0,"key":"Thread and Needle"},{"floor":35,"key":"wanderingMiniBosses:Blackblade"},{"floor":40,"key":"chefmod:WoodenSpoon"},{"floor":41,"key":"TungstenRod"},{"floor":42,"key":"Blue Candle"},{"floor":43,"key":"Kunai"},{"floor":46,"key":"Molten Egg 2"},{"floor":47,"key":"chefmod:Spatula"},{"floor":49,"key":"Toy Ornithopter"}],"event_choices":[{"damage_healed":0.0,"max_hp_gain":0.0,"max_hp_loss":0.0,"gold_gain":0.0,"event_name":"Menagerie:CorruptingLight","player_choice":"Ignored","floor":2.0,"gold_loss":0.0,"damage_taken":0.0},{"damage_healed":0.0,"max_hp_gain":0.0,"max_hp_loss":0.0,"gold_gain":0.0,"event_name":"Upgrade Shrine","player_choice":"Upgraded","floor":30.0,"gold_loss":0.0,"damage_taken":0.0,"cards_upgraded":["chefmod:FreezeSolid"]}],"is_beta":false,"boss_relics":[{"not_picked":["Pandora\u0027s Box","Tiny House"],"picked":"Sozu"},{"not_picked":["chefmod:PepperMill","Runic Pyramid"],"picked":"Fusion Hammer"}],"items_purged_floors":[20,27,36],"is_endless":false,"potions_floor_spawned":[4,5,8,13,14,18,23,24,33,35,47],"ascension_level":1}}