{"host":"ue3qa4y58fiwdsvn","time":1610465975,"event":{"mods":["BaseMod","BetterRewards","Colored Map","Colored Powertips","Downfall","Friendly Minions","Hubris","Infinite Spire","Minty Spire (QoL Compilation)","Replay The Spire","Shop Mod","StSLib","The Bug Knight","The Construct","The Cursed","The Gatherer","UnlockEverythingMod"],"gold_per_floor":[111,111,121,141,141,167,11,11,11,11,46,62,62,77,77,172,172,172,172],"floor_reached":18,"playtime":1163,"items_purged":[],"score":170,"play_id":"c659d6e7-87d6-419f-a7fd-d6159ffdc366","local_time":"20210112233935","is_ascension_mode":false,"campfire_choices":[{"floor":8,"key":"RECALL"},{"floor":10,"key":"REST"},{"floor":15,"key":"REST"}],"circlet_count":0,"master_deck":["TheCursedMod:Strike_TheCursed","TheCursedMod:Strike_TheCursed+1","TheCursedMod:Strike_TheCursed","TheCursedMod:Strike_TheCursed+1","TheCursedMod:Defend_TheCursed","TheCursedMod:Defend_TheCursed","TheCursedMod:Defend_TheCursed","TheCursedMod:CursedWand","TheCursedMod:CleanUpWorkshop","TheCursedMod:Dregs","TheCursedMod:TacticalStrike","TheCursedMod:WearCloak","TheCursedMod:BloodBarrier","TheCursedMod:VoidForm","TheCursedMod:CursedStaff","TheCursedMod:Evocation","TheCursedMod:ManaCirculation"],"relics":["TheCursedMod:BlackMagic101","NeowsBlessing","CultistMask","Whetstone","infinitespire:ShieldingShard","Pocketwatch","Busted Crown"],"acts_visited":["Exordium","TheCity"],"potions_floor_usage":[6,16],"damage_taken":[{"damage":0,"enemies":"Small Slimes","floor":1,"turns":1},{"damage":0,"enemies":"Cultist","floor":3,"turns":1},{"damage":0,"enemies":"Jaw Worm","floor":4,"turns":1},{"damage":58,"enemies":"Lagavulin","floor":6,"turns":11},{"damage":14,"enemies":"HollowMod:MossKnight","floor":11,"turns":7},{"damage":12,"enemies":"Lots of Slimes","floor":12,"turns":5},{"damage":0,"enemies":"Large Slime","floor":14,"turns":3},{"damage":28,"enemies":"Fading Forest","floor":16,"turns":11},{"damage":0,"enemies":"Spheric Guardian","floor":18,"turns":1}],"seed_played":"-4474362750018575252","potions_obtained":[{"floor":3,"key":"Adrenaline Potion"},{"floor":6,"key":"SpeedPotion"},{"floor":16,"key":"BlessingOfTheForge"}],"is_trial":false,"path_per_floor":["M","?","M","M","?","E","$","R","T","R","E","M","$","M","R","B",null,"M"],"character_chosen":"THE_CURSED","items_purchased":["TheCursedMod:VoidForm"],"campfire_rested":2,"item_purchase_floors":[7],"current_hp_per_floor":[75,75,75,75,75,17,17,17,17,39,25,13,13,13,35,17,75,75,75],"gold":172,"neow_bonus":"THREE_ENEMY_KILL","is_daily":false,"chose_seed":false,"campfire_upgraded":0,"win_rate":0.0,"timestamp":1610465975,"path_taken":["M","?","?","M","?","E","$","R","T","R","E","M","$","?","R","BOSS","M"],"items_purchased_type":["Card"],"build_version":"2020-12-22","purchased_purges":0,"victory":false,"max_hp_per_floor":[75,75,75,75,75,75,75,75,75,75,75,75,75,75,75,75,75,75,75],"card_choices":[{"not_picked":["TheCursedMod:Stigma","TheCursedMod:SmokeScreen"],"picked":"TheCursedMod:TacticalStrike","floor":1},{"not_picked":["TheCursedMod:VitalStrike","TheCursedMod:Stretching","TheCursedMod:Mangle"],"picked":"SKIP","floor":3},{"not_picked":["TheCursedMod:DoubleShield","TheCursedMod:Stretching"],"picked":"TheCursedMod:WearCloak","floor":4},{"not_picked":["TheCursedMod:UltimatePain","TheCursedMod:TacticalStrike"],"picked":"TheCursedMod:BloodBarrier","floor":6},{"not_picked":["TheCursedMod:RavingStaff","TheCursedMod:CursedBlade"],"picked":"TheCursedMod:CursedStaff","floor":11},{"not_picked":["TheCursedMod:CircleOfAmplification","TheCursedMod:CursedMace"],"picked":"TheCursedMod:Evocation","floor":12},{"not_picked":["TheCursedMod:TacticalStrike","TheCursedMod:Wield","TheCursedMod:CursedStaff"],"picked":"SKIP","floor":14},{"not_picked":["TheCursedMod:StunningStrike","TheCursedMod:ForbiddenAlchemy"],"picked":"TheCursedMod:ManaCirculation","floor":16}],"player_experience":226,"relics_obtained":[{"floor":6,"key":"Whetstone"},{"floor":9,"key":"infinitespire:ShieldingShard"},{"floor":11,"key":"Pocketwatch"}],"event_choices":[{"cards_removed":["TheCursedMod:Defend_TheCursed"],"damage_healed":0,"gold_gain":0,"player_choice":"Purged","damage_taken":0,"max_hp_gain":0,"max_hp_loss":0,"event_name":"Purifier","floor":2,"gold_loss":0},{"damage_healed":0,"gold_gain":0,"player_choice":"Trade","damage_taken":0,"relics_obtained":["CultistMask"],"max_hp_gain":0,"max_hp_loss":0,"event_name":"FaceTrader","floor":5,"gold_loss":0}],"is_beta":false,"boss_relics":[{"not_picked":["Coffee Dripper","ReplayTheSpireMod:SealedPack"],"picked":"Busted Crown"}],"items_purged_floors":[],"is_endless":false,"potions_floor_spawned":[3,6,16],"killed_by":"Spheric Guardian","ascension_level":0}}