{"host":"tex07afuu0haibi3","time":1610487972,"event":{"mods":["AchievementEnabler","BaseMod","Colored Powertips","Downfall","Hubris","Hunter ??","Infinite Spire","Marisa????????","Minty Spire (QoL Compilation)","Quick Restart","READ ME - Guardian Mod","Replay The Spire","StSLib","The Construct","The Cursed","The Disciple","The Elementalist","The Mystic","The Necromancer","The Runesmith","The Servant 0.9.4"],"gold_per_floor":[99,99,99,274,294,308,382,232,246,106,123,223,223,241,261,261,261],"floor_reached":16,"language":"ENG","playtime":1042,"items_purged":[],"score":117,"play_id":"bb550aa9-ef99-4082-99e9-a929eaeb70c3","local_time":"20210112214612","is_ascension_mode":false,"campfire_choices":[{"floor":1,"key":"RECALL"},{"data":"sneckomod:TailWhip","floor":8,"key":"SMITH"},{"data":"sneckomod:UnknownCommonSkill","floor":13,"key":"SMITH"}],"circlet_count":0,"master_deck":["sneckomod:Strike","sneckomod:Strike","sneckomod:Strike","sneckomod:Defend","sneckomod:Defend","sneckomod:Defend","sneckomod:TailWhip+1","sneckomod:SnekBite","sneckomod:Unknown","sneckomod:Unknown","infinitespire:Starlight","Doubt","sneckomod:UnknownStrike","sneckomod:UnknownCommonAttack","sneckomod:UnknownClassWHITE","sneckomod:UnknownStrike","sneckomod:UnknownBlock","sneckomod:ImprovisedAttack","sneckomod:UnknownCommonSkill+1","sneckomod:IronFang","sneckomod:UnknownStrike"],"relics":["sneckomod:SneckoSoul","Nunchaku","downfall:HeartBlessingRed","downfall:HeartBlessingBlue"],"acts_visited":["Exordium"],"potions_floor_usage":[],"damage_taken":[{"damage":17,"enemies":"Cultist","floor":5,"turns":5},{"damage":5,"enemies":"2 Louse","floor":6,"turns":5},{"damage":15,"enemies":"Small Slimes","floor":9,"turns":3},{"damage":16,"enemies":"downfall:FleeingMerchant","floor":10,"turns":4},{"damage":9,"enemies":"Blue Slaver","floor":11,"turns":4},{"damage":11,"enemies":"3 Louse","floor":14,"turns":4},{"damage":47,"enemies":"Gremlin Gang","floor":15,"turns":8},{"damage":52,"enemies":"downfall:Watcher","floor":16,"turns":5}],"seed_played":"4323464123165808394","potions_obtained":[{"floor":6,"key":"Death Potion"},{"floor":15,"key":"champ:CounterPotion"}],"is_trial":false,"path_per_floor":["R","?","?","?","M","M","T","R","M","$","M","?","R","M","M","B"],"character_chosen":"THE_SNECKO","items_purchased":["sneckomod:UnknownBlock","sneckomod:ImprovisedAttack"],"campfire_rested":0,"item_purchase_floors":[10,10],"current_hp_per_floor":[99,75,75,75,69,75,75,85,81,77,79,79,79,78,42,0,0],"gold":261,"neow_bonus":"TEN_PERCENT_HP_BONUS","is_daily":false,"chose_seed":false,"campfire_upgraded":2,"win_rate":0.0,"timestamp":1610487972,"path_taken":["R","?","?","?","M","M","T","R","M","?","M","?","R","M","M","BOSS"],"items_purchased_type":["Card","Card"],"build_version":"2020-12-22","purchased_purges":0,"victory":false,"max_hp_per_floor":[99,99,99,99,100,101,101,111,112,114,115,115,115,115,116,116,116],"card_choices":[{"not_picked":["infinitespire:SevenWalls","infinitespire:SealOfDarkness+"],"picked":"infinitespire:Starlight","floor":2},{"not_picked":["sneckomod:Nope","sneckomod:TrashToTreasure"],"picked":"sneckomod:UnknownStrike","floor":5},{"not_picked":["sneckomod:SerpentMind","sneckomod:UnknownVulnerable"],"picked":"sneckomod:UnknownCommonAttack","floor":6},{"not_picked":["sneckomod:DiceBlock","sneckomod:SoulDraw"],"picked":"sneckomod:UnknownClassWHITE","floor":9},{"not_picked":["sneckomod:SoulDraw","sneckomod:Nope"],"picked":"sneckomod:UnknownStrike","floor":10},{"not_picked":["sneckomod:UnknownExhaust","sneckomod:Nope"],"picked":"sneckomod:UnknownCommonSkill","floor":11},{"not_picked":["sneckomod:UnknownClassTHE_CURSED_PURPLE","sneckomod:SoulRoll"],"picked":"sneckomod:IronFang","floor":14},{"not_picked":["sneckomod:SerpentMind","sneckomod:UnknownCommonAttack"],"picked":"sneckomod:UnknownStrike","floor":15}],"player_experience":81043,"relics_obtained":[{"floor":3,"key":"Nunchaku"}],"event_choices":[],"is_beta":false,"boss_relics":[],"items_purged_floors":[],"is_endless":false,"potions_floor_spawned":[6,15],"killed_by":"downfall:Watcher","ascension_level":0}}