{"host":"yvb207ks1sg3cxef","time":1610476934,"event":{"mods":["2.2 Compatiblity","BaseMod","Bestiary","Colored Powertips","Minty Spire (QoL Compilation)","Permanent Neow","Quick Restart","Relic Stats","StSLib"],"gold_per_floor":[118,118,136,311,311,336,353,353,353,353,388,388,417,73,73,173,173,185,34,34,49,81,112,37,51,98,128,144,164,197,197,197,294,294,304,304,7,57,57,83,83,113,182,182,182,202,235,253,253,253,253,253,2,28,28],"floor_reached":56,"playtime":2241,"items_purged":["Strike_B","Strike_B"],"score":1784,"play_id":"43f32161-f8b5-426a-bbdf-9b1c4ac30c38","local_time":"20210113001214","is_ascension_mode":true,"campfire_choices":[{"data":"Hyperbeam","floor":10.0,"key":"SMITH"},{"data":"Zap","floor":12.0,"key":"SMITH"},{"data":"Capacitor","floor":15.0,"key":"SMITH"},{"floor":32.0,"key":"REST"},{"data":"Seek","floor":41.0,"key":"SMITH"},{"data":"Machine Learning","floor":44,"key":"SMITH"},{"floor":49,"key":"RECALL"},{"data":"Ghostly","floor":52,"key":"SMITH"}],"circlet_count":0,"master_deck":["Defend_B+1","Defend_B","Defend_B","Defend_B","Zap+1","Dualcast","Sweeping Beam","All For One","Hyperbeam+1","Blizzard","Leap","Capacitor+1","Gash","Echo Form","Beam Cell+1","Capacitor","Capacitor","Hologram+1","Gash","Force Field","Seek+1","Capacitor","Gash+1","Ghostly+1","Ghostly+1","Ghostly","Ghostly","Machine Learning+1","Steam+1","Flash of Steel","Hologram+1","Go for the Eyes","Hologram+1","Shame","Gash+1","Force Field+1","Buffer","Reprogram+1"],"relics":["Cracked Core","MealTicket","InkBottle","Lizard Tail","Mercury Hourglass","Bottled Flame","Pantograph","OrangePellets","Bronze Scales","Nuclear Battery","Red Mask","Shuriken","Happy Flower","Matryoshka","Orichalcum","Cursed Key","Ice Cream","Prayer Wheel","Thread and Needle","Strawberry","Potion Belt","White Beast Statue","War Paint","Boot"],"acts_visited":["Exordium","TheCity","TheBeyond","TheEnding"],"potions_floor_usage":[55,55,55,55],"damage_taken":[{"damage":2.0,"enemies":"Jaw Worm","floor":1.0,"turns":3.0},{"damage":1.0,"enemies":"Cultist","floor":3.0,"turns":3.0},{"damage":37.0,"enemies":"Lagavulin","floor":6.0,"turns":7.0},{"damage":0.0,"enemies":"2 Louse","floor":7.0,"turns":1.0},{"damage":0.0,"enemies":"3 Sentries","floor":11.0,"turns":2.0},{"damage":18.0,"enemies":"Gremlin Nob","floor":13.0,"turns":3.0},{"damage":29.0,"enemies":"The Guardian","floor":16.0,"turns":9.0},{"damage":35.0,"enemies":"Shell Parasite","floor":18.0,"turns":5.0},{"damage":13.0,"enemies":"2 Thieves","floor":21.0,"turns":2.0},{"damage":0.0,"enemies":"Masked Bandits","floor":22.0,"turns":1.0},{"damage":20.0,"enemies":"Gremlin Leader","floor":23.0,"turns":4.0},{"damage":8.0,"enemies":"Snecko","floor":25.0,"turns":4.0},{"damage":21.0,"enemies":"Book of Stabbing","floor":27.0,"turns":3.0},{"damage":1.0,"enemies":"3 Cultists","floor":28.0,"turns":3.0},{"damage":20.0,"enemies":"Centurion and Healer","floor":29.0,"turns":3.0},{"damage":20.0,"enemies":"Gremlin Leader","floor":30.0,"turns":4.0},{"damage":0.0,"enemies":"Collector","floor":33.0,"turns":7.0},{"damage":0.0,"enemies":"3 Darklings","floor":35.0,"turns":3.0},{"damage":1.0,"enemies":"Mind Bloom Boss Battle","floor":38.0,"turns":4.0},{"damage":0.0,"enemies":"Nemesis","floor":40.0,"turns":5.0},{"damage":0,"enemies":"Reptomancer","floor":42,"turns":5},{"damage":0,"enemies":"Orb Walker","floor":46,"turns":2},{"damage":0,"enemies":"Giant Head","floor":47,"turns":3},{"damage":0,"enemies":"Writhing Mass","floor":48,"turns":5},{"damage":2,"enemies":"Time Eater","floor":50,"turns":8},{"damage":0,"enemies":"Shield and Spear","floor":54,"turns":4},{"damage":18,"enemies":"The Heart","floor":55,"turns":9}],"seed_played":"-5693289305714798573","potions_obtained":[{"floor":3.0,"key":"LiquidBronze"},{"floor":7.0,"key":"LiquidBronze"},{"floor":13.0,"key":"Regen Potion"},{"floor":28.0,"key":"ColorlessPotion"},{"floor":30.0,"key":"DuplicationPotion"},{"floor":33.0,"key":"Explosive Potion"},{"floor":35.0,"key":"PowerPotion"},{"floor":42,"key":"FearPotion"},{"floor":47,"key":"Block Potion"},{"floor":48,"key":"Block Potion"},{"floor":54,"key":"SkillPotion"}],"is_trial":false,"path_per_floor":["M","?","M","?","?","E","M","T","T","R","E","R","E","$","R","B",null,"M","$","?","M","?","E","?","M","T","E","M","M","E","?","R","B",null,"M","?","$","?","$","E","R","E","T","R","?","M","E","M","R","B",null,"R","$","E","B",null],"character_chosen":"DEFECT","items_purchased":["OrangePellets","Bronze Scales","Gash","Capacitor","Ice Cream","War Paint"],"campfire_rested":1,"item_purchase_floors":[14,14,14,19,37,53],"current_hp_per_floor":[73,73,72,72,65,28,28,28,28,28,28,28,10,25,25,21,75,40,55,55,42,42,22,22,26,26,5,4,23,3,3,14,37,37,37,27,37,36,37,37,37,44,44,44,44,44,44,44,44,42,44,44,44,44,26],"gold":28,"neow_bonus":"RANDOM_COMMON_RELIC","is_daily":false,"chose_seed":false,"campfire_upgraded":6,"win_rate":0.0,"timestamp":1610476934,"path_taken":["M","?","?","?","?","E","M","?","T","R","E","R","E","?","R","BOSS","M","$","?","M","?","E","?","M","T","E","M","M","E","?","R","BOSS","M","?","?","?","$","E","R","E","T","R","?","M","E","M","R","BOSS","R","$","E","BOSS"],"items_purchased_type":["Relic","Relic","Card","Card","Relic","Relic"],"build_version":"2020-12-22","purchased_purges":2,"victory":true,"max_hp_per_floor":[75,75,75,75,75,75,75,75,75,75,75,75,75,75,75,75,75,75,75,75,75,75,75,75,75,75,75,75,75,75,37,37,37,37,37,37,37,37,37,37,37,44,44,44,44,44,44,44,44,44,44,44,44,44,44],"relic_stats":{"Happy Flower":[22],"counters":[27,111],"Orichalcum":[66],"War Paint":["Defend_B","Ghostly"],"Cursed Key":1,"Boot":[5],"Mercury Hourglass":[379],"OrangePellets":[32],"Lizard Tail":37,"Shuriken":[51],"Pantograph":48,"Bronze Scales":[356],"MealTicket":41,"Prayer Wheel":2,"obtain_stats":[{"Ice Cream":37,"Potion Belt":43,"Happy Flower":26,"Thread and Needle":40,"Orichalcum":30,"War Paint":53,"Cursed Key":34,"Boot":54,"White Beast Statue":47,"Mercury Hourglass":9,"Nuclear Battery":17,"OrangePellets":14,"Lizard Tail":8,"Bottled Flame":11,"Matryoshka":27,"Shuriken":23,"Pantograph":13,"Bronze Scales":14,"Strawberry":42,"MealTicket":0,"Prayer Wheel":38,"Red Mask":22,"Cracked Core":0,"InkBottle":6},{"Ice Cream":18,"Potion Belt":21,"Happy Flower":12,"Thread and Needle":20,"Orichalcum":16,"War Paint":25,"Cursed Key":17,"Boot":26,"White Beast Statue":23,"Mercury Hourglass":4,"Nuclear Battery":7,"OrangePellets":6,"Lizard Tail":4,"Bottled Flame":5,"Matryoshka":13,"Shuriken":11,"Pantograph":6,"Bronze Scales":6,"Strawberry":21,"MealTicket":0,"Prayer Wheel":19,"Red Mask":10,"Cracked Core":0,"InkBottle":3},{"Ice Cream":66,"Potion Belt":80,"Happy Flower":44,"Thread and Needle":75,"Orichalcum":56,"War Paint":98,"Cursed Key":63,"Boot":102,"White Beast Statue":85,"Mercury Hourglass":14,"Nuclear Battery":28,"OrangePellets":19,"Lizard Tail":14,"Bottled Flame":16,"Matryoshka":47,"Shuriken":40,"Pantograph":19,"Bronze Scales":19,"Strawberry":80,"MealTicket":0,"Prayer Wheel":70,"Red Mask":36,"Cracked Core":0,"InkBottle":13}],"InkBottle":[53]},"card_choices":[{"not_picked":["Coolheaded","Redo"],"picked":"Sweeping Beam","floor":1.0},{"not_picked":["Conserve Battery","Leap"],"picked":"Hyperbeam","floor":3.0},{"not_picked":["Force Field","Scrape"],"picked":"Blizzard","floor":6.0},{"not_picked":["Aggregate","Chaos","Turbo"],"picked":"SKIP","floor":7.0},{"not_picked":["Sweeping Beam","Consume"],"picked":"Leap","floor":11.0},{"not_picked":["Barrage","Hologram"],"picked":"Capacitor","floor":13.0},{"not_picked":["Rainbow","All For One"],"picked":"Echo Form","floor":16.0},{"not_picked":["Sweeping Beam+1","Steam Power"],"picked":"Beam Cell+1","floor":18.0},{"not_picked":["Aggregate","Heatsinks+1"],"picked":"Capacitor","floor":21.0},{"not_picked":["Turbo","Blizzard"],"picked":"Hologram+1","floor":22.0},{"not_picked":["Meteor Strike","Blizzard"],"picked":"Gash","floor":23.0},{"not_picked":["Sweeping Beam","Stack","Redo+1"],"picked":"SKIP","floor":25.0},{"not_picked":["Lockon","Turbo"],"picked":"Force Field","floor":27.0},{"not_picked":["Cold Snap","Go for the Eyes"],"picked":"Seek","floor":28.0},{"not_picked":["Leap","Loop"],"picked":"Capacitor","floor":29.0},{"not_picked":["Meteor Strike","Leap+1"],"picked":"Gash+1","floor":30.0},{"not_picked":["Electrodynamics","Rainbow"],"picked":"Machine Learning","floor":33.0},{"not_picked":["Rebound+1","Static Discharge"],"picked":"Steam+1","floor":35.0},{"not_picked":["Enlightenment","Magnetism"],"picked":"Flash of Steel","floor":36.0},{"not_picked":["Turbo+1","FTL"],"picked":"Hologram+1","floor":38.0},{"not_picked":["Rip and Tear+1","Rebound"],"picked":"Go for the Eyes","floor":40.0},{"not_picked":["Aggregate+1","Sweeping Beam"],"picked":"Hologram+1","floor":42},{"not_picked":["Leap+1","Core Surge"],"picked":"Gash+1","floor":46},{"not_picked":["Force Field+1","Sweeping Beam","Leap+1"],"picked":"SKIP","floor":46},{"not_picked":["Sweeping Beam","Leap+1"],"picked":"Force Field+1","floor":46},{"not_picked":["BootSequence+1","Chill"],"picked":"Buffer","floor":47},{"not_picked":["Beam Cell+1","Conserve Battery","Coolheaded"],"picked":"SKIP","floor":48},{"not_picked":["Hello World+1","Compile Driver","Glacier+1"],"picked":"SKIP","floor":48},{"not_picked":["Glacier","Undo+1"],"picked":"Reprogram+1","floor":54}],"player_experience":331714,"relics_obtained":[{"floor":6.0,"key":"InkBottle"},{"floor":8.0,"key":"Lizard Tail"},{"floor":9.0,"key":"Mercury Hourglass"},{"floor":11.0,"key":"Bottled Flame"},{"floor":13.0,"key":"Pantograph"},{"floor":22.0,"key":"Red Mask"},{"floor":23.0,"key":"Shuriken"},{"floor":26.0,"key":"Happy Flower"},{"floor":27.0,"key":"Matryoshka"},{"floor":30.0,"key":"Orichalcum"},{"floor":38.0,"key":"Prayer Wheel"},{"floor":40.0,"key":"Thread and Needle"},{"floor":42,"key":"Strawberry"},{"floor":43,"key":"Potion Belt"},{"floor":47,"key":"White Beast Statue"},{"floor":54,"key":"Boot"}],"event_choices":[{"damage_healed":0.0,"max_hp_gain":0.0,"max_hp_loss":0.0,"gold_gain":0.0,"cards_transformed":["Strike_B"],"event_name":"Transmorgrifier","player_choice":"Transformed","floor":2.0,"gold_loss":0.0,"damage_taken":0.0,"cards_obtained":["All For One"]},{"damage_healed":0.0,"max_hp_gain":0.0,"max_hp_loss":0.0,"gold_gain":175.0,"event_name":"Liars Game","player_choice":"AGREE","floor":4.0,"gold_loss":0.0,"damage_taken":0.0,"cards_obtained":["Doubt"]},{"cards_removed":["Doubt"],"damage_healed":0.0,"max_hp_gain":0.0,"max_hp_loss":0.0,"gold_gain":0.0,"event_name":"Golden Wing","player_choice":"Card Removal","floor":5.0,"gold_loss":0.0,"damage_taken":7.0},{"damage_healed":0.0,"max_hp_gain":0.0,"max_hp_loss":0.0,"gold_gain":0.0,"event_name":"Vampires","player_choice":"Ignored","floor":20.0,"gold_loss":0.0,"damage_taken":0.0},{"damage_healed":0.0,"max_hp_gain":0.0,"max_hp_loss":0.0,"gold_gain":0.0,"event_name":"Masked Bandits","player_choice":"Fought Bandits","floor":22.0,"gold_loss":0.0,"damage_taken":0.0},{"cards_removed":["Strike_B"],"damage_healed":0.0,"max_hp_gain":0.0,"max_hp_loss":0.0,"gold_gain":0.0,"event_name":"Beggar","player_choice":"Gave Gold","floor":24.0,"gold_loss":75.0,"damage_taken":0.0},{"damage_healed":0.0,"max_hp_gain":0.0,"max_hp_loss":38.0,"gold_gain":0.0,"event_name":"Ghosts","player_choice":"Became a Ghost","floor":31.0,"gold_loss":0.0,"damage_taken":0.0,"cards_obtained":["Ghostly","Ghostly","Ghostly","Ghostly","Ghostly"]},{"damage_healed":0.0,"max_hp_gain":0.0,"max_hp_loss":0.0,"gold_gain":0.0,"event_name":"SensoryStone","player_choice":"Memory 3","floor":36.0,"gold_loss":0.0,"damage_taken":10.0},{"damage_healed":0.0,"max_hp_gain":0.0,"max_hp_loss":0.0,"gold_gain":0.0,"event_name":"MindBloom","player_choice":"Fight","floor":38.0,"gold_loss":0.0,"damage_taken":0.0},{"cards_removed":["Ghostly"],"damage_healed":0,"gold_gain":0,"player_choice":"Removed Skill","damage_taken":0,"max_hp_gain":0,"max_hp_loss":0,"event_name":"Falling","floor":45,"gold_loss":0}],"is_beta":false,"boss_relics":[{"not_picked":["SacredBark","Fusion Hammer"],"picked":"Nuclear Battery"},{"not_picked":["Velvet Choker","Black Star"],"picked":"Cursed Key"}],"items_purged_floors":[19,53],"is_endless":false,"potions_floor_spawned":[3,7,13,16,21,28,30,33,35,40,42,47,48,54],"ascension_level":3}}