{"host":"7l2t4psy44vpcd9q","time":1610430105,"event":{"mods":["AchievementEnabler","BaseMod","DeckTracker","Minty Spire (QoL Compilation)","SuperFastMode"],"gold_per_floor":[116,135,135,148,113,144,164,164,164,164,181,181,211,106,106,106,106],"floor_reached":16,"playtime":549,"items_purged":[],"score":220,"play_id":"4d50fb57-4e11-4b8f-9379-b3a86a83b72c","local_time":"20210112144145","is_ascension_mode":true,"campfire_choices":[{"floor":8,"key":"REST"},{"data":"Perfected Strike","floor":10,"key":"SMITH"},{"data":"Bash","floor":15,"key":"SMITH"}],"circlet_count":0,"master_deck":["AscendersBane","Strike_R","Strike_R","Strike_R","Strike_R","Strike_R","Defend_R","Defend_R","Defend_R","Bash+1","Thunderclap","Perfected Strike+1","Intimidate","Bloodletting","Flex"],"relics":["Burning Blood","Bag of Preparation","HornCleat","Oddly Smooth Stone","Juzu Bracelet"],"acts_visited":["Exordium"],"potions_floor_usage":[13,13,16],"damage_taken":[{"damage":7,"enemies":"Small Slimes","floor":1,"turns":3},{"damage":8,"enemies":"2 Louse","floor":2,"turns":3},{"damage":1,"enemies":"Cultist","floor":4,"turns":3},{"damage":55,"enemies":"3 Sentries","floor":6,"turns":9},{"damage":4,"enemies":"2 Fungi Beasts","floor":7,"turns":3},{"damage":8,"enemies":"Looter","floor":11,"turns":2},{"damage":18,"enemies":"Lagavulin","floor":13,"turns":4},{"damage":30,"enemies":"The Guardian","floor":16,"turns":9}],"seed_played":"1308102433313548356","potions_obtained":[{"floor":6,"key":"Energy Potion"},{"floor":7,"key":"Energy Potion"}],"is_trial":false,"path_per_floor":["M","M","?","M","?","E","M","R","T","R","M","?","E","$","R","B"],"character_chosen":"IRONCLAD","items_purchased":["CultistPotion"],"campfire_rested":1,"item_purchase_floors":[14],"current_hp_per_floor":[67,65,47,52,70,21,23,45,45,45,43,43,31,31,31,1,1],"gold":106,"neow_bonus":"REMOVE_CARD","is_daily":false,"chose_seed":false,"campfire_upgraded":2,"win_rate":0.0,"timestamp":1610430105,"path_taken":["M","M","?","M","?","E","M","R","T","R","M","?","E","$","R","BOSS"],"items_purchased_type":["Potion"],"build_version":"2020-12-22","purchased_purges":0,"victory":false,"max_hp_per_floor":[75,75,75,75,75,75,75,75,75,75,75,75,75,75,75,75,75],"card_choices":[{"not_picked":["Pommel Strike","Anger"],"picked":"Thunderclap","floor":1},{"not_picked":["Cleave","Headbutt"],"picked":"Perfected Strike","floor":2},{"not_picked":["Cleave","True Grit"],"picked":"Intimidate","floor":4},{"not_picked":["Havoc","Heavy Blade"],"picked":"Bloodletting","floor":6},{"not_picked":["Burning Pact","Corruption"],"picked":"Flex","floor":7},{"not_picked":["Cleave","Heavy Blade","Body Slam"],"picked":"SKIP","floor":11},{"not_picked":["Flex","Rupture","Thunderclap"],"picked":"SKIP","floor":13}],"player_experience":1206361,"relics_obtained":[{"floor":6,"key":"HornCleat"},{"floor":9,"key":"Oddly Smooth Stone"},{"floor":13,"key":"Juzu Bracelet"}],"event_choices":[{"damage_healed":0,"gold_gain":0,"player_choice":"Success","damage_taken":18,"relics_obtained":["Bag of Preparation"],"max_hp_gain":0,"max_hp_loss":0,"event_name":"Scrap Ooze","floor":3,"gold_loss":0},{"damage_healed":18,"gold_gain":0,"player_choice":"Healed","damage_taken":0,"max_hp_gain":0,"max_hp_loss":0,"event_name":"The Cleric","floor":5,"gold_loss":35},{"damage_healed":0,"gold_gain":0,"player_choice":"0 cards matched","damage_taken":0,"max_hp_gain":0,"max_hp_loss":0,"event_name":"Match and Keep!","floor":12,"gold_loss":0,"cards_obtained":[]}],"is_beta":false,"boss_relics":[],"items_purged_floors":[],"is_endless":false,"potions_floor_spawned":[6,7],"killed_by":"The Guardian","ascension_level":20}}