{"host":"ci7cmvrwpmzqnw7e","time":1610410422,"event":{"mods":["BaseMod","BetterRewards","Colored Map","Downfall","GungeonMod","Highlight Path","Hubris","Infinite Spire","Minty Spire (QoL Compilation)","Random Character Button","Rare Cards Sparkle","Replay The Spire","Shop Mod","StSLib","The Disciple","The Forsaken","The Necromancer"],"gold_per_floor":[114,114,114,125,95,95,110,124,151,151,208,219,219,280,280,427,427,454,454,465,483,483,483,483],"floor_reached":23,"playtime":1111,"items_purged":[],"score":185,"play_id":"a0a5a03a-0b2a-4e9a-b251-0c9fd131f34a","local_time":"20210111171342","is_ascension_mode":false,"campfire_choices":[{"data":"Replay:SS_forest_2","floor":6,"key":"SMITH"},{"floor":10,"key":"REST"},{"data":"Footwork","floor":13,"key":"SMITH"},{"floor":15,"key":"REST"}],"circlet_count":0,"master_deck":["Defend_G","Defend_G","Defend_G","Defend_G","Defend_G","Survivor","Neutralize","Replay:SS_forest_2+1","Poisoned Stab","Amnesia","Regret","Footwork+1","Catalyst","Backstab","Burst","Dagger Throw+1","PiercingWail","Slimebound:Tackle+1","Slimebound:Tackle+1","Slimebound:Tackle+1"],"relics":["Ring of the Snake","ReplayTheSpireMod:Ring of Collecting","ReplayTheSpireMod:Ring of Challenge","Boot","Ring of Peace","Happy Flower","Philosopher\u0027s Stone","Regal Pillow"],"acts_visited":["Exordium","TheCity"],"potions_floor_usage":[16,16],"damage_taken":[{"damage":0,"enemies":"2 Louse","floor":1,"turns":3},{"damage":3,"enemies":"Small Slimes","floor":4,"turns":3},{"damage":12,"enemies":"Cultist","floor":7,"turns":5},{"damage":12,"enemies":"Exordium Wildlife","floor":8,"turns":5},{"damage":15,"enemies":"2 Fungi Beasts","floor":11,"turns":6},{"damage":2,"enemies":"Gremlin Gang","floor":12,"turns":6},{"damage":2,"enemies":"Exordium Wildlife","floor":14,"turns":7},{"damage":37,"enemies":"Fading Forest","floor":16,"turns":11},{"damage":28,"enemies":"Shell Parasite","floor":18,"turns":14},{"damage":3,"enemies":"Chosen","floor":20,"turns":6},{"damage":0,"enemies":"Snake Plant","floor":21,"turns":4},{"damage":39,"enemies":"Slavers","floor":23,"turns":3}],"seed_played":"-8153117800478478785","potions_obtained":[{"floor":1,"key":"champ:CounterPotion"},{"floor":5,"key":"Toxic Potion"},{"floor":5,"key":"Cursed Concoction"},{"floor":7,"key":"SneckoOil"},{"floor":11,"key":"PowerPotion"},{"floor":18,"key":"Milkshake"},{"floor":21,"key":"FearPotion"}],"is_trial":false,"path_per_floor":["M","?","?","M","?","R","M","M","T","R","M","M","R","M","R","B",null,"M","AVR","M","M","?","E"],"character_chosen":"THE_SILENT","items_purchased":[],"campfire_rested":2,"item_purchase_floors":[],"current_hp_per_floor":[70,70,70,67,67,67,55,43,43,64,49,47,47,45,66,35,70,42,42,39,39,39,0,0],"gold":483,"neow_bonus":"RANDOM_COLORLESS","is_daily":false,"chose_seed":false,"campfire_upgraded":2,"win_rate":0.0,"timestamp":1610410422,"path_taken":["M","?","?","M","?","R","M","M","T","R","M","M","R","M","R","BOSS","M","AVR","M","?","?","E"],"items_purchased_type":[],"build_version":"2020-12-22","purchased_purges":0,"victory":false,"max_hp_per_floor":[70,70,70,70,70,70,70,70,70,70,70,70,70,70,70,70,70,70,70,70,70,70,70,70],"card_choices":[{"not_picked":["Bandage Up","Replay:SS_hec_1"],"picked":"Replay:SS_forest_2","floor":0},{"not_picked":["Sucker Punch","Backflip"],"picked":"Poisoned Stab","floor":1},{"not_picked":["Flying Knee","Reflex"],"picked":"Footwork","floor":4},{"not_picked":["Hidden Blade","Replay:Poison Smokescreen","Backflip"],"picked":"SKIP","floor":7},{"not_picked":["Backflip","Endless Agony"],"picked":"Catalyst","floor":8},{"not_picked":["Poisoned Stab","Distraction"],"picked":"Backstab","floor":11},{"not_picked":["ReplayTheSpireMod:Tripwire","Blade Dance","Underhanded Strike"],"picked":"SKIP","floor":12},{"not_picked":["PiercingWail","Poisoned Stab","Blur"],"picked":"SKIP","floor":14},{"not_picked":["Poison Darts","Wraith Form v2"],"picked":"Burst","floor":16},{"not_picked":["Bane","Sucker Punch"],"picked":"Dagger Throw+1","floor":18},{"not_picked":["Dodge and Roll+1","Bane+1","Outmaneuver"],"picked":"SKIP","floor":20},{"not_picked":["Acrobatics+1","All Out Attack+1"],"picked":"PiercingWail","floor":21}],"player_experience":55852,"relics_obtained":[{"floor":2,"key":"ReplayTheSpireMod:Ring of Collecting"},{"floor":2,"key":"ReplayTheSpireMod:Ring of Challenge"},{"floor":9,"key":"Ring of Peace"},{"floor":9,"key":"Happy Flower"},{"floor":18,"key":"Regal Pillow"}],"event_choices":[{"damage_healed":0,"gold_gain":0,"player_choice":"Box","damage_taken":0,"relics_obtained":["Boot"],"max_hp_gain":0,"max_hp_loss":0,"event_name":"Big Fish","floor":3,"gold_loss":0,"cards_obtained":["Regret"]},{"damage_healed":0,"gold_gain":0,"player_choice":"Bought 2 Potions","damage_taken":0,"max_hp_gain":0,"max_hp_loss":0,"event_name":"The Woman in Blue","floor":5,"gold_loss":0}],"is_beta":false,"boss_relics":[{"not_picked":["Tiny House","ChewingGum"],"picked":"Philosopher\u0027s Stone"}],"items_purged_floors":[],"is_endless":false,"potions_floor_spawned":[1,7,11,18,21],"killed_by":"Slavers","ascension_level":0}}