{"host":"axuns55dzq466eei","time":1610459389,"event":{"mods":["BaseMod","Colored Map","Keyboard Shortcuts","Minty Spire (QoL Compilation)","StSLib","SuperFastMode"],"gold_per_floor":[110,27,37,53,53,53,67,67,90,90,90,118,118,137,137,209,209,109,109,34,49,59,59,59],"floor_reached":23,"playtime":587,"items_purged":["Defend_B"],"score":378,"play_id":"7c6799fb-29b0-4ebb-a8ab-0d7d4f8cbb85","local_time":"20210112224949","is_ascension_mode":true,"campfire_choices":[{"data":"Zap","floor":6,"key":"SMITH"},{"data":"Go for the Eyes","floor":11,"key":"SMITH"},{"data":"Coolheaded","floor":13,"key":"SMITH"},{"data":"Undo","floor":15,"key":"SMITH"}],"circlet_count":0,"master_deck":["AscendersBane","Strike_B","Defend_B","Defend_B","Defend_B","Zap+1","Dualcast","Cold Snap","Go for the Eyes+1","Core Surge","Undo+1","Coolheaded+1","Heatsinks","Cold Snap","Seek","Conserve Battery+1","Heatsinks","Chaos"],"relics":["Cracked Core","DataDisk","Ancient Tea Set","Empty Cage"],"acts_visited":["Exordium","TheCity"],"potions_floor_usage":[16],"damage_taken":[{"damage":7,"enemies":"2 Louse","floor":1,"turns":4},{"damage":6,"enemies":"Small Slimes","floor":3,"turns":3},{"damage":9,"enemies":"Cultist","floor":4,"turns":4},{"damage":0,"enemies":"Large Slime","floor":7,"turns":5},{"damage":4,"enemies":"3 Sentries","floor":12,"turns":11},{"damage":9,"enemies":"Red Slaver","floor":14,"turns":2},{"damage":20,"enemies":"The Guardian","floor":16,"turns":14},{"damage":14,"enemies":"2 Thieves","floor":18,"turns":5},{"damage":2,"enemies":"Spheric Guardian","floor":21,"turns":8},{"damage":1,"enemies":"Snake Plant","floor":22,"turns":8},{"damage":49,"enemies":"Gremlin Leader","floor":23,"turns":4}],"seed_played":"-6291538472114738497","potions_obtained":[{"floor":3,"key":"FearPotion"},{"floor":4,"key":"FocusPotion"},{"floor":16,"key":"Swift Potion"}],"is_trial":false,"path_per_floor":["M","$","M","M","?","R","M","?","T","?","R","E","R","M","R","B",null,"M","?","$","M","M","E"],"character_chosen":"DEFECT","items_purchased":["Core Surge"],"campfire_rested":0,"item_purchase_floors":[2],"current_hp_per_floor":[57,57,51,42,42,42,42,47,47,47,47,43,43,34,34,14,61,47,47,47,45,44,0,0],"gold":59,"neow_bonus":"THREE_CARDS","is_daily":false,"chose_seed":false,"campfire_upgraded":4,"win_rate":0.0,"timestamp":1610459389,"path_taken":["M","$","M","M","?","R","M","?","T","?","R","E","R","M","R","BOSS","M","?","$","M","M","E"],"items_purchased_type":["Card"],"build_version":"2020-12-22","purchased_purges":1,"victory":false,"max_hp_per_floor":[71,71,71,71,71,71,71,76,76,76,76,76,76,76,76,76,76,76,76,76,76,76,76,76],"card_choices":[{"not_picked":["Coolheaded","Force Field"],"picked":"Cold Snap","floor":0},{"not_picked":["Leap","Steam"],"picked":"Go for the Eyes","floor":1},{"not_picked":["Rip and Tear","Scrape"],"picked":"Undo","floor":3},{"not_picked":["Streamline","Reprogram","Go for the Eyes"],"picked":"SKIP","floor":4},{"not_picked":["Conserve Battery","Tempest"],"picked":"Coolheaded","floor":7},{"not_picked":["Sunder","Rip and Tear"],"picked":"Heatsinks","floor":12},{"not_picked":["Steam","Redo"],"picked":"Cold Snap","floor":14},{"not_picked":["Buffer","Amplify"],"picked":"Seek","floor":16},{"not_picked":["BootSequence","Hello World"],"picked":"Conserve Battery+1","floor":18},{"not_picked":["Leap","Turbo","Sweeping Beam"],"picked":"SKIP","floor":21},{"not_picked":["Coolheaded","Hologram"],"picked":"Chaos","floor":22}],"player_experience":1070744,"relics_obtained":[{"floor":9,"key":"DataDisk"},{"floor":12,"key":"Ancient Tea Set"}],"event_choices":[{"cards_removed":["Strike_B"],"damage_healed":0,"gold_gain":0,"player_choice":"Forget","damage_taken":0,"max_hp_gain":0,"max_hp_loss":0,"event_name":"Living Wall","floor":5,"gold_loss":0},{"damage_healed":0,"gold_gain":0,"player_choice":"Donut","damage_taken":0,"max_hp_gain":5,"max_hp_loss":0,"event_name":"Big Fish","floor":8,"gold_loss":0},{"damage_healed":0,"gold_gain":0,"player_choice":"Ignored","damage_taken":0,"max_hp_gain":0,"max_hp_loss":0,"event_name":"Liars Game","floor":10,"gold_loss":0},{"damage_healed":0,"gold_gain":0,"player_choice":"Copied","damage_taken":0,"max_hp_gain":0,"max_hp_loss":0,"event_name":"Duplicator","floor":19,"gold_loss":0,"cards_obtained":["Heatsinks"]}],"is_beta":false,"boss_relics":[{"not_picked":["Ectoplasm","Sozu"],"picked":"Empty Cage"}],"items_purged_floors":[20],"is_endless":false,"potions_floor_spawned":[3,4,7,16,22],"killed_by":"Gremlin Leader","ascension_level":20}}