{"host":"oiw60b5ins9fyx34","time":1610443705,"event":{"mods":["BaseMod","Colored Map","Colored Powertips","Minty Spire (QoL Compilation)","Permanent Neow","Quick Restart","Rare Cards Sparkle","Relic Stats","StSLib"],"gold_per_floor":[418,428,428,109,122,122,122],"floor_reached":6,"playtime":164,"items_purged":["Strike_R"],"score":38,"play_id":"492eb448-6522-4c3e-8792-7b1efc22d554","local_time":"20210112182825","is_ascension_mode":true,"campfire_choices":[],"circlet_count":0,"master_deck":["Strike_R","Strike_R","Strike_R","Strike_R","Defend_R","Defend_R","Defend_R","Defend_R","Bash","Pommel Strike","Thunderclap","Battle Trance"],"relics":["Burning Blood","Old Coin","Golden Idol","Sundial"],"acts_visited":["Exordium"],"potions_floor_usage":[],"damage_taken":[{"damage":5,"enemies":"Cultist","floor":1,"turns":4},{"damage":6,"enemies":"Small Slimes","floor":2,"turns":3},{"damage":8,"enemies":"2 Louse","floor":5,"turns":2},{"damage":21,"enemies":"3 Sentries","floor":6,"turns":4}],"seed_played":"7518216574787661020","potions_obtained":[{"floor":2,"key":"Ancient Potion"}],"is_trial":false,"path_per_floor":["M","M","?","$","M","E"],"character_chosen":"IRONCLAD","items_purchased":["Sundial"],"campfire_rested":0,"item_purchase_floors":[4],"current_hp_per_floor":[72,72,54,54,52,31,31],"gold":122,"neow_bonus":"ONE_RARE_RELIC","is_daily":false,"chose_seed":false,"campfire_upgraded":0,"win_rate":0.0,"timestamp":1610443705,"path_taken":["M","?","?","$","M","E"],"items_purchased_type":["Relic"],"build_version":"2020-12-22","purchased_purges":1,"victory":false,"max_hp_per_floor":[72,72,72,72,72,72,72],"relic_stats":{"counters":[4,13],"Golden Idol":3,"Sundial":[0],"obtain_stats":[{"Golden Idol":3,"Sundial":4,"Burning Blood":0,"Old Coin":0},{"Golden Idol":2,"Sundial":2,"Burning Blood":0,"Old Coin":0},{"Golden Idol":7,"Sundial":7,"Burning Blood":0,"Old Coin":0}],"Burning Blood":17},"card_choices":[{"not_picked":["Flex","Clash"],"picked":"Pommel Strike","floor":1},{"not_picked":["Twin Strike","Dropkick"],"picked":"Thunderclap","floor":2},{"not_picked":["Combust","Body Slam"],"picked":"Battle Trance","floor":5}],"player_experience":631326,"relics_obtained":[],"event_choices":[{"damage_healed":0,"gold_gain":0,"player_choice":"Take Damage","damage_taken":18,"relics_obtained":["Golden Idol"],"max_hp_gain":0,"max_hp_loss":0,"event_name":"Golden Idol","floor":3,"gold_loss":0}],"is_beta":false,"boss_relics":[],"items_purged_floors":[4],"is_endless":false,"potions_floor_spawned":[2],"killed_by":"3 Sentries","ascension_level":1}}