{"host":"684z1xpuwaoqmmh1","time":1610462397,"event":{"mods":["Bard","BaseMod","Downfall","Hermit","Jorbs\u0027s Wanderer Trilogy","Marisa????????","Minty Spire (QoL Compilation)","Robot Space Explorer","Shade Mod","StSLib","The Hierophant","The Marked","The Mystic"],"gold_per_floor":[118,133,133,147,160,189,189,221,221,221,221,254,269,344,344,448,448,468,482,12,28,28,56,137,137,137,137,137,137,165,165,165,270,270,288,308,322,322,342,376,376,252,252,287,287,301,326,59,59,59,59],"floor_reached":50,"playtime":1970,"items_purged":["Shade:Strike_Shade"],"score":862,"play_id":"9df51f75-f984-4d58-822c-613b42f6afd9","local_time":"20210112163957","is_ascension_mode":true,"campfire_choices":[{"data":"Shade:AuraOfUnlife","floor":7,"key":"SMITH"},{"data":"Shade:LichForm","floor":11,"key":"SMITH"},{"data":"Shade:PressTheAttack","floor":15,"key":"SMITH"},{"data":"1","floor":25,"key":"LIFT"},{"data":"2","floor":27,"key":"LIFT"},{"data":"3","floor":29,"key":"LIFT"},{"data":"Shade:Coordination","floor":32,"key":"SMITH"},{"floor":41,"key":"RECALL"},{"data":"Shade:OminousRitual","floor":45,"key":"SMITH"},{"data":"Shade:GreyBargain","floor":49,"key":"SMITH"}],"circlet_count":0,"master_deck":["Shade:Strike_Shade","Shade:Strike_Shade","Shade:Strike_Shade","Shade:Defend_Shade","Shade:Defend_Shade","Shade:Defend_Shade","Shade:Defend_Shade","Shade:AnimateDead+1","Shade:CarefulCut","Shade:ClawBack","Shade:AuraOfUnlife+1","Shade:PressTheAttack+1","Shade:AblativeArmor","Shade:SensePrey","Shade:LichForm+1","Shade:CoffinDance","Shade:DangerousRitual","Shade:LoseControl","Shade:CommandSoldier+1","Shade:Coordination+1","Shade:GreyBargain+1","Shade:TouchOfTheGrave","Shade:ExtraLimbs","Shade:LichForm+1","Shade:OpenGraves+1","Shade:FleshLikeOak+1","Shade:OminousRitual+1","Shade:PotionOfRestlessness+1","Parasite","Shade:FleshToFlesh+1","Shade:Putrefaction+1","Shade:Carnophage+1","Shade:Brains+1","Shade:Putrefaction+1","Shade:StitchTogether+1","Shade:OpenGraves+1","Shade:AuraOfUnlife+1","Shade:StitchTogether+1","Shade:StitchTogether+1"],"relics":["Shade:YorickPolishedSkull","WarpedTongs","Orichalcum","Mercury Hourglass","The Courier","Anchor","Sozu","Guardian:GemstoneGun","Girya","Prayer Wheel","Frozen Egg 2","Vajra","Dream Catcher","Art of War","Regal Pillow","Lantern"],"acts_visited":["Exordium","TheCity","TheBeyond"],"potions_floor_usage":[6,50],"damage_taken":[{"damage":0,"enemies":"Jaw Worm","floor":1,"turns":3},{"damage":0,"enemies":"Cultist","floor":2,"turns":4},{"damage":1,"enemies":"2 Louse","floor":4,"turns":3},{"damage":2,"enemies":"Blue Slaver","floor":5,"turns":3},{"damage":15,"enemies":"3 Sentries","floor":6,"turns":10},{"damage":11,"enemies":"Lagavulin","floor":8,"turns":7},{"damage":0,"enemies":"3 Sentries","floor":12,"turns":4},{"damage":0,"enemies":"Red Slaver","floor":13,"turns":3},{"damage":5,"enemies":"The Guardian","floor":16,"turns":9},{"damage":0,"enemies":"3 Byrds","floor":18,"turns":3},{"damage":0,"enemies":"Shell Parasite","floor":19,"turns":2},{"damage":6,"enemies":"Snake Plant","floor":21,"turns":4},{"damage":9,"enemies":"Book of Stabbing","floor":23,"turns":5},{"damage":0,"enemies":"Gremlin Leader","floor":30,"turns":4},{"damage":0,"enemies":"Champ","floor":33,"turns":7},{"damage":0,"enemies":"3 Shapes","floor":35,"turns":1},{"damage":0,"enemies":"Orb Walker","floor":36,"turns":3},{"damage":0,"enemies":"Sphere and 2 Shapes","floor":37,"turns":3},{"damage":11,"enemies":"Writhing Mass","floor":39,"turns":5},{"damage":0,"enemies":"Nemesis","floor":40,"turns":4},{"damage":0,"enemies":"Reptomancer","floor":44,"turns":5},{"damage":0,"enemies":"Jaw Worm Horde","floor":46,"turns":2},{"damage":0,"enemies":"Nemesis","floor":47,"turns":4},{"damage":65,"enemies":"Awakened One","floor":50,"turns":6}],"seed_played":"7132532183302912640","potions_obtained":[{"floor":4,"key":"Block Potion"},{"floor":5,"key":"Guardian:BlockOnCardUsePotion"},{"floor":6,"key":"Fire Potion"},{"floor":12,"key":"SneckoOil"},{"floor":13,"key":"Dexterity Potion"}],"is_trial":false,"path_per_floor":["M","M","?","M","M","E","R","E","T","?","R","E","M","?","R","B",null,"M","M","$","M","?","E","T","R","T","R","?","R","E","?","R","B",null,"M","M","M","?","M","E","R","$","T","E","R","M","E","$","R","B"],"character_chosen":"SHADE","items_purchased":["Guardian:GemstoneGun","Girya","Shade:Carnophage+1","Shade:StitchTogether+1","Shade:OpenGraves+1","Shade:AuraOfUnlife+1","Shade:StitchTogether+1","Shade:StitchTogether+1"],"campfire_rested":0,"item_purchase_floors":[20,20,42,48,48,48,48,48],"current_hp_per_floor":[65,65,65,64,62,47,47,36,36,29,29,29,29,23,23,18,65,65,65,65,59,48,39,39,39,39,39,39,39,39,39,39,39,70,70,70,70,70,59,59,59,59,59,59,59,59,59,59,59,0,0],"gold":59,"neow_bonus":"UPGRADE_CARD","is_daily":false,"chose_seed":false,"campfire_upgraded":6,"win_rate":0.0,"timestamp":1610462397,"path_taken":["M","M","?","?","M","E","R","E","T","?","R","E","M","?","R","BOSS","M","M","$","M","?","E","?","R","T","R","?","R","E","?","R","BOSS","M","M","M","?","M","E","R","$","T","E","R","M","E","?","R","BOSS"],"items_purchased_type":["Relic","Relic","Card","Card","Card","Card","Card","Card"],"build_version":"2020-12-22","purchased_purges":1,"victory":false,"max_hp_per_floor":[65,65,65,65,65,65,65,65,65,65,65,65,65,65,65,65,65,65,65,65,65,70,70,70,70,70,70,70,70,70,70,70,70,70,70,70,70,70,70,70,70,70,70,70,70,70,70,70,70,70,70],"card_choices":[{"not_picked":["Shade:Frenzy","Shade:GreyBargain"],"picked":"Shade:ClawBack","floor":1},{"not_picked":["Shade:SpontaneousRitual","Shade:Frenzy"],"picked":"Shade:AuraOfUnlife","floor":2},{"not_picked":["Shade:AncientSpear","Shade:Trample"],"picked":"Shade:PressTheAttack","floor":4},{"not_picked":["Shade:SanguineRitual","Shade:AuraOfUnlife"],"picked":"Shade:AblativeArmor","floor":5},{"not_picked":["Shade:ScuttlingHand","Shade:PressTheAttack"],"picked":"Shade:SensePrey","floor":6},{"not_picked":["Shade:BoneShards","Shade:Bonestorm"],"picked":"Shade:LichForm","floor":8},{"not_picked":["Shade:Awaken","Shade:ScuttlingHand"],"picked":"Shade:CoffinDance","floor":12},{"not_picked":["Shade:FeralStrike","Shade:AuraOfUnlife"],"picked":"Shade:DangerousRitual","floor":13},{"not_picked":["Shade:LastGasp","Shade:SelfBurial"],"picked":"Shade:LoseControl","floor":16},{"not_picked":["Shade:FuneraryArmor","Shade:WallOfFlesh+1"],"picked":"Shade:CommandSoldier+1","floor":18},{"not_picked":["Shade:Excise","Shade:GreyBargain"],"picked":"Shade:Coordination","floor":19},{"not_picked":["Shade:Excise+1","Shade:Patience"],"picked":"Shade:GreyBargain","floor":21},{"not_picked":["Shade:FuneraryJewels","Shade:SpontaneousRitual"],"picked":"Shade:TouchOfTheGrave","floor":23},{"not_picked":["Shade:MadHubris","Shade:FeralStrike+1"],"picked":"Shade:ExtraLimbs","floor":30},{"not_picked":["Shade:LoseControl","Shade:Consume"],"picked":"Shade:LichForm+1","floor":33},{"not_picked":["Shade:FeralStrike","Shade:CloudOfShrapnel"],"picked":"Shade:OpenGraves+1","floor":35},{"not_picked":["Shade:FreshBones","Shade:SkeletonArmy+1"],"picked":"Shade:FleshLikeOak+1","floor":35},{"not_picked":["Shade:Premonition+1","Shade:FleshLikeOak"],"picked":"Shade:OminousRitual","floor":36},{"not_picked":["Shade:FeralStrike+1","Shade:Doomsay+1","Shade:FuneraryArmor+1"],"picked":"SKIP","floor":36},{"not_picked":["Shade:Excise+1","Shade:Premonition+1"],"picked":"Shade:PotionOfRestlessness+1","floor":37},{"not_picked":["Shade:SkeletonHug+1","Shade:Haruspicy+1","Shade:CoffinDance+1"],"picked":"SKIP","floor":37},{"not_picked":["Shade:FeralStrike+1","Shade:CallOfTheGrave+1"],"picked":"Shade:FleshToFlesh+1","floor":39},{"not_picked":["Shade:FreshBones","Shade:FleshToFlesh","Shade:Premonition"],"picked":"SKIP","floor":39},{"not_picked":["Shade:AuraOfUnlife+1","Shade:FingerOfDeath"],"picked":"Shade:Putrefaction+1","floor":40},{"not_picked":["Shade:PotionOfRestlessness+1","Shade:GreyBargain","Shade:SoulToxin"],"picked":"SKIP","floor":44},{"not_picked":["Shade:Trample","Shade:Excise"],"picked":"Shade:Brains+1","floor":46},{"not_picked":["Shade:AncientSpear","Shade:CommandSoldier+1","Shade:Excise+1"],"picked":"SKIP","floor":46},{"not_picked":["Shade:FingerOfDeath+1","Shade:GreyBargain+1"],"picked":"Shade:Putrefaction+1","floor":47}],"player_experience":2510961,"relics_obtained":[{"floor":6,"key":"Orichalcum"},{"floor":8,"key":"Mercury Hourglass"},{"floor":9,"key":"The Courier"},{"floor":12,"key":"Anchor"},{"floor":23,"key":"Prayer Wheel"},{"floor":24,"key":"Frozen Egg 2"},{"floor":26,"key":"Vajra"},{"floor":30,"key":"Dream Catcher"},{"floor":40,"key":"Art of War"},{"floor":44,"key":"Regal Pillow"},{"floor":47,"key":"Lantern"}],"event_choices":[{"damage_healed":0,"gold_gain":0,"player_choice":"Rummage","damage_taken":0,"relics_obtained":["WarpedTongs"],"max_hp_gain":0,"max_hp_loss":0,"event_name":"Accursed Blacksmith","floor":3,"gold_loss":0,"cards_obtained":["Pain"]},{"cards_removed":["Pain"],"damage_healed":0,"gold_gain":0,"player_choice":"Card Removal","damage_taken":7,"max_hp_gain":0,"max_hp_loss":0,"event_name":"Golden Wing","floor":10,"gold_loss":0},{"damage_healed":0,"gold_gain":75,"player_choice":"Touch","damage_taken":6,"max_hp_gain":0,"max_hp_loss":0,"event_name":"FaceTrader","floor":14,"gold_loss":0},{"damage_healed":0,"gold_gain":0,"player_choice":"Shed Blood","damage_taken":16,"max_hp_gain":5,"max_hp_loss":0,"event_name":"Forgotten Altar","floor":22,"gold_loss":0},{"damage_healed":0,"gold_gain":0,"player_choice":"Full Heal","damage_taken":0,"max_hp_gain":0,"max_hp_loss":0,"event_name":"Wheel of Change","floor":38,"gold_loss":0}],"is_beta":false,"boss_relics":[{"not_picked":["Snecko Eye","Astrolabe"],"picked":"Sozu"},{"not_picked":["SlaversCollar","Philosopher\u0027s Stone"],"picked":"Shade:YorickPolishedSkull"}],"items_purged_floors":[42],"is_endless":false,"potions_floor_spawned":[4,5,6,12,13,19,21,23,30,36,39,46,47],"killed_by":"Awakened One","ascension_level":2}}