{"host":"lzzv50t0ea3gz1kk","time":1610443145,"event":{"mods":["Act Like it!","BaseMod","Downfall","Gensokyo","Hallownest","Hermit","Marisa£®ÏF”Í°°ƒß¿Ì…≥£©","Minty Spire (QoL Compilation)","Replay The Spire","StSLib","The Animator","The Bug Knight","The Marked"],"gold_per_floor":[11,11,77,96,123,123,154,154,202,202,278,295,295,305,305,305,305],"floor_reached":16,"playtime":3170,"items_purged":[],"score":98,"play_id":"273337e1-0cd9-4a27-84ad-27250b39ee38","local_time":"20210112171905","is_ascension_mode":false,"campfire_choices":[{"data":"HollowMod:DescendingDark","floor":6,"key":"SMITH"},{"floor":8,"key":"REST"},{"floor":15,"key":"REST"}],"circlet_count":0,"master_deck":["HollowMod:NailStrikeStart","HollowMod:NailStrikeStart","HollowMod:NailStrikeStart","HollowMod:QuickDashStart+1","HollowMod:QuickDashStart","HollowMod:QuickDashStart","HollowMod:QuickDashStart","HollowMod:FocusHealStart","HollowMod:PogoStrike","HollowMod:DescendingDark+1","HollowMod:SoulVessel+1","HollowMod:DescendingDark","HollowMod:ZotesMagnificence","HollowMod:MonomonsArchive"],"relics":["HollowMod:VesselMask","Du-Vu Doll","Toy Ornithopter","Juzu Bracelet","Pet Ghost"],"acts_visited":["Exordium"],"potions_floor_usage":[16,16],"damage_taken":[{"damage":2,"enemies":"2 Louse","floor":1,"turns":3},{"damage":5,"enemies":"Jaw Worm","floor":4,"turns":4},{"damage":45,"enemies":"Lagavulin","floor":7,"turns":9},{"damage":0,"enemies":"Cultist","floor":12,"turns":2},{"damage":5,"enemies":"2 Fungi Beasts","floor":14,"turns":3},{"damage":58,"enemies":"Fading Forest","floor":16,"turns":9}],"seed_played":"-5967034477317496033","potions_obtained":[{"floor":7,"key":"ColorlessPotion"},{"floor":14,"key":"champ:CounterPotion"}],"is_trial":false,"path_per_floor":["M","?","?","M","T","R","E","R","T","?","?","M","?","M","R","B"],"character_chosen":"THE_BUGKNIGHT","items_purchased":[],"campfire_rested":2,"item_purchase_floors":[],"current_hp_per_floor":[73,73,73,68,68,68,29,51,51,51,21,21,21,16,38,0,0],"gold":305,"neow_bonus":"ONE_RARE_RELIC","is_daily":false,"chose_seed":false,"campfire_upgraded":1,"win_rate":0.0,"timestamp":1610443145,"path_taken":["M","?","?","M","?","R","E","R","T","?","?","M","?","M","R","BOSS"],"items_purchased_type":[],"build_version":"2020-12-22","purchased_purges":0,"victory":false,"max_hp_per_floor":[75,75,75,75,75,75,75,75,75,75,75,75,75,75,75,75,75],"card_choices":[{"not_picked":["HollowMod:DungDefenderAura","HollowMod:DashSlash"],"picked":"HollowMod:DescendingDark","floor":1},{"not_picked":["HollowMod:CrystalDash","HollowMod:LifebloodCocoon","HollowMod:MothsMistake"],"picked":"SKIP","floor":4},{"not_picked":["HollowMod:SiblingsSouls","HollowMod:CycloneSlash","HollowMod:NewLittleFool"],"picked":"SKIP","floor":7},{"not_picked":["HollowMod:SiblingsSouls","HollowMod:CrystalDash"],"picked":"HollowMod:DescendingDark","floor":11},{"not_picked":["HollowMod:BaldurShell","HollowMod:SoulStrike"],"picked":"HollowMod:ZotesMagnificence","floor":11},{"not_picked":["HollowMod:SoulEater","HollowMod:VengefulSpirit"],"picked":"HollowMod:MonomonsArchive","floor":11},{"not_picked":["HollowMod:SoulStrike","HollowMod:BrokenVessel","HollowMod:CloakDash"],"picked":"SKIP","floor":12},{"not_picked":["HollowMod:ShapeofUnn","HollowMod:HeavyBlow","HollowMod:CrystalDash"],"picked":"SKIP","floor":14}],"player_experience":381762,"relics_obtained":[{"floor":5,"key":"Toy Ornithopter"},{"floor":7,"key":"Juzu Bracelet"},{"floor":9,"key":"Pet Ghost"}],"event_choices":[{"damage_healed":0,"gold_gain":66,"player_choice":"Gained Gold","damage_taken":0,"max_hp_gain":0,"max_hp_loss":0,"event_name":"Golden Wing","floor":3,"gold_loss":0},{"damage_healed":0,"gold_gain":0,"player_choice":"0 cards matched","damage_taken":0,"max_hp_gain":0,"max_hp_loss":0,"event_name":"Match and Keep!","floor":13,"gold_loss":0,"cards_obtained":[]}],"is_beta":false,"boss_relics":[],"items_purged_floors":[],"is_endless":false,"potions_floor_spawned":[7,14],"killed_by":"Fading Forest","ascension_level":0}}