{"host":"h2gxemxa99wv6yfu","time":1610411813,"event":{"mods":["BaseMod","Block Reminder","Colored Powertips","Highlight Path","Minty Spire (QoL Compilation)","Permanent Neow","Quick Restart","Relic Stats"],"gold_per_floor":[110,110,110,126,144,144,173,173,173,184,209,384,401,413,413,509,509,528,528,443,431,448,448,448,448],"floor_reached":24,"playtime":793,"items_purged":[],"score":208,"play_id":"c3511633-5b60-4e13-bb2a-30ef75bf1c07","local_time":"20210111183653","is_ascension_mode":false,"campfire_choices":[{"data":"Dualcast","floor":6.0,"key":"SMITH"},{"floor":8.0,"key":"REST"},{"data":"Auto Shields","floor":15.0,"key":"SMITH"},{"floor":23.0,"key":"REST"}],"circlet_count":0,"master_deck":["Strike_B","Strike_B","Strike_B","Strike_B","Defend_B","Defend_B","Defend_B","Defend_B","Zap+1","Dualcast+1","Consume+1","Loop","Auto Shields+1","Doubt","Self Repair","Capacitor","Echo Form","Storm","Reboot"],"relics":["Cracked Core","Bag of Preparation","Ginger","Incense Burner","Question Card","Inserter","White Beast Statue","Orichalcum"],"acts_visited":["Exordium","TheCity"],"potions_floor_usage":[],"damage_taken":[{"damage":0.0,"enemies":"Small Slimes","floor":1.0,"turns":2.0},{"damage":1.0,"enemies":"Cultist","floor":4.0,"turns":3.0},{"damage":10.0,"enemies":"2 Louse","floor":5.0,"turns":2.0},{"damage":37.0,"enemies":"Gremlin Nob","floor":7.0,"turns":4.0},{"damage":10.0,"enemies":"Looter","floor":10.0,"turns":3.0},{"damage":2.0,"enemies":"Lagavulin","floor":11.0,"turns":6.0},{"damage":7.0,"enemies":"Blue Slaver","floor":13.0,"turns":3.0},{"damage":5.0,"enemies":"3 Louse","floor":14.0,"turns":4.0},{"damage":17.0,"enemies":"The Guardian","floor":16.0,"turns":10.0},{"damage":22.0,"enemies":"3 Byrds","floor":18.0,"turns":6.0},{"damage":14.0,"enemies":"2 Thieves","floor":21.0,"turns":4.0},{"damage":43.0,"enemies":"3 Cultists","floor":22.0,"turns":6.0},{"damage":39,"enemies":"Book of Stabbing","floor":24,"turns":5}],"seed_played":"-6493502543465605695","potions_obtained":[{"floor":1.0,"key":"SpeedPotion"},{"floor":10.0,"key":"Strength Potion"},{"floor":11.0,"key":"AttackPotion"},{"floor":21.0,"key":"CultistPotion"},{"floor":22.0,"key":"EssenceOfDarkness"}],"is_trial":false,"path_per_floor":["M","?","?","M","M","R","E","R","T","M","E","?","M","M","R","B",null,"M","?","?","M","M","R","E"],"character_chosen":"DEFECT","items_purchased":[],"campfire_rested":2,"item_purchase_floors":[],"current_hp_per_floor":[75,75,75,74,64,64,27,49,49,39,37,37,30,32,32,22,75,60,60,60,53,17,39,0,0],"gold":448,"neow_bonus":"RANDOM_COMMON_RELIC","is_daily":false,"chose_seed":false,"campfire_upgraded":2,"win_rate":0.0,"timestamp":1610411813,"path_taken":["M","?","?","M","?","R","E","R","T","M","E","?","M","M","R","BOSS","M","?","?","M","M","R","E"],"items_purchased_type":[],"build_version":"2020-12-22","purchased_purges":0,"victory":false,"max_hp_per_floor":[75,75,75,75,75,75,75,75,75,75,75,75,75,75,75,75,75,75,75,75,75,75,75,75,75],"relic_stats":{"Inserter":[10],"counters":[13,57],"Bag of Preparation":[26],"Ginger":[13],"Orichalcum":[48],"Question Card":6,"obtain_stats":[{"Inserter":17,"Bag of Preparation":0,"Incense Burner":9,"Ginger":7,"Orichalcum":20,"Cracked Core":0,"Question Card":11,"White Beast Statue":19},{"Inserter":9,"Bag of Preparation":0,"Incense Burner":4,"Ginger":4,"Orichalcum":10,"Cracked Core":0,"Question Card":6,"White Beast Statue":10},{"Inserter":36,"Bag of Preparation":0,"Incense Burner":11,"Ginger":11,"Orichalcum":42,"Cracked Core":0,"Question Card":19,"White Beast Statue":42}]},"card_choices":[{"not_picked":["Reinforced Body","Steam"],"picked":"Consume","floor":1.0},{"not_picked":["Melter","Beam Cell","Rip and Tear"],"picked":"SKIP","floor":4.0},{"not_picked":["Sweeping Beam","Rebound","Streamline"],"picked":"SKIP","floor":5.0},{"not_picked":["Beam Cell","Force Field"],"picked":"Loop","floor":7.0},{"not_picked":["Rebound","Steam"],"picked":"Auto Shields","floor":10.0},{"not_picked":["Aggregate","Rebound","Skim"],"picked":"SKIP","floor":11.0},{"not_picked":["Darkness","Auto Shields","Reboot"],"picked":"Self Repair","floor":13.0},{"not_picked":["Redo","Barrage","Rebound"],"picked":"Capacitor","floor":14.0},{"not_picked":["Reboot","Biased Cognition","Multi-Cast"],"picked":"Echo Form","floor":16.0},{"not_picked":["Streamline+1","Beam Cell+1","Chaos"],"picked":"Storm","floor":18.0},{"not_picked":["Compile Driver+1","Gash","Steam","Conserve Battery"],"picked":"SKIP","floor":21.0},{"not_picked":["Leap","Conserve Battery+1","Redo"],"picked":"Reboot","floor":22.0}],"player_experience":4492,"relics_obtained":[{"floor":7.0,"key":"Ginger"},{"floor":9.0,"key":"Incense Burner"},{"floor":11.0,"key":"Question Card"}],"event_choices":[{"damage_healed":0.0,"max_hp_gain":0.0,"max_hp_loss":0.0,"gold_gain":0.0,"event_name":"Living Wall","player_choice":"Grow","floor":2.0,"gold_loss":0.0,"damage_taken":0.0,"cards_upgraded":["Consume"]},{"damage_healed":0.0,"max_hp_gain":0.0,"max_hp_loss":0.0,"gold_gain":0.0,"event_name":"Accursed Blacksmith","player_choice":"Forge","floor":3.0,"gold_loss":0.0,"damage_taken":0.0,"cards_upgraded":["Zap"]},{"damage_healed":0.0,"max_hp_gain":0.0,"max_hp_loss":0.0,"gold_gain":175.0,"event_name":"Liars Game","player_choice":"AGREE","floor":12.0,"gold_loss":0.0,"damage_taken":0.0,"cards_obtained":["Doubt"]},{"damage_healed":0.0,"max_hp_gain":0.0,"max_hp_loss":0.0,"gold_gain":0.0,"event_name":"The Mausoleum","player_choice":"Opened","floor":19.0,"gold_loss":0.0,"damage_taken":0.0,"relics_obtained":["White Beast Statue"]},{"damage_healed":0.0,"max_hp_gain":0.0,"max_hp_loss":0.0,"gold_gain":0.0,"event_name":"Addict","player_choice":"Obtained Relic","floor":20.0,"gold_loss":85.0,"damage_taken":0.0,"relics_obtained":["Orichalcum"]}],"is_beta":false,"boss_relics":[{"not_picked":["Philosopher\u0027s Stone","SlaversCollar"],"picked":"Inserter"}],"items_purged_floors":[],"is_endless":false,"potions_floor_spawned":[1,10,11,21,22],"killed_by":"Book of Stabbing","ascension_level":0}}