{"host":"dxhqtkke6bt2qzoz","time":1610456718,"event":{"mods":["ATMod(阿瑾Mod)","Act Like it!","Arknights The Spire","Astrologer","BaseMod","Chen","Dota2Spire","Gensokyo","KinomotoSakuraMod(木之本樱)","Koishi","LagranYue(拉格朗・月)","Marisa（F雨　魔理沙）","Minty Spire (QoL Compilation)","Nova Terra(诺娃・泰拉)","Prisma Mod","Reimu（博丽灵梦）","Relic Stats","Remilia（蕾米莉亚）","SIMod","StSLib","TestMod","The Alterego","The Dragon Tamer","The Marked","Waifu the Spire","WarShipGirlsR/战舰少女R mod","Yakumo Yukari mod","Youmu（魂魄妖梦）","Yuri Mod","Yuyuko","[IsaacMod]以撒尖塔","vexMod","【遗物卡牌】REMEMod"],"gold_per_floor":[118,130,15,33,43,70,70,100,152,168,187,206,216,216,216,313,313,526,526,526,110,127,127,147,160,214,89,89,89],"floor_reached":28,"playtime":1417,"items_purged":["ats:Strike C","Writhe","ats:Guardian Obelisk"],"score":269,"play_id":"1328237e-20ba-47f0-91f3-a9eccf3257d7","local_time":"20210112210518","is_ascension_mode":true,"campfire_choices":[{"floor":15,"key":"REST"},{"data":"PrismaMod:ChloeGaeBolg","floor":23,"key":"SMITH"}],"circlet_count":0,"master_deck":["ats:Strike G","ats:Strike S","ats:Strike V","ats:Armor Crushing Shot","ats:Defend","ats:Defend","ats:Defend","ats:Defend","ats:Emotion Absorption","PrismaMod:ChloeGaeBolg+1","ats:Red Shift","ats:Powerful Strike","ats:Overload","ats:Apocalypse","ats:Flexible Camouflage","ats:Echo Reverb","ats:Explosion Area Strengthen","ats:Flexible Camouflage","ats:Apocalypse","ats:Soul Rend","ats:Apocalypse","ats:Consecutive Shot Auto","ats:Hammer On","Apotheosis","ats:Demon Strength","ats:Red Shift+1"],"relics":["ats:Sanity","HushsDoor","Void","ats:Originium","Sundial","Vajra","HowToJump","BookOfRevelations","REME_DemonsWealth","LagranYue:NewUniverseRelic","testmod-TurbochargingSystem"],"acts_visited":["Exordium","TheCity"],"potions_floor_usage":[6,8,10,13,13,18,24],"damage_taken":[{"damage":6,"enemies":"Cultist","floor":1,"turns":4},{"damage":3,"enemies":"Small Slimes","floor":2,"turns":2},{"damage":2,"enemies":"Jaw Worm","floor":4,"turns":2},{"damage":13,"enemies":"Exordium Wildlife","floor":5,"turns":3},{"damage":30,"enemies":"3 Sentries","floor":6,"turns":6},{"damage":18,"enemies":"Gremlin Nob","floor":8,"turns":3},{"damage":8,"enemies":"3 Louse","floor":10,"turns":2},{"damage":25,"enemies":"Large Slime","floor":11,"turns":5},{"damage":7,"enemies":"2 Fungi Beasts","floor":12,"turns":3},{"damage":11,"enemies":"Looter","floor":13,"turns":2},{"damage":5,"enemies":"Hexaghost","floor":16,"turns":7},{"damage":12,"enemies":"Shell Parasite","floor":18,"turns":3},{"damage":16,"enemies":"3 Byrds","floor":22,"turns":4},{"damage":23,"enemies":"Centurion and Healer","floor":24,"turns":5},{"damage":52,"enemies":"Chosen and Byrds","floor":25,"turns":7},{"damage":18,"enemies":"Gremlin Leader","floor":28,"turns":3}],"seed_played":"5521112297131203186","potions_obtained":[{"floor":4,"key":"LiquidBronze"},{"floor":6,"key":"SkillPotion"},{"floor":8,"key":"Regen Potion"},{"floor":11,"key":"SteroidPotion"},{"floor":12,"key":"SkillPotion"},{"floor":16,"key":"SkillPotion"},{"floor":22,"key":"Dota2Spire:HealingSalve"}],"is_trial":false,"path_per_floor":["M","M","$","M","M","E","?","E","T","M","M","M","M","T","R","B",null,"M","?","?","$","M","R","M","M","T","$","E"],"character_chosen":"DOCTOR_CLASS","items_purchased":["ats:Overload","Apotheosis","LagranYue:NewUniverseRelic"],"campfire_rested":1,"item_purchase_floors":[3,21,21],"current_hp_per_floor":[73,70,70,68,59,37,37,23,23,23,14,15,12,12,35,48,79,68,68,68,68,57,57,47,10,10,10,0,0],"gold":89,"neow_bonus":"TEN_PERCENT_HP_BONUS","is_daily":false,"chose_seed":false,"campfire_upgraded":1,"win_rate":0.0,"timestamp":1610456718,"path_taken":["M","?","$","M","M","E","?","E","T","M","M","M","M","?","R","BOSS","M","?","?","$","M","R","M","M","T","$","E"],"items_purchased_type":["Card","Card","Relic"],"build_version":"2020-12-22","purchased_purges":3,"victory":false,"max_hp_per_floor":[79,79,79,79,79,79,79,79,79,79,79,79,79,79,79,79,79,79,79,79,79,79,79,79,79,79,79,79,79],"relic_stats":{"counters":[16,61],"Sundial":[0],"obtain_stats":[{"KeepersGift":0,"testmod-TestBox":0,"AT_ATBox":0,"LagranYue:RandomDrawCardRelic":0,"HowToJump":9,"Vajra":8,"BookOfRevelations":14,"testmod-TurbochargingSystem":26,"REME_DemonsWealth":17,"ats:Originium":6,"Sundial":6,"ats:Sanity":0,"Void":1,"HushsDoor":0,"LagranYue:NewUniverseRelic":21,"REME_ComplimentaryCards":0},{"KeepersGift":0,"testmod-TestBox":0,"AT_ATBox":0,"LagranYue:RandomDrawCardRelic":0,"HowToJump":6,"Vajra":6,"BookOfRevelations":10,"testmod-TurbochargingSystem":15,"REME_DemonsWealth":11,"ats:Originium":5,"Sundial":5,"ats:Sanity":0,"Void":1,"HushsDoor":0,"LagranYue:NewUniverseRelic":12,"REME_ComplimentaryCards":0},{"KeepersGift":0,"testmod-TestBox":0,"AT_ATBox":0,"LagranYue:RandomDrawCardRelic":0,"HowToJump":20,"Vajra":20,"BookOfRevelations":32,"testmod-TurbochargingSystem":58,"REME_DemonsWealth":39,"ats:Originium":17,"Sundial":17,"ats:Sanity":0,"Void":1,"HushsDoor":0,"LagranYue:NewUniverseRelic":42,"REME_ComplimentaryCards":0}]},"card_choices":[{"not_picked":[],"picked":"ChaosCard","floor":0},{"not_picked":["ats:Thorns","ats:Cat Scratch"],"picked":"ats:Red Shift","floor":1},{"not_picked":["ats:Shell Defense","ats:Soul Absorption"],"picked":"ats:Powerful Strike","floor":2},{"not_picked":["ats:Powerful Strike","ats:Explosion Area Strengthen"],"picked":"ats:Apocalypse","floor":4},{"not_picked":["ats:Guardian Obelisk","ats:Childhood Dance","ats:Beaten Up"],"picked":"SKIP","floor":5},{"not_picked":["ats:Burning Ground","ats:Thorns"],"picked":"ats:Flexible Camouflage","floor":6},{"not_picked":["ats:Magnetic Hammer","ats:Shadow Raid"],"picked":"ats:Soul Rend","floor":8},{"not_picked":["ats:Counter Healing Mode","ats:Hammer On"],"picked":"ats:Apocalypse","floor":10},{"not_picked":["ats:Composite Medical Shells","ats:Burning Ground"],"picked":"ats:Consecutive Shot Auto","floor":11},{"not_picked":["ats:Rapid Magazine","ats:Nebulous Foxfire"],"picked":"ats:Hammer On","floor":12},{"not_picked":["ats:Explosion Area Strengthen","ats:Apocalypse","ats:Part Time Job"],"picked":"SKIP","floor":13},{"not_picked":["ats:Poison Spread+1","ats:Explosion Area Strengthen","ats:Apocalypse"],"picked":"Writhe","floor":18},{"not_picked":["ats:Revitalization+1","ats:Consecutive Shot Auto","vexMod:UltimateCard"],"picked":"ats:Demon Strength","floor":22},{"not_picked":["ats:Flame Of Heaven","ats:LN2 Cannon+1","Poor:ReiMu"],"picked":"ats:Red Shift+1","floor":24},{"not_picked":["ats:Flexible Camouflage","ats:Very Hot Blade+1","ats:Revitalization","Regret"],"picked":"SKIP","floor":25}],"player_experience":233851,"relics_obtained":[{"floor":6,"key":"ats:Originium"},{"floor":6,"key":"Sundial"},{"floor":8,"key":"ats:Originium"},{"floor":8,"key":"Vajra"},{"floor":9,"key":"HowToJump"},{"floor":14,"key":"BookOfRevelations"},{"floor":26,"key":"testmod-TurbochargingSystem"}],"event_choices":[{"damage_healed":0,"gold_gain":0,"player_choice":"Ignored","damage_taken":0,"max_hp_gain":0,"max_hp_loss":0,"event_name":"Ghosts","floor":19,"gold_loss":0},{"damage_healed":0,"gold_gain":0,"player_choice":"Ignored","damage_taken":0,"max_hp_gain":0,"max_hp_loss":0,"event_name":"给自己的盒子","floor":20,"gold_loss":0}],"is_beta":false,"boss_relics":[{"not_picked":["testmod-Prudence","Velvet Choker"],"picked":"REME_DemonsWealth"},{"not_picked":[]}],"items_purged_floors":[3,21,27],"is_endless":false,"potions_floor_spawned":[4,6,8,11,12,16,22],"killed_by":"Gremlin Leader","ascension_level":3}}