{"host":"kw4o7b3ro2ktmmbe","time":1610490568,"event":{"mods":["BaseMod","Evolution","Minty Spire (QoL Compilation)","StSLib","The Blackbeard"],"gold_per_floor":[113,188,41,116,127,127,140,152,152,163,163,163,178,191,191,291,291,273,3,3,3,23,37,37,57,137,165,165,165,182,182,182,302,302,331,331,415,430,151,151,73,73,73,73],"floor_reached":42,"language":"ENG","playtime":2691,"items_purged":[],"score":408,"play_id":"24cee053-9d9b-4a27-b608-8b1a1da90f4b","local_time":"20210113112928","is_ascension_mode":false,"campfire_choices":[{"data":"blackbeard:Cutlass","floor":6.0,"key":"SMITH"},{"data":"blackbeard:FieryDefense","floor":11.0,"key":"SMITH"},{"data":"blackbeard:Halberd","floor":15.0,"key":"SMITH"},{"data":"1","floor":24.0,"key":"LIFT"},{"data":"2","floor":29.0,"key":"LIFT"},{"data":"3","floor":32.0,"key":"LIFT"},{"data":"blackbeard:BuriedTreasure","floor":40,"key":"SMITH"}],"circlet_count":0,"master_deck":["blackbeard:Shrapnel","blackbeard:BlackbeardStrike","blackbeard:BlackbeardStrike","blackbeard:BlackbeardStrike","blackbeard:IntimidatingStrike","blackbeard:BlackbeardDefend","blackbeard:BlackbeardDefend","blackbeard:BlackbeardDefend","blackbeard:Cutlass+1","blackbeard:FieryDefense+1","blackbeard:Spear","blackbeard:Halberd+1","blackbeard:Upgrade","blackbeard:CaptainsHat","CurseOfTheBell","blackbeard:CaptainsCabin+1","blackbeard:Shrapnel+1","blackbeard:FieryDefense+1","blackbeard:BuriedTreasure+1","blackbeard:Parrot","blackbeard:PirateEarring","Dramatic Entrance","Blind","Panacea","blackbeard:DoubleCannonball+1","blackbeard:RearmingStrike+1"],"relics":["blackbeard:LoadTheCannons","EVO:Axolotl","Membership Card","StrikeDummy","Calling Bell","Bag of Preparation","Darkstone Periapt","Girya","Pantograph","Centennial Puzzle","TheAbacus","CaptainsWheel","Kunai","Matryoshka","MutagenicStrength","Empty Cage","FossilizedHelix","Vajra","Molten Egg 2","Toolbox","Juzu Bracelet"],"acts_visited":["Exordium","TheCity","TheBeyond"],"potions_floor_usage":[37],"damage_taken":[{"damage":1.0,"enemies":"Cultist","floor":1.0,"turns":3.0},{"damage":1.0,"enemies":"Jaw Worm","floor":5.0,"turns":4.0},{"damage":0.0,"enemies":"2 Louse","floor":7.0,"turns":3.0},{"damage":0.0,"enemies":"2 Fungi Beasts","floor":8.0,"turns":2.0},{"damage":3.0,"enemies":"Exordium Thugs","floor":10.0,"turns":3.0},{"damage":0.0,"enemies":"3 Louse","floor":13.0,"turns":2.0},{"damage":0.0,"enemies":"Large Slime","floor":14.0,"turns":2.0},{"damage":35.0,"enemies":"Slime Boss","floor":16.0,"turns":5.0},{"damage":22.0,"enemies":"2 Thieves","floor":18.0,"turns":4.0},{"damage":0.0,"enemies":"3 Byrds","floor":22.0,"turns":5.0},{"damage":0.0,"enemies":"Snecko","floor":23.0,"turns":4.0},{"damage":14.0,"enemies":"3 Cultists","floor":25.0,"turns":5.0},{"damage":16.0,"enemies":"Book of Stabbing","floor":27.0,"turns":7.0},{"damage":6.0,"enemies":"Snake Plant","floor":30.0,"turns":4.0},{"damage":37.0,"enemies":"Collector","floor":33.0,"turns":9.0},{"damage":13,"enemies":"Orb Walker","floor":35,"turns":5},{"damage":9,"enemies":"2 Orb Walkers","floor":37,"turns":5},{"damage":0,"enemies":"3 Shapes","floor":38,"turns":1},{"damage":50,"enemies":"Nemesis","floor":42,"turns":2}],"seed_played":"1880487130500849324","potions_obtained":[{"floor":1.0,"key":"Explosive Potion"},{"floor":10.0,"key":"SneckoOil"},{"floor":14.0,"key":"Fire Potion"},{"floor":18.0,"key":"Ancient Potion"},{"floor":25.0,"key":"Energy Potion"},{"floor":27.0,"key":"SkillPotion"},{"floor":30.0,"key":"PowerPotion"},{"floor":37,"key":"ColorlessPotion"}],"is_trial":false,"path_per_floor":["M","?","$","?","M","R","M","M","T","M","R","?","M","M","R","B",null,"M","$","?","?","M","M","R","M","T","E","?","R","M","?","R","B",null,"M","?","?","M","$","R","$","E"],"character_chosen":"BLACKBEARD_CLASS","items_purchased":["Membership Card","Pantograph","Centennial Puzzle","TheAbacus","Vajra","Molten Egg 2","Toolbox","Juzu Bracelet"],"campfire_rested":0,"item_purchase_floors":[3,19,19,19,39,39,39,41],"current_hp_per_floor":[81,70,70,62,61,61,61,61,61,58,58,58,58,58,58,23,82,60,60,52,52,52,52,52,38,38,22,49,49,43,43,43,31,82,69,59,50,50,50,50,50,0,0,0],"gold":73,"neow_bonus":"TEN_PERCENT_HP_BONUS","is_daily":false,"chose_seed":false,"campfire_upgraded":4,"win_rate":0.0,"timestamp":1610490568,"path_taken":["M","?","$","?","M","R","M","M","T","?","R","?","?","M","R","BOSS","M","$","?","?","?","M","R","M","T","E","?","R","M","?","R","BOSS","M","?","?","M","$","R","?","E"],"items_purchased_type":["Relic","Relic","Relic","Relic","Relic","Relic","Relic","Relic"],"build_version":"2020-12-22","purchased_purges":0,"victory":false,"max_hp_per_floor":[82,82,82,82,82,82,82,82,82,82,82,82,82,82,82,82,82,82,82,82,82,82,82,82,82,82,82,82,82,82,82,82,82,82,82,82,82,82,82,82,82,82,82,82],"card_choices":[{"not_picked":["blackbeard:DangerousBlow","blackbeard:DoubleBottom"],"picked":"blackbeard:FieryDefense","floor":1.0},{"not_picked":["blackbeard:FieryDefense","blackbeard:CannonBarrage"],"picked":"blackbeard:Dagger","floor":5.0},{"not_picked":["blackbeard:PowderKeg","blackbeard:TerrorOfTheSeas","blackbeard:WiseDefense"],"picked":"SKIP","floor":7.0},{"not_picked":["blackbeard:Boarding","blackbeard:DeadlyArsenal"],"picked":"blackbeard:Spear","floor":8.0},{"not_picked":["blackbeard:BeatUp","blackbeard:CloakAndCannonball"],"picked":"blackbeard:Dagger","floor":10.0},{"not_picked":["blackbeard:Bandana","blackbeard:Upgrade"],"picked":"blackbeard:Halberd","floor":13.0},{"not_picked":["blackbeard:GoldenStrike","blackbeard:DangerousBlow"],"picked":"blackbeard:Upgrade","floor":14.0},{"not_picked":["blackbeard:BountyHunter","blackbeard:Murder"],"picked":"blackbeard:CaptainsHat","floor":16.0},{"not_picked":["blackbeard:BeatUp","blackbeard:ChaoticDefense+1"],"picked":"blackbeard:CaptainsCabin+1","floor":18.0},{"not_picked":["blackbeard:PirateHook","blackbeard:CaptainsCabin"],"picked":"blackbeard:Shrapnel+1","floor":22.0},{"not_picked":["blackbeard:GoldenDefense","blackbeard:Sword","blackbeard:Boarding"],"picked":"SKIP","floor":23.0},{"not_picked":["blackbeard:BeatUp","blackbeard:BlindAttacks"],"picked":"blackbeard:FieryDefense+1","floor":25.0},{"not_picked":["blackbeard:GoldenDefense","blackbeard:GoldenStrike","blackbeard:Sharpening"],"picked":"SKIP","floor":27.0},{"not_picked":["blackbeard:GoldenCannonball","blackbeard:Spear"],"picked":"blackbeard:BuriedTreasure","floor":30.0},{"not_picked":["blackbeard:BountyHunter","blackbeard:ReapersScythe"],"picked":"blackbeard:Parrot","floor":33.0},{"not_picked":["blackbeard:Dagger+1","blackbeard:GoldenDefense+1"],"picked":"blackbeard:PirateEarring","floor":35},{"not_picked":["Metamorphosis","Secret Weapon"],"picked":"Dramatic Entrance","floor":36},{"not_picked":["Violence","Thinking Ahead"],"picked":"Blind","floor":36},{"not_picked":["Violence","Forethought"],"picked":"Panacea","floor":36},{"not_picked":["blackbeard:SwordDance","blackbeard:Shrapnel+1"],"picked":"blackbeard:DoubleCannonball+1","floor":37},{"not_picked":["blackbeard:BrownPants","blackbeard:PowderKeg"],"picked":"blackbeard:RearmingStrike+1","floor":38}],"player_experience":1836943,"relics_obtained":[{"floor":9.0,"key":"StrikeDummy"},{"floor":17.0,"key":"Bag of Preparation"},{"floor":17.0,"key":"Darkstone Periapt"},{"floor":17.0,"key":"Girya"},{"floor":26.0,"key":"Kunai"},{"floor":27.0,"key":"Matryoshka"},{"floor":37,"key":"FossilizedHelix"}],"event_choices":[{"damage_healed":0.0,"max_hp_gain":0.0,"max_hp_loss":0.0,"gold_gain":75.0,"event_name":"World of Goop","player_choice":"Gather Gold","floor":2.0,"gold_loss":0.0,"damage_taken":11.0},{"damage_healed":0.0,"max_hp_gain":0.0,"max_hp_loss":0.0,"gold_gain":75.0,"event_name":"FaceTrader","player_choice":"Touch","floor":4.0,"gold_loss":0.0,"damage_taken":8.0},{"damage_healed":0.0,"max_hp_gain":0.0,"max_hp_loss":0.0,"gold_gain":0.0,"event_name":"The Woman in Blue","player_choice":"Bought 0 Potions","floor":12.0,"gold_loss":0.0,"damage_taken":0.0},{"damage_healed":0.0,"max_hp_gain":0.0,"max_hp_loss":0.0,"gold_gain":0.0,"event_name":"blackbeard:ShipwreckEvent","player_choice":"CaptainsWheel","floor":20.0,"gold_loss":0.0,"damage_taken":0.0,"relics_obtained":["CaptainsWheel"]},{"cards_removed":["blackbeard:Dagger"],"damage_healed":0.0,"max_hp_gain":0.0,"max_hp_loss":0.0,"gold_gain":0.0,"event_name":"Purifier","player_choice":"Purged","floor":21.0,"gold_loss":0.0,"damage_taken":0.0},{"damage_healed":27.0,"max_hp_gain":0.0,"max_hp_loss":0.0,"gold_gain":0.0,"event_name":"The Library","player_choice":"Heal","floor":28.0,"gold_loss":0.0,"damage_taken":0.0},{"damage_healed":0.0,"max_hp_gain":0.0,"max_hp_loss":0.0,"gold_gain":0.0,"event_name":"Drug Dealer","player_choice":"Inject Mutagens","floor":31.0,"gold_loss":0.0,"damage_taken":0.0,"relics_obtained":["MutagenicStrength"]},{"damage_healed":0,"gold_gain":0,"player_choice":"Memory 3","damage_taken":10,"max_hp_gain":0,"max_hp_loss":0,"event_name":"SensoryStone","floor":36,"gold_loss":0},{"damage_healed":0,"gold_gain":0,"player_choice":"Fight","damage_taken":0,"max_hp_gain":0,"max_hp_loss":0,"event_name":"Mysterious Sphere","floor":37,"gold_loss":0}],"is_beta":false,"boss_relics":[{"not_picked":["Fusion Hammer","Velvet Choker"],"picked":"Calling Bell"},{"not_picked":["Runic Pyramid","Pandora\u0027s Box"],"picked":"Empty Cage"}],"items_purged_floors":[],"is_endless":false,"potions_floor_spawned":[1,10,14,18,25,27,30,37],"killed_by":"Nemesis","ascension_level":0}}