{"host":"w97dq1whmpm6b2tc","time":1610482218,"event":{"mods":["BaseMod","Challenge The Spire","Downfall","Minty Spire (QoL Compilation)","Replay The Spire","StSLib","The Animator"],"gold_per_floor":[271,271,287,49367,49390,49390,49425,49446,49446,49382,49392,49392],"floor_reached":11,"language":"ENG","playtime":504,"items_purged":["animator:Strike"],"score":146,"play_id":"855612be-de2a-4259-b09c-69993e9357e3","local_time":"20210112221018","is_ascension_mode":true,"campfire_choices":[{"data":"animator:KrulTepes","floor":6.0,"key":"SMITH"}],"circlet_count":0,"master_deck":["AscendersBane","animator:Strike_Kancolle","animator:Defend_Kancolle","animator:Strike","animator:Strike","animator:Defend","animator:Defend","animator:Shimakaze","animator:KrulTepes+1","animator:Mikaela"],"relics":["animator:LivingPicture","animator:TheMissingPiece","NeowsBlessing","ClockworkSouvenir","animator:Hoodie","Gremlin Horn","Blood Vial","Unceasing Top","Shuriken"],"acts_visited":["Exordium"],"potions_floor_usage":[8],"damage_taken":[{"damage":0.0,"enemies":"2 Louse","floor":1.0,"turns":1.0},{"damage":0.0,"enemies":"Jaw Worm","floor":3.0,"turns":1.0},{"damage":0.0,"enemies":"Cultist","floor":5.0,"turns":1.0},{"damage":17.0,"enemies":"3 Sentries","floor":7.0,"turns":8.0},{"damage":14,"enemies":"Large Slime","floor":8,"turns":6},{"damage":27,"enemies":"Lagavulin","floor":11,"turns":5}],"seed_played":"7798272865402433326","potions_obtained":[{"floor":1.0,"key":"Fire Potion"},{"floor":3.0,"key":"Fire Potion"}],"is_trial":false,"path_per_floor":["M","?","M","$","M","R","E","M","T","?","E"],"character_chosen":"THE_ANIMATOR","items_purchased":["ClockworkSouvenir","animator:Hoodie","Gremlin Horn"],"campfire_rested":0,"item_purchase_floors":[4,4,4],"current_hp_per_floor":[54,54,54,54,57,57,40,28,28,28,3,3],"gold":49392,"neow_bonus":"THREE_ENEMY_KILL","is_daily":false,"chose_seed":false,"campfire_upgraded":1,"win_rate":0.0,"timestamp":1610482218,"path_taken":["M","?","M","$","M","R","E","M","T","?","E"],"items_purchased_type":["Relic","Relic","Relic"],"build_version":"2020-12-22","purchased_purges":1,"victory":false,"max_hp_per_floor":[60,60,60,60,63,63,63,63,63,63,63,63],"card_choices":[{"not_picked":["animator:Darkness","animator:NagisaMomoe"],"picked":"animator:KrulTepes","floor":1.0},{"not_picked":["animator:Alexander","animator:ShinjiMatou","animator:Raven"],"picked":"SKIP","floor":3.0},{"not_picked":["animator:Illya","animator:ElricAlphonse","animator:Cocytus"],"picked":"SKIP","floor":5.0},{"not_picked":["animator:CrowleyEusford","animator:Yoichi"],"picked":"animator:Mikaela","floor":7.0},{"not_picked":["animator:Shalltear","animator:Mitsurugi","animator:Verdia"],"picked":"SKIP","floor":8}],"player_experience":4419403,"relics_obtained":[{"floor":7.0,"key":"Blood Vial"},{"floor":7.0,"key":"Unceasing Top"},{"floor":9,"key":"Shuriken"}],"event_choices":[{"cards_removed":["animator:Defend"],"damage_healed":0.0,"max_hp_gain":0.0,"max_hp_loss":0.0,"gold_gain":0.0,"event_name":"Living Wall","player_choice":"Forget","floor":2.0,"gold_loss":0.0,"damage_taken":0.0},{"damage_healed":0,"gold_gain":0,"player_choice":"Left Gold","damage_taken":0,"max_hp_gain":0,"max_hp_loss":0,"event_name":"World of Goop","floor":10,"gold_loss":64}],"is_beta":false,"boss_relics":[],"items_purged_floors":[4],"is_endless":false,"potions_floor_spawned":[1,3],"killed_by":"Lagavulin","ascension_level":20}}