{"host":"qijhzzkmbgiiyux7","time":1610466682,"event":{"mods":["BaseMod","Downfall","Hermit","Minty Spire (QoL Compilation)","Replay The Spire","StSLib","The Cursed"],"gold_per_floor":[112,112,126,126,140,140,156,156,156,10,29,29,43,70,70,165,165,183,198,73,73,83,83,102,116,142,242,252,252,263,7,7,107,107,118,135,135,135,135,135],"floor_reached":39,"playtime":2335,"items_purged":["Strike_G","Strike_G"],"score":410,"play_id":"84322cd7-0a17-4ea5-9af2-646301f6043f","local_time":"20210112185122","is_ascension_mode":false,"campfire_choices":[{"data":"Slice","floor":6,"key":"SMITH"},{"floor":8,"key":"REST"},{"data":"Envenom","floor":12,"key":"SMITH"},{"data":"Dodge and Roll","floor":15,"key":"SMITH"},{"floor":23,"key":"REST"},{"floor":29,"key":"REST"},{"floor":32,"key":"REST"}],"circlet_count":0,"master_deck":["Strike_G","Strike_G","Defend_G","Defend_G","Defend_G","Defend_G","Defend_G","Survivor","Neutralize","Flying Knee+1","Slice+1","Unload","ReplayTheSpireMod:Scrap Shanks","Masterful Stab","Dodge and Roll+1","PiercingWail","Envenom+1","Noxious Fumes","Outmaneuver","Tools of the Trade","Deadly Poison","Finisher+1","Hidden Blade","A Thousand Cuts","Deflect","Blade Dance+1","Underhanded Strike+1","Caltrops","Glass Knife","Dagger Throw+1","Terror+1"],"relics":["Chameleon Ring","Sizzling Blood","Gremlin Horn","Replay:Towering Pillar of Hats","WristBlade","Anchor","Gremlin Food","Ring of Chaos"],"acts_visited":["Exordium","TheCity","TheBeyond"],"potions_floor_usage":[16,18,24,33,35],"damage_taken":[{"damage":3,"enemies":"Small Slimes","floor":1,"turns":4},{"damage":1,"enemies":"2 Louse","floor":3,"turns":3},{"damage":2,"enemies":"Jaw Worm","floor":5,"turns":4},{"damage":12,"enemies":"Exordium Thugs","floor":7,"turns":5},{"damage":0,"enemies":"3 Louse","floor":11,"turns":3},{"damage":0,"enemies":"2 Fungi Beasts","floor":13,"turns":4},{"damage":9,"enemies":"Lagavulin","floor":14,"turns":5},{"damage":39,"enemies":"Fading Forest","floor":16,"turns":11},{"damage":20,"enemies":"2 Thieves","floor":18,"turns":5},{"damage":29,"enemies":"Spheric Guardian","floor":19,"turns":6},{"damage":32,"enemies":"Shelled Parasite and Fungi","floor":22,"turns":5},{"damage":38,"enemies":"Snecko","floor":24,"turns":6},{"damage":36,"enemies":"Cultist and Chosen","floor":25,"turns":6},{"damage":14,"enemies":"Centurion and Healer","floor":28,"turns":5},{"damage":31,"enemies":"Snake Plant","floor":30,"turns":6},{"damage":49,"enemies":"Pondfish","floor":33,"turns":9},{"damage":64,"enemies":"3 Darklings","floor":35,"turns":7},{"damage":17,"enemies":"Orb Walker","floor":36,"turns":5},{"damage":40,"enemies":"Transient","floor":39,"turns":2}],"seed_played":"-49503427126129894","potions_obtained":[{"floor":1,"key":"FairyPotion"},{"floor":7,"key":"CultistPotion"},{"floor":11,"key":"EssenceOfSteel"},{"floor":18,"key":"Fruit Juice"},{"floor":22,"key":"Reflective Coating"},{"floor":24,"key":"FearPotion"},{"floor":33,"key":"Regen Potion"},{"floor":35,"key":"GamblersBrew"},{"floor":36,"key":"Strength Potion"}],"is_trial":false,"path_per_floor":["M","?","M","?","M","R","M","R","T","$","M","R","M","E","R","B",null,"M","M","$","?","M","R","M","M","T","?","M","R","M","$","R","B",null,"M","M","?","?","M"],"character_chosen":"THE_SILENT","items_purchased":["Masterful Stab","Dodge and Roll","PiercingWail","Hidden Blade","Gremlin Food"],"campfire_rested":4,"item_purchase_floors":[10,10,10,20,31],"current_hp_per_floor":[74,56,55,59,61,61,53,77,77,77,81,81,81,76,76,48,81,72,47,47,76,48,74,40,8,8,8,43,69,42,42,68,23,88,50,37,37,37,0,0],"gold":135,"neow_bonus":"TEN_PERCENT_HP_BONUS","is_daily":false,"chose_seed":false,"campfire_upgraded":3,"win_rate":0.0,"timestamp":1610466682,"path_taken":["M","?","M","?","M","R","M","R","T","?","M","R","M","E","R","BOSS","M","M","$","?","M","R","M","M","T","?","M","R","M","$","R","BOSS","M","M","?","?","M"],"items_purchased_type":["Card","Card","Card","Card","Relic"],"build_version":"2020-12-22","purchased_purges":2,"victory":false,"max_hp_per_floor":[77,77,77,81,81,81,81,81,81,81,81,81,81,81,81,81,81,88,88,88,88,88,88,88,88,88,88,88,88,88,88,88,88,88,88,88,88,88,88,88],"card_choices":[{"not_picked":["Poisoned Stab","Underhanded Strike"],"picked":"Flying Knee","floor":1},{"not_picked":["Hidden Blade","Tactician"],"picked":"Slice","floor":3},{"not_picked":["Calculated Gamble","Toxin Wave"],"picked":"Unload","floor":5},{"not_picked":["Backflip","Bouncing Flask"],"picked":"ReplayTheSpireMod:Scrap Shanks","floor":7},{"not_picked":["Acrobatics","Dagger Spray"],"picked":"Envenom","floor":11},{"not_picked":["Dagger Spray","Slice"],"picked":"Noxious Fumes","floor":13},{"not_picked":["Reflex","Acrobatics"],"picked":"Outmaneuver","floor":14},{"not_picked":["Burst","ReplayTheSpireMod:Necrosis"],"picked":"Tools of the Trade","floor":16},{"not_picked":["ReplayTheSpireMod:Tripwire","Quick Slash"],"picked":"Deadly Poison","floor":18},{"not_picked":["Outmaneuver","Distraction+1"],"picked":"Finisher+1","floor":19},{"not_picked":["PiercingWail+1","All Out Attack"],"picked":"A Thousand Cuts","floor":22},{"not_picked":["Deadly Poison","Poisoned Stab"],"picked":"Deflect","floor":24},{"not_picked":["Acrobatics","Escape Plan+1"],"picked":"Blade Dance+1","floor":25},{"not_picked":["Outmaneuver","Deadly Poison"],"picked":"Underhanded Strike+1","floor":28},{"not_picked":["Backflip","Poisoned Stab"],"picked":"Caltrops","floor":30},{"not_picked":["ReplayTheSpireMod:Necrosis","Unload"],"picked":"Glass Knife","floor":33},{"not_picked":["Draining Mist+1","Deadly Poison"],"picked":"Dagger Throw+1","floor":35},{"not_picked":["Poisoned Stab","Sucker Punch+1"],"picked":"Terror+1","floor":36}],"player_experience":27540,"relics_obtained":[{"floor":9,"key":"Gremlin Horn"},{"floor":14,"key":"Replay:Towering Pillar of Hats"},{"floor":26,"key":"Anchor"}],"event_choices":[{"damage_healed":0,"gold_gain":0,"player_choice":"Success","damage_taken":18,"relics_obtained":["Chameleon Ring"],"max_hp_gain":0,"max_hp_loss":0,"event_name":"Scrap Ooze","floor":2,"gold_loss":0},{"damage_healed":29,"gold_gain":0,"player_choice":"Heal","damage_taken":0,"max_hp_gain":0,"max_hp_loss":0,"event_name":"The Library","floor":21,"gold_loss":0},{"damage_healed":0,"gold_gain":100,"player_choice":"Pray","damage_taken":0,"max_hp_gain":0,"max_hp_loss":0,"event_name":"Golden Shrine","floor":27,"gold_loss":0},{"cards_removed":["Strike_G"],"damage_healed":0,"gold_gain":0,"player_choice":"Removed Attack","damage_taken":0,"max_hp_gain":0,"max_hp_loss":0,"event_name":"Falling","floor":37,"gold_loss":0},{"damage_healed":0,"gold_gain":0,"player_choice":"Ignored","damage_taken":0,"max_hp_gain":0,"max_hp_loss":0,"event_name":"Mysterious Sphere","floor":38,"gold_loss":0}],"is_beta":false,"boss_relics":[{"not_picked":["Busted Crown","Snecko Eye"],"picked":"WristBlade"},{"not_picked":["Coffee Dripper","ChewingGum"],"picked":"Ring of Chaos"}],"items_purged_floors":[20,31],"is_endless":false,"potions_floor_spawned":[1,7,11,13,18,22,24,33,35,36],"killed_by":"Transient","ascension_level":0}}