{"host":"9v3x998ddbx8o276","time":1610451313,"event":{"mods":["AchievementEnabler","BaseMod","Colored Map","Colored Powertips","Highlight Path","Minty Spire (QoL Compilation)","Quick Restart","Rare Cards Sparkle"],"gold_per_floor":[110,110,124,124,136,136,147,173,218,237,237,254,254,281,281,385,385,396,396,396,407,420,451,451,467,491,491,102,102,102,122,122,225,225,245,257,1256,451,466,466,481,481,481,481,38,38,51,86,86,86,86],"floor_reached":50,"playtime":2555,"items_purged":["Decay","Normality","Normality"],"score":655,"play_id":"d8c0ae0d-0f0c-4459-a20d-12007890ff0b","local_time":"20210112220513","is_ascension_mode":true,"campfire_choices":[{"data":"Bash","floor":6.0,"key":"SMITH"},{"data":"Spot Weakness","floor":11.0,"key":"SMITH"},{"floor":13.0,"key":"REST"},{"floor":15.0,"key":"REST"},{"floor":24.0,"key":"REST"},{"floor":27.0,"key":"REST"},{"data":"Dual Wield","floor":32.0,"key":"SMITH"},{"floor":40.0,"key":"REST"},{"data":"Limit Break","floor":42.0,"key":"SMITH"},{"data":"Juggernaut","floor":44.0,"key":"SMITH"},{"data":"Immolate","floor":49,"key":"SMITH"}],"circlet_count":0,"master_deck":["Strike_R+1","Strike_R","Defend_R+1","Defend_R","Defend_R","Defend_R","Bash+1","Offering","Twin Strike","Carnage","Hemokinesis","Spot Weakness+1","Feel No Pain","Combust","Pommel Strike","Dual Wield+1","Brutality","Metallicize+1","Perfected Strike+1","Rampage+1","Heavy Blade","Blood for Blood","Burning Pact","Disarm+1","Fiend Fire","Immolate+1","Second Wind+1","Armaments+1","Exhume","Dropkick","Ghostly","Ghostly","Ghostly","Ghostly","Ghostly","Evolve","Juggernaut+1","Shrug It Off+1","Sentinel","Limit Break+1","Flex+1","Ghostly Armor","Enlightenment","Secret Weapon","Sword Boomerang+1","Finesse","Discovery","Body Slam+1"],"relics":["Burning Blood","FaceOfCleric","Mummified Hand","Bag of Preparation","Ancient Tea Set","Astrolabe","PreservedInsect","Blood Vial","Orrery","Black Star","Molten Egg 2","Frozen Eye","Red Skull","Lantern","Gremlin Horn"],"acts_visited":["Exordium","TheCity","TheBeyond"],"potions_floor_usage":[48,50,50],"damage_taken":[{"damage":12.0,"enemies":"2 Louse","floor":1.0,"turns":2.0},{"damage":1.0,"enemies":"Cultist","floor":3.0,"turns":4.0},{"damage":0.0,"enemies":"Jaw Worm","floor":5.0,"turns":3.0},{"damage":6.0,"enemies":"Looter","floor":7.0,"turns":3.0},{"damage":34.0,"enemies":"Lagavulin","floor":8.0,"turns":5.0},{"damage":12.0,"enemies":"2 Fungi Beasts","floor":10.0,"turns":2.0},{"damage":20.0,"enemies":"Large Slime","floor":12.0,"turns":3.0},{"damage":24.0,"enemies":"Gremlin Nob","floor":14.0,"turns":3.0},{"damage":45.0,"enemies":"Hexaghost","floor":16.0,"turns":6.0},{"damage":15.0,"enemies":"Chosen","floor":18.0,"turns":3.0},{"damage":21.0,"enemies":"Shell Parasite","floor":21.0,"turns":3.0},{"damage":27.0,"enemies":"Centurion and Healer","floor":22.0,"turns":4.0},{"damage":31.0,"enemies":"Slavers","floor":23.0,"turns":5.0},{"damage":25.0,"enemies":"3 Cultists","floor":25.0,"turns":5.0},{"damage":5.0,"enemies":"Snecko","floor":31.0,"turns":4.0},{"damage":43.0,"enemies":"Champ","floor":33.0,"turns":14.0},{"damage":21.0,"enemies":"3 Darklings","floor":35.0,"turns":5.0},{"damage":4.0,"enemies":"Orb Walker","floor":36.0,"turns":5.0},{"damage":24.0,"enemies":"Writhing Mass","floor":39.0,"turns":8.0},{"damage":1.0,"enemies":"4 Shapes","floor":41.0,"turns":7.0},{"damage":5.0,"enemies":"Jaw Worm Horde","floor":47.0,"turns":6.0},{"damage":0,"enemies":"Nemesis","floor":48,"turns":5},{"damage":12,"enemies":"Awakened One","floor":50,"turns":3}],"seed_played":"-6409645175669301935","potions_obtained":[{"floor":1.0,"key":"FearPotion"},{"floor":3.0,"key":"Swift Potion"},{"floor":8.0,"key":"Block Potion"},{"floor":14.0,"key":"SteroidPotion"},{"floor":35.0,"key":"Swift Potion"},{"floor":39.0,"key":"PowerPotion"}],"is_trial":false,"path_per_floor":["M","?","M","?","M","R","M","E","T","M","R","M","R","E","R","B",null,"M","?","?","M","M","E","R","M","T","R","$","?","?","M","R","B",null,"M","M","?","$","M","R","M","R","T","R","$","?","M","E","R","B"],"character_chosen":"IRONCLAD","items_purchased":["Fiend Fire","Orrery","CultistPotion","GamblersBrew","Molten Egg 2","Frozen Eye","Limit Break","Enlightenment","Secret Weapon","Sword Boomerang+1"],"campfire_rested":5,"item_purchase_floors":[28,28,38,38,38,38,38,45,45,45],"current_hp_per_floor":[74,74,80,64,71,71,72,45,45,40,40,27,52,35,61,23,88,80,80,80,66,46,22,49,31,31,58,58,46,46,47,47,11,48,34,39,39,39,24,39,47,47,47,47,47,42,46,54,54,42,42],"gold":86,"neow_bonus":"ONE_RANDOM_RARE_CARD","is_daily":false,"chose_seed":false,"campfire_upgraded":6,"win_rate":0.0,"timestamp":1610451313,"path_taken":["M","?","?","?","M","R","M","E","T","M","R","M","R","E","R","BOSS","M","?","?","M","M","E","R","M","T","R","$","?","?","M","R","BOSS","M","?","?","$","M","R","M","R","T","R","$","?","M","E","R","BOSS"],"items_purchased_type":["Card","Relic","Potion","Potion","Relic","Relic","Card","Card","Card","Card"],"build_version":"2020-12-22","purchased_purges":3,"victory":false,"max_hp_per_floor":[80,80,81,81,82,82,83,84,84,85,85,86,86,87,87,88,88,89,89,89,90,91,92,92,93,93,93,93,46,46,47,47,48,48,49,50,50,50,51,51,52,52,52,52,52,52,53,54,54,54,54],"card_choices":[{"not_picked":["Intimidate","Body Slam"],"picked":"Twin Strike","floor":1.0},{"not_picked":["Cleave","Body Slam"],"picked":"Carnage","floor":3.0},{"not_picked":["Uppercut","Body Slam"],"picked":"Hemokinesis","floor":5.0},{"not_picked":["Anger","Perfected Strike"],"picked":"Spot Weakness","floor":7.0},{"not_picked":["Dual Wield","Pommel Strike"],"picked":"Feel No Pain","floor":8.0},{"not_picked":["Dual Wield","Iron Wave"],"picked":"Combust","floor":10.0},{"not_picked":["Armaments","Rampage"],"picked":"Pommel Strike","floor":12.0},{"not_picked":["Armaments","Fire Breathing"],"picked":"Dual Wield","floor":14.0},{"not_picked":["Double Tap","Bludgeon"],"picked":"Brutality","floor":16.0},{"not_picked":["Perfected Strike+1","Anger"],"picked":"Heavy Blade","floor":18.0},{"not_picked":["Perfected Strike","Havoc","Flex"],"picked":"SKIP","floor":21.0},{"not_picked":["Body Slam","True Grit+1"],"picked":"Blood for Blood","floor":22.0},{"not_picked":["Iron Wave","Entrench"],"picked":"Burning Pact","floor":23.0},{"not_picked":["Flex+1","Perfected Strike"],"picked":"Disarm+1","floor":25.0},{"not_picked":["Feel No Pain","Offering"],"picked":"Immolate","floor":28.0},{"not_picked":["Seeing Red","Pommel Strike"],"picked":"Second Wind+1","floor":28.0},{"not_picked":["Dropkick+1","Burning Pact"],"picked":"Armaments+1","floor":28.0},{"not_picked":["Metallicize+1","Perfected Strike"],"picked":"Exhume","floor":28.0},{"not_picked":["Havoc","Thunderclap+1"],"picked":"Dropkick","floor":28.0},{"not_picked":["Twin Strike","Warcry"],"picked":"Evolve","floor":31.0},{"not_picked":["Limit Break","Fiend Fire"],"picked":"Juggernaut","floor":33.0},{"not_picked":["Pommel Strike","Uppercut+1"],"picked":"Shrug It Off+1","floor":35.0},{"not_picked":["Havoc","Clash+1"],"picked":"Sentinel","floor":36.0},{"not_picked":["Hemokinesis+1","Sentinel+1"],"picked":"Flex+1","floor":39.0},{"not_picked":["Twin Strike+1","Hemokinesis+1"],"picked":"Ghostly Armor","floor":41.0},{"not_picked":["Forethought","Chrysalis"],"picked":"Finesse","floor":46.0},{"not_picked":["Master of Strategy","Mind Blast+1"],"picked":"Discovery","floor":46.0},{"not_picked":["Anger+1","Armaments+1","Perfected Strike+1"],"picked":"SKIP","floor":47.0},{"not_picked":["Pommel Strike+1","Ghostly Armor"],"picked":"Body Slam+1","floor":48}],"player_experience":1646864,"relics_obtained":[{"floor":8.0,"key":"Mummified Hand"},{"floor":9.0,"key":"Bag of Preparation"},{"floor":14.0,"key":"Ancient Tea Set"},{"floor":23.0,"key":"PreservedInsect"},{"floor":26.0,"key":"Blood Vial"},{"floor":43.0,"key":"Red Skull"},{"floor":48,"key":"Lantern"},{"floor":48,"key":"Gremlin Horn"}],"event_choices":[{"damage_healed":0.0,"max_hp_gain":0.0,"max_hp_loss":0.0,"gold_gain":0.0,"event_name":"FaceTrader","player_choice":"Trade","floor":2.0,"gold_loss":0.0,"damage_taken":0.0,"relics_obtained":["FaceOfCleric"]},{"damage_healed":0.0,"max_hp_gain":0.0,"max_hp_loss":0.0,"gold_gain":0.0,"event_name":"Shining Light","player_choice":"Entered Light","floor":4.0,"gold_loss":0.0,"damage_taken":16.0,"cards_upgraded":["Defend_R","Strike_R"]},{"damage_healed":0.0,"max_hp_gain":0.0,"max_hp_loss":0.0,"gold_gain":0.0,"event_name":"Forgotten Altar","player_choice":"Smashed Altar","floor":19.0,"gold_loss":0.0,"damage_taken":0.0,"cards_obtained":["Decay"]},{"damage_healed":0.0,"max_hp_gain":0.0,"max_hp_loss":0.0,"gold_gain":0.0,"event_name":"Vampires","player_choice":"Ignored","floor":20.0,"gold_loss":0.0,"damage_taken":0.0},{"damage_healed":0.0,"max_hp_gain":0.0,"max_hp_loss":47.0,"gold_gain":0.0,"event_name":"Ghosts","player_choice":"Became a Ghost","floor":29.0,"gold_loss":0.0,"damage_taken":0.0,"cards_obtained":["Ghostly","Ghostly","Ghostly","Ghostly","Ghostly"]},{"damage_healed":0.0,"max_hp_gain":0.0,"max_hp_loss":0.0,"gold_gain":0.0,"event_name":"The Woman in Blue","player_choice":"Bought 0 Potions","floor":30.0,"gold_loss":0.0,"damage_taken":0.0},{"damage_healed":0.0,"max_hp_gain":0.0,"max_hp_loss":0.0,"gold_gain":999.0,"event_name":"MindBloom","player_choice":"Gold","floor":37.0,"gold_loss":0.0,"damage_taken":0.0,"cards_obtained":["Normality","Normality"]},{"damage_healed":0.0,"max_hp_gain":0.0,"max_hp_loss":0.0,"gold_gain":0.0,"event_name":"SensoryStone","player_choice":"Memory 2","floor":46.0,"gold_loss":0.0,"damage_taken":5.0}],"is_beta":false,"boss_relics":[{"not_picked":["Ectoplasm","Runic Dome"],"picked":"Astrolabe"},{"not_picked":["Tiny House","Runic Pyramid"],"picked":"Black Star"}],"items_purged_floors":[28,38,45],"is_endless":false,"potions_floor_spawned":[1,3,8,14,22,23,31,35,39,47],"killed_by":"Awakened One","ascension_level":2}}