{"host":"b995t17pt6d05w8c","time":1610479086,"event":{"mods":["AchievementEnabler","BaseMod","Colored Map","Minty Spire (QoL Compilation)","SuperFastMode"],"gold_per_floor":[366,5,80,80,93,93,123,123,123,133,145,49,49,62,62,139,139,149,164,164,254,268,268,281,281,281],"floor_reached":25,"language":"KOR","playtime":566,"items_purged":["Strike_B","Defend_B"],"score":335,"play_id":"538c6f54-fc86-485a-bf21-e87259495bb5","local_time":"20210113041806","is_ascension_mode":true,"campfire_choices":[{"data":"Chaos","floor":6.0,"key":"SMITH"},{"floor":8.0,"key":"REST"},{"data":"Coolheaded","floor":15.0,"key":"SMITH"},{"floor":23.0,"key":"REST"}],"circlet_count":0,"master_deck":["AscendersBane","Strike_B","Defend_B","Defend_B","Defend_B","Zap","Dualcast","Ball Lightning","FTL","Coolheaded+1","Biased Cognition","Chaos+1","Genetic Algorithm","BootSequence","Streamline+1","Recycle","Go for the Eyes+1","Electrodynamics","Skim","White Noise","Self Repair+1","Compile Driver+1"],"relics":["Cracked Core","Membership Card","Gremlin Horn","Boot","Molten Egg 2","Letter Opener","Inserter"],"acts_visited":["Exordium","TheCity"],"potions_floor_usage":[25],"damage_taken":[{"damage":3.0,"enemies":"Jaw Worm","floor":1.0,"turns":4.0},{"damage":0.0,"enemies":"Small Slimes","floor":5.0,"turns":2.0},{"damage":22.0,"enemies":"3 Sentries","floor":7.0,"turns":5.0},{"damage":0.0,"enemies":"Cultist","floor":10.0,"turns":3.0},{"damage":0.0,"enemies":"2 Fungi Beasts","floor":11.0,"turns":3.0},{"damage":0.0,"enemies":"3 Louse","floor":14.0,"turns":2.0},{"damage":24.0,"enemies":"Hexaghost","floor":16.0,"turns":10.0},{"damage":10.0,"enemies":"Chosen","floor":18.0,"turns":5.0},{"damage":15.0,"enemies":"Spheric Guardian","floor":19.0,"turns":4.0},{"damage":5.0,"enemies":"Centurion and Healer","floor":22.0,"turns":5.0},{"damage":17.0,"enemies":"Snake Plant","floor":24.0,"turns":5.0},{"damage":43,"enemies":"Slavers","floor":25,"turns":2}],"seed_played":"5697005794176425787","potions_obtained":[{"floor":1.0,"key":"PowerPotion"},{"floor":16.0,"key":"ColorlessPotion"},{"floor":19.0,"key":"LiquidBronze"},{"floor":24.0,"key":"Fruit Juice"}],"is_trial":false,"path_per_floor":["M","$","?","?","M","R","E","R","T","M","M","$","T","M","R","B",null,"M","M","?","?","M","R","M","E"],"character_chosen":"DEFECT","items_purchased":["Membership Card","FTL","Coolheaded","Gremlin Horn","Streamline+1","Recycle"],"campfire_rested":2,"item_purchase_floors":[2,2,2,2,12,12],"current_hp_per_floor":[47,47,36,36,36,36,14,36,36,36,36,36,36,36,36,12,59,49,34,34,22,17,39,37,0,0],"gold":281,"neow_bonus":"TWO_FIFTY_GOLD","is_daily":false,"chose_seed":false,"campfire_upgraded":2,"win_rate":0.0,"timestamp":1610479086,"path_taken":["M","$","?","?","M","R","E","R","T","M","M","$","?","M","R","BOSS","M","M","?","?","?","R","M","E"],"items_purchased_type":["Relic","Card","Card","Relic","Card","Card"],"build_version":"2020-12-22","purchased_purges":2,"victory":false,"max_hp_per_floor":[75,75,75,75,75,75,75,75,75,75,75,75,75,75,75,75,75,75,75,75,75,75,75,80,80,80],"card_choices":[{"not_picked":["White Noise","Sweeping Beam"],"picked":"Ball Lightning","floor":1.0},{"not_picked":["Redo","Stack"],"picked":"Chaos","floor":5.0},{"not_picked":["Beam Cell","Storm","Streamline"],"picked":"SKIP","floor":7.0},{"not_picked":["Gash+1","Fusion"],"picked":"Genetic Algorithm","floor":10.0},{"not_picked":["Fusion","Rip and Tear+1"],"picked":"BootSequence","floor":11.0},{"not_picked":["Rip and Tear+1","Leap"],"picked":"Go for the Eyes+1","floor":14.0},{"not_picked":["Amplify","Biased Cognition"],"picked":"Electrodynamics","floor":16.0},{"not_picked":["Storm","Streamline+1"],"picked":"Skim","floor":18.0},{"not_picked":["Storm","Static Discharge+1"],"picked":"White Noise","floor":19.0},{"not_picked":["Sweeping Beam+1","Aggregate"],"picked":"Self Repair+1","floor":22.0},{"not_picked":["Gash+1","Beam Cell+1"],"picked":"Compile Driver+1","floor":24.0}],"player_experience":107611,"relics_obtained":[{"floor":7.0,"key":"Boot"},{"floor":9.0,"key":"Molten Egg 2"},{"floor":13.0,"key":"Letter Opener"}],"event_choices":[{"damage_healed":0.0,"max_hp_gain":0.0,"max_hp_loss":0.0,"gold_gain":75.0,"event_name":"World of Goop","player_choice":"Gather Gold","floor":3.0,"gold_loss":0.0,"damage_taken":11.0},{"damage_healed":0.0,"max_hp_gain":0.0,"max_hp_loss":0.0,"gold_gain":0.0,"cards_transformed":["Strike_B"],"event_name":"Living Wall","player_choice":"Change","floor":4.0,"gold_loss":0.0,"damage_taken":0.0,"cards_obtained":["Biased Cognition"]},{"cards_removed":["Strike_B"],"damage_healed":0.0,"max_hp_gain":0.0,"max_hp_loss":0.0,"gold_gain":0.0,"event_name":"Back to Basics","player_choice":"Elegance","floor":20.0,"gold_loss":0.0,"damage_taken":0.0},{"damage_healed":0.0,"max_hp_gain":0.0,"max_hp_loss":0.0,"gold_gain":90.0,"event_name":"Knowing Skull","player_choice":"GOLD ","floor":21.0,"potions_obtained":[],"gold_loss":0.0,"damage_taken":12.0,"cards_obtained":[]}],"is_beta":false,"boss_relics":[{"not_picked":["Ectoplasm","Cursed Key"],"picked":"Inserter"}],"items_purged_floors":[2,12],"is_endless":false,"potions_floor_spawned":[1,16,19,24],"killed_by":"Slavers","ascension_level":13}}