{"host":"m2106ztvmcgfoyc9","time":1610461163,"event":{"mods":["BaseMod","Minty Spire (QoL Compilation)","Relic Stats"],"gold_per_floor":[369,381,399,412,429,460,460,510,510,51,51,61,80,105,105,181,181,195,195,195,55,67,67,95,112,112,147,147,173,188,216,216,291,291,301,12,30,30,45,74,74,101,101,101,101],"floor_reached":44,"playtime":2885,"items_purged":["Strike_P","Strike_P","Strike_P"],"score":1366,"play_id":"bd4fea9c-981c-4254-990c-c75720317574","local_time":"20210112151923","is_ascension_mode":true,"campfire_choices":[{"data":"Eruption","floor":7,"key":"SMITH"},{"data":"TalkToTheHand","floor":11,"key":"SMITH"},{"data":"TalkToTheHand","floor":15,"key":"SMITH"},{"data":"Wallop","floor":23,"key":"SMITH"},{"data":"TalkToTheHand","floor":28,"key":"SMITH"},{"data":"BowlingBash","floor":32,"key":"SMITH"},{"floor":41,"key":"RECALL"}],"circlet_count":0,"master_deck":["AscendersBane","Strike_P","Defend_P","Defend_P","Defend_P","Defend_P","Eruption+1","Vigilance","WheelKick","BowlingBash+1","FlyingSleeves","EmptyBody+1","TalkToTheHand+1","FearNoEvil","TalkToTheHand+1","Omniscience","Consecrate+1","Wallop+1","WaveOfTheHand+1","TalkToTheHand+1","EmptyMind+1","FlurryOfBlows","FlurryOfBlows","Crescendo","Worship+1","Ragnarok","Wallop","Tantrum","Shame"],"relics":["PureWater","MealTicket","Thread and Needle","Centennial Puzzle","Cursed Key","Enchiridion","Torii","Yang","Pantograph","Bag of Preparation","Snecko Eye","War Paint","Blue Candle","Vajra"],"acts_visited":["Exordium","TheCity","TheBeyond"],"potions_floor_usage":[5,6,14,24,27,33,33,42],"damage_taken":[{"damage":2,"enemies":"Jaw Worm","floor":1,"turns":4},{"damage":0,"enemies":"Cultist","floor":2,"turns":2},{"damage":0,"enemies":"Small Slimes","floor":3,"turns":2},{"damage":14,"enemies":"Exordium Wildlife","floor":4,"turns":4},{"damage":0,"enemies":"Large Slime","floor":5,"turns":3},{"damage":17,"enemies":"3 Sentries","floor":6,"turns":9},{"damage":0,"enemies":"Blue Slaver","floor":12,"turns":3},{"damage":0,"enemies":"Lots of Slimes","floor":13,"turns":3},{"damage":0,"enemies":"Gremlin Nob","floor":14,"turns":3},{"damage":22,"enemies":"The Guardian","floor":16,"turns":14},{"damage":0,"enemies":"Shell Parasite","floor":18,"turns":4},{"damage":0,"enemies":"3 Byrds","floor":22,"turns":5},{"damage":0,"enemies":"Gremlin Leader","floor":24,"turns":5},{"damage":0,"enemies":"Snake Plant","floor":25,"turns":2},{"damage":0,"enemies":"Book of Stabbing","floor":27,"turns":2},{"damage":0,"enemies":"Gremlin Leader","floor":29,"turns":3},{"damage":0,"enemies":"Centurion and Healer","floor":30,"turns":6},{"damage":0,"enemies":"Book of Stabbing","floor":31,"turns":4},{"damage":6,"enemies":"Automaton","floor":33,"turns":7},{"damage":0,"enemies":"3 Shapes","floor":35,"turns":4},{"damage":0,"enemies":"3 Darklings","floor":37,"turns":2},{"damage":0,"enemies":"Jaw Worm Horde","floor":39,"turns":3},{"damage":1,"enemies":"Nemesis","floor":40,"turns":9},{"damage":51,"enemies":"Reptomancer","floor":42,"turns":3},{"damage":1,"enemies":"Giant Head","floor":44,"turns":1}],"seed_played":"8488690852584749911","potions_obtained":[{"floor":1,"key":"Strength Potion"},{"floor":4,"key":"FearPotion"},{"floor":6,"key":"SkillPotion"},{"floor":13,"key":"Strength Potion"},{"floor":18,"key":"SpeedPotion"},{"floor":22,"key":"StancePotion"},{"floor":27,"key":"DistilledChaos"},{"floor":30,"key":"CultistPotion"},{"floor":33,"key":"FearPotion"},{"floor":35,"key":"StancePotion"}],"is_trial":false,"path_per_floor":["M","M","M","M","M","E","R","?","T","$","R","M","M","E","R","B",null,"M","$","?","$","M","R","E","M","T","E","R","E","M","E","R","B",null,"M","$","M","?","M","E","R","E","T","E"],"character_chosen":"WATCHER","items_purchased":["FearNoEvil","Thread and Needle","Wallop","Wallop","Tantrum"],"campfire_rested":0,"item_purchase_floors":[10,10,21,36,36],"current_hp_per_floor":[59,59,59,45,45,28,28,22,22,37,37,37,37,37,37,15,50,50,62,41,56,56,56,56,56,56,56,56,56,56,56,56,56,61,61,62,62,62,62,61,61,10,10,9,9],"gold":101,"neow_bonus":"TWO_FIFTY_GOLD","is_daily":false,"chose_seed":false,"campfire_upgraded":6,"win_rate":0.0,"timestamp":1610461163,"path_taken":["M","M","M","M","M","E","R","?","T","$","R","?","M","E","R","BOSS","M","$","?","$","M","R","E","M","T","E","R","E","M","E","R","BOSS","M","$","M","?","M","E","R","E","T","E"],"items_purchased_type":["Card","Relic","Card","Card","Card"],"build_version":"2020-12-22","purchased_purges":3,"victory":false,"max_hp_per_floor":[62,62,62,62,62,62,62,62,62,62,62,62,62,62,62,62,62,62,62,62,62,62,62,62,62,62,62,62,62,62,62,62,62,62,62,62,62,62,62,62,62,62,62,62,62],"relic_stats":{"Centennial Puzzle":[14],"Torii":3,"counters":[25,107],"Pantograph":6,"Blue Candle":[1],"Snecko Eye":[57,41,39,42],"MealTicket":43,"Yang":[170],"Bag of Preparation":[8],"War Paint":["EmptyBody","WaveOfTheHand"],"Cursed Key":1,"obtain_stats":[{"Torii":24,"Blue Candle":42,"Enchiridion":20,"Vajra":43,"Thread and Needle":10,"Yang":27,"Bag of Preparation":31,"War Paint":40,"Cursed Key":17,"Centennial Puzzle":14,"Pantograph":29,"Snecko Eye":34,"MealTicket":6,"PureWater":0},{"Torii":13,"Blue Candle":24,"Enchiridion":11,"Vajra":24,"Thread and Needle":6,"Yang":15,"Bag of Preparation":18,"War Paint":23,"Cursed Key":10,"Centennial Puzzle":9,"Pantograph":16,"Snecko Eye":19,"MealTicket":6,"PureWater":0},{"Torii":61,"Blue Candle":106,"Enchiridion":51,"Vajra":106,"Thread and Needle":24,"Yang":65,"Bag of Preparation":78,"War Paint":103,"Cursed Key":47,"Centennial Puzzle":33,"Pantograph":68,"Snecko Eye":85,"MealTicket":24,"PureWater":0}]},"card_choices":[{"not_picked":["ThirdEye","FollowUp"],"picked":"WheelKick","floor":1},{"not_picked":["SashWhip","Worship"],"picked":"BowlingBash","floor":2},{"not_picked":["Collect","ThirdEye"],"picked":"MentalFortress","floor":3},{"not_picked":["ReachHeaven","Fasting2"],"picked":"FlyingSleeves","floor":4},{"not_picked":["CutThroughFate","InnerPeace"],"picked":"EmptyBody","floor":5},{"not_picked":["JustLucky","Wireheading"],"picked":"TalkToTheHand","floor":6},{"not_picked":["CutThroughFate","ThirdEye","Pray"],"picked":"SKIP","floor":12},{"not_picked":["Perseverance","Adaptation","JustLucky"],"picked":"SKIP","floor":13},{"not_picked":["ConjureBlade","Crescendo"],"picked":"TalkToTheHand","floor":14},{"not_picked":["Brilliance","Scrawl"],"picked":"Omniscience","floor":16},{"not_picked":["JustLucky","SashWhip"],"picked":"Consecrate+1","floor":18},{"not_picked":["PathToVictory","CrushJoints"],"picked":"WaveOfTheHand","floor":22},{"not_picked":["Wallop","Fasting2"],"picked":"TalkToTheHand","floor":24},{"not_picked":["Vengeance+1","PathToVictory"],"picked":"EmptyMind+1","floor":25},{"not_picked":["Weave","Vengeance"],"picked":"FlurryOfBlows","floor":27},{"not_picked":["JustLucky","Consecrate"],"picked":"FlurryOfBlows","floor":29},{"not_picked":["Pray","Halt"],"picked":"Crescendo","floor":30},{"not_picked":["Adaptation","Fasting2+1"],"picked":"Worship+1","floor":31},{"not_picked":["MasterReality","SpiritShield"],"picked":"Ragnarok","floor":33},{"not_picked":["CrushJoints","FlurryOfBlows","FlyingSleeves"],"picked":"SKIP","floor":35},{"not_picked":["SashWhip+1","ThirdEye+1","Weave"],"picked":"SKIP","floor":37},{"not_picked":["ClearTheMind+1","ThirdEye","MasterReality"],"picked":"SKIP","floor":39},{"not_picked":["EmptyFist","Brilliance","FearNoEvil"],"picked":"SKIP","floor":40},{"not_picked":["Evaluate+1","Crescendo","JustLucky"],"picked":"SKIP","floor":42}],"player_experience":973766,"relics_obtained":[{"floor":6,"key":"MealTicket"},{"floor":14,"key":"Centennial Puzzle"},{"floor":20,"key":"Enchiridion"},{"floor":24,"key":"Torii"},{"floor":27,"key":"Yang"},{"floor":29,"key":"Pantograph"},{"floor":31,"key":"Bag of Preparation"},{"floor":40,"key":"War Paint"},{"floor":42,"key":"Blue Candle"},{"floor":43,"key":"Vajra"}],"event_choices":[{"damage_healed":0,"gold_gain":50,"player_choice":"Touch","damage_taken":6,"max_hp_gain":0,"max_hp_loss":0,"event_name":"FaceTrader","floor":8,"gold_loss":0},{"damage_healed":0,"gold_gain":0,"player_choice":"Obtained Book","damage_taken":21,"max_hp_gain":0,"max_hp_loss":0,"event_name":"Cursed Tome","floor":20,"gold_loss":0},{"cards_removed":["MentalFortress"],"damage_healed":0,"gold_gain":0,"player_choice":"Removed Power","damage_taken":0,"max_hp_gain":0,"max_hp_loss":0,"event_name":"Falling","floor":38,"gold_loss":0}],"is_beta":false,"boss_relics":[{"not_picked":["HolyWater","VioletLotus"],"picked":"Cursed Key"},{"not_picked":["Calling Bell","Runic Pyramid"],"picked":"Snecko Eye"}],"items_purged_floors":[10,21,36],"is_endless":false,"potions_floor_spawned":[1,4,6,13,18,22,27,30,33,35,39,40],"killed_by":"Giant Head","ascension_level":20}}