{"host":"ds1yr10zonoc6w4a","time":1610410101,"event":{"mods":["BaseMod","Better Match","Better Third Choice","BetterRewards","Energized Spire","Minty Spire (QoL Compilation)","StSLib","The Animator"],"gold_per_floor":[109,109,109,125,137,174,193,225,248,248,263,6,6,36,36,108,108,125,135,185,185,198,198,210,210,258,276,276,292,316,136,136,136,136],"floor_reached":33,"playtime":6473,"items_purged":["animator:Strike","animator:Defend","animator:Defend_HitsugiNoChaika"],"score":704,"play_id":"60868850-bb34-4fef-9bb2-defc76d2e232","local_time":"20210111170821","is_ascension_mode":true,"campfire_choices":[{"data":"animator:AcuraAkari","floor":10.0,"key":"SMITH"},{"data":"animator:DolaSchwi","floor":13.0,"key":"SMITH"},{"floor":15.0,"key":"RECALL"},{"data":"animator:DolaSchwi","floor":23,"key":"SMITH"},{"data":"animator:HarukoHaruhara","floor":25,"key":"SMITH"},{"data":"animator:Fredrika","floor":28,"key":"SMITH"},{"data":"animator:Shiro","floor":32,"key":"SMITH"}],"circlet_count":0,"master_deck":["AscendersBane","animator:Strike_HitsugiNoChaika+1","animator:AcuraAkari+1","animator:HarukoHaruhara+1","animator:DolaSchwi+1","animator:Rena","animator:Millim+1","animator:DolaStephanie","animator:Shigure","animator:Yuuichirou","animator:AcuraTooru","animator:Guy","animator:Shinoa","animator:Tet","animator:ChaikaTrabant","animator:ChaikaBohdan","animator:Shiro+1","animator:Togame","animator:YuiTsuruno","animator:YachiyoNanami","animator:DolaSchwi+1","animator:Kaijin","animator:Fredrika+1","animator:Mikaela","animator:Verdia","animator:Laby","animator:TukaLunaMarceau"],"relics":["animator:LivingPicture","animator:TheMissingPiece","animator:PurgingStone","Strange Spoon","Omamori","PreservedInsect","animator:EngravedStaff","Anchor","Bronze Scales","animator:WornHelmet","SlaversCollar","animator:Buoy"],"acts_visited":["Exordium","TheCity"],"potions_floor_usage":[19,24,29,30,33],"damage_taken":[{"damage":0.0,"enemies":"2 Louse","floor":1.0,"turns":3.0},{"damage":2.0,"enemies":"Jaw Worm","floor":4.0,"turns":3.0},{"damage":1.0,"enemies":"Small Slimes","floor":5.0,"turns":4.0},{"damage":11.0,"enemies":"Gremlin Nob","floor":6.0,"turns":3.0},{"damage":5.0,"enemies":"Exordium Thugs","floor":7.0,"turns":4.0},{"damage":9.0,"enemies":"Lagavulin","floor":8.0,"turns":4.0},{"damage":0.0,"enemies":"Red Slaver","floor":11.0,"turns":3.0},{"damage":0.0,"enemies":"Gremlin Gang","floor":14.0,"turns":3.0},{"damage":6.0,"enemies":"Slime Boss","floor":16.0,"turns":6.0},{"damage":0.0,"enemies":"3 Byrds","floor":18.0,"turns":3.0},{"damage":6,"enemies":"2 Thieves","floor":19,"turns":3},{"damage":17,"enemies":"Centurion and Healer","floor":22,"turns":5},{"damage":25,"enemies":"Cultist and Chosen","floor":24,"turns":6},{"damage":1,"enemies":"Snake Plant","floor":27,"turns":3},{"damage":0,"enemies":"Centurion and Healer","floor":29,"turns":4},{"damage":0,"enemies":"Sentry and Sphere","floor":30,"turns":5},{"damage":10,"enemies":"Automaton","floor":33,"turns":4}],"seed_played":"552050140923091156","potions_obtained":[{"floor":7.0,"key":"FearPotion"},{"floor":16.0,"key":"PowerPotion"},{"floor":18,"key":"Swift Potion"},{"floor":24,"key":"DistilledChaos"},{"floor":27,"key":"Swift Potion"},{"floor":30,"key":"PowerPotion"}],"is_trial":false,"path_per_floor":["M","?","?","M","M","E","M","E","T","R","M","$","R","M","R","B",null,"M","M","?","?","M","R","M","R","T","M","R","M","M","$","R","B"],"character_chosen":"THE_ANIMATOR","items_purchased":["Strange Spoon","Omamori","PreservedInsect","animator:HarukoHaruhara","animator:DolaSchwi","animator:Rena","animator:DolaStephanie","ColorlessPotion","SkillPotion","animator:ChaikaTrabant","animator:TukaLunaMarceau"],"campfire_rested":0,"item_purchase_floors":[0,0,0,0,0,0,0,0,0,12,31],"current_hp_per_floor":[46,46,51,49,48,37,33,24,24,24,24,24,24,24,24,18,54,54,48,48,48,31,31,7,7,7,6,6,6,6,6,6,0,0],"gold":136,"neow_bonus":"","is_daily":false,"chose_seed":false,"campfire_upgraded":6,"win_rate":0.0,"timestamp":1610410101,"path_taken":["M","?","?","M","?","E","M","E","T","R","M","$","R","M","R","BOSS","M","M","?","?","M","R","M","R","T","?","R","M","M","?","R","BOSS"],"items_purchased_type":["Relic","Relic","Relic","Card","Card","Card","Card","Potion","Potion","Card","Card"],"build_version":"2020-12-22","purchased_purges":3,"victory":false,"max_hp_per_floor":[60,60,65,65,65,65,66,66,66,66,66,66,66,66,66,66,66,66,66,66,66,66,66,67,67,67,67,67,67,67,67,67,67,67],"card_choices":[{"not_picked":["animator:DolaRiku","animator:SayakaMiki"],"picked":"animator:Shigure","floor":1.0},{"not_picked":["animator:YunYun","animator:DolaCouronne"],"picked":"animator:Millim","floor":4.0},{"not_picked":["animator:Emonzaemon","animator:Arpeggio"],"picked":"animator:Yuuichirou","floor":5.0},{"not_picked":["animator:Guy","animator:ChaikaBohdan"],"picked":"animator:AcuraTooru","floor":6.0},{"not_picked":["animator:Millim","animator:ChaikaBohdan"],"picked":"animator:Guy","floor":7.0},{"not_picked":["animator:Nanami","animator:Laby"],"picked":"animator:Shinoa","floor":8.0},{"not_picked":["animator:Raven","animator:Guy"],"picked":"animator:Tet","floor":11.0},{"not_picked":["animator:AcuraAkari","animator:AcuraTooru"],"picked":"animator:ChaikaBohdan","floor":14.0},{"not_picked":["animator:Guren","animator:Biyorigo"],"picked":"animator:Shiro","floor":16.0},{"not_picked":["animator:DolaStephanie","animator:Chung"],"picked":"animator:Togame","floor":18},{"not_picked":["animator:Mitsuba+1","animator:IrohaTamaki"],"picked":"animator:YuiTsuruno","floor":19},{"not_picked":["animator:NagisaMomoe+1","animator:Hitei"],"picked":"animator:Kaijin","floor":22},{"not_picked":["animator:ChaikaBohdan","animator:Viivi"],"picked":"animator:Fredrika","floor":24},{"not_picked":["animator:Ara","animator:OrikoMikuni"],"picked":"animator:Mikaela","floor":27},{"not_picked":["animator:Mitsurugi","animator:Guy"],"picked":"animator:Verdia","floor":29},{"not_picked":["animator:Verdia","animator:Chris+1"],"picked":"animator:Laby","floor":30}],"player_experience":727323,"relics_obtained":[{"floor":6.0,"key":"Bronze Scales"},{"floor":8.0,"key":"animator:WornHelmet"},{"floor":26,"key":"animator:Buoy"}],"event_choices":[{"cards_removed":["animator:Defend"],"damage_healed":0.0,"max_hp_gain":0.0,"max_hp_loss":0.0,"gold_gain":0.0,"event_name":"Living Wall","player_choice":"Forget","floor":2.0,"gold_loss":0.0,"damage_taken":0.0},{"damage_healed":0.0,"max_hp_gain":5.0,"max_hp_loss":0.0,"gold_gain":0.0,"event_name":"Big Fish","player_choice":"Donut","floor":3.0,"gold_loss":0.0,"damage_taken":0.0},{"damage_healed":0,"gold_gain":50,"player_choice":"Steal","damage_taken":0,"max_hp_gain":0,"max_hp_loss":0,"event_name":"betterThird:BetterNest","floor":20,"gold_loss":0},{"damage_healed":0,"gold_gain":0,"cards_transformed":["animator:Strike","animator:Defend"],"player_choice":"Became Test Subject","damage_taken":0,"max_hp_gain":0,"max_hp_loss":0,"event_name":"Drug Dealer","floor":21,"gold_loss":0,"cards_obtained":["animator:YachiyoNanami","animator:DolaSchwi"]}],"is_beta":false,"boss_relics":[{"not_picked":["Astrolabe","Tiny House"],"picked":"SlaversCollar"}],"items_purged_floors":[0,12,31],"is_endless":false,"potions_floor_spawned":[1,7,16,18,24,27,30],"killed_by":"Automaton","ascension_level":19}}