{"host":"i19jjmeqmvseha12","time":1610430292,"event":{"mods":["Act Like it!","BaseMod","Colored Powertips","Dota2Spire","Gensokyo","Minty Spire (QoL Compilation)","Replay The Spire","StSLib","The Cursed"],"gold_per_floor":[118,118,129,144,163,163,176,126,126,152,152,178,192,208,208,310,310,329,329,329,184,201,213,213,213,213,213,312,344,364,378,378,478,478,490,490,438,489,489,489,501,501,525,543,543,560,574,329,329,329],"floor_reached":51,"playtime":1464,"items_purged":[],"score":779,"play_id":"a41c98a9-4db1-4e8c-ae07-e32806d1d7c0","local_time":"20210111214452","is_ascension_mode":false,"campfire_choices":[{"data":"Cloak And Dagger","floor":6,"key":"SMITH"},{"data":"Cloak And Dagger","floor":11,"key":"SMITH"},{"data":"Neutralize","floor":15,"key":"SMITH"},{"data":"Burst","floor":24,"key":"SMITH"},{"data":"Accuracy","floor":27,"key":"SMITH"},{"data":"Cloak And Dagger","floor":40,"key":"SMITH"},{"data":"Secret Technique","floor":40,"key":"SMITH"},{"floor":42,"key":"REST"},{"data":"Cloak And Dagger","floor":49,"key":"SMITH"},{"data":"Finisher","floor":49,"key":"SMITH"}],"circlet_count":0,"master_deck":["Strike_G","Strike_G","Strike_G","Strike_G","Defend_G","Defend_G","Defend_G","Defend_G","Defend_G","Survivor","Neutralize+1","Cloak And Dagger+1","Hidden Blade","Slice","Slice+1","Cloak And Dagger+1","Cloak And Dagger+1","Burst+1","Accuracy+1","Finisher+1","Slice","Backflip+1","Secret Technique+1","Cloak And Dagger+1"],"relics":["Ring of the Snake","Pen Nib","Dota2Spire:Mjollnir","ReplayTheSpireMod:Ninjato","Ginger","MutagenicStrength","Bag of Marbles","Mango","Busted Crown","Replay:Arrowhead","Oddly Smooth Stone","Garlic"],"acts_visited":["Exordium","TheCity","TheBeyond"],"potions_floor_usage":[10,23,29,29,33,50,50],"damage_taken":[{"damage":6,"enemies":"Gensokyo:Python","floor":1,"turns":4},{"damage":3,"enemies":"Gensokyo:3_Fairies","floor":3,"turns":5},{"damage":4,"enemies":"Gensokyo:2_Kodama","floor":4,"turns":4},{"damage":4,"enemies":"Gensokyo:Gryphon_and_Rabbit","floor":5,"turns":5},{"damage":8,"enemies":"Gensokyo:3_Kodama","floor":7,"turns":4},{"damage":0,"enemies":"Gensokyo:Mamizou","floor":10,"turns":6},{"damage":4,"enemies":"Gensokyo:Cirno","floor":12,"turns":4},{"damage":0,"enemies":"Gensokyo:2_Rabbits","floor":13,"turns":2},{"damage":0,"enemies":"Gensokyo:Gryphon_and_Rabbit","floor":14,"turns":3},{"damage":32,"enemies":"Gensokyo:Yukari","floor":16,"turns":8},{"damage":0,"enemies":"Chosen","floor":18,"turns":3},{"damage":0,"enemies":"Spheric Guardian","floor":22,"turns":1},{"damage":0,"enemies":"Shelled Parasite and Fungi","floor":23,"turns":2},{"damage":0,"enemies":"Gremlin Leader","floor":29,"turns":1},{"damage":1,"enemies":"Snake Plant","floor":30,"turns":2},{"damage":0,"enemies":"Centurion and Healer","floor":31,"turns":3},{"damage":27,"enemies":"Collector","floor":33,"turns":8},{"damage":0,"enemies":"3 Darklings","floor":35,"turns":2},{"damage":25,"enemies":"2 Orb Walkers","floor":38,"turns":4},{"damage":0,"enemies":"Orb Walker","floor":41,"turns":1},{"damage":0,"enemies":"Spire Growth","floor":44,"turns":2},{"damage":2,"enemies":"Writhing Mass","floor":46,"turns":3},{"damage":0,"enemies":"Maw","floor":47,"turns":3},{"damage":5,"enemies":"Donu and Deca","floor":50,"turns":6}],"seed_played":"8587902721744608417","potions_obtained":[{"floor":4,"key":"GhostInAJar"},{"floor":10,"key":"GhostInAJar"},{"floor":12,"key":"AttackPotion"},{"floor":13,"key":"Block Potion"},{"floor":14,"key":"SteroidPotion"},{"floor":23,"key":"Adrenaline Potion"},{"floor":30,"key":"Fire Potion"},{"floor":38,"key":"Dexterity Potion"},{"floor":47,"key":"Strength Potion"}],"is_trial":false,"path_per_floor":["M","?","M","M","M","R","M","?","T","E","R","E","M","M","R","B",null,"M","?","?","$","M","M","R","?","T","R","?","E","M","M","R","B",null,"M","?","$","?","?","R","M","R","T","M","?","M","M","$","R","B",null],"character_chosen":"THE_SILENT","items_purchased":["Accuracy","Finisher","ColorlessPotion","Garlic"],"campfire_rested":1,"item_purchase_floors":[21,21,37,48],"current_hp_per_floor":[64,64,61,57,53,53,45,70,70,70,70,66,66,66,66,34,70,70,70,70,70,70,70,70,57,57,57,57,71,70,70,89,62,89,89,89,89,64,64,64,64,89,89,89,89,87,87,87,87,82],"gold":329,"neow_bonus":"RANDOM_COMMON_RELIC","is_daily":false,"chose_seed":false,"campfire_upgraded":9,"win_rate":0.0,"timestamp":1610430292,"path_taken":["M","?","M","M","?","R","M","?","T","E","R","E","M","?","R","BOSS","M","?","?","$","M","M","R","?","T","R","?","E","M","M","R","BOSS","M","?","$","?","?","R","M","R","T","M","?","?","M","?","R","BOSS"],"items_purchased_type":["Card","Card","Potion","Relic"],"build_version":"2020-12-22","purchased_purges":0,"victory":true,"max_hp_per_floor":[70,70,70,70,70,70,70,70,70,70,70,70,70,70,70,70,70,70,70,70,70,70,70,70,75,75,75,75,89,89,89,89,89,89,89,89,89,89,89,89,89,89,89,89,89,89,89,89,89,89],"card_choices":[{"not_picked":["ReplayTheSpireMod:Exploit Weakness","Eviscerate"],"picked":"Cloak And Dagger","floor":1},{"not_picked":["Deadly Poison","Slice"],"picked":"Hidden Blade","floor":3},{"not_picked":["Calculated Gamble","Dagger Throw"],"picked":"Slice","floor":4},{"not_picked":["Noxious Fumes","Terror"],"picked":"Slice","floor":5},{"not_picked":["Dodge and Roll","Draining Mist","Skewer"],"picked":"SKIP","floor":7},{"not_picked":["Expertise","Reflex"],"picked":"Cloak And Dagger","floor":10},{"not_picked":["Quick Slash","Caltrops","Dagger Spray"],"picked":"SKIP","floor":12},{"not_picked":["Noxious Fumes","Underhanded Strike"],"picked":"Cloak And Dagger","floor":13},{"not_picked":["Replay:Bag of Tricks","Bane","Predator"],"picked":"SKIP","floor":14},{"not_picked":["Replay:Bag of Tricks","Poison Darts"],"picked":"Burst","floor":16},{"not_picked":["Underhanded Strike+1","Distraction","Quick Slash"],"picked":"SKIP","floor":18},{"not_picked":["Underhanded Strike","Dagger Spray"],"picked":"Slice","floor":22},{"not_picked":["Draining Mist","Sucker Punch"],"picked":"Backflip+1","floor":23},{"not_picked":["ReplayTheSpireMod:The Works+1","Prepared","Eviscerate"],"picked":"SKIP","floor":29},{"not_picked":["PiercingWail+1","Prepared","Underhanded Strike"],"picked":"SKIP","floor":30},{"not_picked":["Flying Knee","Sucker Punch","Dagger Throw"],"picked":"SKIP","floor":31},{"not_picked":["Replay:Poison Smokescreen"],"picked":"SKIP","floor":35},{"not_picked":[],"picked":"Secret Technique","floor":36},{"not_picked":[],"picked":"Cloak And Dagger","floor":41},{"not_picked":["Dagger Spray"],"picked":"SKIP","floor":44},{"not_picked":["All Out Attack+1"],"picked":"SKIP","floor":46},{"not_picked":["Hidden Blade"],"picked":"SKIP","floor":47}],"player_experience":164638,"relics_obtained":[{"floor":9,"key":"Dota2Spire:Mjollnir"},{"floor":10,"key":"ReplayTheSpireMod:Ninjato"},{"floor":12,"key":"Ginger"},{"floor":26,"key":"Bag of Marbles"},{"floor":29,"key":"Mango"},{"floor":38,"key":"Replay:Arrowhead"},{"floor":43,"key":"Oddly Smooth Stone"}],"event_choices":[{"damage_healed":0,"gold_gain":0,"player_choice":"Inject Mutagens","damage_taken":0,"relics_obtained":["MutagenicStrength"],"max_hp_gain":0,"max_hp_loss":0,"event_name":"Drug Dealer","floor":19,"gold_loss":0},{"damage_healed":0,"gold_gain":0,"player_choice":"Ignored","damage_taken":0,"max_hp_gain":0,"max_hp_loss":0,"event_name":"The Mausoleum","floor":20,"gold_loss":0},{"damage_healed":0,"gold_gain":0,"player_choice":"Shed Blood","damage_taken":18,"max_hp_gain":5,"max_hp_loss":0,"event_name":"Forgotten Altar","floor":25,"gold_loss":0},{"damage_healed":0,"gold_gain":99,"player_choice":"Stole From Cult","damage_taken":0,"max_hp_gain":0,"max_hp_loss":0,"event_name":"Nest","floor":28,"gold_loss":0},{"damage_healed":0,"gold_gain":0,"player_choice":"Memory 1","damage_taken":0,"max_hp_gain":0,"max_hp_loss":0,"event_name":"SensoryStone","floor":36,"gold_loss":0},{"damage_healed":0,"gold_gain":0,"player_choice":"Fight","damage_taken":0,"max_hp_gain":0,"max_hp_loss":0,"event_name":"Mysterious Sphere","floor":38,"gold_loss":0},{"cards_removed":["Strike_G"],"damage_healed":0,"gold_gain":0,"player_choice":"Removed Attack","damage_taken":0,"max_hp_gain":0,"max_hp_loss":0,"event_name":"Falling","floor":45,"gold_loss":0}],"is_beta":false,"boss_relics":[{"not_picked":["Runic Pyramid","ChewingGum","Replay:Drink Me"]},{"not_picked":["Replay:Bronze Core","HoveringKite"],"picked":"Busted Crown"}],"items_purged_floors":[],"is_endless":false,"potions_floor_spawned":[4,10,12,13,14,23,30,38,46,47],"ascension_level":0}}