{"host":"359hz4210ybch7ku","time":1610476374,"event":{"mods":["BaseMod","Block Reminder","Colored Map","Colored Powertips","Highlight Path","Minty Spire (QoL Compilation)","Slay the Relics Exporter","StSLib"],"gold_per_floor":[110,124,139,64,80,80,109,109,109,124,199,7,182,132,132,233,233,252,252,252,302,22,37,37,47,93,93,111,21,51,62,62,62,62],"floor_reached":33,"playtime":2540,"items_purged":["Strike_P"],"score":343,"play_id":"13a307d7-8b4e-4294-8b8a-ca1e1fe294fa","local_time":"20210112103254","is_ascension_mode":true,"campfire_choices":[{"data":"LikeWater","floor":6,"key":"SMITH"},{"floor":8,"key":"REST"},{"floor":15,"key":"REST"},{"floor":24,"key":"REST"},{"data":"BattleHymn","floor":27,"key":"SMITH"},{"data":"Establishment","floor":32,"key":"SMITH"}],"circlet_count":0,"master_deck":["Defend_P","Defend_P","Defend_P","Defend_P","Eruption","Vigilance","LikeWater+1","Consecrate","Wireheading","Establishment+1","Prostrate","TalkToTheHand","Brilliance","CurseOfTheBell","Nirvana+1","Bite+1","Bite","Bite","Bite","Bite","Study","Prostrate","BattleHymn+1","BowlingBash+1","TalkToTheHand+1","Sanctity"],"relics":["PureWater","Dream Catcher","Centennial Puzzle","Calling Bell","Boot","TeardropLocket","Thread and Needle","Bronze Scales","Anchor","Juzu Bracelet","StrikeDummy"],"acts_visited":["Exordium","TheCity"],"potions_floor_usage":[7,7,16,16,23,30],"damage_taken":[{"damage":12,"enemies":"Small Slimes","floor":1,"turns":2},{"damage":2,"enemies":"2 Louse","floor":2,"turns":4},{"damage":0,"enemies":"Jaw Worm","floor":3,"turns":3},{"damage":0,"enemies":"Large Slime","floor":5,"turns":2},{"damage":31,"enemies":"3 Sentries","floor":7,"turns":6},{"damage":6,"enemies":"Looter","floor":10,"turns":4},{"damage":37,"enemies":"The Guardian","floor":16,"turns":11},{"damage":37,"enemies":"3 Byrds","floor":18,"turns":8},{"damage":11,"enemies":"Spheric Guardian","floor":23,"turns":4},{"damage":0,"enemies":"Shelled Parasite and Fungi","floor":25,"turns":6},{"damage":17,"enemies":"Snake Plant","floor":28,"turns":6},{"damage":11,"enemies":"Book of Stabbing","floor":30,"turns":6},{"damage":3,"enemies":"Cultist and Chosen","floor":31,"turns":4},{"damage":72,"enemies":"Automaton","floor":33,"turns":6}],"seed_played":"1837047441306439272","potions_obtained":[{"floor":2,"key":"Dexterity Potion"},{"floor":3,"key":"GamblersBrew"},{"floor":5,"key":"Ambrosia"},{"floor":16,"key":"Weak Potion"},{"floor":25,"key":"Strength Potion"},{"floor":28,"key":"Energy Potion"}],"is_trial":false,"path_per_floor":["M","M","M","$","M","R","E","R","T","M","?","$","?","?","R","B",null,"M","?","?","T","$","M","R","M","T","R","M","?","E","M","R","B"],"character_chosen":"WATCHER","items_purchased":["Blood Vial","AttackPotion","Anchor","Prostrate","BattleHymn"],"campfire_rested":3,"item_purchase_floors":[12,12,22,22,22],"current_hp_per_floor":[67,65,65,65,65,65,34,57,57,51,40,40,40,40,63,28,79,42,42,42,42,42,35,58,66,66,66,53,53,57,63,63,0,0],"gold":62,"neow_bonus":"TEN_PERCENT_HP_BONUS","is_daily":false,"chose_seed":false,"campfire_upgraded":3,"win_rate":0.0,"timestamp":1610476374,"path_taken":["M","M","M","$","M","R","E","R","T","M","?","$","?","?","R","BOSS","M","?","?","?","$","M","R","M","T","R","M","?","E","M","R","BOSS"],"items_purchased_type":["Relic","Potion","Relic","Card","Card"],"build_version":"2020-12-22","purchased_purges":1,"victory":false,"max_hp_per_floor":[79,79,79,79,79,79,79,79,79,79,79,79,79,79,79,79,79,79,79,79,79,79,79,79,79,79,79,79,79,79,79,79,79,79],"card_choices":[{"not_picked":["EmptyBody","BowlingBash"],"picked":"LikeWater","floor":1},{"not_picked":["Halt","Crescendo"],"picked":"Consecrate","floor":2},{"not_picked":["Pray","Indignation"],"picked":"SandsOfTime","floor":3},{"not_picked":["WheelKick","EmptyFist"],"picked":"Wireheading","floor":5},{"not_picked":["CrushJoints","EmptyFist"],"picked":"Establishment","floor":7},{"not_picked":["EmptyBody","FlyingSleeves"],"picked":"Prostrate","floor":8},{"not_picked":["MentalFortress","SashWhip"],"picked":"TalkToTheHand","floor":10},{"not_picked":["Judgement","Blasphemy"],"picked":"Brilliance","floor":16},{"not_picked":["ThirdEye","Prostrate"],"picked":"Nirvana+1","floor":18},{"not_picked":["Evaluate","CarveReality"],"picked":"BowlingBash+1","floor":23},{"not_picked":["EmptyBody+1","Wallop"],"picked":"TalkToTheHand+1","floor":24},{"not_picked":["EmptyMind","Wireheading","EmptyFist+1"],"picked":"SKIP","floor":25},{"not_picked":["FlyingSleeves","ForeignInfluence"],"picked":"Sanctity","floor":28},{"not_picked":["Establishment","Scrawl","EmptyBody"],"picked":"SKIP","floor":30},{"not_picked":["WindmillStrike+1","ForeignInfluence","CrushJoints"],"picked":"SKIP","floor":31}],"player_experience":192355,"relics_obtained":[{"floor":7,"key":"Dream Catcher"},{"floor":9,"key":"Centennial Puzzle"},{"floor":17,"key":"Boot"},{"floor":17,"key":"TeardropLocket"},{"floor":17,"key":"Thread and Needle"},{"floor":21,"key":"Bronze Scales"},{"floor":26,"key":"Juzu Bracelet"},{"floor":30,"key":"StrikeDummy"}],"event_choices":[{"damage_healed":0,"gold_gain":75,"player_choice":"Gather Gold","damage_taken":11,"max_hp_gain":0,"max_hp_loss":0,"event_name":"World of Goop","floor":11,"gold_loss":0},{"damage_healed":0,"gold_gain":175,"player_choice":"AGREE","damage_taken":0,"max_hp_gain":0,"max_hp_loss":0,"event_name":"Liars Game","floor":13,"gold_loss":0,"cards_obtained":["Doubt"]},{"cards_removed":["Doubt"],"damage_healed":0,"gold_gain":0,"player_choice":"Card Removal","damage_taken":0,"max_hp_gain":0,"max_hp_loss":0,"event_name":"The Cleric","floor":14,"gold_loss":50},{"damage_healed":0,"gold_gain":0,"player_choice":"Became a vampire (Vial)","damage_taken":0,"max_hp_gain":0,"max_hp_loss":0,"event_name":"Vampires","floor":19,"relics_lost":["Blood Vial"],"gold_loss":0,"cards_obtained":["Bite","Bite","Bite","Bite","Bite"]},{"damage_healed":0,"gold_gain":0,"player_choice":"Read","damage_taken":0,"max_hp_gain":0,"max_hp_loss":0,"event_name":"The Library","floor":20,"gold_loss":0,"cards_obtained":["Study"]},{"cards_removed":["SandsOfTime"],"damage_healed":0,"gold_gain":0,"player_choice":"Upgrade and Remove","damage_taken":0,"max_hp_gain":0,"max_hp_loss":0,"event_name":"Designer","floor":29,"gold_loss":90,"cards_upgraded":["Bite"]}],"is_beta":false,"boss_relics":[{"not_picked":["Sozu","Coffee Dripper"],"picked":"Calling Bell"}],"items_purged_floors":[4],"is_endless":false,"potions_floor_spawned":[2,3,5,16,25,28],"killed_by":"Automaton","ascension_level":4}}