{"host":"ik4vuhm0hrxhj99n","time":1610463012,"event":{"mods":["100% Spire Juice","ATMod(°¢èªMod)","Arknights The Spire","BaseMod","Colored Powertips","Friendly Minions","Highlight Path","Minty Spire (QoL Compilation)","Quick Restart","StSLib","UnlockEverythingMod","¡¾ÒÅÎï¿¨ÅÆ¡¿REMEMod"],"gold_per_floor":[109,184,198,216,216,250,220,220,297,297,338,338,116,151,151,274,274,287,153,153,173,197,197,197],"floor_reached":23,"playtime":2117,"items_purged":["Regret","Injury"],"score":197,"play_id":"c1d1857b-1799-46c2-a36b-d81ccce927da","local_time":"20210112225012","is_ascension_mode":false,"campfire_choices":[{"floor":8.0,"key":"REST"},{"floor":15.0,"key":"REST"}],"circlet_count":0,"master_deck":["ats:Strike C","ats:Strike G","ats:Strike S","ats:Strike V","ats:Armor Crushing Shot","ats:Defend","ats:Defend","ats:Defend","ats:Defend","ats:Emotion Absorption","Moonworks:MiracleRedBeanIceCream","ats:Magnetic Hammer","ats:Thorns","ats:Spore Proliferation","ats:Beaten Up","ats:Demon Strength","ats:Apocalypse","ats:Soul Rend","ats:Consecutive Shot Auto+1","ats:Counter Healing Mode","ats:Healing Strengthening"],"relics":["ats:Sanity","AT_ATBox","REME_ComplimentaryCards","PreservedInsect","ats:Originium","Kunai","Singing Bowl","Golden Idol","AT_BladeRuinedKing","Bottled Tornado","Juzu Bracelet","Odd Mushroom","Runic Pyramid","Enchiridion"],"acts_visited":["Exordium","TheCity"],"potions_floor_usage":[23],"damage_taken":[{"damage":5.0,"enemies":"Small Slimes","floor":1.0,"turns":3.0},{"damage":3.0,"enemies":"Jaw Worm","floor":3.0,"turns":5.0},{"damage":1.0,"enemies":"2 Louse","floor":4.0,"turns":3.0},{"damage":66.0,"enemies":"Lagavulin","floor":6.0,"turns":10.0},{"damage":3.0,"enemies":"Looter","floor":7.0,"turns":4.0},{"damage":21.0,"enemies":"Gremlin Nob","floor":11.0,"turns":5.0},{"damage":25.0,"enemies":"The Mushroom Lair","floor":14.0,"turns":4.0},{"damage":38.0,"enemies":"The Guardian","floor":16.0,"turns":16.0},{"damage":30.0,"enemies":"Shell Parasite","floor":18.0,"turns":10.0},{"damage":31.0,"enemies":"Spheric Guardian","floor":21.0,"turns":7.0},{"damage":30,"enemies":"Centurion and Healer","floor":22,"turns":6},{"damage":17,"enemies":"Slavers","floor":23,"turns":2}],"seed_played":"5708497075114852060","potions_obtained":[{"floor":3.0,"key":"ats:Top Emergency Sanity Potion"},{"floor":6.0,"key":"DistilledChaos"},{"floor":11.0,"key":"SkillPotion"},{"floor":18.0,"key":"SpeedPotion"}],"is_trial":false,"path_per_floor":["M","?","M","M","?","E","M","R","T","?","E","T","$","?","R","B",null,"M","$","?","M","M","E"],"character_chosen":"DOCTOR_CLASS","items_purchased":["Juzu Bracelet","ats:Counter Healing Mode"],"campfire_rested":2,"item_purchase_floors":[13,19],"current_hp_per_floor":[79,68,70,74,74,13,15,38,38,38,22,22,22,14,38,13,81,65,65,49,33,18,1,1],"gold":197,"neow_bonus":"TEN_PERCENT_HP_BONUS","is_daily":false,"chose_seed":false,"campfire_upgraded":0,"win_rate":0.0,"timestamp":1610463012,"path_taken":["M","?","M","M","?","E","M","R","T","?","E","?","$","?","R","BOSS","M","$","?","M","M","E"],"items_purchased_type":["Relic","Card"],"build_version":"2020-12-22","purchased_purges":2,"victory":false,"max_hp_per_floor":[79,79,79,79,79,79,79,79,79,79,79,79,79,81,81,81,81,81,81,81,83,83,83,83],"card_choices":[{"not_picked":["ats:Ignite","ats:Steam Pump"],"picked":"ats:Magnetic Hammer","floor":1.0},{"not_picked":["ats:Childhood Dance","ats:LN2 Cannon"],"picked":"ats:Thorns","floor":3.0},{"not_picked":["ats:Support Order","ats:Ignite"],"picked":"ats:Spore Proliferation","floor":4.0},{"not_picked":["ats:Explosion Area Strengthen","ats:Encircling Forest"],"picked":"ats:Beaten Up","floor":6.0},{"not_picked":["ats:Explosion Area Strengthen","ats:Cat Scratch"],"picked":"ats:Demon Strength","floor":7.0},{"not_picked":["ats:Demon Strength","ats:Ignite"],"picked":"ats:Apocalypse","floor":11.0},{"not_picked":["ats:Shell Defense","ats:Sunburst","ats:Leaping Hammer"],"picked":"Singing Bowl","floor":14.0},{"not_picked":["ats:Wolf Pack","ats:Rat Pack"],"picked":"ats:Soul Rend","floor":16.0},{"not_picked":["ats:Poison Spread","ats:Leaping Hammer+1"],"picked":"ats:Consecutive Shot Auto+1","floor":18.0},{"not_picked":["ats:Sword Rain","ats:Explosion Area Strengthen","ats:Demon Strength"],"picked":"Singing Bowl","floor":21.0},{"not_picked":["ats:Shadow Raid","ats:Powerful Strike"],"picked":"ats:Healing Strengthening","floor":22}],"player_experience":62341,"relics_obtained":[{"floor":6.0,"key":"ats:Originium"},{"floor":6.0,"key":"Kunai"},{"floor":9.0,"key":"Singing Bowl"},{"floor":11.0,"key":"ats:Originium"},{"floor":11.0,"key":"AT_BladeRuinedKing"},{"floor":12.0,"key":"Bottled Tornado"},{"floor":14.0,"key":"Odd Mushroom"},{"floor":20.0,"key":"Enchiridion"}],"event_choices":[{"damage_healed":0.0,"max_hp_gain":0.0,"max_hp_loss":0.0,"gold_gain":75.0,"event_name":"World of Goop","player_choice":"Gather Gold","floor":2.0,"gold_loss":0.0,"damage_taken":11.0},{"damage_healed":0.0,"max_hp_gain":0.0,"max_hp_loss":0.0,"gold_gain":0.0,"event_name":"Big Fish","player_choice":"Box","floor":5.0,"gold_loss":0.0,"damage_taken":0.0,"relics_obtained":["PreservedInsect"],"cards_obtained":["Regret"]},{"damage_healed":0.0,"max_hp_gain":0.0,"max_hp_loss":0.0,"gold_gain":0.0,"event_name":"Golden Idol","player_choice":"Take Wound","floor":10.0,"gold_loss":0.0,"damage_taken":0.0,"relics_obtained":["Golden Idol"],"cards_obtained":["Injury"]},{"damage_healed":0.0,"max_hp_gain":0.0,"max_hp_loss":0.0,"gold_gain":0.0,"event_name":"Mushrooms","player_choice":"Fought Mushrooms","floor":14.0,"gold_loss":0.0,"damage_taken":0.0},{"damage_healed":0.0,"max_hp_gain":0.0,"max_hp_loss":0.0,"gold_gain":0.0,"event_name":"Cursed Tome","player_choice":"Obtained Book","floor":20.0,"gold_loss":0.0,"damage_taken":16.0}],"is_beta":false,"boss_relics":[{"not_picked":["Astrolabe","Philosopher\u0027s Stone"],"picked":"Runic Pyramid"}],"items_purged_floors":[13,19],"is_endless":false,"potions_floor_spawned":[3,6,11,18],"killed_by":"Slavers","ascension_level":0}}