{"host":"t9q14bihfoo75lsb","time":1611796243,"event":{"mods":["BaseMod","Better Third Choice","Challenge The Spire","Hermit","Infinite Spire","Koishi","Minty Spire (QoL Compilation)","Reworked Bosses","Shop Mod","Spicy Shops","StSLib","The Cursed","The Dragon Tamer","The Hierophant","The Runesmith"],"gold_per_floor":[109,109,128,139,156,156,188,255,308,308,308,156,176,192,192,294,294,313,313,228,242,273,273,308,162,162,162],"floor_reached":25,"language":"KOR","playtime":1426,"items_purged":[],"score":296,"play_id":"f0215240-ed2a-4a7d-b440-f8d20ca8c8a8","local_time":"20210128101043","is_ascension_mode":false,"metric_token":991,"campfire_choices":[{"data":"DTMod:DoubleHit","floor":6.0,"key":"SMITH"},{"data":"DTMod:DragonDance","floor":11.0,"key":"SMITH"},{"data":"DTMod:TriAttack","floor":15.0,"key":"SMITH"},{"floor":23,"key":"REST"}],"dtmod_dragon_data":[3,50,3,-1,14,0],"circlet_count":0,"master_deck":["DTMod:Strike+1","DTMod:Strike+1","DTMod:Strike","DTMod:DoubleHit+1","DTMod:TargetDefense","DTMod:TargetDefense","DTMod:TargetDefense","DTMod:TargetDefense","DTMod:SwitchingTactic","DTMod:LightShield","DTMod:Training+1","DTMod:Hide","DTMod:Coolant","DTMod:TriAttack+1","DTMod:DragonDance+1","DTMod:QuickFly","DTMod:ComboAttack","DTMod:SealedStrike","DTMod:Threaten+1","DTMod:ComboAttack+1"],"relics":["DTMod:PactStone","HornCleat","Whetstone","Sozu","betterThird:NestCultRelic","Orichalcum","Red Mask","Lantern","MerchantsRug"],"acts_visited":["TheCity"],"potions_floor_usage":[],"damage_taken":[{"damage":0.0,"enemies":"Small Slimes","floor":1.0,"turns":3.0},{"damage":0.0,"enemies":"Cultist","floor":3.0,"turns":3.0},{"damage":0.0,"enemies":"Jaw Worm","floor":4.0,"turns":3.0},{"damage":5.0,"enemies":"Large Slime","floor":5.0,"turns":8.0},{"damage":0.0,"enemies":"3 Sentries","floor":7.0,"turns":10.0},{"damage":0.0,"enemies":"Gremlin Gang","floor":13.0,"turns":5.0},{"damage":0.0,"enemies":"Looter","floor":14.0,"turns":3.0},{"damage":0.0,"enemies":"Hexaghost","floor":16.0,"turns":8.0},{"damage":0,"enemies":"2 Thieves","floor":18,"turns":3},{"damage":0,"enemies":"Shell Parasite","floor":21,"turns":4},{"damage":30,"enemies":"Masked Bandits","floor":22,"turns":6},{"damage":19,"enemies":"Gremlin Leader","floor":24,"turns":7}],"seed_played":"5207326097114552004","potions_obtained":[{"floor":3.0,"key":"Fire Potion"},{"floor":4.0,"key":"SteroidPotion"},{"floor":7.0,"key":"CultistPotion"}],"is_trial":false,"path_per_floor":["M","?","M","M","M","R","E","?","T","?","R","$","M","M","R","B",null,"M","?","?","M","?","R","E","$"],"character_chosen":"THE_DT","items_purchased":["Whetstone","MerchantsRug"],"campfire_rested":1,"item_purchase_floors":[12,25],"current_hp_per_floor":[45,45,45,45,40,40,40,40,40,40,40,40,40,40,40,40,45,45,45,45,45,15,28,9,9,9,9],"gold":162,"neow_bonus":"ONE_RANDOM_RARE_CARD","is_daily":false,"chose_seed":false,"campfire_upgraded":3,"win_rate":0.0,"timestamp":1611796243,"path_taken":["M","?","M","?","M","R","E","?","T","?","R","$","?","M","R","BOSS","M","?","?","M","?","R","E","$"],"items_purchased_type":["Relic","Relic"],"build_version":"2020-12-22","purchased_purges":0,"victory":false,"max_hp_per_floor":[45,45,45,45,45,45,45,45,45,45,45,45,45,45,45,45,45,45,45,45,45,45,45,45,45,45,45],"card_choices":[{"not_picked":["DTMod:Threaten","DTMod:InvisibleFlame"],"picked":"DTMod:Training","floor":1.0},{"not_picked":["DTMod:FlameSlash","DTMod:BuildUp"],"picked":"DTMod:Hide","floor":3.0},{"not_picked":["DTMod:Observe","DTMod:RecklessFlurry","DTMod:MagicField"],"picked":"SKIP","floor":4.0},{"not_picked":["DTMod:Weaken","DTMod:ShieldDrain"],"picked":"DTMod:Coolant","floor":5.0},{"not_picked":["DTMod:Punisher","DTMod:FierySynthesis"],"picked":"DTMod:TriAttack","floor":7.0},{"not_picked":["DTMod:RunningTactic","DTMod:Observe"],"picked":"DTMod:QuickFly","floor":13.0},{"not_picked":["DTMod:BurningEnergy","DTMod:BizarreTactic"],"picked":"DTMod:ComboAttack","floor":14.0},{"not_picked":["DTMod:GearUp","DTMod:ResonanceForm"],"picked":"DTMod:SealedStrike","floor":16.0},{"not_picked":["DTMod:ComboAttack","DTMod:Astonish+1"],"picked":"DTMod:Threaten+1","floor":18},{"not_picked":["DTMod:Adaptation","DTMod:Conduct","DTMod:BizarreTactic"],"picked":"SKIP","floor":21},{"not_picked":["DTMod:Weaken","DTMod:BurningForce+1"],"picked":"DTMod:ComboAttack+1","floor":22},{"not_picked":["DTMod:MasterPlan","DTMod:HeatWave","DTMod:TriAttack"],"picked":"SKIP","floor":24}],"player_experience":479898,"relics_obtained":[{"floor":7.0,"key":"HornCleat"},{"floor":22,"key":"Red Mask"},{"floor":24,"key":"Lantern"}],"event_choices":[{"damage_healed":0.0,"max_hp_gain":0.0,"max_hp_loss":0.0,"gold_gain":0.0,"event_name":"Upgrade Shrine","player_choice":"Upgraded","floor":2.0,"gold_loss":0.0,"damage_taken":0.0,"cards_upgraded":["DTMod:Training"]},{"damage_healed":0.0,"max_hp_gain":0.0,"max_hp_loss":0.0,"gold_gain":67.0,"event_name":"Golden Wing","player_choice":"Gained Gold","floor":8.0,"gold_loss":0.0,"damage_taken":0.0},{"damage_healed":0.0,"max_hp_gain":0.0,"max_hp_loss":0.0,"gold_gain":0.0,"cards_transformed":["DTMod:Strike"],"event_name":"Transmorgrifier","player_choice":"Transformed","floor":10.0,"gold_loss":0.0,"damage_taken":0.0,"cards_obtained":["DTMod:DragonDance"]},{"damage_healed":0,"gold_gain":0,"player_choice":"Madness","damage_taken":0,"relics_obtained":["betterThird:NestCultRelic"],"max_hp_gain":0,"max_hp_loss":0,"event_name":"betterThird:BetterNest","floor":19,"gold_loss":0},{"damage_healed":0,"gold_gain":0,"player_choice":"Obtained Relic","damage_taken":0,"relics_obtained":["Orichalcum"],"max_hp_gain":0,"max_hp_loss":0,"event_name":"Addict","floor":20,"gold_loss":85},{"damage_healed":0,"gold_gain":0,"player_choice":"Fought Bandits","damage_taken":0,"max_hp_gain":0,"max_hp_loss":0,"event_name":"Masked Bandits","floor":22,"gold_loss":0}],"is_beta":false,"boss_relics":[{"not_picked":["SacredBark","SlaversCollar"],"picked":"Sozu"}],"items_purged_floors":[],"is_endless":false,"potions_floor_spawned":[3,4,7,18,22],"ascension_level":0}}