{"host":"8xi53560pl5zaoq2","time":1611807583,"event":{"mods":["BaseMod","Bestiary","Colored Map","Highlight Path","Minty Spire (QoL Compilation)","StSLib","Synergy Search"],"gold_per_floor":[115,290,290,20,20,20,50,70,70,98,114,114,191,212,212,307,307,328,342,342,6,26,26,57,57,57,82,82,82,82,98,98,197,197,210,230,254,254,279,323,323,367,367,390,723,152,152,169,169,169],"floor_reached":51,"language":"ENG","playtime":2564,"items_purged":["Doubt","Reaper"],"score":1400,"play_id":"b58711de-02cc-40d6-8dc7-ecfe2127d9f8","local_time":"20210127211943","is_ascension_mode":true,"campfire_choices":[{"data":"Bash","floor":6,"key":"SMITH"},{"data":"Demon Form","floor":15,"key":"SMITH"},{"data":"Shockwave","floor":23,"key":"SMITH"},{"data":"Heavy Blade","floor":25,"key":"SMITH"},{"data":"Shrug It Off","floor":30,"key":"SMITH"},{"data":"Shrug It Off","floor":32,"key":"SMITH"},{"floor":41,"key":"REST"},{"data":"Metallicize","floor":49,"key":"SMITH"}],"circlet_count":0,"master_deck":["AscendersBane","Defend_R","Defend_R","Defend_R","Bash+1","Shrug It Off+1","Metallicize+1","Clash","Demon Form+1","Heavy Blade+1","Shrug It Off+1","Shockwave+1","Headbutt+1","Bite","Bite+1","Bite","Bite","Feel No Pain+1"],"relics":["Burning Blood","HornCleat","Sling","Regal Pillow","Singing Bowl","TungstenRod","Pantograph","Velvet Choker","TheAbacus","Anchor","Frozen Egg 2","Dead Branch","Busted Crown","Gremlin Horn","Pen Nib","Whetstone","Happy Flower","Juzu Bracelet"],"acts_visited":["Exordium","TheCity","TheBeyond"],"potions_floor_usage":[10,18,40,50],"damage_taken":[{"damage":2,"enemies":"Jaw Worm","floor":1,"turns":5},{"damage":29,"enemies":"Lagavulin","floor":7,"turns":8},{"damage":5,"enemies":"2 Louse","floor":8,"turns":4},{"damage":0,"enemies":"Gremlin Nob","floor":10,"turns":3},{"damage":9,"enemies":"Small Slimes","floor":11,"turns":5},{"damage":4,"enemies":"Blue Slaver","floor":14,"turns":4},{"damage":31,"enemies":"The Guardian","floor":16,"turns":10},{"damage":25,"enemies":"3 Byrds","floor":18,"turns":5},{"damage":8,"enemies":"Chosen","floor":19,"turns":6},{"damage":16,"enemies":"Shelled Parasite and Fungi","floor":22,"turns":6},{"damage":17,"enemies":"Book of Stabbing","floor":24,"turns":5},{"damage":21,"enemies":"3 Cultists","floor":27,"turns":8},{"damage":7,"enemies":"Chosen and Byrds","floor":31,"turns":5},{"damage":7,"enemies":"Champ","floor":33,"turns":7},{"damage":6,"enemies":"3 Shapes","floor":35,"turns":6},{"damage":9,"enemies":"Orb Walker","floor":36,"turns":4},{"damage":0,"enemies":"Jaw Worm Horde","floor":37,"turns":3},{"damage":7,"enemies":"Transient","floor":39,"turns":5},{"damage":66,"enemies":"Reptomancer","floor":40,"turns":8},{"damage":50,"enemies":"Giant Head","floor":42,"turns":7},{"damage":0,"enemies":"Maw","floor":44,"turns":5},{"damage":2,"enemies":"Spire Growth","floor":48,"turns":5},{"damage":35,"enemies":"Time Eater","floor":50,"turns":8}],"seed_played":"978710114955514915","potions_obtained":[{"floor":8,"key":"AttackPotion"},{"floor":11,"key":"LiquidBronze"},{"floor":18,"key":"SpeedPotion"},{"floor":31,"key":"AttackPotion"},{"floor":36,"key":"Regen Potion"},{"floor":42,"key":"Explosive Potion"}],"is_trial":false,"path_per_floor":["M","?","?","$","?","R","E","M","T","E","M","?","T","M","R","B",null,"M","M","?","$","M","R","E","R","T","M","T","?","R","M","R","B",null,"M","M","M","?","M","E","R","E","T","M","?","$","?","M","R","B",null],"character_chosen":"IRONCLAD","items_purchased":["Sling","Metallicize","Shockwave","Blood Vial","TheAbacus","Happy Flower","Feel No Pain+1","Juzu Bracelet","LiquidMemories","BlessingOfTheForge"],"campfire_rested":1,"item_purchase_floors":[4,4,21,21,21,46,46,46,46,46],"current_hp_per_floor":[79,79,76,76,81,81,58,59,59,65,62,42,42,46,46,46,78,66,66,66,66,72,72,76,76,76,80,80,80,80,97,97,99,99,101,103,105,105,107,63,109,75,75,103,103,103,103,115,115,94],"gold":169,"neow_bonus":"TEN_PERCENT_HP_BONUS","is_daily":false,"chose_seed":false,"campfire_upgraded":7,"win_rate":0.0,"timestamp":1611807583,"path_taken":["M","?","?","$","?","R","E","?","T","E","M","?","?","M","R","BOSS","M","M","?","$","M","R","E","R","T","?","?","?","R","M","R","BOSS","M","M","M","?","M","E","R","E","T","M","?","$","?","M","R","BOSS"],"items_purchased_type":["Relic","Card","Card","Relic","Relic","Relic","Card","Relic","Potion","Potion"],"build_version":"2020-12-22","purchased_purges":2,"victory":true,"max_hp_per_floor":[82,82,82,82,87,87,87,87,87,87,87,87,87,89,89,89,89,89,91,91,91,93,93,93,93,93,95,95,95,95,97,97,99,99,101,103,105,105,107,109,109,111,111,113,113,113,113,115,115,115],"card_choices":[{"not_picked":["Rage","Headbutt"],"picked":"Shrug It Off","floor":1},{"not_picked":["Infernal Blade","Armaments"],"picked":"Clash","floor":7},{"not_picked":["Anger","Warcry","Sword Boomerang"],"picked":"SKIP","floor":8},{"not_picked":["Blood for Blood","Anger"],"picked":"Demon Form","floor":10},{"not_picked":["Clash","Sword Boomerang"],"picked":"Heavy Blade","floor":11},{"not_picked":["Hemokinesis","Clash","Warcry"],"picked":"Singing Bowl","floor":14},{"not_picked":["Bludgeon","Corruption"],"picked":"Reaper","floor":16},{"not_picked":["Anger","Perfected Strike"],"picked":"Shrug It Off","floor":18},{"not_picked":["Sword Boomerang","Perfected Strike","Flex"],"picked":"Singing Bowl","floor":19},{"not_picked":["Intimidate","Second Wind","Dual Wield"],"picked":"Singing Bowl","floor":22},{"not_picked":["Bloodletting","Iron Wave"],"picked":"Headbutt+1","floor":24},{"not_picked":["Sentinel","Clothesline","True Grit"],"picked":"Singing Bowl","floor":27},{"not_picked":["Clash+1","Warcry+1","Whirlwind"],"picked":"Singing Bowl","floor":31},{"not_picked":["Double Tap","Offering","Juggernaut+1"],"picked":"Singing Bowl","floor":33},{"not_picked":["Cleave"],"picked":"Singing Bowl","floor":35},{"not_picked":["Armaments"],"picked":"Singing Bowl","floor":36},{"not_picked":["Wild Strike"],"picked":"Singing Bowl","floor":37},{"not_picked":["Twin Strike"],"picked":"Singing Bowl","floor":39},{"not_picked":["Shrug It Off"],"picked":"Singing Bowl","floor":40},{"not_picked":["Iron Wave"],"picked":"Singing Bowl","floor":42},{"not_picked":["Havoc"],"picked":"Singing Bowl","floor":44},{"not_picked":["Rage"],"picked":"Singing Bowl","floor":48}],"player_experience":1310436,"relics_obtained":[{"floor":7,"key":"Regal Pillow"},{"floor":9,"key":"Singing Bowl"},{"floor":10,"key":"TungstenRod"},{"floor":13,"key":"Pantograph"},{"floor":24,"key":"Anchor"},{"floor":26,"key":"Frozen Egg 2"},{"floor":28,"key":"Dead Branch"},{"floor":40,"key":"Gremlin Horn"},{"floor":42,"key":"Pen Nib"},{"floor":43,"key":"Whetstone"}],"event_choices":[{"damage_healed":0,"gold_gain":175,"player_choice":"AGREE","damage_taken":0,"max_hp_gain":0,"max_hp_loss":0,"event_name":"Liars Game","floor":2,"gold_loss":0,"cards_obtained":["Doubt"]},{"damage_healed":0,"gold_gain":0,"player_choice":"Success","damage_taken":3,"relics_obtained":["HornCleat"],"max_hp_gain":0,"max_hp_loss":0,"event_name":"Scrap Ooze","floor":3,"gold_loss":0},{"damage_healed":0,"gold_gain":0,"player_choice":"Donut","damage_taken":0,"max_hp_gain":5,"max_hp_loss":0,"event_name":"Big Fish","floor":5,"gold_loss":0},{"damage_healed":0,"gold_gain":0,"player_choice":"Take Damage","damage_taken":21,"relics_obtained":["Golden Idol"],"max_hp_gain":0,"max_hp_loss":0,"event_name":"Golden Idol","floor":12,"gold_loss":0},{"cards_removed":["Defend_R"],"damage_healed":0,"gold_gain":0,"player_choice":"Purged","damage_taken":0,"max_hp_gain":0,"max_hp_loss":0,"event_name":"Purifier","floor":20,"gold_loss":0},{"damage_healed":0,"gold_gain":0,"player_choice":"Became a vampire (Vial)","damage_taken":0,"max_hp_gain":0,"max_hp_loss":0,"event_name":"Vampires","floor":29,"relics_lost":["Blood Vial"],"gold_loss":0,"cards_obtained":["Bite","Bite","Bite","Bite","Bite"]},{"damage_healed":0,"gold_gain":0,"player_choice":"Ignored","damage_taken":0,"max_hp_gain":0,"max_hp_loss":0,"event_name":"Tomb of Lord Red Mask","floor":38,"gold_loss":0},{"damage_healed":0,"gold_gain":333,"player_choice":"Gave Idol","damage_taken":0,"max_hp_gain":0,"max_hp_loss":0,"event_name":"The Moai Head","floor":45,"relics_lost":["Golden Idol"],"gold_loss":0},{"cards_removed":["Bite"],"damage_healed":0,"gold_gain":0,"player_choice":"Removed Attack","damage_taken":0,"max_hp_gain":0,"max_hp_loss":0,"event_name":"Falling","floor":47,"gold_loss":0}],"is_beta":false,"boss_relics":[{"not_picked":["Astrolabe","Tiny House"],"picked":"Velvet Choker"},{"not_picked":["Sozu","Pandora\u0027s Box"],"picked":"Busted Crown"}],"items_purged_floors":[4,46],"is_endless":false,"potions_floor_spawned":[8,11,18,31,33,36,42],"ascension_level":14}}