{"host":"lip44byzewa3adv8","time":1611870684,"event":{"mods":["BaseMod","Curses Come First","Minty Spire (QoL Compilation)","Relic Sorter","Relic Stats","StSLib","Synergy Search"],"gold_per_floor":[109,109,70,145,145,170,17,17,17,17,45,55,55,65,65,163,163,183,196,196,212,229,260,272,7,7,40,40,52,52,69,69,69,69],"floor_reached":33,"language":"ENG","playtime":1262,"items_purged":["Defend_R"],"score":320,"play_id":"53f4368d-2088-4ad3-97f1-5cb41f22b116","local_time":"20210128165124","is_ascension_mode":false,"campfire_choices":[{"floor":8,"key":"REST"},{"data":"True Grit","floor":13,"key":"SMITH"},{"data":"Feel No Pain","floor":15,"key":"SMITH"},{"floor":28,"key":"REST"},{"data":"Feel No Pain","floor":30,"key":"SMITH"},{"floor":32,"key":"DIG"}],"circlet_count":0,"master_deck":["Strike_R","Strike_R","Strike_R","Strike_R","Strike_R","Defend_R+1","Bash","Iron Wave+1","Feel No Pain+1","Iron Wave","True Grit+1","Spot Weakness","Exhume","Warcry","Spot Weakness","Pummel","Shrug It Off+1","Feel No Pain+1","Cleave","Carnage"],"relics":["Runic Dome","Du-Vu Doll","Letter Opener","Bronze Scales","StrikeDummy","Mummified Hand","Empty Cage","Blood Vial","Shovel","Omamori","The Courier","Thread and Needle","MealTicket"],"acts_visited":["Exordium","TheCity"],"potions_floor_usage":[23,31,31],"damage_taken":[{"damage":0,"enemies":"Cultist","floor":1,"turns":3},{"damage":26,"enemies":"Lagavulin","floor":6,"turns":7},{"damage":7,"enemies":"3 Sentries","floor":11,"turns":7},{"damage":0,"enemies":"2 Louse","floor":12,"turns":1},{"damage":3,"enemies":"Jaw Worm","floor":14,"turns":2},{"damage":40,"enemies":"Slime Boss","floor":16,"turns":7},{"damage":14,"enemies":"Spheric Guardian","floor":18,"turns":5},{"damage":1,"enemies":"3 Byrds","floor":19,"turns":4},{"damage":10,"enemies":"Shelled Parasite and Fungi","floor":21,"turns":5},{"damage":15,"enemies":"Snecko","floor":22,"turns":4},{"damage":35,"enemies":"Slavers","floor":23,"turns":6},{"damage":11,"enemies":"3 Cultists","floor":24,"turns":6},{"damage":0,"enemies":"Gremlin Leader","floor":27,"turns":7},{"damage":0,"enemies":"Cultist and Chosen","floor":29,"turns":4},{"damage":8,"enemies":"Shelled Parasite and Fungi","floor":31,"turns":4},{"damage":35,"enemies":"Automaton","floor":33,"turns":6}],"seed_played":"7654070225452445741","potions_obtained":[{"floor":11,"key":"Ancient Potion"},{"floor":12,"key":"GamblersBrew"},{"floor":21,"key":"SneckoOil"},{"floor":23,"key":"Weak Potion"},{"floor":24,"key":"SpeedPotion"},{"floor":27,"key":"Block Potion"}],"is_trial":false,"path_per_floor":["M","?","$","?","T","E","$","R","T","$","E","M","R","M","R","B",null,"M","M","?","M","M","E","M","$","T","E","R","M","R","M","R","B"],"character_chosen":"IRONCLAD","items_purchased":["Feel No Pain","Bronze Scales","Omamori","Carnage"],"campfire_rested":2,"item_purchase_floors":[3,7,25,25],"current_hp_per_floor":[80,64,64,53,53,27,27,51,51,51,44,44,44,41,41,1,80,66,65,65,57,44,11,2,2,2,4,28,30,30,24,24,0,0],"gold":69,"neow_bonus":"BOSS_RELIC","is_daily":false,"chose_seed":false,"campfire_upgraded":3,"win_rate":0.0,"timestamp":1611870684,"path_taken":["M","?","$","?","?","E","$","R","T","?","E","M","R","M","R","BOSS","M","M","?","M","M","E","M","$","T","E","R","M","R","M","R","BOSS"],"items_purchased_type":["Card","Relic","Relic","Card"],"build_version":"2020-12-22","purchased_purges":1,"victory":false,"max_hp_per_floor":[80,80,80,80,80,80,80,80,80,80,80,80,80,80,80,80,80,80,80,80,80,80,80,80,80,80,80,80,80,80,80,80,80,80],"relic_stats":{"Blood Vial":16,"Shovel":1,"counters":[16,78],"Mummified Hand":[19],"Bronze Scales":[163],"MealTicket":0,"Letter Opener":[39],"obtain_stats":[{"Thread and Needle":27,"The Courier":26,"Omamori":25,"Letter Opener":6,"Empty Cage":17,"Burning Blood":0,"Du-Vu Doll":5,"Blood Vial":20,"Runic Dome":0,"Shovel":23,"Mummified Hand":11,"Bronze Scales":7,"MealTicket":32,"StrikeDummy":9},{"Thread and Needle":13,"The Courier":12,"Omamori":12,"Letter Opener":2,"Empty Cage":6,"Burning Blood":0,"Du-Vu Doll":1,"Blood Vial":8,"Runic Dome":0,"Shovel":11,"Mummified Hand":3,"Bronze Scales":2,"MealTicket":15,"StrikeDummy":2},{"Thread and Needle":64,"The Courier":57,"Omamori":57,"Letter Opener":10,"Empty Cage":27,"Burning Blood":0,"Du-Vu Doll":3,"Blood Vial":36,"Runic Dome":0,"Shovel":51,"Mummified Hand":17,"Bronze Scales":10,"MealTicket":72,"StrikeDummy":10}]},"card_choices":[{"not_picked":["Headbutt","Twin Strike"],"picked":"Iron Wave","floor":1},{"not_picked":["Clothesline","Shrug It Off"],"picked":"Iron Wave","floor":6},{"not_picked":["Sword Boomerang","Sever Soul","Pommel Strike"],"picked":"SKIP","floor":11},{"not_picked":["Perfected Strike","Iron Wave"],"picked":"True Grit","floor":12},{"not_picked":["Wild Strike","Cleave"],"picked":"Spot Weakness","floor":14},{"not_picked":["Limit Break","Double Tap"],"picked":"Exhume","floor":16},{"not_picked":["Headbutt","Anger+1"],"picked":"Warcry","floor":18},{"not_picked":["Rampage","Clash"],"picked":"Spot Weakness","floor":19},{"not_picked":["Sever Soul","Ghostly Armor"],"picked":"Pummel","floor":21},{"not_picked":["Perfected Strike","Havoc"],"picked":"Shrug It Off+1","floor":22},{"not_picked":["Limit Break","Armaments+1"],"picked":"Feel No Pain","floor":23},{"not_picked":["Heavy Blade","Havoc"],"picked":"Cleave","floor":24},{"not_picked":["Rupture+1","Clash","Combust"],"picked":"SKIP","floor":27},{"not_picked":["Dark Embrace","Infernal Blade","Intimidate+1"],"picked":"SKIP","floor":29},{"not_picked":["Flex+1","Body Slam","Perfected Strike"],"picked":"SKIP","floor":31}],"player_experience":780948,"relics_obtained":[{"floor":5,"key":"Du-Vu Doll"},{"floor":6,"key":"Letter Opener"},{"floor":9,"key":"StrikeDummy"},{"floor":11,"key":"Mummified Hand"},{"floor":23,"key":"Shovel"},{"floor":26,"key":"The Courier"},{"floor":27,"key":"Thread and Needle"},{"floor":32,"key":"MealTicket"}],"event_choices":[{"damage_healed":0,"gold_gain":0,"player_choice":"Entered Light","damage_taken":16,"max_hp_gain":0,"max_hp_loss":0,"event_name":"Shining Light","floor":2,"gold_loss":0,"cards_upgraded":["Iron Wave","Defend_R"]},{"damage_healed":0,"gold_gain":75,"player_choice":"Gather Gold","damage_taken":11,"max_hp_gain":0,"max_hp_loss":0,"event_name":"World of Goop","floor":4,"gold_loss":0},{"damage_healed":0,"gold_gain":0,"player_choice":"Opened","damage_taken":0,"relics_obtained":["Blood Vial"],"max_hp_gain":0,"max_hp_loss":0,"event_name":"The Mausoleum","floor":20,"gold_loss":0}],"is_beta":false,"boss_relics":[{"not_picked":["Coffee Dripper","Tiny House"],"picked":"Empty Cage"}],"items_purged_floors":[25],"is_endless":false,"potions_floor_spawned":[11,12,21,23,24,27],"killed_by":"Automaton","ascension_level":0}}