{"host":"w01zow3jg16g8jdh","time":1611849394,"event":{"mods":["AchievementEnabler","BaseMod","DeckTracker","Keyboard Shortcuts","Minty Spire (QoL Compilation)","Permanent Neow","StSLib","SuperFastMode"],"gold_per_floor":[113,126,139,158,175,200,200,218,242,242,242,257,182,196,196,196,196],"floor_reached":16,"language":"KOR","playtime":312,"items_purged":["Strike_G"],"score":212,"play_id":"a7d080fd-c822-4e4b-955f-d9d213f6c95f","local_time":"20210129005634","is_ascension_mode":true,"campfire_choices":[{"data":"Tactician","floor":7.0,"key":"SMITH"},{"data":"Dagger Spray","floor":10.0,"key":"SMITH"},{"data":"Tactician","floor":15.0,"key":"SMITH"}],"circlet_count":0,"master_deck":["AscendersBane","Strike_G","Strike_G","Strike_G","Strike_G","Defend_G","Defend_G","Defend_G","Defend_G","Survivor","Neutralize","Tactician+1","Dagger Spray+1","Blade Dance","Acrobatics","Dagger Throw","Tactician+1"],"relics":["Ring of the Snake","Potion Belt","PreservedInsect","Golden Idol"],"acts_visited":["Exordium"],"potions_floor_usage":[16,16],"damage_taken":[{"damage":1.0,"enemies":"2 Louse","floor":1.0,"turns":3.0},{"damage":9.0,"enemies":"Jaw Worm","floor":2.0,"turns":5.0},{"damage":2.0,"enemies":"Cultist","floor":3.0,"turns":4.0},{"damage":6.0,"enemies":"Looter","floor":4.0,"turns":4.0},{"damage":1.0,"enemies":"Blue Slaver","floor":5.0,"turns":4.0},{"damage":15.0,"enemies":"Lagavulin","floor":6.0,"turns":5.0},{"damage":1.0,"enemies":"Large Slime","floor":8.0,"turns":4.0},{"damage":10.0,"enemies":"Exordium Wildlife","floor":12.0,"turns":4.0},{"damage":0.0,"enemies":"Exordium Thugs","floor":14.0,"turns":4.0},{"damage":16,"enemies":"Slime Boss","floor":16,"turns":6}],"seed_played":"-5011349385696591260","potions_obtained":[{"floor":1.0,"key":"PowerPotion"},{"floor":2.0,"key":"Poison Potion"},{"floor":6.0,"key":"GhostInAJar"},{"floor":12.0,"key":"Block Potion"}],"is_trial":false,"path_per_floor":["M","M","M","M","M","E","R","M","T","R","?","M","$","M","R","B"],"character_chosen":"THE_SILENT","items_purchased":[],"campfire_rested":0,"item_purchase_floors":[],"current_hp_per_floor":[58,49,47,41,40,25,25,24,24,24,24,14,14,14,14,0,0],"gold":196,"neow_bonus":"REMOVE_CARD","is_daily":false,"chose_seed":false,"campfire_upgraded":3,"win_rate":0.0,"timestamp":1611849394,"path_taken":["M","M","M","M","M","E","R","M","T","R","?","M","$","M","R","BOSS"],"items_purchased_type":[],"build_version":"2020-12-22","purchased_purges":1,"victory":false,"max_hp_per_floor":[66,66,66,66,66,66,66,66,66,66,60,60,60,60,60,60,60],"card_choices":[{"not_picked":["Dodge and Roll","Crippling Poison"],"picked":"Tactician","floor":1.0},{"not_picked":["PiercingWail","Tactician"],"picked":"Dagger Spray","floor":2.0},{"not_picked":["Slice","Poisoned Stab"],"picked":"Blade Dance","floor":3.0},{"not_picked":["Flechettes","Deflect","Slice"],"picked":"SKIP","floor":4.0},{"not_picked":["Flying Knee","Bane","Dagger Spray"],"picked":"SKIP","floor":5.0},{"not_picked":["Wraith Form v2","Quick Slash"],"picked":"Acrobatics","floor":6.0},{"not_picked":["Dagger Spray","Prepared"],"picked":"Dagger Throw","floor":8.0},{"not_picked":["Blade Dance","Quick Slash"],"picked":"Tactician","floor":12.0},{"not_picked":["Choke","Dash","Slice"],"picked":"SKIP","floor":14.0}],"player_experience":328685,"relics_obtained":[{"floor":6.0,"key":"Potion Belt"},{"floor":9.0,"key":"PreservedInsect"}],"event_choices":[{"damage_healed":0.0,"max_hp_gain":0.0,"max_hp_loss":6.0,"gold_gain":0.0,"event_name":"Golden Idol","player_choice":"Lose Max HP","floor":11.0,"gold_loss":0.0,"damage_taken":0.0,"relics_obtained":["Golden Idol"]}],"is_beta":false,"boss_relics":[],"items_purged_floors":[13],"is_endless":false,"potions_floor_spawned":[1,2,6,12],"killed_by":"Slime Boss","ascension_level":20}}