{"host":"3jjxuhjpio8e4zkv","time":1611795936,"event":{"mods":["BaseMod","Colored Map","Highlight Path","Minty Spire (QoL Compilation)","Permanent Neow","Relic Stats","StSLib"],"gold_per_floor":[111,126,76,89,89,89,122,122,122,122,142,157,157,28,28,105,105,117,128,44,60,60,94,94,121,121,171,188,198,198,212,212,285,285,298,298,298,308,327,327,327,327],"floor_reached":41,"language":"ENG","playtime":2172,"items_purged":["Strike_B"],"score":966,"play_id":"313dc153-3b50-4021-9e69-af8b46db47e5","local_time":"20210127200536","is_ascension_mode":true,"campfire_choices":[{"data":"Streamline","floor":6,"key":"SMITH"},{"data":"Sweeping Beam","floor":8,"key":"SMITH"},{"data":"Zap","floor":10,"key":"SMITH"},{"data":"Compile Driver","floor":13,"key":"SMITH"},{"data":"Cold Snap","floor":15,"key":"SMITH"},{"data":"Creative AI","floor":24,"key":"SMITH"},{"floor":30,"key":"REST"},{"floor":32,"key":"DIG"},{"floor":40,"key":"REST"}],"circlet_count":0,"master_deck":["AscendersBane","Strike_B","Strike_B","Strike_B","Defend_B+1","Defend_B","Defend_B","Defend_B","Zap+1","Dualcast+1","Sweeping Beam+1","Streamline+1","White Noise+1","Chill","Compile Driver+1","Cold Snap+1","Creative AI+1","Beam Cell+1","Hologram","Static Discharge","Reinforced Body","Undo+1","Steam+1","Fission","FTL","Defragment","Conserve Battery+1"],"relics":["Cracked Core","Eternal Feather","War Paint","Centennial Puzzle","TungstenRod","SlaversCollar","Bag of Preparation","Du-Vu Doll","Shovel","Juzu Bracelet","Nuclear Battery"],"acts_visited":["Exordium","TheCity","TheBeyond"],"potions_floor_usage":[16,23,28,29,39,41],"damage_taken":[{"damage":0,"enemies":"2 Louse","floor":1,"turns":3},{"damage":1,"enemies":"Cultist","floor":2,"turns":3},{"damage":0,"enemies":"Small Slimes","floor":4,"turns":2},{"damage":22,"enemies":"Lagavulin","floor":7,"turns":5},{"damage":8,"enemies":"Looter","floor":11,"turns":2},{"damage":0,"enemies":"Large Slime","floor":12,"turns":2},{"damage":0,"enemies":"Slime Boss","floor":16,"turns":5},{"damage":12,"enemies":"Chosen","floor":18,"turns":4},{"damage":14,"enemies":"2 Thieves","floor":19,"turns":4},{"damage":5,"enemies":"3 Cultists","floor":21,"turns":5},{"damage":7,"enemies":"Slavers","floor":23,"turns":2},{"damage":18,"enemies":"Gremlin Leader","floor":25,"turns":5},{"damage":10,"enemies":"Cultist and Chosen","floor":28,"turns":5},{"damage":4,"enemies":"Shelled Parasite and Fungi","floor":29,"turns":5},{"damage":11,"enemies":"Snake Plant","floor":31,"turns":5},{"damage":17,"enemies":"Champ","floor":33,"turns":15},{"damage":2,"enemies":"Orb Walker","floor":35,"turns":3},{"damage":3,"enemies":"3 Shapes","floor":38,"turns":5},{"damage":46,"enemies":"Spire Growth","floor":39,"turns":6},{"damage":39,"enemies":"Reptomancer","floor":41,"turns":8}],"seed_played":"7006772832955814878","potions_obtained":[{"floor":1,"key":"Energy Potion"},{"floor":7,"key":"AttackPotion"},{"floor":11,"key":"FearPotion"},{"floor":21,"key":"LiquidBronze"},{"floor":25,"key":"FocusPotion"},{"floor":28,"key":"Strength Potion"},{"floor":29,"key":"LiquidMemories"},{"floor":39,"key":"SkillPotion"}],"is_trial":false,"path_per_floor":["M","M","?","M","?","R","E","R","T","R","M","M","R","$","R","B",null,"M","M","$","M","?","E","R","E","T","?","M","M","R","M","R","B",null,"M","?","?","M","M","R","E"],"character_chosen":"DEFECT","items_purchased":["PowerPotion","Static Discharge"],"campfire_rested":2,"item_purchase_floors":[14,20],"current_hp_per_floor":[64,63,63,63,63,69,47,56,56,65,57,57,66,66,71,71,71,59,45,45,40,40,33,45,27,27,27,17,13,46,35,47,30,61,59,50,50,47,1,37,0,0],"gold":327,"neow_bonus":"UPGRADE_CARD","is_daily":false,"chose_seed":false,"campfire_upgraded":6,"win_rate":0.0,"timestamp":1611795936,"path_taken":["M","M","?","?","?","R","E","R","T","R","M","M","R","$","R","BOSS","M","M","?","M","?","E","R","E","T","?","M","M","R","M","R","BOSS","M","?","?","M","M","R","E"],"items_purchased_type":["Potion","Card"],"build_version":"2020-12-22","purchased_purges":1,"victory":false,"max_hp_per_floor":[71,71,71,71,71,71,71,71,71,71,71,71,71,71,71,71,71,71,71,71,71,71,71,71,71,71,71,71,71,71,71,71,71,71,71,71,71,71,71,71,71,71],"relic_stats":{"Centennial Puzzle":[42],"Shovel":1,"counters":[20,94],"Eternal Feather":89,"Bag of Preparation":[18],"Juzu Bracelet":0,"War Paint":["White Noise","Defend_B"],"obtain_stats":[{"Du-Vu Doll":25,"SlaversCollar":17,"Centennial Puzzle":7,"Shovel":26,"Eternal Feather":3,"Bag of Preparation":23,"Juzu Bracelet":32,"War Paint":5,"Cracked Core":0,"TungstenRod":9,"Nuclear Battery":34},{"Du-Vu Doll":12,"SlaversCollar":7,"Centennial Puzzle":4,"Shovel":12,"Eternal Feather":2,"Bag of Preparation":11,"Juzu Bracelet":15,"War Paint":3,"Cracked Core":0,"TungstenRod":4,"Nuclear Battery":16},{"Du-Vu Doll":42,"SlaversCollar":22,"Centennial Puzzle":13,"Shovel":42,"Eternal Feather":6,"Bag of Preparation":37,"Juzu Bracelet":57,"War Paint":8,"Cracked Core":0,"TungstenRod":13,"Nuclear Battery":72}],"TungstenRod":35},"card_choices":[{"not_picked":["Redo","Barrage"],"picked":"Sweeping Beam","floor":1},{"not_picked":["Fusion","Beam Cell"],"picked":"Streamline","floor":2},{"not_picked":["Streamline","Reprogram"],"picked":"White Noise","floor":4},{"not_picked":["Rebound","BootSequence"],"picked":"Chill","floor":7},{"not_picked":["Stack","Hologram"],"picked":"Compile Driver","floor":11},{"not_picked":["Turbo","Sweeping Beam"],"picked":"Cold Snap","floor":12},{"not_picked":["Core Surge","Hyperbeam"],"picked":"Creative AI","floor":16},{"not_picked":["Gash","BootSequence"],"picked":"Beam Cell+1","floor":18},{"not_picked":["Go for the Eyes","Rip and Tear+1"],"picked":"Hologram","floor":19},{"not_picked":["Tempest","Turbo"],"picked":"Reinforced Body","floor":21},{"not_picked":["Redo","Reprogram","Beam Cell"],"picked":"SKIP","floor":23},{"not_picked":["Reinforced Body","Sweeping Beam"],"picked":"Undo+1","floor":25},{"not_picked":["Leap","Stack+1"],"picked":"Steam+1","floor":28},{"not_picked":["Steam Power","White Noise","Multi-Cast"],"picked":"SKIP","floor":29},{"not_picked":["Cold Snap","Hologram","Redo"],"picked":"SKIP","floor":31},{"not_picked":["Multi-Cast","Machine Learning"],"picked":"Fission","floor":33},{"not_picked":["Compile Driver","Genetic Algorithm"],"picked":"FTL","floor":35},{"not_picked":["Coolheaded","Fusion+1"],"picked":"Defragment","floor":38},{"not_picked":["Fusion+1","Double Energy"],"picked":"Conserve Battery+1","floor":39}],"player_experience":1249722,"relics_obtained":[{"floor":5,"key":"War Paint"},{"floor":7,"key":"Centennial Puzzle"},{"floor":9,"key":"TungstenRod"},{"floor":23,"key":"Bag of Preparation"},{"floor":25,"key":"Du-Vu Doll"},{"floor":26,"key":"Shovel"},{"floor":32,"key":"Juzu Bracelet"}],"event_choices":[{"damage_healed":0,"gold_gain":0,"player_choice":"Paid Gold","damage_taken":0,"relics_obtained":["Eternal Feather"],"max_hp_gain":0,"max_hp_loss":0,"event_name":"WeMeetAgain","floor":3,"gold_loss":50},{"damage_healed":0,"gold_gain":0,"player_choice":"Relic","damage_taken":0,"max_hp_gain":0,"max_hp_loss":0,"event_name":"Wheel of Change","floor":5,"gold_loss":0},{"damage_healed":0,"gold_gain":0,"player_choice":"Ignored","damage_taken":0,"max_hp_gain":0,"max_hp_loss":0,"event_name":"Vampires","floor":22,"gold_loss":0},{"damage_healed":0,"gold_gain":50,"player_choice":"Stole From Cult","damage_taken":0,"max_hp_gain":0,"max_hp_loss":0,"event_name":"Nest","floor":27,"gold_loss":0},{"damage_healed":0,"gold_gain":0,"player_choice":"Memory 3","damage_taken":10,"max_hp_gain":0,"max_hp_loss":0,"event_name":"SensoryStone","floor":36,"gold_loss":0},{"damage_healed":0,"gold_gain":0,"player_choice":"Ignored","damage_taken":0,"max_hp_gain":0,"max_hp_loss":0,"event_name":"Tomb of Lord Red Mask","floor":37,"gold_loss":0}],"is_beta":false,"boss_relics":[{"not_picked":["Cursed Key","Tiny House"],"picked":"SlaversCollar"},{"not_picked":["FrozenCore","Sozu"],"picked":"Nuclear Battery"}],"items_purged_floors":[14],"is_endless":false,"potions_floor_spawned":[1,7,11,21,25,28,29,33,39],"killed_by":"Reptomancer","ascension_level":20}}