{"host":"dhlnk6yox2l1s6up","time":1611871698,"event":{"mods":["BaseMod","Bestiary","Colored Map","Highlight Path","Minty Spire (QoL Compilation)","Relic Stats","StSLib"],"gold_per_floor":[116,391,411,7,17,46,46,7,77,77,77,97,97,4,4,133,133,146,164,164,164],"floor_reached":20,"language":"ENG","playtime":1083,"items_purged":["Regret"],"score":249,"play_id":"f51277c9-c477-4096-b958-0580075c839f","local_time":"20210128160818","is_ascension_mode":true,"campfire_choices":[{"data":"Reprogram","floor":7,"key":"SMITH"},{"data":"Sweeping Beam","floor":11,"key":"SMITH"},{"floor":15,"key":"REST"}],"circlet_count":0,"master_deck":["Strike_B","Strike_B","Strike_B","Defend_B","Defend_B","Defend_B","Defend_B","Zap","Dualcast","Ball Lightning","Compile Driver","Reprogram+1","Sweeping Beam+1","Chill","Steam Power","Fusion","Rebound","Blind","Thunder Strike","Conserve Battery","Aggregate"],"relics":["Cracked Core","Regal Pillow","Gambling Chip","Orichalcum","Golden Idol","Black Star"],"acts_visited":["Exordium","TheCity"],"potions_floor_usage":[6,18,19],"damage_taken":[{"damage":1,"enemies":"Cultist","floor":1,"turns":3},{"damage":0,"enemies":"2 Louse","floor":3,"turns":2},{"damage":0,"enemies":"Small Slimes","floor":5,"turns":3},{"damage":45,"enemies":"Lagavulin","floor":6,"turns":7},{"damage":6,"enemies":"Gremlin Gang","floor":12,"turns":3},{"damage":44,"enemies":"The Guardian","floor":16,"turns":14},{"damage":28,"enemies":"2 Thieves","floor":18,"turns":4},{"damage":32,"enemies":"Chosen","floor":19,"turns":8},{"damage":6,"enemies":"3 Cultists","floor":20,"turns":2}],"seed_played":"61250899042591300","potions_obtained":[{"floor":1,"key":"FocusPotion"},{"floor":3,"key":"CultistPotion"},{"floor":5,"key":"Regen Potion"},{"floor":12,"key":"Energy Potion"},{"floor":18,"key":"SkillPotion"},{"floor":19,"key":"EssenceOfSteel"}],"is_trial":false,"path_per_floor":["M","?","M","$","M","E","R","$","T","?","R","M","?","$","R","B",null,"M","M","M"],"character_chosen":"DEFECT","items_purchased":["Gambling Chip","Reprogram","Steam Power","Blind"],"campfire_rested":1,"item_purchase_floors":[4,4,8,14],"current_hp_per_floor":[67,67,67,67,67,22,22,22,22,22,22,16,16,16,51,7,54,38,6,0,0],"gold":164,"neow_bonus":"RANDOM_COMMON_RELIC","is_daily":false,"chose_seed":false,"campfire_upgraded":2,"win_rate":0.0,"timestamp":1611871698,"path_taken":["M","?","M","$","M","E","R","?","T","?","R","M","?","$","R","BOSS","M","M","?"],"items_purchased_type":["Relic","Card","Card","Card"],"build_version":"2020-12-22","purchased_purges":1,"victory":false,"max_hp_per_floor":[75,75,75,75,75,75,75,75,75,69,69,69,69,69,69,69,69,69,69,69,69],"relic_stats":{"Regal Pillow":15,"counters":[9,46],"Golden Idol":37,"Gambling Chip":[22],"Black Star":0,"Orichalcum":[54],"obtain_stats":[{"Regal Pillow":0,"Golden Idol":10,"Gambling Chip":4,"Black Star":17,"Orichalcum":6,"Cracked Core":0},{"Regal Pillow":0,"Golden Idol":4,"Gambling Chip":2,"Black Star":6,"Orichalcum":4,"Cracked Core":0},{"Regal Pillow":0,"Golden Idol":15,"Gambling Chip":5,"Black Star":32,"Orichalcum":15,"Cracked Core":0}]},"card_choices":[{"not_picked":["Lockon","Beam Cell"],"picked":"Ball Lightning","floor":1},{"not_picked":["Redo","Storm"],"picked":"Compile Driver","floor":3},{"not_picked":["Multi-Cast","Reprogram"],"picked":"Sweeping Beam","floor":5},{"not_picked":["Electrodynamics","Sunder"],"picked":"Chill","floor":6},{"not_picked":["Storm","Cold Snap"],"picked":"Fusion","floor":12},{"not_picked":["Biased Cognition","Fission"],"picked":"Thunder Strike","floor":16},{"not_picked":["Stack","Self Repair"],"picked":"Conserve Battery","floor":18},{"not_picked":["Turbo","Go for the Eyes"],"picked":"Aggregate","floor":19}],"player_experience":5999771,"relics_obtained":[{"floor":6,"key":"Orichalcum"}],"event_choices":[{"damage_healed":0,"gold_gain":275,"player_choice":"Desecrate","damage_taken":0,"max_hp_gain":0,"max_hp_loss":0,"event_name":"Golden Shrine","floor":2,"gold_loss":0,"cards_obtained":["Regret"]},{"damage_healed":0,"gold_gain":0,"player_choice":"Lose Max HP","damage_taken":0,"relics_obtained":["Golden Idol"],"max_hp_gain":0,"max_hp_loss":6,"event_name":"Golden Idol","floor":10,"gold_loss":0},{"damage_healed":0,"gold_gain":0,"cards_transformed":["Strike_B"],"player_choice":"Transformed","damage_taken":0,"max_hp_gain":0,"max_hp_loss":0,"event_name":"Transmorgrifier","floor":13,"gold_loss":0,"cards_obtained":["Rebound"]}],"is_beta":false,"boss_relics":[{"not_picked":["Busted Crown","Empty Cage"],"picked":"Black Star"}],"items_purged_floors":[4],"is_endless":false,"potions_floor_spawned":[1,3,5,12,18,19],"killed_by":"3 Cultists","ascension_level":9}}