{"host":"guv5thfpx4d8ikzb","time":1611877939,"event":{"mods":["2.2 Compatiblity","AchievementEnabler","BaseMod","Block Reminder","Colored Map","Colored Powertips","Downfall","Minty Spire (QoL Compilation)","Permanent Neow","Quick Restart","Relic Stats","StSLib"],"gold_per_floor":[99,118,293,134,234,267,320,348,361,374,374,394,394,75,98,208,208,208,227,247,263,263,163,215,317,117,199,264,365,365,436,501,616,616,616,703,755,760,812,812,838,848,306,306,399,399,399,488,545,604,604,634,16,16,16,16],"floor_reached":57,"language":"ENG","playtime":4429,"items_purged":["Doubt","sneckomod:Strike","Doubt"],"score":1918,"play_id":"d35b99d8-0a45-4635-8e3a-72b2251b63cf","local_time":"20210128185219","is_ascension_mode":true,"campfire_choices":[{"data":"sneckomod:TailWhip","floor":1,"key":"SMITH"},{"data":"sneckomod:UnendingSupply","floor":11,"key":"SMITH"},{"data":"sneckomod:UnknownRarePower","floor":13,"key":"SMITH"},{"floor":18,"key":"RECALL"},{"data":"sneckomod:UnknownRareAttack","floor":23,"key":"SMITH"},{"data":"sneckomod:DiceBoulder+1","floor":26,"key":"SMITH"},{"data":"sneckomod:DiceBoulder+2","floor":30,"key":"SMITH"},{"data":"sneckomod:DiceBoulder+3","floor":35,"key":"SMITH"},{"data":"sneckomod:DiceBoulder+4","floor":40,"key":"SMITH"},{"data":"sneckomod:DangerNoodle","floor":47,"key":"SMITH"},{"data":"sneckomod:SnekBite","floor":54,"key":"SMITH"}],"circlet_count":0,"master_deck":["sneckomod:Strike","sneckomod:Strike","sneckomod:Defend","sneckomod:Defend","sneckomod:Defend","sneckomod:TailWhip+1","sneckomod:SnekBite+1","sneckomod:Unknown","sneckomod:ImprovisedGuard+1","sneckomod:UnendingSupply+1","sneckomod:UnknownRarePower+1","sneckomod:Transmogrify+1","Guardian:CompilePackage+1","sneckomod:Rotation+1","sneckomod:QuickMove+1","sneckomod:GlitteringGambit+1","sneckomod:UnknownCommonAttack+1","sneckomod:UnknownDexterity+1","sneckomod:UnknownCommonSkill+1","Demon Form+1","sneckomod:DiceBoulder+5","sneckomod:UnendingSupply+1","sneckomod:UnknownClassGUARDIAN+1","Guardian:SphericShield+1","sneckomod:UnknownBlock+1","sneckomod:SoulRoll+1","sneckomod:SoulCleanse+1","Demon Form+1","sneckomod:CheapStock+1","sneckomod:UnknownClassRED+1","sneckomod:UnlimitedRolls+1","Reaper+1","sneckomod:RainOfDice+1","sneckomod:SoulExchange+1","hexamod:ThirdSeal","sneckomod:UnknownClassRED+1","sneckomod:CheapStock+1","sneckomod:UnknownDraw+1","sneckomod:DiceBlock+1","sneckomod:CheapStock+1","Shockwave+1","sneckomod:DangerNoodle+1","sneckomod:UnknownDexterity+1","sneckomod:UnknownDraw+1","Transmutation+1","sneckomod:UnknownX+1","expansioncontent:InvincibleStrength+1","expansioncontent:Chronoboost+1","sneckomod:UnknownDraw+1","sneckomod:SoulDraw+1","sneckomod:UnknownRarePower+1","sneckomod:UnknownRareAttack+1","sneckomod:SerpentIdol+1","hexamod:PhantomCloak+1"],"relics":["Toxic Egg 2","sneckomod:RareBoosterPack","sneckomod:UnknownEgg","Frozen Egg 2","Snecko Eye","sneckomod:SuperSneckoSoul","downfall:KnowingSkull","downfall:HeartBlessingRed","Matryoshka","downfall:HeartBlessingBlue","downfall:HeartBlessingGreen","Anchor","bronze:BronzeIdol","Tiny Chest","Mummified Hand","expansioncontent:StudyCardRelic","Cursed Key","Bag of Preparation","Centennial Puzzle","Bronze Scales","Vajra","Guardian:PocketSentry","Chemical X","sneckomod:ConfusingCodex","Juzu Bracelet","hexamod:BolsterEngine","Shuriken","Medical Kit"],"acts_visited":["Exordium","TheCity","TheBeyond","TheEnding"],"potions_floor_usage":[25,29,29,33,39],"damage_taken":[{"damage":2,"enemies":"Jaw Worm","floor":2,"turns":3},{"damage":0,"enemies":"downfall:FleeingMerchant","floor":4,"turns":4},{"damage":15,"enemies":"Lagavulin","floor":6,"turns":5},{"damage":0,"enemies":"Gremlin Nob","floor":8,"turns":4},{"damage":0,"enemies":"Small Slimes","floor":9,"turns":2},{"damage":0,"enemies":"2 Louse","floor":10,"turns":3},{"damage":0,"enemies":"Lots of Slimes","floor":12,"turns":3},{"damage":15,"enemies":"downfall:FleeingMerchant","floor":14,"turns":4},{"damage":2,"enemies":"3 Louse","floor":15,"turns":3},{"damage":37,"enemies":"DF_ARCHETYPE_STREAMLINE","floor":16,"turns":8},{"damage":0,"enemies":"Shell Parasite","floor":19,"turns":2},{"damage":0,"enemies":"Chosen","floor":20,"turns":3},{"damage":0,"enemies":"Snake Plant","floor":21,"turns":2},{"damage":3,"enemies":"Slavers","floor":25,"turns":4},{"damage":3,"enemies":"Cultist and Chosen","floor":27,"turns":5},{"damage":3,"enemies":"Sentry and Sphere","floor":28,"turns":3},{"damage":7,"enemies":"Book of Stabbing","floor":29,"turns":4},{"damage":3,"enemies":"Centurion and Healer","floor":31,"turns":4},{"damage":13,"enemies":"Snake Plant","floor":32,"turns":4},{"damage":22,"enemies":"WA_ARCHETYPE_CALM","floor":33,"turns":7},{"damage":3,"enemies":"Orb Walker","floor":36,"turns":3},{"damage":12,"enemies":"3 Darklings","floor":37,"turns":3},{"damage":3,"enemies":"downfall:FleeingMerchant","floor":38,"turns":3},{"damage":3,"enemies":"Jaw Worm Horde","floor":39,"turns":3},{"damage":0,"enemies":"Writhing Mass","floor":42,"turns":1},{"damage":3,"enemies":"Giant Head","floor":45,"turns":4},{"damage":3,"enemies":"Reptomancer","floor":48,"turns":3},{"damage":3,"enemies":"Sphere and 2 Shapes","floor":49,"turns":2},{"damage":19,"enemies":"SI_POISON_ARCHETYPE","floor":50,"turns":4},{"damage":0,"enemies":"downfall:CharBossMerchant","floor":52,"turns":1},{"damage":0,"enemies":"downfall:NeowBoss","floor":55,"turns":3},{"damage":0,"enemies":"downfall:NeowBossFinal","floor":56,"turns":2}],"seed_played":"3761884502580350753","potions_obtained":[{"floor":0,"key":"Weak Potion"},{"floor":0,"key":"EntropicBrew"},{"floor":0,"key":"ColorlessPotion"},{"floor":6,"key":"Strength Potion"},{"floor":12,"key":"Energy Potion"},{"floor":39,"key":"Ancient Potion"},{"floor":48,"key":"Guardian:BlockOnCardUsePotion"}],"is_trial":false,"path_per_floor":["R","M","?","$","?","E","T","E","M","M","R","M","R","$","M","B",null,"R","M","M","M","?","R","T","E","R","M","M","E","R","M","M","B",null,"R","M","M","$","M","R","T","M","$","?","E","?","R","E","M","B",null,"E","$","R","B","B",null],"character_chosen":"THE_SNECKO","items_purchased":["Mummified Hand","sneckomod:RareBoosterPack","sneckomod:Memorize+1","Frozen Egg 2","sneckomod:UnknownDexterity+1","Centennial Puzzle","sneckomod:CheapStock+1","sneckomod:UnknownDraw+1","sneckomod:UnknownDexterity+1","sneckomod:UnknownDraw+1","Chemical X","Transmutation+1","Medical Kit","sneckomod:UnknownRarePower+1","sneckomod:UnknownRareAttack+1","sneckomod:UnknownDexterity+1","sneckomod:SerpentIdol+1"],"campfire_rested":0,"item_purchase_floors":[4,4,4,14,14,38,38,38,43,43,43,43,53,53,53,53,53],"current_hp_per_floor":[90,88,88,88,88,73,73,73,73,73,73,76,76,61,59,22,75,75,75,75,80,73,73,73,70,80,77,74,67,67,82,69,68,94,94,103,91,102,103,103,103,103,103,103,103,93,93,90,87,82,98,98,98,98,103,103],"gold":16,"neow_bonus":"THREE_SMALL_POTIONS","is_daily":false,"chose_seed":false,"campfire_upgraded":10,"win_rate":0.0,"timestamp":1611877939,"path_taken":["R","M","?","$","?","E","T","E","M","M","R","M","R","$","M","BOSS","R","M","M","M","?","R","T","E","R","M","M","E","R","M","M","BOSS","R","M","M","?","M","R","T","M","$","?","E","?","R","E","M","BOSS","E","$","R","BOSS","BOSS"],"items_purchased_type":["Relic","Relic","Card","Relic","Card","Relic","Card","Card","Card","Card","Relic","Card","Relic","Card","Card","Card","Card"],"build_version":"2020-12-22","purchased_purges":3,"victory":true,"max_hp_per_floor":[90,90,90,90,90,90,90,90,90,90,90,93,93,93,93,93,93,93,93,93,93,93,93,93,93,103,103,103,103,103,103,103,103,103,103,103,103,103,103,103,103,103,103,103,103,103,103,103,103,103,103,103,103,103,103,103],"relic_stats":{"counters":[32,108],"Bag of Preparation":[19],"Juzu Bracelet":1,"Cursed Key":1,"Medical Kit":[0],"Centennial Puzzle":[15],"Mummified Hand":[264],"Shuriken":[1],"Bronze Scales":[226],"Snecko Eye":[136,140,141,135],"Tiny Chest":0,"Chemical X":[4],"obtain_stats":[{"Vajra":41,"downfall:HeartBlessingGreen":26,"Bag of Preparation":28,"expansioncontent:StudyCardRelic":33,"Juzu Bracelet":45,"sneckomod:SneckoSoul":0,"Cursed Key":34,"sneckomod:SuperSneckoSoul":17,"Nunchaku":7,"Centennial Puzzle":38,"Matryoshka":25,"Mummified Hand":4,"downfall:HeartBlessingBlue":26,"sneckomod:ConfusingCodex":45,"downfall:KnowingSkull":22,"Tiny Chest":29,"Chemical X":43,"Toxic Egg 2":0,"sneckomod:RareBoosterPack":4,"downfall:HeartBlessingRed":23,"sneckomod:UnknownEgg":0,"Blue Candle":25,"Guardian:PocketSentry":41,"Frozen Egg 2":14,"Medical Kit":53,"bronze:BronzeIdol":29,"Anchor":8,"Shuriken":52,"Bronze Scales":6,"Snecko Eye":17,"Black Star":20,"hexamod:BolsterEngine":48,"Toy Ornithopter":14},{"Vajra":24,"downfall:HeartBlessingGreen":14,"Bag of Preparation":16,"expansioncontent:StudyCardRelic":20,"Juzu Bracelet":26,"sneckomod:SneckoSoul":0,"Cursed Key":20,"sneckomod:SuperSneckoSoul":10,"Nunchaku":3,"Centennial Puzzle":23,"Matryoshka":14,"Mummified Hand":2,"downfall:HeartBlessingBlue":14,"sneckomod:ConfusingCodex":26,"downfall:KnowingSkull":13,"Tiny Chest":17,"Chemical X":25,"Toxic Egg 2":0,"sneckomod:RareBoosterPack":2,"downfall:HeartBlessingRed":13,"sneckomod:UnknownEgg":0,"Blue Candle":14,"Guardian:PocketSentry":24,"Frozen Egg 2":8,"Medical Kit":30,"bronze:BronzeIdol":17,"Anchor":4,"Shuriken":30,"Bronze Scales":3,"Snecko Eye":10,"Black Star":12,"hexamod:BolsterEngine":27,"Toy Ornithopter":8},{"Vajra":88,"downfall:HeartBlessingGreen":50,"Bag of Preparation":57,"expansioncontent:StudyCardRelic":76,"Juzu Bracelet":93,"sneckomod:SneckoSoul":0,"Cursed Key":76,"sneckomod:SuperSneckoSoul":39,"Nunchaku":12,"Centennial Puzzle":85,"Matryoshka":50,"Mummified Hand":7,"downfall:HeartBlessingBlue":50,"sneckomod:ConfusingCodex":93,"downfall:KnowingSkull":46,"Tiny Chest":61,"Chemical X":89,"Toxic Egg 2":0,"sneckomod:RareBoosterPack":7,"downfall:HeartBlessingRed":46,"sneckomod:UnknownEgg":0,"Blue Candle":50,"Guardian:PocketSentry":88,"Frozen Egg 2":28,"Medical Kit":103,"bronze:BronzeIdol":61,"Anchor":16,"Shuriken":103,"Bronze Scales":12,"Snecko Eye":39,"Black Star":44,"hexamod:BolsterEngine":96,"Toy Ornithopter":28}]},"card_choices":[{"not_picked":["sneckomod:UnknownCommonSkill+1","sneckomod:QuickBite"],"picked":"sneckomod:ImprovisedGuard+1","floor":2},{"not_picked":["sneckomod:DiceBlock+1","sneckomod:CheapStock"],"picked":"sneckomod:UnendingSupply","floor":4},{"not_picked":["sneckomod:DefensiveFlair+1","sneckomod:Unknown0Cost+1"],"picked":"sneckomod:Transmogrify+1","floor":6},{"not_picked":["sneckomod:SoulDraw+1","sneckomod:DiceCrush"],"picked":"sneckomod:Rotation+1","floor":8},{"not_picked":["sneckomod:DiceBlock+1","sneckomod:QuickBite"],"picked":"sneckomod:UnknownVulnerable+1","floor":9},{"not_picked":["sneckomod:Nope+1","sneckomod:SoulRoll+1"],"picked":"sneckomod:QuickMove+1","floor":10},{"not_picked":["sneckomod:UnknownDraw+1","sneckomod:RainOfDice"],"picked":"sneckomod:GlitteringGambit+1","floor":12},{"not_picked":["sneckomod:Memorize+1","sneckomod:UnknownCommonSkill+1"],"picked":"sneckomod:UnknownCommonAttack+1","floor":14},{"not_picked":["sneckomod:Nope+1","sneckomod:UnknownCommonAttack+1"],"picked":"sneckomod:UnknownCommonSkill+1","floor":15},{"not_picked":["sneckomod:UnknownBoss+1","sneckomod:SoulExchange+1"],"picked":"sneckomod:Unknown3Cost+1","floor":16},{"not_picked":["sneckomod:SnekBeam","sneckomod:MixItUp"],"picked":"sneckomod:DiceBoulder+1","floor":19},{"not_picked":["sneckomod:UnknownClassHEXA_GHOST_PURPLE+1","sneckomod:QuickBite+1"],"picked":"sneckomod:UnendingSupply+1","floor":20},{"not_picked":["sneckomod:UnknownBlock+1","sneckomod:QuickBite"],"picked":"sneckomod:UnknownClassGUARDIAN+1","floor":21},{"not_picked":["sneckomod:UnknownCommonAttack+1","sneckomod:ImprovisedAttack+1","sneckomod:UnknownClassHEXA_GHOST_PURPLE+1"],"picked":"SKIP","floor":25},{"not_picked":["sneckomod:Unknown0Cost+1","sneckomod:Unknown1Cost+1"],"picked":"sneckomod:UnknownBlock+1","floor":27},{"not_picked":["sneckomod:UnknownX+1","sneckomod:UnknownStrength+1"],"picked":"sneckomod:SoulRoll+1","floor":28},{"not_picked":["sneckomod:ImprovisedGuard+1","sneckomod:SoulDraw+1"],"picked":"sneckomod:SoulCleanse+1","floor":29},{"not_picked":["sneckomod:Nope+1","sneckomod:UnknownStrength+1"],"picked":"sneckomod:CheapStock+1","floor":31},{"not_picked":["sneckomod:DefensiveFlair+1","sneckomod:UnknownStrength+1"],"picked":"sneckomod:UnknownClassRED+1","floor":32},{"not_picked":["sneckomod:UnknownRareSkill+1","sneckomod:GlitteringGambit+1"],"picked":"sneckomod:UnlimitedRolls+1","floor":33},{"not_picked":["sneckomod:UnknownClassGUARDIAN+1","sneckomod:MasterEye+1"],"picked":"sneckomod:RainOfDice+1","floor":36},{"not_picked":["sneckomod:SnakeSap+1","sneckomod:SlitherStrike+1"],"picked":"sneckomod:SoulExchange+1","floor":37},{"not_picked":["hexamod:SecondSeal","hexamod:FirstSeal"],"picked":"hexamod:ThirdSeal","floor":38},{"not_picked":["sneckomod:UnknownUncommonPower+1","sneckomod:UnlimitedRolls+1"],"picked":"sneckomod:UnknownClassRED+1","floor":38},{"not_picked":["sneckomod:RainOfDice+1","sneckomod:Memorize+1"],"picked":"sneckomod:DiceBlock+1","floor":39},{"not_picked":["sneckomod:UnknownColorless+1","sneckomod:UnknownDraw+1"],"picked":"sneckomod:CheapStock+1","floor":39},{"not_picked":["sneckomod:QuickMove+1","sneckomod:ImprovisedGuard+1"],"picked":"sneckomod:DangerNoodle","floor":42},{"not_picked":["sneckomod:IronFang","sneckomod:UnknownDraw+1"],"picked":"sneckomod:UnknownX+1","floor":45},{"not_picked":["expansioncontent:LastStand","expansioncontent:AwakenDeath"],"picked":"expansioncontent:InvincibleStrength","floor":46},{"not_picked":["expansioncontent:PrepareCrush","expansioncontent:PolyBeam"],"picked":"expansioncontent:Chronoboost","floor":46},{"not_picked":["sneckomod:UnknownCommonAttack+1","sneckomod:IronFang"],"picked":"sneckomod:UnknownDraw+1","floor":48},{"not_picked":["sneckomod:DiceBlock+1","sneckomod:Nope+1"],"picked":"sneckomod:SoulDraw+1","floor":49},{"not_picked":["sneckomod:UnendingSupply+1","sneckomod:IronFang+1","sneckomod:Nope+1"],"picked":"SKIP","floor":52}],"player_experience":1128575,"relics_obtained":[{"floor":6,"key":"Bronze Scales"},{"floor":7,"key":"Nunchaku"},{"floor":8,"key":"Nunchaku"},{"floor":8,"key":"Anchor"},{"floor":10,"key":"Anchor"},{"floor":12,"key":"Mummified Hand"},{"floor":14,"key":"Toy Ornithopter"},{"floor":15,"key":"Anchor"},{"floor":16,"key":"Toy Ornithopter"},{"floor":20,"key":"Black Star"},{"floor":21,"key":"Anchor"},{"floor":25,"key":"Toy Ornithopter"},{"floor":25,"key":"Matryoshka"},{"floor":25,"key":"Blue Candle"},{"floor":27,"key":"Anchor"},{"floor":28,"key":"Bag of Preparation"},{"floor":29,"key":"bronze:BronzeIdol"},{"floor":29,"key":"Tiny Chest"},{"floor":31,"key":"Mummified Hand"},{"floor":32,"key":"Bag of Preparation"},{"floor":33,"key":"expansioncontent:StudyCardRelic"},{"floor":37,"key":"Bag of Preparation"},{"floor":39,"key":"Bronze Scales"},{"floor":41,"key":"Vajra"},{"floor":41,"key":"Guardian:PocketSentry"},{"floor":45,"key":"sneckomod:ConfusingCodex"},{"floor":45,"key":"Juzu Bracelet"},{"floor":48,"key":"hexamod:BolsterEngine"},{"floor":52,"key":"Shuriken"}],"event_choices":[],"is_beta":false,"boss_relics":[{"not_picked":["Runic Dome","Philosopher\u0027s Stone"],"picked":"sneckomod:SuperSneckoSoul"},{"not_picked":["Astrolabe","Fusion Hammer"],"picked":"Cursed Key"}],"items_purged_floors":[4,38,43],"is_endless":false,"potions_floor_spawned":[2,6,12,15,21,29,32,33,39,42,48,49],"ascension_level":5}}