{"host":"hjajo0rafoe1e6c4","time":1611809329,"event":{"mods":["AchievementEnabler","BaseMod","Bestiary","Colored Map","Colored Powertips","Highlight Path","Minty Spire (QoL Compilation)","Relic Stats"],"gold_per_floor":[144,189,234,279,324,324,7,52,102,147,192,237,282,372,372,672,672,717,762,9,54,54,54,99,99,99,189,234,234,234,234],"floor_reached":30,"language":"ENG","playtime":2002,"items_purged":[],"score":285,"play_id":"d217ce09-c606-458b-a34b-6762d68a869a","local_time":"20210127234849","daily_mods":["Draft","Purple Cards","Midas"],"is_ascension_mode":false,"campfire_choices":[{"floor":6.0,"key":"REST"},{"floor":15.0,"key":"REST"},{"floor":23,"key":"DIG"},{"floor":25,"key":"REST"}],"circlet_count":0,"master_deck":["CutThroughFate","Gash","Rebound","Hologram","FollowUp","Perseverance","FollowUp","Consecrate","SashWhip","Hologram","CrushJoints","Scrape","TalkToTheHand","Glacier","FearNoEvil","EmptyBody","Gash","FTL","JustLucky","Steam+1","Rebound","EmptyBody+1","Reboot+1","Undo+1","Omniscience+1","Consume+1","Gash+1","Alpha+1","Hologram+1","Wireheading+1","Glacier+1","Conserve Battery+1"],"relics":["Cracked Core","Toxic Egg 2","Bag of Marbles","Regal Pillow","Astrolabe","Shovel","Unceasing Top","Sundial","Eternal Feather","StrikeDummy","Symbiotic Virus"],"acts_visited":["Exordium","TheCity"],"potions_floor_usage":[30],"damage_taken":[{"damage":0.0,"enemies":"Cultist","floor":1.0,"turns":2.0},{"damage":9.0,"enemies":"Jaw Worm","floor":2.0,"turns":2.0},{"damage":0.0,"enemies":"Small Slimes","floor":3.0,"turns":3.0},{"damage":6.0,"enemies":"3 Louse","floor":4.0,"turns":3.0},{"damage":0.0,"enemies":"2 Fungi Beasts","floor":5.0,"turns":2.0},{"damage":0.0,"enemies":"Exordium Thugs","floor":8.0,"turns":3.0},{"damage":0.0,"enemies":"Blue Slaver","floor":10.0,"turns":2.0},{"damage":0.0,"enemies":"Exordium Wildlife","floor":11.0,"turns":2.0},{"damage":0.0,"enemies":"Looter","floor":12.0,"turns":1.0},{"damage":0.0,"enemies":"3 Louse","floor":13.0,"turns":2.0},{"damage":12.0,"enemies":"Gremlin Nob","floor":14.0,"turns":3.0},{"damage":4.0,"enemies":"Slime Boss","floor":16.0,"turns":5.0},{"damage":28.0,"enemies":"2 Thieves","floor":18.0,"turns":3.0},{"damage":10.0,"enemies":"Chosen","floor":19.0,"turns":3.0},{"damage":14.0,"enemies":"Snecko","floor":21.0,"turns":6.0},{"damage":21,"enemies":"Sentry and Sphere","floor":24,"turns":5},{"damage":33,"enemies":"Book of Stabbing","floor":27,"turns":4},{"damage":4,"enemies":"Cultist and Chosen","floor":28,"turns":7},{"damage":8,"enemies":"Colosseum Slavers","floor":30,"turns":1}],"seed_played":"9192803745042345800","potions_obtained":[{"floor":2.0,"key":"GamblersBrew"},{"floor":3.0,"key":"Ancient Potion"},{"floor":10.0,"key":"Ancient Potion"},{"floor":24,"key":"PowerPotion"}],"is_trial":false,"path_per_floor":["M","M","M","M","M","R","$","M","T","M","M","M","M","E","R","B",null,"M","M","$","M","?","R","M","R","T","E","M","?","?"],"character_chosen":"DEFECT","items_purchased":["Toxic Egg 2","FTL","Shovel","Unceasing Top","Alpha+1"],"campfire_rested":3,"item_purchase_floors":[7,7,20,20,20],"current_hp_per_floor":[75,66,66,60,60,75,75,75,75,75,75,75,75,63,75,71,75,47,37,37,23,23,23,2,57,57,24,20,6,0,0],"gold":234,"neow_bonus":"","is_daily":true,"chose_seed":false,"campfire_upgraded":0,"win_rate":0.0,"timestamp":1611809329,"path_taken":["M","M","M","M","M","R","$","M","T","M","M","?","M","E","R","BOSS","M","M","$","M","?","R","M","R","T","E","?","?","?"],"items_purchased_type":["Relic","Card","Relic","Relic","Card"],"build_version":"2020-12-22","purchased_purges":0,"victory":false,"max_hp_per_floor":[75,75,75,75,75,75,75,75,75,75,75,75,75,75,75,75,75,75,75,75,75,75,75,75,75,75,75,75,80,80,80],"relic_stats":{"Regal Pillow":15,"Shovel":1,"counters":[19,59],"Sundial":[2],"Astrolabe":["Undo","Omniscience","Consume"],"Eternal Feather":18,"obtain_stats":[{"Regal Pillow":14,"Shovel":20,"Sundial":22,"Astrolabe":17,"Eternal Feather":23,"Bag of Marbles":9,"Toxic Egg 2":7,"Cracked Core":0,"StrikeDummy":26,"Symbiotic Virus":27,"Unceasing Top":20},{"Regal Pillow":11,"Shovel":14,"Sundial":15,"Astrolabe":12,"Eternal Feather":15,"Bag of Marbles":6,"Toxic Egg 2":5,"Cracked Core":0,"StrikeDummy":16,"Symbiotic Virus":17,"Unceasing Top":14},{"Regal Pillow":25,"Shovel":36,"Sundial":42,"Astrolabe":30,"Eternal Feather":42,"Bag of Marbles":15,"Toxic Egg 2":12,"Cracked Core":0,"StrikeDummy":47,"Symbiotic Virus":51,"Unceasing Top":36}],"Unceasing Top":[3]},"card_choices":[{"not_picked":["EmptyFist","FlyingSleeves"],"picked":"BattleHymn","floor":0.0},{"not_picked":["Static Discharge","Worship"],"picked":"CutThroughFate","floor":0.0},{"not_picked":["Halt","EmptyBody"],"picked":"Gash","floor":0.0},{"not_picked":["Redo","Conserve Battery"],"picked":"Rebound","floor":0.0},{"not_picked":["CutThroughFate","Consume"],"picked":"Hologram","floor":0.0},{"not_picked":["Turbo","PathToVictory"],"picked":"FollowUp","floor":0.0},{"not_picked":["CrushJoints","Study"],"picked":"Cold Snap","floor":0.0},{"not_picked":["Beam Cell","Rebound"],"picked":"Perseverance","floor":0.0},{"not_picked":["CrushJoints","Consume"],"picked":"FollowUp","floor":0.0},{"not_picked":["Rip and Tear","Ball Lightning"],"picked":"Consecrate","floor":0.0},{"not_picked":["PathToVictory","Prostrate"],"picked":"SashWhip","floor":0.0},{"not_picked":["InnerPeace","Coolheaded"],"picked":"Hologram","floor":0.0},{"not_picked":["EmptyFist","Halt"],"picked":"CrushJoints","floor":0.0},{"not_picked":["Self Repair","SandsOfTime"],"picked":"Scrape","floor":0.0},{"not_picked":["Collect","Turbo"],"picked":"TalkToTheHand","floor":0.0},{"not_picked":["Ball Lightning","SashWhip"],"picked":"Glacier","floor":1.0},{"not_picked":["EmptyBody","WindmillStrike","Aggregate"],"picked":"SKIP","floor":2.0},{"not_picked":["Steam Power","Consume"],"picked":"FearNoEvil","floor":3.0},{"not_picked":["FlurryOfBlows","Rebound"],"picked":"EmptyBody","floor":4.0},{"not_picked":["Coolheaded","EmptyBody"],"picked":"Gash","floor":5.0},{"not_picked":["Defragment","Compile Driver"],"picked":"JustLucky","floor":8.0},{"not_picked":["Defragment","Cold Snap"],"picked":"Steam+1","floor":10.0},{"not_picked":["Wallop","FlurryOfBlows"],"picked":"Rebound","floor":11.0},{"not_picked":["Stack+1","SashWhip","Halt+1"],"picked":"SKIP","floor":12.0},{"not_picked":["Adaptation","White Noise+1"],"picked":"EmptyBody+1","floor":13.0},{"not_picked":["Vengeance+1","WindmillStrike"],"picked":"Meditate+1","floor":14.0},{"not_picked":["Thunder Strike","Echo Form"],"picked":"Reboot+1","floor":16.0},{"not_picked":["Barrage","Compile Driver","Collect+1"],"picked":"SKIP","floor":18.0},{"not_picked":["Steam Power+1","Undo+1"],"picked":"Gash+1","floor":19.0},{"not_picked":["Barrage+1","Protect+1"],"picked":"Hologram+1","floor":21.0},{"not_picked":["FlyingSleeves","Storm"],"picked":"Wireheading+1","floor":24},{"not_picked":["Defragment","FollowUp"],"picked":"Glacier+1","floor":27},{"not_picked":["Consecrate","SashWhip"],"picked":"Conserve Battery+1","floor":28}],"player_experience":185274,"relics_obtained":[{"floor":9.0,"key":"Bag of Marbles"},{"floor":14.0,"key":"Regal Pillow"},{"floor":23,"key":"Eternal Feather"},{"floor":26,"key":"StrikeDummy"},{"floor":27,"key":"Symbiotic Virus"}],"event_choices":[{"damage_healed":0.0,"max_hp_gain":0.0,"max_hp_loss":0.0,"gold_gain":0.0,"event_name":"WeMeetAgain","player_choice":"Gave Potion","floor":22.0,"gold_loss":0.0,"damage_taken":0.0,"relics_obtained":["Sundial"]},{"damage_healed":0,"gold_gain":0,"player_choice":"Shed Blood","damage_taken":19,"max_hp_gain":5,"max_hp_loss":0,"event_name":"Forgotten Altar","floor":29,"gold_loss":0},{"damage_healed":0,"gold_gain":0,"player_choice":"Fight","damage_taken":0,"max_hp_gain":0,"max_hp_loss":0,"event_name":"Colosseum","floor":30,"gold_loss":0}],"is_beta":false,"boss_relics":[{"not_picked":["Runic Dome","Inserter"],"picked":"Astrolabe"}],"items_purged_floors":[],"is_endless":false,"potions_floor_spawned":[2,3,10,11,14,19,21,24,28],"killed_by":"Colosseum Slavers","ascension_level":0}}