{"host":"zk71suw73lg2r165","time":1611850301,"event":{"mods":["BaseMod","Colored Map","Minty Spire (QoL Compilation)","Permanent Neow","Relic Stats","StSLib"],"gold_per_floor":[111,123,141,153,49,49,78,78,78,132,132,132,146,162,162,239,239,250,4,14,14,33,33,33,53,79,91,91],"floor_reached":27,"language":"ENG","playtime":791,"items_purged":["Strike_B"],"score":430,"play_id":"230ed6fa-96d6-40b6-9839-15c0577281e6","local_time":"20210128111141","is_ascension_mode":true,"campfire_choices":[{"data":"Sunder","floor":6.0,"key":"SMITH"},{"data":"Self Repair","floor":8.0,"key":"SMITH"},{"floor":12.0,"key":"REST"},{"data":"Aggregate","floor":15.0,"key":"SMITH"},{"floor":23,"key":"REST"}],"circlet_count":0,"master_deck":["AscendersBane","Strike_B","Strike_B","Defend_B","Defend_B","Defend_B","Defend_B","Zap","Dualcast","FTL","Go for the Eyes","Sweeping Beam","Conserve Battery","Genetic Algorithm","Sunder+1","Turbo","Self Repair+1","Meteor Strike","Hologram","Aggregate+1","Electrodynamics","Undo+1","Coolheaded","Decay","Meteor Strike","Force Field"],"relics":["Cracked Core","Gremlin Horn","Mummified Hand","Sozu","Happy Flower","MawBank"],"acts_visited":["Exordium","TheCity"],"potions_floor_usage":[27],"damage_taken":[{"damage":1.0,"enemies":"Cultist","floor":1.0,"turns":3.0},{"damage":7.0,"enemies":"2 Louse","floor":2.0,"turns":2.0},{"damage":3.0,"enemies":"Small Slimes","floor":3.0,"turns":3.0},{"damage":2.0,"enemies":"Exordium Wildlife","floor":4.0,"turns":2.0},{"damage":32.0,"enemies":"Gremlin Nob","floor":7.0,"turns":4.0},{"damage":0.0,"enemies":"Lots of Slimes","floor":13.0,"turns":3.0},{"damage":12.0,"enemies":"Exordium Thugs","floor":14.0,"turns":3.0},{"damage":47.0,"enemies":"The Guardian","floor":16.0,"turns":11.0},{"damage":23.0,"enemies":"2 Thieves","floor":18.0,"turns":3.0},{"damage":34.0,"enemies":"Chosen","floor":20.0,"turns":8.0},{"damage":17.0,"enemies":"Snake Plant","floor":22.0,"turns":4.0},{"damage":7,"enemies":"Snecko","floor":25,"turns":4},{"damage":39,"enemies":"Slavers","floor":27,"turns":8}],"seed_played":"-1503626074786240100","potions_obtained":[{"floor":2.0,"key":"SkillPotion"},{"floor":7.0,"key":"Dexterity Potion"},{"floor":16.0,"key":"AttackPotion"}],"is_trial":false,"path_per_floor":["M","M","M","M","$","R","E","R","T","?","?","R","M","M","R","B",null,"M","$","M","?","M","R","?","M","T","E"],"character_chosen":"DEFECT","items_purchased":["Sunder","Turbo","Happy Flower"],"campfire_rested":2,"item_purchase_floors":[5,5,19],"current_hp_per_floor":[63,56,53,51,51,51,19,19,19,19,19,40,50,48,48,11,56,43,43,19,19,12,33,33,36,36,0,0],"gold":91,"neow_bonus":"THREE_CARDS","is_daily":false,"chose_seed":false,"campfire_upgraded":3,"win_rate":0.0,"timestamp":1611850301,"path_taken":["M","?","?","M","$","R","E","R","T","?","?","R","M","?","R","BOSS","M","$","M","?","M","R","?","M","T","E"],"items_purchased_type":["Card","Card","Relic"],"build_version":"2020-12-22","purchased_purges":1,"victory":false,"max_hp_per_floor":[71,71,71,71,71,71,71,71,71,71,71,71,71,71,71,71,71,71,71,71,71,71,71,71,71,71,71,71],"relic_stats":{"Sozu":0,"Gremlin Horn":[7,7],"Happy Flower":[8],"counters":[13,58],"Mummified Hand":[17],"MawBank":12,"obtain_stats":[{"Sozu":17,"Gremlin Horn":7,"Happy Flower":19,"Mummified Hand":9,"Cracked Core":0,"MawBank":26},{"Sozu":8,"Gremlin Horn":5,"Happy Flower":9,"Mummified Hand":5,"Cracked Core":0,"MawBank":12},{"Sozu":31,"Gremlin Horn":14,"Happy Flower":34,"Mummified Hand":14,"Cracked Core":0,"MawBank":50}]},"card_choices":[{"not_picked":["Turbo","Reprogram"],"picked":"FTL","floor":0.0},{"not_picked":["Beam Cell","Rebound"],"picked":"Go for the Eyes","floor":1.0},{"not_picked":["Redo","Double Energy"],"picked":"Sweeping Beam","floor":2.0},{"not_picked":["Double Energy","Go for the Eyes"],"picked":"Conserve Battery","floor":3.0},{"not_picked":["Cold Snap","Streamline"],"picked":"Genetic Algorithm","floor":4.0},{"not_picked":["Heatsinks","Hologram"],"picked":"Self Repair","floor":7.0},{"not_picked":["White Noise","Coolheaded"],"picked":"Hologram","floor":13.0},{"not_picked":["White Noise","Thunder Strike"],"picked":"Aggregate","floor":14.0},{"not_picked":["Fission","Thunder Strike"],"picked":"Electrodynamics","floor":16.0},{"not_picked":["Doom and Gloom","Streamline"],"picked":"Undo+1","floor":18.0},{"not_picked":["Ball Lightning","Barrage"],"picked":"Coolheaded","floor":20.0},{"not_picked":["Stack","Rebound"],"picked":"Meteor Strike","floor":22},{"not_picked":["Darkness","Turbo","Streamline"],"picked":"SKIP","floor":25}],"player_experience":1395338,"relics_obtained":[{"floor":7.0,"key":"Gremlin Horn"},{"floor":9.0,"key":"Mummified Hand"},{"floor":26,"key":"MawBank"}],"event_choices":[{"damage_healed":0.0,"max_hp_gain":0.0,"max_hp_loss":0.0,"gold_gain":54.0,"event_name":"Golden Wing","player_choice":"Gained Gold","floor":10.0,"gold_loss":0.0,"damage_taken":0.0},{"damage_healed":0.0,"max_hp_gain":0.0,"max_hp_loss":0.0,"gold_gain":0.0,"event_name":"Match and Keep!","player_choice":"1 cards matched","floor":11.0,"gold_loss":0.0,"damage_taken":0.0,"cards_obtained":["Meteor Strike"]},{"damage_healed":0.0,"max_hp_gain":0.0,"max_hp_loss":0.0,"gold_gain":0.0,"event_name":"Forgotten Altar","player_choice":"Smashed Altar","floor":21.0,"gold_loss":0.0,"damage_taken":0.0,"cards_obtained":["Decay"]},{"damage_healed":0,"gold_gain":0,"cards_transformed":["Strike_B"],"player_choice":"Transformed","damage_taken":0,"max_hp_gain":0,"max_hp_loss":0,"event_name":"Transmorgrifier","floor":24,"gold_loss":0,"cards_obtained":["Force Field"]}],"is_beta":false,"boss_relics":[{"not_picked":["Runic Pyramid","Calling Bell"],"picked":"Sozu"}],"items_purged_floors":[19],"is_endless":false,"potions_floor_spawned":[2,7,16],"killed_by":"Slavers","ascension_level":20}}