{"host":"gzsdmyo07u314vug","time":1611840590,"event":{"mods":["2.2 Compatiblity","Astrologer","BaseMod","Colored Powertips","GifTheSpireLib","Gremlin Mod","Hermit","Jorbs\u0027s Wanderer Trilogy","Minty Spire (QoL Compilation)","Quick Restart","Rare Cards Sparkle","Relic Stats","Replay The Spire","Robot Space Explorer","Shop Mod","StSLib","The Bladedancer","The Bug Knight","The Construct","The Cursed","The Elementalist","The Hierophant","The IronCluck","The Marked","The Necromancer","The Runesmith","The Servant 0.9.4","Unceasing Turn Reminder","everything is the same but u backflip on backflip","slay the spire mod where everything is the same but ironclad has a cowboy hat"],"gold_per_floor":[119,131,131,146,164,164,176,207,233,246,273,273,173,71,71,176,176,190,221,29,41,41,41,66,66,147,162,162,24,38,73,73,173,173,183,33,48,93,43,43,75,137,149,111,127,52,130,230,230,230,230,230,23,52,52],"floor_reached":56,"language":"ENG","playtime":4437,"items_purged":["blademaster:Strike","blademaster:Strike","blademaster:Defend","blademaster:Strike","blademaster:AspectOfWind","blademaster:Defend","blademaster:Defend"],"score":1624,"play_id":"1c461e6b-4631-43bf-806d-13269e21781e","local_time":"20210128102950","is_ascension_mode":true,"campfire_choices":[{"data":"blademaster:Gust","floor":6,"key":"SMITH"},{"data":"blademaster:Safeguard","floor":12,"key":"SMITH"},{"data":"blademaster:DaggerAndCloak","floor":15,"key":"SMITH"},{"data":"blademaster:FuryOfTheElements","floor":23,"key":"SMITH"},{"data":"blademaster:Breeze","floor":25,"key":"SMITH"},{"data":"blademaster:Frontflip","floor":28,"key":"SMITH"},{"data":"ReplayTheSpireMod:Private Reserves","floor":32,"key":"SMITH"},{"floor":40,"key":"RECALL"},{"floor":49,"key":"REST"},{"floor":52,"key":"REST"}],"circlet_count":0,"master_deck":["blademaster:Strike","blademaster:Defend","blademaster:RagingBlow+1","blademaster:HighVoltage","blademaster:Stability","blademaster:Gust+1","blademaster:Discharge","blademaster:Safeguard+1","blademaster:RagingBlow","blademaster:DaggerAndCloak+1","blademaster:Sharpen","blademaster:FuryOfTheElements+1","AbeCurse","blademaster:SharpBlades+1","Swift Strike","blademaster:Frontflip+1","blademaster:Breeze+1","blademaster:Safeguard","ReplayTheSpireMod:Private Reserves+1","blademaster:Flurry","blademaster:Blindside","blademaster:ChargingUp","blademaster:AwakeningDefend+1","blademaster:Rupture+1","blademaster:DaggerAndCloak"],"relics":["blademaster:DancersAmulet","InkBottle","Smiling Mask","ReplayTheSpireMod:TigerMarble","MealTicket","Abe\u0027s Treasure","Red Mask","Pen Nib","Divine Protection","Runesmith:AutoHammer","Fusion Hammer","ReplayTheSpireMod:CursedCoin","Ornamental Fan","Du-Vu Doll","MawBank","Durian","The Courier","Darkstone Periapt","HollowMod:LifeEnderRelic","Bottled Lightning"],"acts_visited":["Exordium","TheCity","TheBeyond","TheEnding"],"potions_floor_usage":[16,18,19,27,55,55,55,55,55],"damage_taken":[{"damage":2,"enemies":"Small Slimes","floor":1,"turns":5},{"damage":11,"enemies":"Cultist","floor":2,"turns":5},{"damage":1,"enemies":"2 Louse","floor":4,"turns":3},{"damage":0,"enemies":"2 Fungi Beasts","floor":5,"turns":3},{"damage":0,"enemies":"Looter","floor":7,"turns":4},{"damage":11,"enemies":"Replay:BlueRogue","floor":8,"turns":5},{"damage":0,"enemies":"Blue Slaver","floor":10,"turns":4},{"damage":21,"enemies":"3 Sentries","floor":11,"turns":9},{"damage":0,"enemies":"Hexaghost","floor":16,"turns":10},{"damage":3,"enemies":"3 Byrds","floor":18,"turns":4},{"damage":18,"enemies":"Masked Bandits","floor":19,"turns":6},{"damage":0,"enemies":"Chosen","floor":21,"turns":3},{"damage":9,"enemies":"Slavers","floor":24,"turns":6},{"damage":0,"enemies":"Centurion and Healer","floor":27,"turns":3},{"damage":0,"enemies":"Snake Plant","floor":30,"turns":3},{"damage":4,"enemies":"Replay:Snechameleon","floor":31,"turns":4},{"damage":0,"enemies":"Champ","floor":33,"turns":6},{"damage":0,"enemies":"3 Shapes","floor":35,"turns":2},{"damage":0,"enemies":"3 Darklings","floor":37,"turns":3},{"damage":23,"enemies":"2 Orb Walkers","floor":38,"turns":5},{"damage":0,"enemies":"Giant Head","floor":41,"turns":5},{"damage":0,"enemies":"Mind Bloom Boss Battle","floor":42,"turns":3},{"damage":0,"enemies":"Spire Growth","floor":45,"turns":2},{"damage":0,"enemies":"HollowMod:StalkingDevout","floor":46,"turns":2},{"damage":0,"enemies":"Donu and Deca","floor":50,"turns":5},{"damage":0,"enemies":"Shield and Spear","floor":54,"turns":3},{"damage":0,"enemies":"The Heart","floor":55,"turns":5}],"seed_played":"1400343424488717691","potions_obtained":[{"floor":1,"key":"Reflective Coating"},{"floor":4,"key":"Block Potion"},{"floor":10,"key":"GamblersBrew"},{"floor":16,"key":"LiquidBronze"},{"floor":21,"key":"EssenceOfSteel"},{"floor":24,"key":"SkillPotion"},{"floor":27,"key":"Fruit Juice"},{"floor":33,"key":"Explosive Potion"},{"floor":41,"key":"EntropicBrew"}],"is_trial":false,"path_per_floor":["M","M","?","M","M","R","M","E","T","M","E","R","$","$","R","B",null,"M","?","$","M","?","R","E","R","T","M","R","$","M","E","R","B",null,"M","$","M","?","$","R","E","?","T","$","M","E","T","?","R","B",null,"R","$","E","B",null],"character_chosen":"THE_BLADEMASTER","items_purchased":["blademaster:DaggerAndCloak","blademaster:Sharpen","Swift Strike","blademaster:Frontflip","ReplayTheSpireMod:Private Reserves","ReplayTheSpireMod:CursedCoin","Ornamental Fan","HollowMod:LifeEnderRelic"],"campfire_rested":2,"item_purchase_floors":[13,14,20,20,29,36,36,53],"current_hp_per_floor":[73,62,62,61,61,61,61,50,50,50,29,29,44,59,59,59,75,72,54,69,69,69,69,60,60,60,65,65,80,80,76,76,76,80,80,80,80,57,72,72,72,77,77,85,85,85,85,85,85,85,85,85,85,85,85],"gold":52,"neow_bonus":"UPGRADE_CARD","is_daily":false,"chose_seed":false,"campfire_upgraded":7,"win_rate":0.0,"timestamp":1611840590,"path_taken":["M","M","?","M","M","R","?","E","T","M","E","R","?","$","R","BOSS","M","?","$","M","?","R","E","R","T","M","R","$","M","E","R","BOSS","M","$","M","?","$","R","E","?","T","$","M","E","?","?","R","BOSS","R","$","E","BOSS"],"items_purchased_type":["Card","Card","Card","Card","Card","Relic","Relic","Relic"],"build_version":"2020-12-22","purchased_purges":7,"victory":true,"max_hp_per_floor":[75,75,75,75,75,75,75,75,75,75,75,75,75,75,75,75,75,75,75,75,75,75,75,75,75,75,80,80,80,80,80,80,80,80,80,80,80,80,80,80,80,85,85,85,85,85,85,85,85,85,85,85,85,85,85],"relic_stats":{"Darkstone Periapt":0,"counters":[27,118],"Ornamental Fan":[128],"MealTicket":83,"Pen Nib":[18],"Smiling Mask":700,"MawBank":36,"obtain_stats":[{"Darkstone Periapt":47,"Divine Protection":26,"blademaster:BonusFuryPerk":8,"Smiling Mask":8,"MealTicket":11,"blademaster:LightningChargePerk":54,"Fusion Hammer":34,"Red Mask":19,"blademaster:FinisherDrawCardPerk":38,"blademaster:DextrousPerk":46,"blademaster:BleedingLaceratePerk":41,"InkBottle":3,"HollowMod:LifeEnderRelic":53,"ReplayTheSpireMod:CursedCoin":36,"blademaster:StrongPerk":42,"Pen Nib":24,"The Courier":46,"MawBank":41,"Du-Vu Doll":38,"blademaster:FuryEveryTurnPerk":31,"Ornamental Fan":36,"blademaster:BleedingMoreDamagePerk":11,"ReplayTheSpireMod:TigerMarble":9,"Durian":42,"blademaster:DancersAmulet":0,"blademaster:WindChargePerk":24,"Runesmith:AutoHammer":31,"Bottled Lightning":54,"Abe\u0027s Treasure":17},{"Darkstone Periapt":24,"Divine Protection":13,"blademaster:BonusFuryPerk":6,"Smiling Mask":6,"MealTicket":8,"blademaster:LightningChargePerk":26,"Fusion Hammer":17,"Red Mask":11,"blademaster:FinisherDrawCardPerk":20,"blademaster:DextrousPerk":24,"blademaster:BleedingLaceratePerk":21,"InkBottle":2,"HollowMod:LifeEnderRelic":25,"ReplayTheSpireMod:CursedCoin":18,"blademaster:StrongPerk":22,"Pen Nib":13,"The Courier":24,"MawBank":21,"Du-Vu Doll":20,"blademaster:FuryEveryTurnPerk":16,"Ornamental Fan":18,"blademaster:BleedingMoreDamagePerk":8,"ReplayTheSpireMod:TigerMarble":6,"Durian":22,"blademaster:DancersAmulet":0,"blademaster:WindChargePerk":13,"Runesmith:AutoHammer":16,"Bottled Lightning":26,"Abe\u0027s Treasure":9},{"Darkstone Periapt":105,"Divine Protection":67,"blademaster:BonusFuryPerk":25,"Smiling Mask":25,"MealTicket":38,"blademaster:LightningChargePerk":113,"Fusion Hammer":83,"Red Mask":58,"blademaster:FinisherDrawCardPerk":93,"blademaster:DextrousPerk":105,"blademaster:BleedingLaceratePerk":98,"InkBottle":10,"HollowMod:LifeEnderRelic":110,"ReplayTheSpireMod:CursedCoin":85,"blademaster:StrongPerk":101,"Pen Nib":67,"The Courier":105,"MawBank":98,"Du-Vu Doll":93,"blademaster:FuryEveryTurnPerk":77,"Ornamental Fan":85,"blademaster:BleedingMoreDamagePerk":38,"ReplayTheSpireMod:TigerMarble":25,"Durian":101,"blademaster:DancersAmulet":0,"blademaster:WindChargePerk":67,"Runesmith:AutoHammer":77,"Bottled Lightning":113,"Abe\u0027s Treasure":48}],"InkBottle":[69]},"card_choices":[{"not_picked":["blademaster:LightningCrash","blademaster:OneTrickPony"],"picked":"blademaster:Stability","floor":1},{"not_picked":["blademaster:CullingStrike","blademaster:BloodyBlow"],"picked":"blademaster:AspectOfWind","floor":2},{"not_picked":["blademaster:DeadlyDance","blademaster:Discharge"],"picked":"blademaster:Gust","floor":4},{"not_picked":["blademaster:ParryingStrike","blademaster:AspectOfWind"],"picked":"blademaster:Discharge","floor":5},{"not_picked":["blademaster:Quickstep","blademaster:ThunderingOpener","blademaster:CombatPrep"],"picked":"SKIP","floor":7},{"not_picked":["blademaster:Havoc","blademaster:ThunderSlash"],"picked":"blademaster:Safeguard","floor":8},{"not_picked":["blademaster:Cut","blademaster:KiBarrier","blademaster:CombatPrep"],"picked":"SKIP","floor":10},{"not_picked":["blademaster:LeechingStrike","blademaster:AspectOfWind"],"picked":"blademaster:RagingBlow","floor":11},{"not_picked":["blademaster:StanceMastery","blademaster:CloudOfSteel"],"picked":"blademaster:FuryOfTheElements","floor":16},{"not_picked":["blademaster:AirSlash","blademaster:AspectOfWind","blademaster:Quickstep"],"picked":"SKIP","floor":18},{"not_picked":["blademaster:Slice+1","blademaster:WindSlash"],"picked":"blademaster:SharpBlades+1","floor":19},{"not_picked":["blademaster:DaggerAndCloak","blademaster:BrainBloom"],"picked":"blademaster:Breeze","floor":21},{"not_picked":["blademaster:BrainBloom","blademaster:RagingBlow","blademaster:AspectOfLightning+1"],"picked":"SKIP","floor":24},{"not_picked":["blademaster:Sharpen","blademaster:ThunderingOpener"],"picked":"blademaster:Safeguard","floor":27},{"not_picked":["blademaster:Meditate+1","blademaster:Stability"],"picked":"blademaster:Flurry","floor":30},{"not_picked":["blademaster:EyeOfTheTornado+1","blademaster:KiBarrier","blademaster:ThunderingOpener"],"picked":"SKIP","floor":31},{"not_picked":["blademaster:FuryOfTheElements","blademaster:RollingTyphoon"],"picked":"blademaster:Blindside","floor":33},{"not_picked":["blademaster:FuriousStrike","blademaster:BloodyBlow","blademaster:LeechingStrike+1"],"picked":"SKIP","floor":35},{"not_picked":["blademaster:Thrust+1","blademaster:SlyStabs+1"],"picked":"blademaster:ChargingUp","floor":37},{"not_picked":["blademaster:LightningCrash+1","blademaster:SharpBlades+1"],"picked":"blademaster:AwakeningDefend+1","floor":38},{"not_picked":["blademaster:Hailwind+1","blademaster:Havoc","blademaster:Sharpen"],"picked":"SKIP","floor":41},{"not_picked":["blademaster:DeadlyDance+1","blademaster:Stormstrike"],"picked":"blademaster:Rupture+1","floor":42},{"not_picked":["blademaster:Quickstep","blademaster:Stability+1","blademaster:DaggerAndCloak"],"picked":"SKIP","floor":45},{"not_picked":["blademaster:Quickstep","blademaster:Stability+1"],"picked":"blademaster:DaggerAndCloak","floor":45},{"not_picked":["blademaster:LightningCrash+1","blademaster:Meditate","blademaster:TraverseCut"],"picked":"SKIP","floor":46},{"not_picked":["blademaster:Sharpen","blademaster:Stability+1","blademaster:Cut"],"picked":"SKIP","floor":54}],"player_experience":824474,"relics_obtained":[{"floor":3,"key":"InkBottle"},{"floor":8,"key":"Smiling Mask"},{"floor":8,"key":"blademaster:BonusFuryPerk"},{"floor":9,"key":"ReplayTheSpireMod:TigerMarble"},{"floor":11,"key":"MealTicket"},{"floor":11,"key":"blademaster:BleedingMoreDamagePerk"},{"floor":19,"key":"Red Mask"},{"floor":24,"key":"Pen Nib"},{"floor":24,"key":"blademaster:WindChargePerk"},{"floor":26,"key":"Divine Protection"},{"floor":31,"key":"Runesmith:AutoHammer"},{"floor":31,"key":"blademaster:FuryEveryTurnPerk"},{"floor":38,"key":"Du-Vu Doll"},{"floor":38,"key":"blademaster:FinisherDrawCardPerk"},{"floor":41,"key":"MawBank"},{"floor":41,"key":"blademaster:BleedingLaceratePerk"},{"floor":42,"key":"Durian"},{"floor":42,"key":"blademaster:StrongPerk"},{"floor":46,"key":"The Courier"},{"floor":46,"key":"blademaster:DextrousPerk"},{"floor":47,"key":"Darkstone Periapt"},{"floor":54,"key":"Bottled Lightning"},{"floor":54,"key":"blademaster:LightningChargePerk"}],"event_choices":[{"damage_healed":0,"gold_gain":0,"player_choice":"Relic","damage_taken":0,"max_hp_gain":0,"max_hp_loss":0,"event_name":"Wheel of Change","floor":3,"gold_loss":0},{"damage_healed":0,"gold_gain":0,"player_choice":"Fought Bandits","damage_taken":0,"max_hp_gain":0,"max_hp_loss":0,"event_name":"Masked Bandits","floor":19,"gold_loss":0},{"damage_healed":0,"gold_gain":0,"player_choice":"Fight","damage_taken":0,"max_hp_gain":0,"max_hp_loss":0,"event_name":"Mysterious Sphere","floor":38,"gold_loss":0},{"damage_healed":0,"gold_gain":0,"player_choice":"Fight","damage_taken":0,"max_hp_gain":0,"max_hp_loss":0,"event_name":"MindBloom","floor":42,"gold_loss":0},{"damage_healed":0,"gold_gain":100,"player_choice":"Pray","damage_taken":0,"max_hp_gain":0,"max_hp_loss":0,"event_name":"Golden Shrine","floor":48,"gold_loss":0}],"is_beta":false,"boss_relics":[{"not_picked":["Pandora\u0027s Box","ReplayTheSpireMod:DimensionalGlitch"],"picked":"Abe\u0027s Treasure"},{"not_picked":["Runesmith:UraniumAnvil","SacredBark"],"picked":"Fusion Hammer"}],"items_purged_floors":[13,14,20,29,36,39,44],"is_endless":false,"potions_floor_spawned":[1,4,8,10,16,21,24,27,33,37,41,42,46],"ascension_level":2}}