{"host":"vucub2jtaeo9vgh1","time":1611856887,"event":{"mods":["BaseMod","BetterRewards","Minty Spire (QoL Compilation)","Quick Restart","Rare Cards Sparkle","Replay The Spire","StSLib"],"gold_per_floor":[115,132,208,208,221,221,221],"floor_reached":6,"language":"ENG","playtime":267,"items_purged":["Strike_G"],"score":45,"play_id":"644a8a6a-23e2-4565-a3d3-855900670d34","local_time":"20210128190127","is_ascension_mode":true,"campfire_choices":[],"circlet_count":0,"master_deck":["Strike_G","Strike_G","Strike_G","Strike_G","Defend_G","Defend_G","Defend_G","Defend_G","Defend_G","Survivor","Neutralize","Footwork+1","Apotheosis+1","Accuracy","Blade Dance","A Thousand Cuts","Dash","Cloak And Dagger","Languid","Footwork","Acrobatics","ReplayTheSpireMod:Splinters"],"relics":["Ring of the Snake","Iron Hammer","Replay:Multitool","Orrery","Replay:Mystery Machine"],"acts_visited":["Exordium"],"potions_floor_usage":[6],"damage_taken":[{"damage":0,"enemies":"2 Louse","floor":1,"turns":3},{"damage":0,"enemies":"Jaw Worm","floor":2,"turns":4},{"damage":8,"enemies":"Cultist","floor":5,"turns":3},{"damage":16,"enemies":"3 Sentries","floor":6,"turns":5}],"seed_played":"-8231746897074182081","potions_obtained":[{"floor":2,"key":"Toxic Potion"},{"floor":3,"key":"Poison Potion"},{"floor":3,"key":"GhostInAJar"}],"is_trial":false,"path_per_floor":["M","M","?","?","M","E"],"character_chosen":"THE_SILENT","items_purchased":["Footwork+1","Iron Hammer","Apotheosis","Accuracy","Orrery","Cloak And Dagger"],"campfire_rested":0,"item_purchase_floors":[0,0,0,0,0,0],"current_hp_per_floor":[20,20,20,20,12,0,0],"gold":221,"neow_bonus":"","is_daily":false,"chose_seed":false,"campfire_upgraded":0,"win_rate":0.0,"timestamp":1611856887,"path_taken":["M","M","?","?","M","E"],"items_purchased_type":["Card","Relic","Card","Card","Relic","Card"],"build_version":"2020-12-22","purchased_purges":1,"victory":false,"max_hp_per_floor":[70,70,70,70,70,70,70],"card_choices":[{"not_picked":["Slice","Acrobatics"],"picked":"Blade Dance","floor":0},{"not_picked":["Distraction","Setup"],"picked":"A Thousand Cuts","floor":0},{"not_picked":["Poisoned Stab","Dodge and Roll"],"picked":"Dash","floor":0},{"not_picked":["ReplayTheSpireMod:From All Sides","Prepared"],"picked":"Footwork","floor":1},{"not_picked":["Noxious Fumes","Sucker Punch"],"picked":"Acrobatics","floor":2},{"not_picked":["Acrobatics","Outmaneuver","Poisoned Stab"],"picked":"SKIP","floor":5}],"player_experience":293799,"relics_obtained":[{"floor":3,"key":"Replay:Mystery Machine"}],"event_choices":[{"damage_healed":0,"gold_gain":0,"player_choice":"Upgraded","damage_taken":0,"max_hp_gain":0,"max_hp_loss":0,"event_name":"Upgrade Shrine","floor":4,"gold_loss":0,"cards_upgraded":["Apotheosis"]}],"is_beta":false,"boss_relics":[],"items_purged_floors":[0],"is_endless":false,"potions_floor_spawned":[2,5],"killed_by":"3 Sentries","ascension_level":5}}