{"host":"ewns8ifhbubwkcum","time":1611843972,"event":{"mods":["BaseMod","Block Reminder","Colored Map","Colored Powertips","Downfall","Highlight Path","Minty Spire (QoL Compilation)","Permanent Neow","Quick Restart","Random Character Button","StSLib"],"gold_per_floor":[0,150,163,163,20,34,81,97,122,138,138,38,73,92,112,207,207,107,125,10,10,0,0,23,39,59,76,76,76,76],"floor_reached":28,"language":"ENG","playtime":1693,"items_purged":["downfall:Icky"],"score":242,"play_id":"bf164ab4-245f-4a6f-abda-db155461549d","local_time":"20210128082612","is_ascension_mode":true,"campfire_choices":[{"floor":1.0,"key":"RECALL"},{"data":"champ:Taunt","floor":12.0,"key":"SMITH"},{"data":"champ:Lariat","floor":18.0,"key":"SMITH"}],"circlet_count":0,"master_deck":["champ:Strike","champ:Strike","champ:Strike","champ:Strike","champ:Defend","champ:Defend","champ:Defend","champ:Defend","champ:Execute","champ:Taunt+1","champ:CrownThrow","champ:FanOfKnives","champ:ShieldSigil","champ:Lariat+1","champ:GutPunch","champ:DeathBlow","champ:Backstep","champ:BladeFlurry","champ:Improvising","champ:SetATrap","champ:IgnorePain","champ:FaceSlap","champ:ShieldWall","champ:VampiricStrike","champ:PreemptiveStrike","champ:EnGarde+1","champ:SkillfulDodge","champ:TornadoPunch","champ:FanOfKnives+1","champ:FlashCut","champ:AdrenalArmor","champ:FancyFootwork"],"relics":["champ:ChampionCrown","Ice Cream","Toy Ornithopter","downfall:HeartBlessingBlue","Question Card","Coffee Dripper","downfall:HeartBlessingRed","downfall:RedIOU","Oddly Smooth Stone"],"acts_visited":["Exordium","TheCity"],"potions_floor_usage":[28],"damage_taken":[{"damage":12.0,"enemies":"Cultist","floor":3.0,"turns":4.0},{"damage":20.0,"enemies":"downfall:FleeingMerchant","floor":5.0,"turns":4.0},{"damage":10.0,"enemies":"Jaw Worm","floor":6.0,"turns":3.0},{"damage":30.0,"enemies":"Small Slimes","floor":8.0,"turns":3.0},{"damage":56.0,"enemies":"Lagavulin","floor":9.0,"turns":6.0},{"damage":30.0,"enemies":"Exordium Thugs","floor":10.0,"turns":3.0},{"damage":41.0,"enemies":"Gremlin Nob","floor":13.0,"turns":3.0},{"damage":19.0,"enemies":"2 Fungi Beasts","floor":14.0,"turns":2.0},{"damage":19.0,"enemies":"Exordium Wildlife","floor":15.0,"turns":4.0},{"damage":20.0,"enemies":"WA_ARCHETYPE_RETAIN","floor":16.0,"turns":9.0},{"damage":9.0,"enemies":"Shell Parasite","floor":19.0,"turns":3.0},{"damage":60.0,"enemies":"downfall:FleeingMerchant","floor":20.0,"turns":4.0},{"damage":10.0,"enemies":"downfall:FleeingMerchant","floor":22.0,"turns":4.0},{"damage":47.0,"enemies":"Snake Plant","floor":25.0,"turns":4.0},{"damage":33,"enemies":"Shelled Parasite and Fungi","floor":26,"turns":6},{"damage":20,"enemies":"Centurion and Healer","floor":27,"turns":4},{"damage":38,"enemies":"Book of Stabbing","floor":28,"turns":5}],"seed_played":"-2994357778787369510","potions_obtained":[{"floor":6.0,"key":"Swift Potion"},{"floor":9.0,"key":"SkillPotion"},{"floor":13.0,"key":"EssenceOfSteel"},{"floor":14.0,"key":"Weak Potion"},{"floor":25.0,"key":"SpeedPotion"}],"is_trial":false,"path_per_floor":["R","?","M","?","$","M","T","M","E","M","?","R","E","M","M","B",null,"R","M","$","?","$","?","T","M","M","M","E"],"character_chosen":"THE_CHAMP","items_purchased":["champ:ShieldSigil","champ:SkillfulDodge","champ:TornadoPunch"],"campfire_rested":0,"item_purchase_floors":[5,20,20],"current_hp_per_floor":[90,90,88,70,70,70,70,70,49,39,39,49,38,29,20,20,100,100,91,76,76,76,76,76,39,21,21,0,0,0],"gold":76,"neow_bonus":"ONE_RARE_RELIC","is_daily":false,"chose_seed":false,"campfire_upgraded":2,"win_rate":0.0,"timestamp":1611843972,"path_taken":["R","?","M","?","?","M","T","M","E","M","?","R","E","M","M","BOSS","R","M","$","?","$","?","T","M","M","M","E"],"items_purchased_type":["Card","Card","Card"],"build_version":"2020-12-22","purchased_purges":1,"victory":false,"max_hp_per_floor":[90,90,90,90,90,90,90,90,90,90,90,100,100,100,100,100,100,100,100,100,100,100,100,100,100,100,100,100,100,100],"card_choices":[{"not_picked":["champ:ViciousMockery","champ:Circumvent"],"picked":"champ:CrownThrow","floor":3.0},{"not_picked":["champ:HeartStrike","champ:Circumvent"],"picked":"champ:FanOfKnives","floor":5.0},{"not_picked":["champ:Shatter","champ:DefensiveShout"],"picked":"champ:Lariat","floor":6.0},{"not_picked":["champ:FalseCounter","champ:RapidStrikes"],"picked":"champ:GutPunch","floor":8.0},{"not_picked":["champ:RapidStrikes","champ:Haymaker"],"picked":"champ:DeathBlow","floor":9.0},{"not_picked":["champ:FaceSlap","champ:Devastate"],"picked":"champ:Backstep","floor":10.0},{"not_picked":["champ:BladeFlurry","champ:RageSigil"],"picked":"champ:IgnorePain","floor":13.0},{"not_picked":["champ:Circumvent","champ:DeathBlow","champ:ShieldSlam"],"picked":"champ:FaceSlap","floor":14.0},{"not_picked":["champ:RageSigil","champ:Shatter","champ:Backstep"],"picked":"champ:ShieldWall","floor":15.0},{"not_picked":["champ:MurderStrike","champ:DancingMaster","champ:LastStand"],"picked":"champ:VampiricStrike","floor":16.0},{"not_picked":["champ:BladeFlurry+1","champ:CalledShot+1","champ:Shatter"],"picked":"champ:PreemptiveStrike","floor":19.0},{"not_picked":["champ:Parry+1","champ:CrownThrow+1","champ:Encircle"],"picked":"champ:EnGarde+1","floor":20.0},{"not_picked":["champ:ShieldWall","champ:GutPunch","champ:Duel"],"picked":"champ:FanOfKnives+1","floor":22.0},{"not_picked":["champ:PerfectedStrike+1","champ:Backstep","champ:GladiatorStyle"],"picked":"champ:FlashCut","floor":25.0},{"not_picked":["champ:ShieldSigil+1","champ:TornadoPunch","champ:BringItOn"],"picked":"champ:AdrenalArmor","floor":26},{"not_picked":["champ:RageSigil","champ:AdrenalArmor","champ:RapidStrikes"],"picked":"champ:FancyFootwork","floor":27}],"player_experience":1031116,"relics_obtained":[{"floor":9.0,"key":"Toy Ornithopter"},{"floor":13.0,"key":"Question Card"},{"floor":24.0,"key":"Oddly Smooth Stone"}],"event_choices":[{"damage_healed":0.0,"max_hp_gain":0.0,"max_hp_loss":0.0,"gold_gain":0.0,"event_name":"Scrap Ooze","player_choice":"Success","floor":4.0,"gold_loss":0.0,"damage_taken":18.0,"relics_obtained":["Akabeko"]}],"is_beta":false,"boss_relics":[{"not_picked":["Runic Dome","Empty Cage"],"picked":"Coffee Dripper"}],"items_purged_floors":[5],"is_endless":false,"potions_floor_spawned":[6,9,13,14,25],"killed_by":"Book of Stabbing","ascension_level":1}}