{"host":"i0avyit1s6jb1siw","time":1611827923,"event":{"mods":["BaseMod","DeckTracker","Dota2Spire","Highlight Path","Minty Spire (QoL Compilation)","Quick Restart","StSLib","SuperFastMode"],"gold_per_floor":[127,97,116,145,170,170,212,212,212,310,354,24,49,94,94,94,94,94],"floor_reached":17,"language":"ENG","playtime":446,"items_purged":[],"score":238,"play_id":"2cfe05a8-f038-4f59-bfca-0660dbd4bf70","local_time":"20210128105843","is_ascension_mode":true,"campfire_choices":[{"data":"Cloak And Dagger","floor":6,"key":"SMITH"},{"data":"Flechettes","floor":8,"key":"SMITH"},{"data":"Burst","floor":15,"key":"SMITH"},{"floor":16,"key":"REST"}],"circlet_count":0,"master_deck":["AscendersBane","Strike_G","Strike_G","Strike_G","Strike_G","Strike_G","Defend_G","Defend_G","Defend_G","Defend_G","Defend_G","Survivor","Neutralize","Cloak And Dagger+1","Terror","Dagger Spray","Burst+1","Flechettes+1","Acrobatics","Deadly Poison"],"relics":["Ring of the Snake","CeramicFish","Dota2Spire:HandOfMidas","Blood Vial","Kunai","Calipers"],"acts_visited":["Exordium"],"potions_floor_usage":[7,10,17],"damage_taken":[{"damage":0,"enemies":"Jaw Worm","floor":1,"turns":5},{"damage":0,"enemies":"Cultist","floor":3,"turns":4},{"damage":3,"enemies":"Small Slimes","floor":4,"turns":3},{"damage":11,"enemies":"3 Louse","floor":5,"turns":4},{"damage":24,"enemies":"Lagavulin","floor":7,"turns":8},{"damage":14,"enemies":"3 Sentries","floor":10,"turns":9},{"damage":3,"enemies":"Red Slaver","floor":11,"turns":5},{"damage":0,"enemies":"Exordium Thugs","floor":13,"turns":4},{"damage":3,"enemies":"Looter","floor":14,"turns":3},{"damage":32,"enemies":"The Guardian","floor":17,"turns":9}],"seed_played":"-6320382204359669784","potions_obtained":[{"floor":2,"key":"Explosive Potion"},{"floor":2,"key":"Poison Potion"},{"floor":7,"key":"Energy Potion"},{"floor":13,"key":"LiquidMemories"}],"is_trial":false,"path_per_floor":["M","?","M","M","M","R","E","R","T","E","M","$","M","M","R","R","B"],"character_chosen":"THE_SILENT","items_purchased":["Calipers"],"campfire_rested":1,"item_purchase_floors":[12],"current_hp_per_floor":[59,59,59,56,45,45,21,21,21,9,8,8,10,9,9,28,0,0],"gold":94,"neow_bonus":"RANDOM_COMMON_RELIC","is_daily":false,"chose_seed":false,"campfire_upgraded":3,"win_rate":0.0,"timestamp":1611827923,"path_taken":["M","?","M","?","M","R","E","R","T","E","M","?","M","M","R","R","BOSS"],"items_purchased_type":["Relic"],"build_version":"2020-12-22","purchased_purges":0,"victory":false,"max_hp_per_floor":[66,66,66,66,66,66,66,66,66,66,66,66,66,66,66,66,66,66],"card_choices":[{"not_picked":["Heel Hook","Dodge and Roll"],"picked":"Cloak And Dagger","floor":1},{"not_picked":["Acrobatics","PiercingWail"],"picked":"Terror","floor":3},{"not_picked":["Backflip","Quick Slash"],"picked":"Dagger Spray","floor":4},{"not_picked":["Backflip","Well Laid Plans"],"picked":"Burst","floor":5},{"not_picked":["Leg Sweep","Backflip"],"picked":"Flechettes","floor":7},{"not_picked":["Calculated Gamble","Choke"],"picked":"Acrobatics","floor":10},{"not_picked":["Dodge and Roll","Flechettes","Underhanded Strike"],"picked":"SKIP","floor":11},{"not_picked":["Calculated Gamble","Accuracy"],"picked":"Deadly Poison","floor":13},{"not_picked":["Distraction","Heel Hook","Deflect"],"picked":"SKIP","floor":14}],"player_experience":2359452,"relics_obtained":[{"floor":7,"key":"Dota2Spire:HandOfMidas"},{"floor":9,"key":"Blood Vial"},{"floor":10,"key":"Kunai"}],"event_choices":[{"damage_healed":0,"gold_gain":0,"player_choice":"Bought 2 Potions","damage_taken":0,"max_hp_gain":0,"max_hp_loss":0,"event_name":"The Woman in Blue","floor":2,"gold_loss":0}],"is_beta":false,"boss_relics":[],"items_purged_floors":[],"is_endless":false,"potions_floor_spawned":[3,5,7,13],"killed_by":"The Guardian","ascension_level":20}}