{"host":"hixkpep13ay54y5b","time":1611846461,"event":{"mods":["AchievementEnabler","BaseMod","BetterRewards","Colored Map","Hubris","Infinite Spire","Minty Spire (QoL Compilation)","Quick Restart","Replay The Spire","Shop Mod","StSLib","SuperFastMode"],"gold_per_floor":[119,188,188,148,163,196,196,27,27,44,44,61,74,101,101,206,206,225,225,235,246,382,382,408,408,408,441,453,453,453,453,465,484,484,580,580,591,591,604,617,617,643,507,507,534,549,598,648,648,648,648,746,746,749,754,754,754,275,275,276,276,276,226,301,326,337,296,296,383,383,394,344,351,357,357,377,377,377,390,390,390,348,348,351,351,362,453,543,543,547,499,511,515,515,532,537,537,537,537,557,563,576,571,571,637,637,642,647,661,668,872,899,899,908,908,913,935,939,939,626,626,712,712,723,731,743,746,754,767,767,778,804,810,817,817,829,851,851,947,947,956,1137,1142,1155,1173,1173,1182,1182,1201,1201,1228,1240,1240,1240,1333,1333,1342,833,847,860,876,906,906,915,915,915,915,943,952,952,952,1045,1045,1057,1055,1055,1055,1080,1080,1106,1122,1149,1176,1226,1309,1309,1313,799,814,842,869,869,871,878,890,890,968,968,968,968,991,1016,1016],"floor_reached":214,"language":"ENG","playtime":4307,"items_purged":["Strike_G","Strike_G","Strike_G","Strike_G","Strike_G","Neutralize+1","Defend_G+1","Defend_G+1","Defend_G+1","Crippling Poison+1","Deadly Poison+1"],"score":4495,"play_id":"5de3ea42-5e36-447b-b4cf-28d3059a5fed","local_time":"20210128100741","is_ascension_mode":false,"campfire_choices":[{"data":"Defend_G","floor":7.0,"key":"SMITH"},{"data":"Adrenaline","floor":11.0,"key":"SMITH"},{"data":"Catalyst","floor":15.0,"key":"SMITH"},{"data":"Crippling Poison","floor":23.0,"key":"SMITH"},{"data":"Burst","floor":31.0,"key":"SMITH"},{"data":"Deadly Poison","floor":44.0,"key":"SMITH"},{"floor":51.0,"key":"REST"},{"data":"Neutralize","floor":59.0,"key":"SMITH"},{"floor":61.0,"key":"REST"},{"data":"Defend_G+1","floor":68.0,"key":"PURGE"},{"data":"Defend_G+1","floor":80.0,"key":"PURGE"},{"floor":83.0,"key":"REST"},{"floor":85.0,"key":"REST"},{"floor":99.0,"key":"REST"},{"floor":119.0,"key":"RECALL"},{"floor":121.0,"key":"DIG"},{"floor":130.0,"key":"REST"},{"floor":138,"key":"REST"},{"floor":147,"key":"REST"},{"floor":151,"key":"REST"},{"floor":155,"key":"REST"},{"floor":164,"key":"REST"},{"floor":174,"key":"REST"},{"floor":182,"key":"REST"},{"floor":184,"key":"REST"},{"floor":208,"key":"REST"},{"floor":211,"key":"REST"}],"circlet_count":0,"master_deck":["Adrenaline+1","Catalyst+1","Bullet Time+1","Coolheaded+1","Burst+1","Catalyst+1","infinitespire:Neurotoxin+1","infinitespire:Neurotoxin+1"],"relics":["Ring of the Snake","NeowsBlessing","MerchantsRug","Busted Crown","Question Card","hubris:Towel","Lizard Tail","Garlic","hubris:ScarierMask","hubris:TinFlute","Replay:Baseball","ClockworkSouvenir","Letter Opener","Smiling Mask","infinitespire:Cupcake","Toxic Egg 2","hubris:Potato","Potion Belt","hubris:TerracottaHorce","Replay:Mystery Machine","hubris:Teleporter","SacredBark","Replay:Wax Seal","Gremlin Food","infinitespire:Joker Card","Iron Hammer","hubris:64BitClover","Black Star","FossilizedHelix","Strange Spoon","infinitespire:Satchel","War Paint","Quantum Egg","Golden Egg","Toy Ornithopter","InkBottle","HoveringKite","hubris:FunFungus","ReplayTheSpireMod:Shallot","Anchor","Eternal Feather","Tough Bandages","Bag of Preparation","PreservedInsect","SlaversCollar","Unceasing Top","DollysMirror","infinitespire:Beetle Shell","Dream Catcher","Shuriken","hubris:MobiusCoin","hubris:SlimyHat","Paper Crane","infinitespire:Bottled Soul","Strawberry"],"acts_visited":["Exordium","TheCity","TheBeyond","Exordium","TheCity","TheBeyond","Exordium","TheCity","TheBeyond","Exordium","TheCity","TheBeyond","TheEnding"],"potions_floor_usage":[214,214,214,214],"damage_taken":[{"damage":0.0,"enemies":"Cultist","floor":1.0,"turns":1.0},{"damage":0.0,"enemies":"Small Slimes","floor":5.0,"turns":1.0},{"damage":0.0,"enemies":"Lagavulin","floor":6.0,"turns":1.0},{"damage":0.0,"enemies":"2 Louse","floor":10.0,"turns":3.0},{"damage":0.0,"enemies":"Red Slaver","floor":12.0,"turns":3.0},{"damage":0.0,"enemies":"Looter","floor":13.0,"turns":3.0},{"damage":2.0,"enemies":"Gremlin Nob","floor":14.0,"turns":3.0},{"damage":16.0,"enemies":"The Guardian","floor":16.0,"turns":9.0},{"damage":0.0,"enemies":"2 Thieves","floor":18.0,"turns":4.0},{"damage":11.0,"enemies":"Chosen","floor":20.0,"turns":8.0},{"damage":10.0,"enemies":"Shelled Parasite and Fungi","floor":21.0,"turns":5.0},{"damage":36.0,"enemies":"Book of Stabbing","floor":24.0,"turns":7.0},{"damage":12.0,"enemies":"Nightmare","floor":27.0,"turns":8.0},{"damage":1.0,"enemies":"Centurion and Healer","floor":28.0,"turns":5.0},{"damage":9.0,"enemies":"Cultist and Chosen","floor":32.0,"turns":6.0},{"damage":0.0,"enemies":"Snake Plant","floor":33.0,"turns":4.0},{"damage":24.0,"enemies":"Champ","floor":35.0,"turns":9.0},{"damage":2.0,"enemies":"3 Shapes","floor":37.0,"turns":2.0},{"damage":0.0,"enemies":"Orb Walker","floor":39.0,"turns":1.0},{"damage":0.0,"enemies":"Sphere and 2 Shapes","floor":40.0,"turns":5.0},{"damage":40.0,"enemies":"Reptomancer","floor":42.0,"turns":9.0},{"damage":10.0,"enemies":"Jaw Worm Horde","floor":46.0,"turns":4.0},{"damage":0.0,"enemies":"Mind Bloom Boss Battle","floor":48.0,"turns":2.0},{"damage":0.0,"enemies":"Replay:Hell Engine","floor":52.0,"turns":8.0},{"damage":0.0,"enemies":"Small Slimes","floor":54.0,"turns":2.0},{"damage":0.0,"enemies":"2 Louse","floor":55.0,"turns":1.0},{"damage":0.0,"enemies":"Jaw Worm","floor":60.0,"turns":1.0},{"damage":0.0,"enemies":"Gremlin Nob","floor":65.0,"turns":1.0},{"damage":0.0,"enemies":"Blue Slaver","floor":66.0,"turns":1.0},{"damage":0.0,"enemies":"Fading Forest","floor":69.0,"turns":2.0},{"damage":0.0,"enemies":"Shell Parasite","floor":71.0,"turns":1.0},{"damage":12.0,"enemies":"2 Thieves","floor":73.0,"turns":2.0},{"damage":0.0,"enemies":"3 Cultists","floor":74.0,"turns":3.0},{"damage":0.0,"enemies":"Nightmare","floor":76.0,"turns":2.0},{"damage":0.0,"enemies":"Slavers","floor":79.0,"turns":2.0},{"damage":0.0,"enemies":"Snake Plant","floor":84.0,"turns":1.0},{"damage":0.0,"enemies":"Cultist and Chosen","floor":86.0,"turns":1.0},{"damage":0.0,"enemies":"hubris:MusketHawk","floor":88.0,"turns":1.0},{"damage":0.0,"enemies":"3 Shapes","floor":90.0,"turns":1.0},{"damage":0.0,"enemies":"Orb Walker","floor":92.0,"turns":1.0},{"damage":0.0,"enemies":"Spire Growth","floor":93.0,"turns":1.0},{"damage":0.0,"enemies":"R_Hoarder","floor":95.0,"turns":2.0},{"damage":0.0,"enemies":"3 Darklings","floor":96.0,"turns":1.0},{"damage":0.0,"enemies":"Nightmare_Alpha","floor":100.0,"turns":3.0},{"damage":0.0,"enemies":"Transient","floor":101.0,"turns":2.0},{"damage":0.0,"enemies":"R_Hoarder","floor":102.0,"turns":1.0},{"damage":0.0,"enemies":"4 Shapes","floor":103.0,"turns":1.0},{"damage":38.0,"enemies":"Awakened One","floor":105.0,"turns":5.0},{"damage":0.0,"enemies":"Small Slimes","floor":107.0,"turns":1.0},{"damage":0.0,"enemies":"Cultist","floor":108.0,"turns":1.0},{"damage":0.0,"enemies":"2 Louse","floor":109.0,"turns":1.0},{"damage":0.0,"enemies":"Large Slime","floor":110.0,"turns":1.0},{"damage":0.0,"enemies":"Gremlin Nob","floor":112.0,"turns":1.0},{"damage":0.0,"enemies":"Exordium Thugs","floor":114.0,"turns":1.0},{"damage":0.0,"enemies":"Blue Slaver","floor":116.0,"turns":1.0},{"damage":0.0,"enemies":"Replay:BlueRogue","floor":117.0,"turns":1.0},{"damage":0.0,"enemies":"Gremlin Gang","floor":118.0,"turns":1.0},{"damage":0.0,"enemies":"Slime Boss","floor":122.0,"turns":1.0},{"damage":0.0,"enemies":"Shell Parasite","floor":124.0,"turns":1.0},{"damage":0.0,"enemies":"Spheric Guardian","floor":125.0,"turns":1.0},{"damage":0.0,"enemies":"Snecko","floor":126.0,"turns":1.0},{"damage":0.0,"enemies":"Centurion and Healer","floor":127.0,"turns":1.0},{"damage":0.0,"enemies":"Snake Plant","floor":128.0,"turns":1.0},{"damage":0.0,"enemies":"Slavers","floor":129.0,"turns":1.0},{"damage":0.0,"enemies":"Shelled Parasite and Fungi","floor":131.0,"turns":1.0},{"damage":0.0,"enemies":"Centurion and Healer","floor":133.0,"turns":1.0},{"damage":0.0,"enemies":"3 Cultists","floor":134.0,"turns":1.0},{"damage":0,"enemies":"Cultist and Chosen","floor":136,"turns":1},{"damage":0,"enemies":"Gremlin Leader","floor":137,"turns":1},{"damage":0,"enemies":"Champ","floor":139,"turns":1},{"damage":0,"enemies":"Orb Walker","floor":141,"turns":1},{"damage":0,"enemies":"3 Shapes","floor":143,"turns":1},{"damage":0,"enemies":"Writhing Mass","floor":144,"turns":1},{"damage":0,"enemies":"Reptomancer","floor":146,"turns":1},{"damage":0,"enemies":"Sphere and 2 Shapes","floor":148,"turns":1},{"damage":0,"enemies":"R_Hoarder","floor":150,"turns":1},{"damage":0,"enemies":"Nemesis","floor":152,"turns":1},{"damage":0,"enemies":"Spire Growth","floor":153,"turns":1},{"damage":0,"enemies":"infinitespire:MassOfShapes","floor":156,"turns":1},{"damage":0,"enemies":"2 Louse","floor":158,"turns":1},{"damage":0,"enemies":"Cultist","floor":160,"turns":1},{"damage":0,"enemies":"Small Slimes","floor":161,"turns":1},{"damage":0,"enemies":"Blue Slaver","floor":162,"turns":1},{"damage":0,"enemies":"Gremlin Nob","floor":163,"turns":1},{"damage":0,"enemies":"2 Fungi Beasts","floor":165,"turns":1},{"damage":0,"enemies":"Lagavulin","floor":169,"turns":1},{"damage":0,"enemies":"Looter","floor":171,"turns":1},{"damage":0,"enemies":"infinitespire:LordOfFortification","floor":175,"turns":1},{"damage":0,"enemies":"Shell Parasite","floor":177,"turns":1},{"damage":0,"enemies":"3 Byrds","floor":179,"turns":1},{"damage":0,"enemies":"Gremlin Leader","floor":183,"turns":1},{"damage":0,"enemies":"Shelled Parasite and Fungi","floor":187,"turns":1},{"damage":0,"enemies":"Replay:Snechameleon","floor":188,"turns":1},{"damage":0,"enemies":"Book of Stabbing","floor":190,"turns":1},{"damage":0,"enemies":"infinitespire:LordOfFortification","floor":192,"turns":2},{"damage":0,"enemies":"3 Darklings","floor":194,"turns":1},{"damage":0,"enemies":"3 Shapes","floor":197,"turns":1},{"damage":0,"enemies":"R_Hoarder","floor":199,"turns":1},{"damage":0,"enemies":"Giant Head","floor":201,"turns":1},{"damage":0,"enemies":"Transient","floor":203,"turns":2},{"damage":0,"enemies":"Sphere and 2 Shapes","floor":204,"turns":1},{"damage":0,"enemies":"Writhing Mass","floor":206,"turns":1},{"damage":0,"enemies":"infinitespire:LordOfFortification","floor":209,"turns":2},{"damage":0,"enemies":"Shield and Spear","floor":213,"turns":1},{"damage":251,"enemies":"The Heart","floor":214,"turns":5}],"seed_played":"4976284165937165322","potions_obtained":[{"floor":4.0,"key":"SpeedPotion"},{"floor":4.0,"key":"GhostInAJar"},{"floor":4.0,"key":"infinitespire:BlackPotion"},{"floor":6.0,"key":"Weak Potion"},{"floor":13.0,"key":"Cursed Concoction"},{"floor":14.0,"key":"DistilledChaos"},{"floor":18.0,"key":"Regen Potion"},{"floor":27.0,"key":"Weak Potion"},{"floor":32.0,"key":"GhostInAJar"},{"floor":37.0,"key":"AttackPotion"},{"floor":42.0,"key":"SpeedPotion"},{"floor":46.0,"key":"Energy Potion"},{"floor":47.0,"key":"LifebloodPotion"},{"floor":48.0,"key":"Adrenaline Potion"},{"floor":50.0,"key":"Fruit Juice"},{"floor":50.0,"key":"GhostInAJar"},{"floor":50.0,"key":"DuplicationPotion"},{"floor":54.0,"key":"Swift Potion"},{"floor":60.0,"key":"Swift Potion"},{"floor":73.0,"key":"Flashbang"},{"floor":90.0,"key":"Block Potion"},{"floor":96.0,"key":"Poison Potion"},{"floor":110.0,"key":"Dexterity Potion"},{"floor":114.0,"key":"FairyPotion"},{"floor":122.0,"key":"AttackPotion"},{"floor":124.0,"key":"LiquidMemories"},{"floor":131.0,"key":"Adrenaline Potion"},{"floor":137,"key":"EntropicBrew"}],"is_trial":false,"path_per_floor":["M","T","?","?","M","E","R","$","T","M","R","M","M","E","R","B",null,"M","?","M","M","$","R","E","?","T","NM","M","PTL","PTL","R","M","M","R_BF","B",null,"M","AVR","M","M","?","E","$","R","T","M","?","?","T","?","R","B",null,"M","M","?","?","$","R","M","R","T","?","?","E","M","$","R_BF","B",null,"M","?","M","M","AVR","NM","PTL","PTL","E","R","T","$","R","M","R","M","R_BF","B",null,"M","$","M","M","$","E","M","T","T","R","NM","M","E","M","R_BF","B",null,"M","M","M","M","$","E","?","M","T","M","E","M","R","$","R_BF","B",null,"M","M","M","M","M","E","R","M","T","M","M","AVR","M","E","R","B",null,"M","$","M","M","E","R","M","T","E","R","E","M","AVR","R","B",null,"M","$","M","M","M","E","R","M","PTL","PTL","T","E","M","$","R","B",null,"M","M","$","R","E","R","T","M","E","E","R_BF","B",null,"M","$","M","E","E","T","M","M","M","R","B",null,"R","$","E","B"],"character_chosen":"THE_SILENT","items_purchased":["MerchantsRug","Blood Vial","DollysMirror","Gremlin Horn","Replay:Baseball","ClockworkSouvenir","FairyPotion","hubris:Potato","FossilizedHelix","Strange Spoon","Unceasing Top","DollysMirror"],"campfire_rested":16,"item_purchase_floors":[8,43,58,58,82,91,111,120,159,159,195,195],"current_hp_per_floor":[70,70,75,75,75,75,75,75,75,75,75,75,75,83,83,67,85,85,85,74,79,79,79,43,43,43,31,30,30,30,30,21,21,46,22,85,83,83,83,83,83,43,43,43,43,35,14,16,16,21,48,50,90,90,90,90,90,93,93,93,93,93,93,82,84,86,86,86,88,93,93,93,81,83,83,85,85,85,87,87,87,87,93,93,93,93,93,93,93,93,93,93,93,93,100,100,100,100,100,100,100,100,100,100,62,100,100,100,100,100,100,100,100,100,100,100,100,100,100,100,100,100,100,100,100,100,100,100,100,100,100,100,100,100,100,100,100,100,100,100,100,100,100,100,100,100,100,100,100,100,100,100,100,100,100,100,100,100,100,100,100,100,100,100,100,100,100,100,100,100,100,100,100,100,100,100,100,100,100,100,100,100,100,100,100,100,100,100,100,100,100,100,100,100,100,100,100,100,100,100,100,0,0],"gold":1016,"neow_bonus":"THREE_ENEMY_KILL","is_daily":false,"chose_seed":false,"campfire_upgraded":7,"win_rate":0.0,"timestamp":1611846461,"path_taken":["M","?","?","?","?","E","R","?","T","M","R","M","M","E","R","BOSS","M","?","M","?","$","R","E","?","T","NM","M","PTL","PTL","R","M","M","R_BF","BOSS","M","AVR","M","M","?","E","$","R","T","M","?","?","?","?","R","BOSS","M","M","?","?","$","R","?","R","T","?","?","E","M","$","R_BF","BOSS","M","?","M","M","AVR","NM","PTL","PTL","E","R","T","$","R","M","R","M","R_BF","BOSS","M","$","M","M","$","E","M","?","T","R","NM","M","E","M","R_BF","BOSS","M","M","M","M","$","E","?","M","T","M","E","M","R","$","R_BF","BOSS","M","M","M","M","M","E","R","M","T","M","M","AVR","M","E","R","BOSS","M","$","M","M","E","R","M","T","E","R","E","M","AVR","R","BOSS","M","$","M","M","M","E","R","M","PTL","PTL","T","E","M","$","R","BOSS","M","M","$","R","E","R","T","M","E","E","R_BF","BOSS","M","$","M","E","E","T","M","M","M","R","BOSS","R","$","E","BOSS"],"items_purchased_type":["Relic","Relic","Relic","Relic","Relic","Relic","Potion","Relic","Relic","Relic","Relic","Relic"],"build_version":"2020-12-22","purchased_purges":11,"victory":false,"max_hp_per_floor":[70,70,75,75,75,75,75,75,75,75,75,75,75,85,85,85,85,85,85,85,85,85,85,85,85,85,85,85,85,85,85,85,85,85,85,85,85,85,85,85,85,85,85,85,85,85,85,85,85,90,90,90,90,90,90,90,90,93,93,93,93,93,93,93,93,93,93,93,93,93,93,93,93,93,93,93,93,93,93,93,93,93,93,93,93,93,93,93,93,93,93,93,93,93,100,100,100,100,100,100,100,100,100,100,100,100,100,100,100,100,100,100,100,100,100,100,100,100,100,100,100,100,100,100,100,100,100,100,100,100,100,100,100,100,100,100,100,100,100,100,100,100,100,100,100,100,100,100,100,100,100,100,100,100,100,100,100,100,100,100,100,100,100,100,100,100,100,100,100,100,100,100,100,100,100,100,100,100,100,100,100,100,100,100,100,100,100,100,100,100,100,100,100,100,100,100,100,100,100,100,100,100,100],"card_choices":[{"not_picked":["Deflect","Blade Dance","Flechettes"],"picked":"SKIP","floor":1.0},{"not_picked":["Toxin Wave","PiercingWail"],"picked":"Deadly Poison","floor":5.0},{"not_picked":["Blur","Sucker Punch"],"picked":"Adrenaline","floor":6.0},{"not_picked":["Caltrops","Hidden Blade","Compile Driver"],"picked":"Crippling Poison","floor":10.0},{"not_picked":["Skewer","Poisoned Stab","Flying Knee","Go for the Eyes"],"picked":"SKIP","floor":12.0},{"not_picked":["Replay:Poison Smokescreen","Quick Slash","Turbo"],"picked":"Catalyst","floor":13.0},{"not_picked":["Blur","Prepared","Hyperbeam"],"picked":"Bullet Time","floor":14.0},{"not_picked":["Choke","PiercingWail","Escape Plan","Hologram"],"picked":"SKIP","floor":18.0},{"not_picked":["Hidden Blade","ReplayTheSpireMod:Scrap Shanks","Backflip","Coolheaded"],"picked":"SKIP","floor":20.0},{"not_picked":["Hidden Blade","ReplayTheSpireMod:Scrap Shanks","Backflip"],"picked":"Coolheaded","floor":20.0},{"not_picked":["Backflip+1","Dagger Throw","Blade Dance","Go for the Eyes"],"picked":"SKIP","floor":21.0},{"not_picked":["Bane+1","Setup"],"picked":"Burst","floor":24.0},{"not_picked":["Underhanded Strike","Poisoned Stab","Endless Agony"],"picked":"SKIP","floor":27.0},{"not_picked":["Leg Sweep","Acrobatics","Dagger Spray"],"picked":"SKIP","floor":28.0},{"not_picked":["Poisoned Stab","Heel Hook","Reflex"],"picked":"SKIP","floor":32.0},{"not_picked":["Backflip+1","Underhanded Strike","Slice"],"picked":"SKIP","floor":33.0},{"not_picked":["Poisoned Stab+1"],"picked":"SKIP","floor":37.0},{"not_picked":["Hidden Blade+1","Dagger Throw+1"],"picked":"SKIP","floor":39.0},{"not_picked":["Deflect","Slice+1"],"picked":"SKIP","floor":40.0},{"not_picked":["Prepared","ReplayTheSpireMod:Scrap Shanks"],"picked":"SKIP","floor":42.0},{"not_picked":["Deflect","Dodge and Roll"],"picked":"SKIP","floor":46.0},{"not_picked":["PiercingWail","Dagger Throw"],"picked":"SKIP","floor":54.0},{"not_picked":["Underhanded Strike","Prepared"],"picked":"SKIP","floor":55.0},{"not_picked":["Cloak And Dagger","Dodge and Roll"],"picked":"SKIP","floor":60.0},{"not_picked":["Crippling Poison","Deflect"],"picked":"SKIP","floor":65.0},{"not_picked":["Flying Knee","Cloak And Dagger"],"picked":"SKIP","floor":66.0},{"not_picked":["Sneak Up","Flying Knee"],"picked":"SKIP","floor":71.0},{"not_picked":["hubris:SlightOfHand","Underhanded Strike"],"picked":"SKIP","floor":73.0},{"not_picked":["Bane","Deadly Poison"],"picked":"SKIP","floor":74.0},{"not_picked":["ReplayTheSpireMod:Shiv Toss","Escape Plan"],"picked":"SKIP","floor":76.0},{"not_picked":["Underhanded Strike","Distraction"],"picked":"SKIP","floor":79.0},{"not_picked":["Underhanded Strike","Distraction"],"picked":"SKIP","floor":79.0},{"not_picked":["Outmaneuver","Finisher+1"],"picked":"SKIP","floor":84.0},{"not_picked":["Escape Plan","Sucker Punch"],"picked":"SKIP","floor":86.0},{"not_picked":["Dodge and Roll+1","Outmaneuver+1"],"picked":"SKIP","floor":90.0},{"not_picked":["Riddle With Holes+1","Sucker Punch+1"],"picked":"SKIP","floor":92.0},{"not_picked":["ReplayTheSpireMod:Scrap Shanks","Deflect+1"],"picked":"SKIP","floor":93.0},{"not_picked":["Tactician","Flechettes"],"picked":"SKIP","floor":95.0},{"not_picked":["Draining Mist+1","Terror+1"],"picked":"SKIP","floor":96.0},{"not_picked":["Outmaneuver+1","Acrobatics"],"picked":"SKIP","floor":100.0},{"not_picked":["hubris:SlightOfHand+1","Skewer+1"],"picked":"SKIP","floor":101.0},{"not_picked":["Poisoned Stab","Dagger Throw"],"picked":"SKIP","floor":102.0},{"not_picked":["Quick Slash+1","Deflect"],"picked":"SKIP","floor":103.0},{"not_picked":["Well Laid Plans+1","Underhanded Strike"],"picked":"SKIP","floor":107.0},{"not_picked":["Dagger Spray","Prepared"],"picked":"SKIP","floor":108.0},{"not_picked":["Skewer","Flying Knee"],"picked":"SKIP","floor":109.0},{"not_picked":["Flying Knee","Outmaneuver"],"picked":"SKIP","floor":110.0},{"not_picked":["Noxious Fumes","Grand Finale"],"picked":"SKIP","floor":112.0},{"not_picked":["Noxious Fumes","Grand Finale"],"picked":"SKIP","floor":112.0},{"not_picked":["Deflect","Acrobatics"],"picked":"SKIP","floor":114.0},{"not_picked":["Acrobatics+1","Poisoned Stab"],"picked":"SKIP","floor":116.0},{"not_picked":["Sucker Punch","Cloak And Dagger+1"],"picked":"SKIP","floor":117.0},{"not_picked":["Terror+1","A Thousand Cuts"],"picked":"SKIP","floor":118.0},{"not_picked":["Bouncing Flask+1","Deadly Poison+1"],"picked":"SKIP","floor":124.0},{"not_picked":["Dodge and Roll+1","Deadly Poison+1"],"picked":"SKIP","floor":125.0},{"not_picked":["Dodge and Roll+1","hubris:Counter+1"],"picked":"SKIP","floor":126.0},{"not_picked":["hubris:Sniper+1","Eviscerate"],"picked":"SKIP","floor":127.0},{"not_picked":["Escape Plan+1"],"picked":"infinitespire:Neurotoxin+1","floor":128.0},{"not_picked":["Terror+1","Deflect+1"],"picked":"SKIP","floor":129.0},{"not_picked":["Heel Hook","Blade Dance+1"],"picked":"SKIP","floor":131.0},{"not_picked":["Hidden Blade+1","Backstab"],"picked":"SKIP","floor":133.0},{"not_picked":["Reflex+1","Blade Dance+1"],"picked":"SKIP","floor":134.0},{"not_picked":["Poisoned Stab","Dash"],"picked":"SKIP","floor":136},{"not_picked":["Underhanded Strike","Draining Mist+1"],"picked":"SKIP","floor":137},{"not_picked":["Choke","Dodge and Roll+1"],"picked":"SKIP","floor":141},{"not_picked":["Deflect+1","Caltrops"],"picked":"SKIP","floor":143},{"not_picked":["Blade Dance+1","Dagger Throw+1"],"picked":"SKIP","floor":144},{"not_picked":["Fluid Movement+1","Well Laid Plans"],"picked":"SKIP","floor":146},{"not_picked":["Quick Slash","Dagger Spray"],"picked":"SKIP","floor":148},{"not_picked":["infinitespire:Neurotoxin+1","Flying Knee+1"],"picked":"SKIP","floor":150},{"not_picked":["Deadly Poison+1","Atom Bomb"],"picked":"SKIP","floor":152},{"not_picked":["Quick Slash","PiercingWail+1"],"picked":"SKIP","floor":153},{"not_picked":["Underhanded Strike","Outmaneuver+1"],"picked":"SKIP","floor":158},{"not_picked":["Predator","Draining Mist+1"],"picked":"SKIP","floor":160},{"not_picked":["Venomology+1","Poisoned Stab"],"picked":"SKIP","floor":161},{"not_picked":["Backstab","ReplayTheSpireMod:Shiv Toss+1"],"picked":"SKIP","floor":162},{"not_picked":["Terror+1","Cloak And Dagger+1"],"picked":"SKIP","floor":163},{"not_picked":["Crippling Poison+1","After Image"],"picked":"SKIP","floor":165},{"not_picked":["Flechettes","Prepared+1"],"picked":"SKIP","floor":169},{"not_picked":["Blade Dance+1","Flying Knee"],"picked":"SKIP","floor":171},{"not_picked":["Escape Plan+1","Deflect+1"],"picked":"SKIP","floor":177},{"not_picked":["Dagger Throw","Leg Sweep+1"],"picked":"SKIP","floor":179},{"not_picked":["ReplayTheSpireMod:From All Sides","Expertise+1"],"picked":"SKIP","floor":183},{"not_picked":["Bane","Slice+1"],"picked":"SKIP","floor":187},{"not_picked":["Crippling Poison+1","Flying Knee"],"picked":"SKIP","floor":188},{"not_picked":["Eviscerate+1","Dagger Spray"],"picked":"SKIP","floor":190},{"not_picked":["Flying Knee+1","Bane"],"picked":"SKIP","floor":194},{"not_picked":["Flechettes+1","ReplayTheSpireMod:Scrap Shanks+1"],"picked":"SKIP","floor":197},{"not_picked":["Hidden Blade+1","Dodge and Roll+1"],"picked":"SKIP","floor":199},{"not_picked":["Bane","Dodge and Roll+1"],"picked":"SKIP","floor":201},{"not_picked":["Backflip+1","Backstab+1"],"picked":"SKIP","floor":203},{"not_picked":["Poison Darts+1","Dagger Throw+1"],"picked":"SKIP","floor":204},{"not_picked":["ReplayTheSpireMod:Tripwire+1","Underhanded Strike+1"],"picked":"SKIP","floor":206},{"not_picked":["Slice","ReplayTheSpireMod:Tripwire+1"],"picked":"SKIP","floor":213}],"player_experience":147344,"relics_obtained":[{"floor":2.0,"key":"hubris:SphereOfDissonance"},{"floor":6.0,"key":"Ninja Scroll"},{"floor":9.0,"key":"hubris:DisguiseKit"},{"floor":14.0,"key":"Pear"},{"floor":24.0,"key":"infinitespire:Golems Mask"},{"floor":26.0,"key":"Mercury Hourglass"},{"floor":27.0,"key":"Boot"},{"floor":42.0,"key":"Replay:Bottled Eggs"},{"floor":45.0,"key":"War Paint"},{"floor":47.0,"key":"Replay:Ringing Soul"},{"floor":48.0,"key":"Lizard Tail"},{"floor":49.0,"key":"Garlic"},{"floor":62.0,"key":"Replay:Multitool"},{"floor":65.0,"key":"Kunai"},{"floor":76.0,"key":"Chameleon Ring"},{"floor":79.0,"key":"Replay:Mystery Machine"},{"floor":81.0,"key":"Matryoshka"},{"floor":95.0,"key":"Strawberry"},{"floor":97.0,"key":"infinitespire:Midas Blood"},{"floor":97.0,"key":"Letter Opener"},{"floor":98.0,"key":"Smiling Mask"},{"floor":98.0,"key":"Frozen Egg 2"},{"floor":100.0,"key":"Pen Nib"},{"floor":102.0,"key":"infinitespire:PuzzleCube"},{"floor":112.0,"key":"Ornamental Fan"},{"floor":115.0,"key":"Toxic Egg 2"},{"floor":117.0,"key":"Oddly Smooth Stone"},{"floor":121.0,"key":"Potion Belt"},{"floor":129.0,"key":"Replay:Mystery Machine"},{"floor":132.0,"key":"hubris:ToyBattleship"},{"floor":137,"key":"Blood Vial"},{"floor":146,"key":"Replay:Wax Seal"},{"floor":149,"key":"Gremlin Food"},{"floor":150,"key":"infinitespire:Joker Card"},{"floor":152,"key":"Iron Hammer"},{"floor":163,"key":"infinitespire:Satchel"},{"floor":163,"key":"War Paint"},{"floor":168,"key":"Quantum Egg"},{"floor":169,"key":"Golden Egg"},{"floor":169,"key":"Toy Ornithopter"},{"floor":171,"key":"InkBottle"},{"floor":183,"key":"hubris:FunFungus"},{"floor":183,"key":"ReplayTheSpireMod:Shallot"},{"floor":185,"key":"Anchor"},{"floor":188,"key":"Eternal Feather"},{"floor":188,"key":"Tough Bandages"},{"floor":190,"key":"Bag of Preparation"},{"floor":190,"key":"PreservedInsect"},{"floor":197,"key":"infinitespire:Beetle Shell"},{"floor":199,"key":"Dream Catcher"},{"floor":199,"key":"Shuriken"},{"floor":201,"key":"hubris:MobiusCoin"},{"floor":201,"key":"hubris:SlimyHat"},{"floor":202,"key":"Paper Crane"},{"floor":213,"key":"infinitespire:Bottled Soul"},{"floor":213,"key":"Strawberry"}],"event_choices":[{"damage_healed":0.0,"max_hp_gain":5.0,"max_hp_loss":0.0,"gold_gain":0.0,"event_name":"Big Fish","player_choice":"Donut","floor":3.0,"gold_loss":0.0,"damage_taken":0.0},{"damage_healed":0.0,"max_hp_gain":0.0,"max_hp_loss":0.0,"gold_gain":0.0,"event_name":"The Woman in Blue","player_choice":"Bought 3 Potions","floor":4.0,"gold_loss":0.0,"damage_taken":0.0},{"damage_healed":0.0,"max_hp_gain":0.0,"max_hp_loss":0.0,"gold_gain":0.0,"event_name":"Match and Keep!","player_choice":"0 cards matched","floor":19.0,"gold_loss":0.0,"damage_taken":0.0,"cards_obtained":[]},{"damage_healed":0.0,"max_hp_gain":0.0,"max_hp_loss":0.0,"gold_gain":0.0,"event_name":"MindBloom","player_choice":"Fight","floor":48.0,"gold_loss":0.0,"damage_taken":0.0},{"damage_healed":0.0,"max_hp_gain":0.0,"max_hp_loss":0.0,"gold_gain":0.0,"event_name":"Lab","player_choice":"Got Potions","floor":50.0,"gold_loss":0.0,"damage_taken":0.0},{"cards_removed":["Survivor"],"damage_healed":0.0,"max_hp_gain":0.0,"max_hp_loss":0.0,"gold_gain":0.0,"event_name":"The Cleric","player_choice":"Card Removal","floor":63.0,"gold_loss":50.0,"damage_taken":0.0},{"damage_healed":0.0,"max_hp_gain":0.0,"max_hp_loss":0.0,"gold_gain":75.0,"event_name":"World of Goop","player_choice":"Gather Gold","floor":64.0,"gold_loss":0.0,"damage_taken":11.0},{"damage_healed":0.0,"max_hp_gain":0.0,"max_hp_loss":0.0,"gold_gain":0.0,"event_name":"The Joust","player_choice":"Bet on Murderer","floor":72.0,"gold_loss":50.0,"damage_taken":0.0},{"damage_healed":0.0,"max_hp_gain":0.0,"max_hp_loss":0.0,"gold_gain":0.0,"event_name":"SensoryStone","player_choice":"Memory 1","floor":104.0,"gold_loss":0.0,"damage_taken":0.0},{"damage_healed":0.0,"max_hp_gain":0.0,"max_hp_loss":0.0,"gold_gain":0.0,"event_name":"Golden Wing","player_choice":"Ignored","floor":113.0,"gold_loss":0.0,"damage_taken":0.0}],"is_beta":false,"boss_relics":[{"not_picked":["Calling Bell","ReplayTheSpireMod:SealedPack"],"picked":"HoveringKite"},{"not_picked":["hubris:TerracottaHorce","Fusion Hammer"],"picked":"Busted Crown"},{"not_picked":["Abe\u0027s Treasure","Replay:Drink Me"],"picked":"Ring of Chaos"},{"not_picked":["Tiny House","SacredBark"],"picked":"hubris:ScarierMask"},{"not_picked":["Snecko Eye","Abe\u0027s Treasure"],"picked":"hubris:HollowSoul"},{"not_picked":["Runic Dome","Fusion Hammer"],"picked":"infinitespire:Cupcake"},{"not_picked":["HoveringKite","Velvet Choker"],"picked":"hubris:TerracottaHorce"},{"not_picked":["hubris:VirtuousBlindfold","hubris:RunicObelisk"],"picked":"SacredBark"},{"not_picked":["Sozu","Cursed Key"],"picked":"Black Star"},{"not_picked":["Pandora\u0027s Box","hubris:BlackHole"],"picked":"HoveringKite"},{"not_picked":["ReplayTheSpireMod:DimensionalGlitch","Honey Jar"],"picked":"SlaversCollar"},{"not_picked":["Coffee Dripper","Painkiller Herb","Kintsugi"]}],"items_purged_floors":[8,22,38,43,58,67,75,82,91,159,195],"is_endless":true,"potions_floor_spawned":[6,10,13,14,18,27,32,37,42,46,48,52,54,55,60,71,73,76,79,90,95,96,100,102,103,110,114,116,118,122,124,127,131,134,137,139,141,146,153,156,161,162,175,187,188,190,192,194,203,204],"killed_by":"The Heart","ascension_level":0}}