{"host":"Bawah","time":1611820878,"event":{"mods":["BaseMod","Downfall","Marisa????????","Minty Spire (QoL Compilation)","Replay The Spire","StSLib","The Cursed"],"gold_per_floor":[99,116,116,127,127,144,171,171,185,196,196,296,311,328,343,343,343,343],"floor_reached":16,"language":"SPA","playtime":903,"items_purged":[],"score":96,"play_id":"c1024b4a-f4c2-4d28-a6f3-0ffd596db7e1","local_time":"20210128090118","is_ascension_mode":false,"campfire_choices":[{"data":"bronze:ClassDefault","floor":8,"key":"SMITH"},{"data":"bronze:Replicate","floor":11,"key":"SMITH"}],"circlet_count":0,"master_deck":["bronze:Strike","bronze:Strike","bronze:Strike","bronze:Defend","bronze:Defend","bronze:Replicate+1","bronze:Goto","bronze:MaxOutput+1","bronze:DelayedGuard","bronze:ClassDefault+1","bronze:WhirlingStrike+1","bronze:BitShift","bronze:BitShift","bronze:CloningBeam","bronze:Backtrace","bronze:Optimize"],"relics":["bronze:BronzeCore","Replay:Rubber Ducky"],"acts_visited":["Exordium"],"potions_floor_usage":[],"damage_taken":[{"damage":1,"enemies":"Cultist","floor":2,"turns":4},{"damage":1,"enemies":"Jaw Worm","floor":4,"turns":4},{"damage":1,"enemies":"Small Slimes","floor":6,"turns":3},{"damage":8,"enemies":"2 Fungi Beasts","floor":9,"turns":3},{"damage":0,"enemies":"3 Louse","floor":10,"turns":3},{"damage":30,"enemies":"downfall:Heads","floor":12,"turns":5},{"damage":11,"enemies":"Gremlin Gang","floor":13,"turns":3},{"damage":0,"enemies":"Lots of Slimes","floor":14,"turns":1},{"damage":12,"enemies":"Blue Slaver","floor":15,"turns":2},{"damage":15,"enemies":"DF_ARCHETYPE_STREAMLINE","floor":16,"turns":6}],"seed_played":"7321806495756994212","potions_obtained":[{"floor":4,"key":"Explosive Potion"},{"floor":6,"key":"SpeedPotion"},{"floor":10,"key":"Elixir"},{"floor":13,"key":"Strength Potion"}],"is_trial":false,"path_per_floor":["R","M","?","M","?","M","T","R","M","M","R","?","M","M","M","B"],"character_chosen":"THE_AUTOMATON","items_purchased":[],"campfire_rested":0,"item_purchase_floors":[],"current_hp_per_floor":[77,76,76,75,75,74,74,74,66,66,66,36,25,25,13,0,0,0],"gold":343,"neow_bonus":"TEN_PERCENT_HP_BONUS","is_daily":false,"chose_seed":false,"campfire_upgraded":2,"win_rate":0.0,"timestamp":1611820878,"path_taken":["R","M","?","?","?","?","T","R","M","M","R","?","M","M","M","BOSS"],"items_purchased_type":[],"build_version":"2020-12-18","purchased_purges":0,"victory":false,"max_hp_per_floor":[77,77,77,77,77,77,77,77,77,77,77,77,77,77,77,77,77,77],"card_choices":[{"not_picked":["bronze:Deprecate","bronze:OilSpill"],"picked":"bronze:MaxOutput","floor":2},{"not_picked":["bronze:Turbo","bronze:Frontload"],"picked":"bronze:DelayedGuard","floor":4},{"not_picked":["bronze:OilSpill","bronze:Optimize"],"picked":"bronze:ClassDefault","floor":6},{"not_picked":["bronze:Iterate","bronze:BitShift"],"picked":"bronze:WhirlingStrike","floor":9},{"not_picked":["bronze:FineTuning","bronze:CutThrough"],"picked":"bronze:BitShift","floor":10},{"not_picked":["bronze:Safeguard","bronze:FineTuning"],"picked":"bronze:CloningBeam","floor":12},{"not_picked":["bronze:Fortify","bronze:BitShift"],"picked":"bronze:Backtrace","floor":13},{"not_picked":["bronze:CutThrough","bronze:WildBeam","bronze:FollowUp"],"picked":"SKIP","floor":14},{"not_picked":["bronze:BuggyMess","bronze:FineTuning"],"picked":"bronze:Optimize","floor":15}],"player_experience":844851,"relics_obtained":[{"floor":7,"key":"Replay:Rubber Ducky"}],"event_choices":[{"cards_removed":["bronze:Defend"],"damage_healed":0,"gold_gain":0,"player_choice":"Offered Basic","damage_taken":0,"max_hp_gain":0,"max_hp_loss":0,"event_name":"Bonfire Elementals","floor":5,"gold_loss":0}],"is_beta":true,"boss_relics":[],"items_purged_floors":[],"is_endless":false,"potions_floor_spawned":[4,6,10,13,14],"killed_by":"DF_ARCHETYPE_STREAMLINE","ascension_level":0}}