{"host":"mnpd8gh7cwxsn5kh","time":1611873590,"event":{"mods":["BaseMod","Bestiary","Block Reminder","Colored Map","Colored Powertips","Highlight Path","Minty Spire (QoL Compilation)","Relic Sorter","Relic Stats"],"gold_per_floor":[109,69,89,16,191,225,225,225,225,253,263,298,298,141,141,242,242,242,242,52,52,52,52,52,52,52,52,52,52,52,52,52,52,52,52,52,52,52,52,52,52,52,52,52,52,52,52,52,52,52,52],"floor_reached":50,"language":"ENG","playtime":3531,"items_purged":[],"score":686,"play_id":"f833208d-cc3d-423d-a0e7-65c453b58db9","local_time":"20210128233950","is_ascension_mode":true,"campfire_choices":[{"floor":8,"key":"REST"},{"floor":15,"key":"REST"},{"floor":23,"key":"REST"},{"floor":25,"key":"REST"},{"floor":32,"key":"REST"},{"floor":40,"key":"REST"},{"floor":42,"key":"REST"},{"floor":44,"key":"REST"},{"floor":49,"key":"REST"}],"circlet_count":0,"master_deck":["Strike_P","Strike_P","Strike_P","Strike_P","Defend_P","Defend_P","Defend_P","Defend_P","Eruption","Vigilance","Evaluate","Fasting2","FollowUp","Tantrum","Meditate","WheelKick","Judgement","InnerPeace","LikeWater","SandsOfTime","Panacea","Blasphemy","ThirdEye+1","CutThroughFate","DevaForm","BattleHymn","FollowUp+1","TalkToTheHand","FlurryOfBlows","TalkToTheHand","SpiritShield","InnerPeace","EmptyBody+1","BattleHymn+1","Protect","Tantrum+1","EmptyBody"],"relics":["Fusion Hammer","Damaru","Vajra","Akabeko","Juzu Bracelet","Ectoplasm","Bottled Flame","Nunchaku","Sundial","MutagenicStrength","Pantograph","VioletLotus","Happy Flower","Omamori","Gremlin Horn"],"acts_visited":["Exordium","TheCity","TheBeyond"],"potions_floor_usage":[16,21,33,38,39,41,50,50],"damage_taken":[{"damage":0,"enemies":"Cultist","floor":1,"turns":2},{"damage":0,"enemies":"2 Louse","floor":3,"turns":4},{"damage":36,"enemies":"Lagavulin","floor":6,"turns":5},{"damage":12,"enemies":"3 Sentries","floor":10,"turns":7},{"damage":0,"enemies":"Small Slimes","floor":11,"turns":1},{"damage":0,"enemies":"Gremlin Nob","floor":12,"turns":2},{"damage":26,"enemies":"Hexaghost","floor":16,"turns":7},{"damage":0,"enemies":"Spheric Guardian","floor":18,"turns":1},{"damage":12,"enemies":"3 Byrds","floor":21,"turns":3},{"damage":27,"enemies":"Snake Plant","floor":22,"turns":3},{"damage":30,"enemies":"Slavers","floor":24,"turns":4},{"damage":40,"enemies":"Book of Stabbing","floor":29,"turns":4},{"damage":0,"enemies":"Cultist and Chosen","floor":30,"turns":4},{"damage":1,"enemies":"Centurion and Healer","floor":31,"turns":3},{"damage":7,"enemies":"Collector","floor":33,"turns":5},{"damage":9,"enemies":"Orb Walker","floor":35,"turns":3},{"damage":12,"enemies":"3 Shapes","floor":38,"turns":1},{"damage":37,"enemies":"Transient","floor":39,"turns":5},{"damage":14,"enemies":"Writhing Mass","floor":41,"turns":3},{"damage":2,"enemies":"Jaw Worm Horde","floor":46,"turns":3},{"damage":26,"enemies":"Reptomancer","floor":48,"turns":4},{"damage":73,"enemies":"Time Eater","floor":50,"turns":7}],"seed_played":"-6290779432184734074","potions_obtained":[{"floor":6,"key":"Energy Potion"},{"floor":12,"key":"AttackPotion"},{"floor":18,"key":"LiquidBronze"},{"floor":21,"key":"Ancient Potion"},{"floor":33,"key":"Swift Potion"},{"floor":38,"key":"SkillPotion"},{"floor":46,"key":"Ambrosia"},{"floor":48,"key":"Explosive Potion"}],"is_trial":false,"path_per_floor":["M","$","M","$","?","E","?","R","T","E","M","E","?","$","R","B",null,"M","?","$","M","M","R","E","R","T","T","?","E","M","M","R","B",null,"M","?","?","M","M","R","M","R","T","R","T","M","?","E","R","B"],"character_chosen":"WATCHER","items_purchased":["Fasting2","Tantrum","SandsOfTime","Panacea","CutThroughFate","DevaForm"],"campfire_rested":9,"item_purchase_floors":[2,4,14,14,20,20],"current_hp_per_floor":[72,72,72,72,72,36,36,57,57,45,45,45,45,45,66,40,72,72,72,72,60,33,54,24,45,45,45,45,5,5,4,25,43,72,63,63,63,51,14,35,21,42,42,63,63,61,61,35,56,0,0],"gold":52,"neow_bonus":"BOSS_RELIC","is_daily":false,"chose_seed":false,"campfire_upgraded":0,"win_rate":0.0,"timestamp":1611873590,"path_taken":["M","?","M","$","?","E","?","R","T","E","?","E","?","?","R","BOSS","M","?","$","M","M","R","E","R","T","?","?","E","M","M","R","BOSS","M","?","?","M","M","R","M","R","T","R","?","M","?","E","R","BOSS"],"items_purchased_type":["Card","Card","Card","Card","Card","Card"],"build_version":"2020-12-22","purchased_purges":0,"victory":false,"max_hp_per_floor":[72,72,72,72,72,72,72,72,72,72,72,72,72,72,72,72,72,72,72,72,72,72,72,72,72,72,72,72,72,72,72,72,72,72,72,72,72,72,72,72,72,72,72,72,72,72,72,72,72,72,72],"relic_stats":{"Nunchaku":[11],"Happy Flower":[4],"Gremlin Horn":[0,0],"counters":[22,81],"Sundial":[0],"Pantograph":41,"Ectoplasm":413,"VioletLotus":[7],"Juzu Bracelet":2,"obtain_stats":[{"Happy Flower":43,"Gremlin Horn":48,"Damaru":6,"Vajra":9,"Juzu Bracelet":12,"Omamori":45,"Akabeko":10,"Bottled Flame":24,"Nunchaku":26,"Sundial":27,"MutagenicStrength":28,"Pantograph":29,"Fusion Hammer":0,"Ectoplasm":17,"VioletLotus":34,"PureWater":0},{"Happy Flower":19,"Gremlin Horn":21,"Damaru":3,"Vajra":3,"Juzu Bracelet":6,"Omamori":19,"Akabeko":4,"Bottled Flame":11,"Nunchaku":11,"Sundial":11,"MutagenicStrength":11,"Pantograph":12,"Fusion Hammer":0,"Ectoplasm":7,"VioletLotus":15,"PureWater":0},{"Happy Flower":67,"Gremlin Horn":74,"Damaru":11,"Vajra":11,"Juzu Bracelet":21,"Omamori":67,"Akabeko":18,"Bottled Flame":39,"Nunchaku":39,"Sundial":39,"MutagenicStrength":39,"Pantograph":43,"Fusion Hammer":0,"Ectoplasm":28,"VioletLotus":55,"PureWater":0}]},"card_choices":[{"not_picked":["JustLucky","SashWhip"],"picked":"Evaluate","floor":1},{"not_picked":["Crescendo","JustLucky"],"picked":"FollowUp","floor":3},{"not_picked":["EmptyFist","CarveReality"],"picked":"Meditate","floor":6},{"not_picked":["Alpha","Nirvana"],"picked":"Judgement","floor":10},{"not_picked":["PathToVictory","Evaluate"],"picked":"InnerPeace","floor":11},{"not_picked":["Pray","Prostrate"],"picked":"LikeWater","floor":12},{"not_picked":["DevaForm","Vault"],"picked":"Blasphemy","floor":16},{"not_picked":["Prostrate","Adaptation+1"],"picked":"ThirdEye+1","floor":18},{"not_picked":["SashWhip","JustLucky+1"],"picked":"BattleHymn","floor":21},{"not_picked":["EmptyFist","ThirdEye"],"picked":"FollowUp+1","floor":22},{"not_picked":["Vengeance","EmptyBody"],"picked":"TalkToTheHand","floor":24},{"not_picked":["Perseverance","Consecrate"],"picked":"FlurryOfBlows","floor":29},{"not_picked":["ThirdEye","FollowUp"],"picked":"TalkToTheHand","floor":30},{"not_picked":["ClearTheMind","Collect+1","BattleHymn"],"picked":"SKIP","floor":31},{"not_picked":["Wish","Devotion"],"picked":"SpiritShield","floor":33},{"not_picked":["PathToVictory+1","BowlingBash+1"],"picked":"InnerPeace","floor":35},{"not_picked":["TalkToTheHand+1","Wireheading"],"picked":"EmptyBody+1","floor":38},{"not_picked":["EmptyFist+1","FollowUp"],"picked":"BattleHymn+1","floor":39},{"not_picked":["Wallop+1","CutThroughFate+1"],"picked":"Protect","floor":41},{"not_picked":["CutThroughFate","Adaptation+1"],"picked":"Tantrum+1","floor":46},{"not_picked":["WaveOfTheHand+1","Vengeance+1"],"picked":"EmptyBody","floor":48}],"player_experience":154810,"relics_obtained":[{"floor":6,"key":"Damaru"},{"floor":9,"key":"Vajra"},{"floor":10,"key":"Akabeko"},{"floor":12,"key":"Juzu Bracelet"},{"floor":24,"key":"Bottled Flame"},{"floor":26,"key":"Nunchaku"},{"floor":27,"key":"Sundial"},{"floor":29,"key":"Pantograph"},{"floor":43,"key":"Happy Flower"},{"floor":45,"key":"Omamori"},{"floor":48,"key":"Gremlin Horn"}],"event_choices":[{"damage_healed":0,"gold_gain":175,"player_choice":"AGREE","damage_taken":0,"max_hp_gain":0,"max_hp_loss":0,"event_name":"Liars Game","floor":5,"gold_loss":0,"cards_obtained":["Doubt"]},{"damage_healed":0,"gold_gain":0,"player_choice":"2 cards matched","damage_taken":0,"max_hp_gain":0,"max_hp_loss":0,"event_name":"Match and Keep!","floor":7,"gold_loss":0,"cards_obtained":["Purity","WheelKick"]},{"cards_removed":["Doubt"],"damage_healed":0,"gold_gain":0,"player_choice":"Purged","damage_taken":0,"max_hp_gain":0,"max_hp_loss":0,"event_name":"Purifier","floor":13,"gold_loss":0},{"damage_healed":0,"gold_gain":0,"player_choice":"Ignored","damage_taken":0,"max_hp_gain":0,"max_hp_loss":0,"event_name":"Cursed Tome","floor":19,"gold_loss":0},{"damage_healed":0,"gold_gain":0,"player_choice":"Inject Mutagens","damage_taken":0,"relics_obtained":["MutagenicStrength"],"max_hp_gain":0,"max_hp_loss":0,"event_name":"Drug Dealer","floor":28,"gold_loss":0},{"damage_healed":0,"gold_gain":0,"player_choice":"Memory 1","damage_taken":0,"max_hp_gain":0,"max_hp_loss":0,"event_name":"SensoryStone","floor":36,"gold_loss":0},{"damage_healed":0,"gold_gain":0,"player_choice":"Ignored","damage_taken":0,"max_hp_gain":0,"max_hp_loss":0,"event_name":"Mysterious Sphere","floor":37,"gold_loss":0},{"cards_removed":["Purity"],"damage_healed":0,"gold_gain":0,"player_choice":"Purged","damage_taken":0,"max_hp_gain":0,"max_hp_loss":0,"event_name":"Purifier","floor":47,"gold_loss":0}],"is_beta":false,"boss_relics":[{"not_picked":["SacredBark","Philosopher\u0027s Stone"],"picked":"Ectoplasm"},{"not_picked":["Tiny House","Runic Pyramid"],"picked":"VioletLotus"}],"items_purged_floors":[],"is_endless":false,"potions_floor_spawned":[6,12,18,21,33,38,46,48],"killed_by":"Time Eater","ascension_level":4}}