{"host":"8a72fthmlk1o8pdb","time":1611852056,"event":{"mods":["AchievementEnabler","Aspiration","Astrologer","Bard","BaseMod","Beaked The Cultist","Better Skull","Better Third Choice","Colored Map","Colored Powertips","Downfall","Friendly Minions","GifTheSpireLib","Googly Eyes","Gremlin Mod","Hermit","Jorbs\u0027s Wanderer Trilogy","Marisa????????","Minty Spire (QoL Compilation)","Permanent Neow","Random Character Button","Rare Cards Sparkle","Robot Space Explorer","Shop Mod","Somnambulant","StSLib","The Animator","The Construct","The Cursed","The Disciple","The Hayseed","The Hierophant","The Marked","The Necromancer","The Poker Player","The Problem Sleuth","The Runesmith","thorton"],"gold_per_floor":[116,116,116,128,128,128,159,159,185,29,29,49,66,66,66,161,161,172,172,29,42,56,56,75,75,75,104,104,129,141,71,71,175,175,195,10,26,38,57,89,12,31,31,46,72,72,95,111,111,111,111,111,13,38,38,38],"floor_reached":55,"language":"ENG","playtime":3425,"items_purged":["hermit:Strike_Hermit"],"score":892,"play_id":"8cfb66c5-9b26-418c-bbbf-21e85c5e1ce3","local_time":"20210128084056","is_ascension_mode":false,"campfire_choices":[{"data":"hermit:Determination","floor":6.0,"key":"SMITH"},{"data":"hermit:FatalDesire","floor":8.0,"key":"SMITH"},{"floor":11.0,"key":"RECALL"},{"data":"hermit:Desperado","floor":15.0,"key":"SMITH"},{"floor":23.0,"key":"REST"},{"floor":28.0,"key":"REST"},{"floor":32.0,"key":"REST"},{"data":"hermit:Determination","floor":46,"key":"SMITH"},{"data":"hermit:FromBeyond","floor":49,"key":"SMITH"},{"data":"hermit:FlashPowder","floor":52,"key":"SMITH"}],"circlet_count":0,"master_deck":["hermit:Strike_Hermit","hermit:Strike_Hermit","hermit:Strike_Hermit","hermit:Defend_Hermit","hermit:Defend_Hermit","hermit:Defend_Hermit","hermit:Defend_Hermit","hermit:Snapshot","hermit:Covet","hermit:Coalescence+1","hermit:Determination+1","Regret","hermit:FatalDesire+1","hermit:Desperado+1","hermit:Coalescence","Injury","hermit:Reprieve","hermit:Desperado+1","hermit:FlashPowder+1","hermit:Determination+1","TheSimpletonMod:Nettles","hermit:FromBeyond+1","hermit:Glare+1","hermit:Desperado+1","hermit:Determination","hermit:FinalCanter+1","hermit:WideOpen+1","hermit:Malice+1","hermit:FlashPowder","hermit:LowProfile","Clumsy","hermit:FlashPowder+1","theSleuth:MortholDryax"],"relics":["hermit:Momento","NeowsBlessing","Gremlin Horn","hermit:RyeStalk","Bronze Scales","Sling","Molten Egg 2","Cursed Key","Enchiridion","aspiration:Lifesprig","GremlinMask","Pocketwatch","Question Card","thethorton:BottledFunds","beaked:ShinyBauble","HornCleat","Pen Nib","aspiration:HiddenCompartment","Oddly Smooth Stone"],"acts_visited":["Exordium","TheCity","TheBeyond","TheEnding"],"potions_floor_usage":[40,45,50,50,55,55],"damage_taken":[{"damage":0.0,"enemies":"Small Slimes","floor":1.0,"turns":1.0},{"damage":0.0,"enemies":"2 Louse","floor":4.0,"turns":1.0},{"damage":0.0,"enemies":"Lagavulin","floor":7.0,"turns":1.0},{"damage":11.0,"enemies":"Jaw Worm","floor":12.0,"turns":3.0},{"damage":0.0,"enemies":"Large Slime","floor":13.0,"turns":3.0},{"damage":12.0,"enemies":"Hexaghost","floor":16.0,"turns":7.0},{"damage":5.0,"enemies":"3 Byrds","floor":18.0,"turns":3.0},{"damage":12.0,"enemies":"Shell Parasite","floor":21.0,"turns":4.0},{"damage":8.0,"enemies":"3 Cultists","floor":22.0,"turns":4.0},{"damage":10.0,"enemies":"Centurion and Healer","floor":24.0,"turns":3.0},{"damage":17.0,"enemies":"Book of Stabbing","floor":27.0,"turns":4.0},{"damage":13.0,"enemies":"Gremlin Leader","floor":29.0,"turns":4.0},{"damage":9.0,"enemies":"Cultist and Chosen","floor":30.0,"turns":4.0},{"damage":8.0,"enemies":"Collector","floor":33.0,"turns":6.0},{"damage":26.0,"enemies":"Orb Walker","floor":35.0,"turns":3.0},{"damage":15.0,"enemies":"3 Darklings","floor":37.0,"turns":3.0},{"damage":11.0,"enemies":"Writhing Mass","floor":38.0,"turns":4.0},{"damage":27,"enemies":"Transient","floor":39,"turns":5},{"damage":0,"enemies":"Giant Head","floor":40,"turns":4},{"damage":15,"enemies":"Maw","floor":42,"turns":6},{"damage":21,"enemies":"4 Shapes","floor":44,"turns":4},{"damage":7,"enemies":"Reptomancer","floor":45,"turns":4},{"damage":20,"enemies":"3 Darklings","floor":48,"turns":4},{"damage":38,"enemies":"Time Eater","floor":50,"turns":7},{"damage":42,"enemies":"Shield and Spear","floor":54,"turns":4},{"damage":58,"enemies":"The Heart","floor":55,"turns":2}],"seed_played":"2331635406011147165","potions_obtained":[{"floor":1.0,"key":"Dexterity Potion"},{"floor":7.0,"key":"Explosive Potion"},{"floor":13.0,"key":"PowerPotion"},{"floor":21.0,"key":"GamblersBrew"},{"floor":33.0,"key":"Energy Potion"},{"floor":37.0,"key":"PowerPotion"},{"floor":40,"key":"Fruit Juice"},{"floor":48,"key":"AttackPotion"}],"is_trial":false,"path_per_floor":["M","?","?","M","?","R","E","R","T","$","R","M","M","?","R","B",null,"M","?","$","M","M","R","M","?","T","E","R","E","M","$","R","B",null,"M","$","M","M","M","E","$","M","T","M","E","R","T","M","R","B",null,"R","$","E","B"],"character_chosen":"HERMIT","items_purchased":["Sling","aspiration:Lifesprig","hermit:Determination","hermit:Malice+1","hermit:FlashPowder","Guardian:BlockOnCardUsePotion","Swift Potion","sneckomod:MuddlingPotion"],"campfire_rested":3,"item_purchase_floors":[10,20,31,36,36,41,53,53],"current_hp_per_floor":[75,75,75,75,75,75,75,75,75,75,75,64,64,64,64,52,75,75,59,59,47,39,61,51,51,51,34,56,43,34,34,56,64,75,60,60,45,34,39,60,60,69,69,60,69,69,69,49,49,27,80,80,80,38,0,0],"gold":38,"neow_bonus":"THREE_ENEMY_KILL","is_daily":false,"chose_seed":false,"campfire_upgraded":6,"win_rate":0.0,"timestamp":1611852056,"path_taken":["M","?","?","M","?","R","E","R","T","?","R","M","M","?","R","BOSS","M","?","$","M","M","R","M","?","T","E","R","E","?","?","R","BOSS","M","$","M","M","M","E","?","M","T","M","E","R","?","M","R","BOSS","R","$","E","BOSS"],"items_purchased_type":["Relic","Relic","Card","Card","Card","Potion","Potion","Potion"],"build_version":"2020-12-22","purchased_purges":1,"victory":false,"max_hp_per_floor":[75,75,75,75,75,75,75,75,75,75,75,75,75,75,75,75,75,75,75,75,75,75,75,75,75,75,75,75,75,75,75,75,75,75,75,75,75,75,75,80,80,80,80,80,80,80,80,80,80,80,80,80,80,80,80,80],"card_choices":[{"not_picked":["hermit:Malice","hermit:Grudge"],"picked":"hermit:Coalescence","floor":1.0},{"not_picked":["hermit:CursedWeapon","hermit:CalledShot"],"picked":"hermit:Determination","floor":4.0},{"not_picked":["hermit:Feint","hermit:Cheat"],"picked":"hermit:FatalDesire","floor":7.0},{"not_picked":["hermit:Glare","hermit:TakeAim"],"picked":"hermit:Desperado","floor":12.0},{"not_picked":["hermit:Desperado","hermit:Roughhouse"],"picked":"hermit:Coalescence","floor":13.0},{"not_picked":["hermit:HighNoon","hermit:DeadOrAlive+1"],"picked":"hermit:Reprieve","floor":16.0},{"not_picked":["hermit:LoneWolf","hermit:Vantage","hermit:Manifest"],"picked":"SKIP","floor":18.0},{"not_picked":["hermit:LowProfile","hermit:Enervate+1"],"picked":"hermit:Desperado+1","floor":21.0},{"not_picked":["hermit:TakeCover","hermit:HoleUp"],"picked":"hermit:FlashPowder","floor":22.0},{"not_picked":["hermit:HighCaliber+1","hermit:Coalescence"],"picked":"hermit:Determination","floor":24.0},{"not_picked":["hermit:Maintenance","hermit:RoundhouseKick+1"],"picked":"hermit:FromBeyond","floor":27.0},{"not_picked":["hermit:FlashPowder","hermit:Feint"],"picked":"hermit:Glare+1","floor":29.0},{"not_picked":["hermit:DeadMansHand","hermit:Virtue+1","hermit:EyeOfTheStorm"],"picked":"hermit:Desperado+1","floor":30.0},{"not_picked":["hermit:Dissolve","hermit:Adapt","hermit:Reprieve"],"picked":"hermit:FinalCanter+1","floor":33.0},{"not_picked":["hermit:Coalescence","hermit:Manifest","hermit:Maintenance"],"picked":"hermit:WideOpen+1","floor":35.0},{"not_picked":["hermit:Midnight","hermit:Roulette+1","hermit:Vantage+1"],"picked":"hermit:LowProfile","floor":37.0},{"not_picked":["hermit:Malice+1","hermit:Ricochet+1","hermit:Purgatory+1","hermit:HoleUp+1"],"picked":"SKIP","floor":38.0},{"not_picked":["hermit:Malice+1","hermit:Ricochet+1","hermit:Purgatory+1","hermit:HoleUp+1"],"picked":"SKIP","floor":38.0},{"not_picked":["hermit:Maintenance+1","hermit:Quickdraw+1","hermit:HoleUp+1","hermit:ItchyTrigger+1"],"picked":"SKIP","floor":39},{"not_picked":["hermit:SprayPray+1","hermit:WideOpen+1","hermit:Glare+1","hermit:BigShot+1"],"picked":"SKIP","floor":40},{"not_picked":["hermit:Vantage+1","hermit:Ricochet+1","hermit:Manifest","hermit:Virtue+1"],"picked":"SKIP","floor":42},{"not_picked":["hermit:Feint","hermit:EyeOfTheStorm","hermit:Misfire+1","hermit:PistolWhip+1"],"picked":"SKIP","floor":44},{"not_picked":["hermit:Reprieve","hermit:Scavenge","hermit:BlackWind+1"],"picked":"hermit:FlashPowder+1","floor":45},{"not_picked":["hermit:Glare","hermit:Roulette+1","hermit:HoleUp+1","hermit:PistolWhip+1"],"picked":"SKIP","floor":48},{"not_picked":["hermit:Shortfuse+1","hermit:Virtue+1","hermit:Spite+1","hermit:GhostlyPresence"],"picked":"SKIP","floor":54}],"player_experience":78445,"relics_obtained":[{"floor":7.0,"key":"hermit:RyeStalk"},{"floor":9.0,"key":"Bronze Scales"},{"floor":19.0,"key":"Enchiridion"},{"floor":27.0,"key":"Pocketwatch"},{"floor":29.0,"key":"Question Card"},{"floor":40,"key":"beaked:ShinyBauble"},{"floor":43,"key":"HornCleat"},{"floor":45,"key":"Pen Nib"},{"floor":47,"key":"aspiration:HiddenCompartment"},{"floor":54,"key":"Oddly Smooth Stone"}],"event_choices":[{"damage_healed":0.0,"max_hp_gain":0.0,"max_hp_loss":0.0,"gold_gain":0.0,"event_name":"Living Wall","player_choice":"Grow","floor":2.0,"gold_loss":0.0,"damage_taken":0.0,"cards_upgraded":["hermit:Coalescence"]},{"damage_healed":0.0,"max_hp_gain":0.0,"max_hp_loss":0.0,"gold_gain":0.0,"event_name":"Golden Idol","player_choice":"Ignored","floor":3.0,"gold_loss":0.0,"damage_taken":0.0},{"damage_healed":0.0,"max_hp_gain":0.0,"max_hp_loss":0.0,"gold_gain":0.0,"event_name":"Big Fish","player_choice":"Box","floor":5.0,"gold_loss":0.0,"damage_taken":0.0,"relics_obtained":["Gremlin Horn"],"cards_obtained":["Regret"]},{"damage_healed":0.0,"max_hp_gain":0.0,"max_hp_loss":0.0,"gold_gain":0.0,"event_name":"Cursed Tome","player_choice":"Obtained Book","floor":19.0,"gold_loss":0.0,"damage_taken":16.0},{"damage_healed":0.0,"max_hp_gain":0.0,"max_hp_loss":0.0,"gold_gain":0.0,"event_name":"FaceTrader","player_choice":"Trade","floor":25.0,"gold_loss":0.0,"damage_taken":0.0,"relics_obtained":["GremlinMask"]}],"is_beta":false,"boss_relics":[{"not_picked":["hermit:BartenderGlass","Ectoplasm"],"picked":"Cursed Key"},{"not_picked":["Black Star","aspiration:BeakedSkillbook"],"picked":"thethorton:BottledFunds"}],"items_purged_floors":[36],"is_endless":false,"potions_floor_spawned":[1,7,13,21,33,37,40,48],"killed_by":"The Heart","ascension_level":0}}