{"host":"v6p2g6darcbso1ds","time":1611859519,"event":{"mods":["BaseMod","Colored Powertips","Downfall","Hermit","Minty Spire (QoL Compilation)","Replay The Spire","StSLib","The Cursed"],"gold_per_floor":[109,109,122,141,156,171,196,271,271,271,286,298,298,37,37,142,142,161,111,36,50,70,70,70,70],"floor_reached":24,"language":"ENG","playtime":4955,"items_purged":[],"score":200,"play_id":"2b69076b-e53c-4fb6-9fd2-8682140a3a6a","local_time":"20210128114519","is_ascension_mode":false,"campfire_choices":[{"floor":10,"key":"REST"},{"floor":13,"key":"REST"},{"data":"hermit:Determination","floor":15,"key":"SMITH"},{"floor":23,"key":"REST"}],"circlet_count":0,"master_deck":["hermit:Strike_Hermit","hermit:Strike_Hermit","hermit:Strike_Hermit","hermit:Strike_Hermit","hermit:Defend_Hermit","hermit:Defend_Hermit","hermit:Defend_Hermit","hermit:Defend_Hermit","hermit:Snapshot","hermit:Covet","hermit:GhostlyPresence","hermit:Quickdraw","hermit:BodyArmor","hermit:TakeAim","hermit:BigShot","hermit:Dive","hermit:Vantage","hermit:FlashPowder","hermit:Determination+1","hermit:CalledShot","hermit:CalledShot","hermit:HighNoon","hermit:Quickdraw","hermit:Quickdraw","hermit:Deadeye","hermit:Combo"],"relics":["hermit:Momento","NeowsBlessing","Divine Protection","Garlic","Simple Rune","Honey Jar"],"acts_visited":["Exordium","TheCity"],"potions_floor_usage":[16,16,16,24],"damage_taken":[{"damage":0,"enemies":"2 Louse","floor":1,"turns":1},{"damage":0,"enemies":"Small Slimes","floor":3,"turns":1},{"damage":0,"enemies":"Cultist","floor":4,"turns":1},{"damage":8,"enemies":"Lots of Slimes","floor":5,"turns":7},{"damage":6,"enemies":"Red Slaver","floor":6,"turns":6},{"damage":18,"enemies":"3 Sentries","floor":7,"turns":13},{"damage":0,"enemies":"Looter","floor":11,"turns":4},{"damage":6,"enemies":"Large Slime","floor":12,"turns":9},{"damage":17,"enemies":"Hexaghost","floor":16,"turns":17},{"damage":7,"enemies":"Spheric Guardian","floor":18,"turns":10},{"damage":10,"enemies":"2 Thieves","floor":20,"turns":5},{"damage":35,"enemies":"Chosen and Byrds","floor":21,"turns":13},{"damage":11,"enemies":"Centurion and Healer","floor":22,"turns":15},{"damage":26,"enemies":"Cultist and Chosen","floor":24,"turns":8}],"seed_played":"4098593932270666094","potions_obtained":[{"floor":1,"key":"Weak Potion"},{"floor":3,"key":"PowerPotion"},{"floor":11,"key":"Toxic Potion"},{"floor":21,"key":"Swift Potion"},{"floor":22,"key":"BlessingOfTheForge"}],"is_trial":false,"path_per_floor":["M","?","M","M","M","M","E","?","T","R","M","M","R","$","R","B",null,"M","?","M","M","M","R","M"],"character_chosen":"HERMIT","items_purchased":["hermit:Determination","Simple Rune","hermit:CalledShot"],"campfire_rested":3,"item_purchase_floors":[14,14,14],"current_hp_per_floor":[75,75,75,75,67,61,43,32,32,54,54,48,70,70,70,53,75,68,68,58,23,12,34,8,8],"gold":70,"neow_bonus":"THREE_ENEMY_KILL","is_daily":false,"chose_seed":false,"campfire_upgraded":1,"win_rate":0.0,"timestamp":1611859519,"path_taken":["M","?","M","M","M","M","E","?","T","R","M","M","R","$","R","BOSS","M","?","M","?","?","R","M"],"items_purchased_type":["Card","Relic","Card"],"build_version":"2020-12-22","purchased_purges":0,"victory":false,"max_hp_per_floor":[75,75,75,75,75,75,75,75,75,75,75,75,75,75,75,75,75,75,75,75,75,75,75,75,75],"card_choices":[{"not_picked":["hermit:SprayPray","hermit:CalledShot"],"picked":"hermit:GhostlyPresence","floor":1},{"not_picked":["hermit:Desperado","hermit:SprayPray"],"picked":"hermit:Quickdraw","floor":3},{"not_picked":["hermit:Brawl","hermit:TakeCover"],"picked":"hermit:BodyArmor","floor":4},{"not_picked":["hermit:LowProfile","hermit:TakeCover"],"picked":"hermit:TakeAim","floor":5},{"not_picked":["hermit:TrackingShot","hermit:LuckOfTheDraw"],"picked":"hermit:BigShot","floor":6},{"not_picked":["hermit:Roughhouse","hermit:HighCaliber"],"picked":"hermit:Dive","floor":7},{"not_picked":["hermit:Manifest","hermit:Headshot"],"picked":"hermit:Vantage","floor":11},{"not_picked":["hermit:PistolWhip","hermit:Misfire"],"picked":"hermit:FlashPowder","floor":12},{"not_picked":["hermit:Reprieve","hermit:FinalCanter"],"picked":"hermit:HighNoon","floor":16},{"not_picked":["hermit:BodyArmor+1","hermit:Manifest+1","hermit:PistolWhip"],"picked":"hermit:Quickdraw","floor":18},{"not_picked":["hermit:SprayPray","hermit:WideOpen+1","hermit:Dive"],"picked":"hermit:Quickdraw","floor":20},{"not_picked":["hermit:Misfire+1","hermit:CursedWeapon+1","hermit:HoleUp"],"picked":"hermit:Deadeye","floor":21},{"not_picked":["hermit:Glare+1","hermit:Scavenge","hermit:NoHoldsBarred"],"picked":"hermit:Combo","floor":22}],"player_experience":122392,"relics_obtained":[{"floor":7,"key":"Divine Protection"},{"floor":9,"key":"Garlic"}],"event_choices":[{"damage_healed":0,"gold_gain":0,"player_choice":"Leave","damage_taken":0,"max_hp_gain":0,"max_hp_loss":0,"event_name":"The Cleric","floor":2,"gold_loss":0},{"damage_healed":0,"gold_gain":75,"player_choice":"Gather Gold","damage_taken":11,"max_hp_gain":0,"max_hp_loss":0,"event_name":"World of Goop","floor":8,"gold_loss":0},{"damage_healed":0,"gold_gain":0,"player_choice":"Bet on Murderer","damage_taken":0,"max_hp_gain":0,"max_hp_loss":0,"event_name":"The Joust","floor":19,"gold_loss":50}],"is_beta":false,"boss_relics":[{"not_picked":["Tiny House","Painkiller Herb"],"picked":"Honey Jar"}],"items_purged_floors":[],"is_endless":false,"potions_floor_spawned":[1,3,11,21,22],"killed_by":"Cultist and Chosen","ascension_level":0}}