{"host":"r53pw7z744tg3fxg","time":1611854761,"event":{"mods":["AchievementEnabler","BaseMod","Colored Map","Colored Powertips","Highlight Path","Minty Spire (QoL Compilation)","Quick Restart","Transform Curses"],"gold_per_floor":[115,133,146,165,175,209,209,250,275,1,26,59,59,93,93,188,188,213,213,233,233,233],"floor_reached":21,"language":"ENG","playtime":890,"items_purged":[],"score":463,"play_id":"823b88a5-5bb2-4576-984f-689494d88a47","local_time":"20210128102601","is_ascension_mode":true,"campfire_choices":[{"floor":13,"key":"REST"},{"floor":15,"key":"REST"}],"circlet_count":0,"master_deck":["AscendersBane","Strike_P","Strike_P","Strike_P","Strike_P","Defend_P","Defend_P","Defend_P","Defend_P","Eruption+1","Vigilance","SashWhip","Prostrate","Conclude","BattleHymn","DeceiveReality","InnerPeace","BowlingBash","WindmillStrike","Wallop","CarveReality","Establishment","FollowUp+1","ForeignInfluence+1"],"relics":["PureWater","White Beast Statue","Golden Idol","Potion Belt","Akabeko","TeardropLocket","Odd Mushroom","Boot","Spirit Poop"],"acts_visited":["Exordium","TheCity"],"potions_floor_usage":[5,14,16,16,18,21],"damage_taken":[{"damage":0,"enemies":"2 Louse","floor":1,"turns":1},{"damage":0,"enemies":"Small Slimes","floor":2,"turns":3},{"damage":1,"enemies":"Cultist","floor":3,"turns":4},{"damage":0,"enemies":"Gremlin Gang","floor":4,"turns":3},{"damage":12,"enemies":"3 Louse","floor":5,"turns":2},{"damage":24,"enemies":"Gremlin Nob","floor":6,"turns":3},{"damage":8,"enemies":"Lagavulin","floor":8,"turns":7},{"damage":2,"enemies":"Exordium Thugs","floor":11,"turns":3},{"damage":0,"enemies":"The Mushroom Lair","floor":12,"turns":2},{"damage":26,"enemies":"Gremlin Nob","floor":14,"turns":6},{"damage":0,"enemies":"Slime Boss","floor":16,"turns":3},{"damage":32,"enemies":"3 Byrds","floor":18,"turns":5},{"damage":26,"enemies":"2 Thieves","floor":20,"turns":5},{"damage":22,"enemies":"Snecko","floor":21,"turns":5}],"seed_played":"6713072229653246303","potions_obtained":[{"floor":2,"key":"FairyPotion"},{"floor":4,"key":"Weak Potion"},{"floor":8,"key":"SpeedPotion"},{"floor":11,"key":"DuplicationPotion"},{"floor":12,"key":"FearPotion"},{"floor":14,"key":"Weak Potion"},{"floor":16,"key":"GamblersBrew"},{"floor":18,"key":"Ancient Potion"},{"floor":20,"key":"Strength Potion"}],"is_trial":false,"path_per_floor":["M","M","M","M","M","E","?","E","T","$","M","?","R","E","R","B",null,"M","?","M","M"],"character_chosen":"WATCHER","items_purchased":["TeardropLocket"],"campfire_rested":2,"item_purchase_floors":[10],"current_hp_per_floor":[61,61,60,60,48,24,24,16,16,16,14,14,34,8,28,28,58,26,26,20,0,0],"gold":233,"neow_bonus":"UPGRADE_CARD","is_daily":false,"chose_seed":false,"campfire_upgraded":0,"win_rate":0.0,"timestamp":1611854761,"path_taken":["M","M","M","M","M","E","?","E","T","$","M","?","R","E","R","BOSS","M","?","?","M"],"items_purchased_type":["Relic"],"build_version":"2020-12-22","purchased_purges":0,"victory":false,"max_hp_per_floor":[68,68,68,68,68,68,68,68,68,68,68,68,68,68,68,68,68,68,68,68,68,68],"card_choices":[{"not_picked":["CrushJoints","Fasting2"],"picked":"SashWhip","floor":1},{"not_picked":["Crescendo","CutThroughFate"],"picked":"Prostrate","floor":2},{"not_picked":["SignatureMove","PathToVictory"],"picked":"Conclude","floor":3},{"not_picked":["CrushJoints","Protect"],"picked":"BattleHymn","floor":4},{"not_picked":["CutThroughFate","Protect"],"picked":"DeceiveReality","floor":5},{"not_picked":["Sanctity","Alpha"],"picked":"InnerPeace","floor":6},{"not_picked":["CutThroughFate","Halt"],"picked":"BowlingBash","floor":8},{"not_picked":["FollowUp","TalkToTheHand"],"picked":"WindmillStrike","floor":11},{"not_picked":["WaveOfTheHand","EmptyFist"],"picked":"Wallop","floor":12},{"not_picked":["EmptyFist","Protect"],"picked":"CarveReality","floor":14},{"not_picked":["Vault","Judgement"],"picked":"Establishment","floor":16},{"not_picked":["FlyingSleeves","CrushJoints+1"],"picked":"FollowUp+1","floor":18},{"not_picked":["FlurryOfBlows","Evaluate"],"picked":"ForeignInfluence+1","floor":20}],"player_experience":1377934,"relics_obtained":[{"floor":6,"key":"White Beast Statue"},{"floor":8,"key":"Potion Belt"},{"floor":9,"key":"Akabeko"},{"floor":12,"key":"Odd Mushroom"},{"floor":14,"key":"Boot"}],"event_choices":[{"damage_healed":0,"gold_gain":0,"player_choice":"Take Wound","damage_taken":0,"relics_obtained":["Golden Idol"],"max_hp_gain":0,"max_hp_loss":0,"event_name":"Golden Idol","floor":7,"gold_loss":0,"cards_obtained":["Injury"]},{"damage_healed":0,"gold_gain":0,"player_choice":"Fought Mushrooms","damage_taken":0,"max_hp_gain":0,"max_hp_loss":0,"event_name":"Mushrooms","floor":12,"gold_loss":0},{"cards_removed":["Injury"],"damage_healed":0,"gold_gain":0,"player_choice":"Offered Curse","damage_taken":0,"relics_obtained":["Spirit Poop"],"max_hp_gain":0,"max_hp_loss":0,"event_name":"Bonfire Elementals","floor":19,"gold_loss":0}],"is_beta":false,"boss_relics":[{"not_picked":["Runic Dome","Fusion Hammer","Runic Pyramid"]}],"items_purged_floors":[],"is_endless":false,"potions_floor_spawned":[2,4,8,11,12,14,16,18,20],"killed_by":"Snecko","ascension_level":17}}