{"host":"2smcgt1ki1qcud40","time":1611839446,"event":{"mods":["BaseMod","Minty Spire (QoL Compilation)"],"gold_per_floor":[116,131,151,163,163,163,197,197,222,253,253,264,275,291,291,393,393,405,417,417,437,454,479,506,517,570,601,616,645,85,99,99,195,195,211,224,240,252,18,18,48,64,64,99,149,159,109,126,126,126,126,126,3,30,30],"floor_reached":56,"language":"ENG","playtime":3415,"items_purged":["Undo","Zap"],"score":2068,"play_id":"eecb09b4-20e2-475d-a18a-e3c1662e35d4","local_time":"20210128141046","is_ascension_mode":true,"campfire_choices":[{"data":"Doom and Gloom","floor":6.0,"key":"SMITH"},{"data":"Sunder","floor":8.0,"key":"SMITH"},{"data":"Biased Cognition","floor":15.0,"key":"SMITH"},{"data":"Rainbow","floor":32.0,"key":"SMITH"},{"data":"Panacea","floor":40.0,"key":"SMITH"},{"floor":49.0,"key":"RECALL"},{"data":"Loop","floor":52,"key":"SMITH"}],"circlet_count":0,"master_deck":["AscendersBane","Dualcast","Doom and Gloom+1","Sunder+1","Consume","All For One+1","Biased Cognition+1","Recycle","Self Repair","Rainbow+1","Force Field+1","Glacier+1","Coolheaded","All For One+1","Darkness+1","Echo Form","Rebound","Thunder Strike","Capacitor","Gash","Go for the Eyes","Heatsinks","Conserve Battery","Hologram+1","Capacitor","Loop+1","Panacea+1","Loop+1","Defragment+1","Consume+1","Leap+1"],"relics":["Snecko Eye","Orichalcum","Kunai","Lantern","Pocketwatch","Black Star","Omamori","DataDisk","Whetstone","Potion Belt","Mercury Hourglass","StrikeDummy","Anchor","The Courier","DollysMirror","Symbiotic Virus","MealTicket","PreservedInsect","Pandora\u0027s Box","Gremlin Horn","Smiling Mask","Bag of Marbles","Toy Ornithopter","Mango","Medical Kit","HornCleat","Bottled Flame"],"acts_visited":["Exordium","TheCity","TheBeyond","TheEnding"],"potions_floor_usage":[50,54,55,55,55,55],"damage_taken":[{"damage":0.0,"enemies":"Cultist","floor":1.0,"turns":4.0},{"damage":7.0,"enemies":"Small Slimes","floor":2.0,"turns":2.0},{"damage":2.0,"enemies":"Jaw Worm","floor":3.0,"turns":2.0},{"damage":8.0,"enemies":"Exordium Wildlife","floor":4.0,"turns":2.0},{"damage":15.0,"enemies":"3 Sentries","floor":7.0,"turns":4.0},{"damage":4.0,"enemies":"Lagavulin","floor":10.0,"turns":4.0},{"damage":0.0,"enemies":"Lots of Slimes","floor":12.0,"turns":1.0},{"damage":0.0,"enemies":"Gremlin Gang","floor":13.0,"turns":2.0},{"damage":6.0,"enemies":"Looter","floor":14.0,"turns":2.0},{"damage":0.0,"enemies":"Slime Boss","floor":16.0,"turns":6.0},{"damage":7.0,"enemies":"Chosen","floor":18.0,"turns":3.0},{"damage":0.0,"enemies":"Shell Parasite","floor":19.0,"turns":2.0},{"damage":0.0,"enemies":"Chosen and Byrds","floor":21.0,"turns":4.0},{"damage":0.0,"enemies":"Snake Plant","floor":22.0,"turns":3.0},{"damage":9.0,"enemies":"Slavers","floor":23.0,"turns":5.0},{"damage":4.0,"enemies":"3 Cultists","floor":25.0,"turns":5.0},{"damage":0.0,"enemies":"Gremlin Leader","floor":27.0,"turns":5.0},{"damage":0.0,"enemies":"Sentry and Sphere","floor":28.0,"turns":3.0},{"damage":15.0,"enemies":"Slavers","floor":29.0,"turns":4.0},{"damage":0.0,"enemies":"Cultist and Chosen","floor":31.0,"turns":3.0},{"damage":0.0,"enemies":"Collector","floor":33.0,"turns":3.0},{"damage":0.0,"enemies":"Orb Walker","floor":35.0,"turns":2.0},{"damage":0.0,"enemies":"3 Shapes","floor":36.0,"turns":2.0},{"damage":1.0,"enemies":"3 Darklings","floor":37.0,"turns":2.0},{"damage":24.0,"enemies":"4 Shapes","floor":38.0,"turns":3.0},{"damage":0.0,"enemies":"Giant Head","floor":41.0,"turns":6.0},{"damage":0.0,"enemies":"Spire Growth","floor":42.0,"turns":5.0},{"damage":14.0,"enemies":"Reptomancer","floor":44.0,"turns":4.0},{"damage":9.0,"enemies":"2 Orb Walkers","floor":45.0,"turns":4.0},{"damage":2.0,"enemies":"Jaw Worm Horde","floor":46.0,"turns":5.0},{"damage":0.0,"enemies":"Sphere and 2 Shapes","floor":48.0,"turns":3.0},{"damage":56,"enemies":"Awakened One","floor":50,"turns":13},{"damage":24,"enemies":"Shield and Spear","floor":54,"turns":8},{"damage":51,"enemies":"The Heart","floor":55,"turns":9}],"seed_played":"-9032658251570503320","potions_obtained":[{"floor":2.0,"key":"EssenceOfSteel"},{"floor":7.0,"key":"BlessingOfTheForge"},{"floor":12.0,"key":"AttackPotion"},{"floor":14.0,"key":"ColorlessPotion"},{"floor":19.0,"key":"SkillPotion"},{"floor":21.0,"key":"EssenceOfDarkness"},{"floor":23.0,"key":"DistilledChaos"},{"floor":27.0,"key":"SneckoOil"},{"floor":29.0,"key":"EssenceOfSteel"},{"floor":33.0,"key":"PowerPotion"},{"floor":37.0,"key":"FearPotion"},{"floor":42.0,"key":"Energy Potion"},{"floor":44.0,"key":"CultistPotion"},{"floor":45.0,"key":"Fire Potion"},{"floor":48.0,"key":"DistilledChaos"},{"floor":54,"key":"AttackPotion"}],"is_trial":false,"path_per_floor":["M","M","M","M","T","R","E","R","T","E","?","M","M","M","R","B",null,"M","M","?","M","M","E","T","M","T","E","M","E","$","M","R","B",null,"M","M","M","M","$","R","E","M","T","E","?","M","$","M","R","B",null,"R","$","E","B",null],"character_chosen":"DEFECT","items_purchased":["DollysMirror","Symbiotic Virus","MealTicket","PreservedInsect","Capacitor","Loop","Panacea","Medical Kit"],"campfire_rested":0,"item_purchase_floors":[30,30,30,30,39,39,39,53],"current_hp_per_floor":[68,61,59,51,51,51,36,36,36,32,25,25,25,26,26,33,65,65,65,65,72,72,70,70,73,73,75,75,67,67,67,67,74,75,75,75,75,65,75,75,75,75,75,68,78,89,89,89,89,45,78,78,89,79,38],"gold":30,"neow_bonus":"BOSS_RELIC","is_daily":false,"chose_seed":false,"campfire_upgraded":6,"win_rate":0.0,"timestamp":1611839446,"path_taken":["M","M","?","M","?","R","E","R","T","E","?","M","M","M","R","BOSS","M","M","?","M","M","E","?","M","T","E","M","E","?","?","R","BOSS","M","M","?","M","$","R","E","?","T","E","?","M","?","M","R","BOSS","R","$","E","BOSS"],"items_purchased_type":["Relic","Relic","Relic","Relic","Card","Card","Card","Relic"],"build_version":"2020-12-22","purchased_purges":2,"victory":true,"max_hp_per_floor":[75,75,75,75,75,75,75,75,75,75,75,75,75,75,75,75,75,75,75,75,75,75,75,75,75,75,75,75,75,75,75,75,75,75,75,75,75,75,75,75,75,75,75,75,89,89,89,89,89,89,89,89,89,89,89],"card_choices":[{"not_picked":["Leap","Compile Driver"],"picked":"Doom and Gloom","floor":1.0},{"not_picked":["Stack","Cold Snap"],"picked":"Sunder","floor":2.0},{"not_picked":["Turbo","Chaos","Scrape"],"picked":"SKIP","floor":3.0},{"not_picked":["Beam Cell","Skim"],"picked":"Consume","floor":4.0},{"not_picked":["Leap","Undo"],"picked":"All For One","floor":7.0},{"not_picked":["Heatsinks","Compile Driver"],"picked":"Biased Cognition","floor":10.0},{"not_picked":["Hologram","Barrage"],"picked":"Recycle","floor":12.0},{"not_picked":["Beam Cell","Buffer"],"picked":"Self Repair","floor":13.0},{"not_picked":["Cold Snap","Stack","Beam Cell"],"picked":"SKIP","floor":14.0},{"not_picked":["Hyperbeam","All For One"],"picked":"Rainbow","floor":16.0},{"not_picked":["Coolheaded","Stack"],"picked":"Force Field+1","floor":18.0},{"not_picked":["Leap","Hello World"],"picked":"Glacier+1","floor":19.0},{"not_picked":["Gash","Rebound","Storm"],"picked":"SKIP","floor":21.0},{"not_picked":["Turbo","Fusion+1"],"picked":"Undo","floor":22.0},{"not_picked":["Ball Lightning","Consume","Turbo"],"picked":"SKIP","floor":23.0},{"not_picked":["Cold Snap+1","Leap","Compile Driver+1"],"picked":"SKIP","floor":25.0},{"not_picked":["Aggregate","FTL","Lockon+1"],"picked":"SKIP","floor":27.0},{"not_picked":["Rebound","Genetic Algorithm+1"],"picked":"Coolheaded","floor":28.0},{"not_picked":["Auto Shields+1","Storm+1","Cold Snap"],"picked":"SKIP","floor":29.0},{"not_picked":["Redo","Stack"],"picked":"Darkness+1","floor":31.0},{"not_picked":["Creative AI","Thunder Strike"],"picked":"Echo Form","floor":33.0},{"not_picked":["Barrage","Steam+1","Rip and Tear+1"],"picked":"SKIP","floor":35.0},{"not_picked":["Ball Lightning","Streamline+1","Redo+1"],"picked":"SKIP","floor":36.0},{"not_picked":["Skim+1","Turbo+1"],"picked":"Hologram+1","floor":37.0},{"not_picked":["Beam Cell+1","Rebound","Turbo"],"picked":"SKIP","floor":38.0},{"not_picked":["Ball Lightning+1","Aggregate+1"],"picked":"Loop+1","floor":41.0},{"not_picked":["Heatsinks","Rebound+1"],"picked":"Defragment+1","floor":42.0},{"not_picked":["Reboot","Double Energy+1"],"picked":"Consume+1","floor":44.0},{"not_picked":["Genetic Algorithm","Conserve Battery"],"picked":"Leap+1","floor":45.0},{"not_picked":["Chaos+1","Rebound+1","Skim"],"picked":"SKIP","floor":46.0},{"not_picked":["Sweeping Beam+1","Leap+1","Undo+1"],"picked":"SKIP","floor":48.0},{"not_picked":["FTL+1","Storm+1","Compile Driver"],"picked":"SKIP","floor":54}],"player_experience":699422,"relics_obtained":[{"floor":5.0,"key":"Orichalcum"},{"floor":7.0,"key":"Kunai"},{"floor":9.0,"key":"Lantern"},{"floor":10.0,"key":"Pocketwatch"},{"floor":23.0,"key":"Omamori"},{"floor":23.0,"key":"DataDisk"},{"floor":24.0,"key":"Whetstone"},{"floor":26.0,"key":"Potion Belt"},{"floor":27.0,"key":"Mercury Hourglass"},{"floor":27.0,"key":"StrikeDummy"},{"floor":29.0,"key":"Anchor"},{"floor":29.0,"key":"The Courier"},{"floor":41.0,"key":"Gremlin Horn"},{"floor":41.0,"key":"Smiling Mask"},{"floor":44.0,"key":"Bag of Marbles"},{"floor":44.0,"key":"Toy Ornithopter"},{"floor":45.0,"key":"Mango"},{"floor":54,"key":"HornCleat"},{"floor":54,"key":"Bottled Flame"}],"event_choices":[{"cards_removed":["Strike_B"],"damage_healed":0.0,"max_hp_gain":0.0,"max_hp_loss":0.0,"gold_gain":0.0,"event_name":"Golden Wing","player_choice":"Card Removal","floor":11.0,"gold_loss":0.0,"damage_taken":7.0},{"damage_healed":0.0,"max_hp_gain":0.0,"max_hp_loss":0.0,"gold_gain":0.0,"event_name":"Vampires","player_choice":"Ignored","floor":20.0,"gold_loss":0.0,"damage_taken":0.0},{"damage_healed":0.0,"max_hp_gain":0.0,"max_hp_loss":0.0,"gold_gain":0.0,"event_name":"Mysterious Sphere","player_choice":"Fight","floor":45.0,"gold_loss":0.0,"damage_taken":0.0}],"is_beta":false,"boss_relics":[{"not_picked":["Runic Pyramid","Ectoplasm"],"picked":"Black Star"},{"not_picked":["Cursed Key","Astrolabe"],"picked":"Pandora\u0027s Box"}],"items_purged_floors":[39,47],"is_endless":false,"potions_floor_spawned":[2,7,12,14,19,21,22,23,27,29,33,37,38,42,44,45,48,54],"ascension_level":10}}