{"host":"khoyd8a1tvki7k1f","time":1611864625,"event":{"mods":["AchievementEnabler","BaseMod","Colored Powertips","Curses Come First","Downfall","Googly Eyes","Hermit","Highlight Path","Minty Spire (QoL Compilation)","Quick Restart","Relic Sorter","Robot Space Explorer","Shop Mod","StSLib","Synergy Search","The Bug Knight","The Cursed","The Disciple","The Hierophant","The Marked","The Necromancer","The Poker Player","The Runesmith","slay the spire mod where everything is the same but ironclad has a cowboy hat"],"gold_per_floor":[109,124,140,150,150,181,181,281,281,281,309,107,127,146,146,243,293,312,209,228,327,338,373,373,384,384,402,402,415,415,425,425,425,425],"floor_reached":33,"language":"ENG","playtime":1656,"items_purged":[],"score":281,"play_id":"fb23dad5-b0af-440d-a042-08904071782b","local_time":"20210128141024","is_ascension_mode":false,"campfire_choices":[{"data":"hermit:GoldenBullet","floor":7.0,"key":"SMITH"},{"data":"hermit:EyeOfTheStorm","floor":10.0,"key":"SMITH"},{"floor":15.0,"key":"REST"},{"data":"hermit:Cheat","floor":24.0,"key":"SMITH"},{"floor":28.0,"key":"REST"},{"floor":32.0,"key":"REST"}],"circlet_count":0,"master_deck":["hermit:Strike_Hermit","hermit:Strike_Hermit","hermit:Strike_Hermit+1","hermit:Defend_Hermit","hermit:Defend_Hermit","hermit:Defend_Hermit","hermit:Defend_Hermit","hermit:Snapshot+1","hermit:Covet","hermit:Ricochet","hermit:ItchyTrigger+1","hermit:Enervate","hermit:GoldenBullet+1","hermit:EyeOfTheStorm+1","hermit:Enervate+1","hermit:HighCaliber+1","hermit:SprayPray+1","hermit:Midnight","hermit:SprayPray+1","hermit:RoundhouseKick+1","hermit:TakeAim","hermit:Cheat+1","hermit:GoldenBullet+1","hermit:Snipe","hermit:Quickdraw+1","hermit:HighCaliber+1","hermit:Deadeye+1","hermit:Roughhouse+1"],"relics":["hermit:Momento","NeowsBlessing","Molten Egg 2","FossilizedHelix","Ice Cream","Whetstone","Tiny House","HollowMod:LifeEnderRelic","Calipers"],"acts_visited":["Exordium","TheCity"],"potions_floor_usage":[33,33,33],"damage_taken":[{"damage":0.0,"enemies":"Jaw Worm","floor":1.0,"turns":1.0},{"damage":0.0,"enemies":"Small Slimes","floor":2.0,"turns":1.0},{"damage":0.0,"enemies":"Cultist","floor":3.0,"turns":1.0},{"damage":16.0,"enemies":"Large Slime","floor":4.0,"turns":3.0},{"damage":17.0,"enemies":"3 Sentries","floor":6.0,"turns":7.0},{"damage":28.0,"enemies":"HollowMod:MossKnight","floor":11.0,"turns":11.0},{"damage":0.0,"enemies":"3 Louse","floor":13.0,"turns":2.0},{"damage":0.0,"enemies":"2 Fungi Beasts","floor":14.0,"turns":2.0},{"damage":19.0,"enemies":"The Guardian","floor":16.0,"turns":8.0},{"damage":0.0,"enemies":"Spheric Guardian","floor":18.0,"turns":1.0},{"damage":0.0,"enemies":"Shell Parasite","floor":20.0,"turns":2.0},{"damage":12.0,"enemies":"Chosen and Byrds","floor":22.0,"turns":4.0},{"damage":34.0,"enemies":"HollowMod:Nosk","floor":23.0,"turns":6.0},{"damage":8.0,"enemies":"Centurion and Healer","floor":25.0,"turns":3.0},{"damage":0.0,"enemies":"Cultist and Chosen","floor":27.0,"turns":3.0},{"damage":0.0,"enemies":"Sentry and Sphere","floor":29.0,"turns":3.0},{"damage":3.0,"enemies":"Snecko","floor":31.0,"turns":4.0},{"damage":58,"enemies":"Collector","floor":33,"turns":7}],"seed_played":"-2678613128277066116","potions_obtained":[{"floor":2.0,"key":"Strength Potion"},{"floor":11.0,"key":"champ:CounterPotion"},{"floor":14.0,"key":"BlessingOfTheForge"},{"floor":16.0,"key":"FearPotion"},{"floor":17.0,"key":"hermit:BlackBile"},{"floor":22.0,"key":"champ:CounterPotion"}],"is_trial":false,"path_per_floor":["M","M","M","M","?","E","R","?","T","R","E","$","M","M","R","B",null,"M","$","M","?","M","E","R","M","T","M","R","M","?","M","R","B"],"character_chosen":"HERMIT","items_purchased":["Whetstone","hermit:SprayPray+1","hermit:GoldenBullet+1","hermit:Snipe"],"campfire_rested":3,"item_purchase_floors":[12,12,19,19],"current_hp_per_floor":[75,75,75,59,59,42,42,42,42,42,14,14,14,14,36,17,80,80,80,80,80,68,34,34,26,26,26,50,50,35,32,57,0,0],"gold":425,"neow_bonus":"THREE_ENEMY_KILL","is_daily":false,"chose_seed":false,"campfire_upgraded":3,"win_rate":0.0,"timestamp":1611864624,"path_taken":["M","M","M","M","?","E","R","?","T","R","E","$","?","M","R","BOSS","M","$","M","?","M","E","R","M","T","M","R","M","?","M","R","BOSS"],"items_purchased_type":["Relic","Card","Card","Card"],"build_version":"2020-12-22","purchased_purges":0,"victory":false,"max_hp_per_floor":[75,75,75,75,75,75,75,75,75,75,75,75,75,75,75,75,80,80,80,80,80,80,80,80,80,80,80,80,80,85,85,85,85,85],"card_choices":[{"not_picked":["hermit:HoleUp","hermit:Manifest"],"picked":"hermit:Ricochet","floor":1.0},{"not_picked":["hermit:LowProfile","hermit:SprayPray"],"picked":"hermit:ItchyTrigger","floor":2.0},{"not_picked":["hermit:Desperado","hermit:Glare"],"picked":"hermit:Enervate","floor":3.0},{"not_picked":["hermit:BodyArmor","hermit:Grudge"],"picked":"hermit:GoldenBullet","floor":4.0},{"not_picked":["hermit:Dive","hermit:Glare"],"picked":"hermit:Enervate+1","floor":6.0},{"not_picked":["hermit:Brawl","hermit:Midnight"],"picked":"hermit:HighCaliber+1","floor":11.0},{"not_picked":["hermit:TakeAim","hermit:Snipe"],"picked":"hermit:Midnight","floor":13.0},{"not_picked":["hermit:Gestalt","hermit:FullyLoaded"],"picked":"hermit:SprayPray+1","floor":14.0},{"not_picked":["hermit:Purgatory+1","hermit:HeroicBravado"],"picked":"hermit:RoundhouseKick+1","floor":16.0},{"not_picked":["hermit:BodyArmor","hermit:Brawl"],"picked":"hermit:TakeAim","floor":17.0},{"not_picked":["hermit:GhostlyPresence","hermit:HighCaliber+1"],"picked":"hermit:Cheat","floor":18.0},{"not_picked":["hermit:FullyLoaded+1","hermit:ItchyTrigger+1"],"picked":"hermit:Quickdraw+1","floor":20.0},{"not_picked":["hermit:TakeCover","hermit:LowProfile+1"],"picked":"hermit:HighCaliber+1","floor":22.0},{"not_picked":["hermit:Brawl","hermit:Feint"],"picked":"hermit:Deadeye+1","floor":23.0},{"not_picked":["hermit:Manifest","hermit:Virtue","hermit:Coalescence"],"picked":"SKIP","floor":25.0},{"not_picked":["hermit:Dive","hermit:Combo","hermit:Manifest"],"picked":"SKIP","floor":27.0},{"not_picked":["hermit:Enervate+1","hermit:TakeAim"],"picked":"hermit:Roughhouse+1","floor":29.0},{"not_picked":["hermit:WideOpen+1","hermit:TrackingShot+1","hermit:Manifest"],"picked":"SKIP","floor":31.0}],"player_experience":368566,"relics_obtained":[{"floor":6.0,"key":"Molten Egg 2"},{"floor":9.0,"key":"FossilizedHelix"},{"floor":11.0,"key":"Ice Cream"},{"floor":23.0,"key":"HollowMod:LifeEnderRelic"},{"floor":26.0,"key":"Calipers"}],"event_choices":[{"damage_healed":0.0,"max_hp_gain":0.0,"max_hp_loss":0.0,"gold_gain":0.0,"cards_transformed":["hermit:Strike_Hermit"],"event_name":"Living Wall","player_choice":"Change","floor":5.0,"gold_loss":0.0,"damage_taken":0.0,"cards_obtained":["hermit:EyeOfTheStorm"]},{"damage_healed":0.0,"max_hp_gain":0.0,"max_hp_loss":0.0,"gold_gain":100.0,"event_name":"Wheel of Change","player_choice":"Gold","floor":8.0,"gold_loss":0.0,"damage_taken":0.0},{"damage_healed":0.0,"max_hp_gain":0.0,"max_hp_loss":0.0,"gold_gain":99.0,"event_name":"Nest","player_choice":"Stole From Cult","floor":21.0,"gold_loss":0.0,"damage_taken":0.0},{"damage_healed":0.0,"max_hp_gain":5.0,"max_hp_loss":0.0,"gold_gain":0.0,"event_name":"Forgotten Altar","player_choice":"Shed Blood","floor":30.0,"gold_loss":0.0,"damage_taken":20.0}],"is_beta":false,"boss_relics":[{"not_picked":["Busted Crown","Runic Dome"],"picked":"Tiny House"}],"items_purged_floors":[],"is_endless":false,"potions_floor_spawned":[2,11,14,16,22,23,29],"killed_by":"Collector","ascension_level":0}}