{"host":"7zdktqb5xjtif29d","time":1611795012,"event":{"mods":["AchievementEnabler","BaseMod","Colored Map","Colored Powertips","Dark Map","Highlight Path","Minty Spire (QoL Compilation)","Rare Cards Sparkle","SuperFastMode","Waifu the Spire","everything is the same but u backflip on backflip"],"gold_per_floor":[114,124,138,154,170,170,202,216,216,231,257,268,297,308,308,407,407,426,426,440,133,133,163,179,214,214,214,239,253,28,28,28,129,129,143,192,0,20,35,70,70,100,100,120,153,171,185,197,197,197,197],"floor_reached":50,"language":"ENG","playtime":2042,"items_purged":[],"score":817,"play_id":"a84d6dbd-9bac-4444-bf97-aab34b9972cc","local_time":"20210128005012","is_ascension_mode":true,"campfire_choices":[{"data":"Phantasmal Killer","floor":6.0,"key":"SMITH"},{"floor":15.0,"key":"REST"},{"floor":27.0,"key":"DIG"},{"floor":32.0,"key":"DIG"},{"floor":41.0,"key":"DIG"},{"floor":49.0,"key":"REST"}],"circlet_count":0,"master_deck":["Strike_G+1","Strike_G+1","Strike_G+1","Strike_G+1","Strike_G+1","Defend_G+1","Defend_G+1","Defend_G+1","Defend_G+1","Defend_G+1","Survivor","Neutralize","Backstab","Phantasmal Killer+1","Catalyst","Deadly Poison","Backstab","Poisoned Stab","Crippling Poison","Crippling Poison","Bullet Time+1","Crippling Poison+1","Poisoned Stab","Poisoned Stab","Envenom","Noxious Fumes","Corpse Explosion+1","Backflip+1","Poisoned Stab","Bane","Deadly Poison+1","Deadly Poison+1"],"relics":["Ring of the Snake","Thread and Needle","CaptainsWheel","Shuriken","Pear","Lantern","Sozu","Mango","Shovel","MealTicket","Toxic Egg 2","Smiling Mask","Anchor","Art of War","Fusion Hammer","Tough Bandages","Red Mask","Bottled Tornado","Strawberry","Bird Faced Urn","InkBottle","Tingsha"],"acts_visited":["Exordium","TheCity","TheBeyond"],"potions_floor_usage":[],"damage_taken":[{"damage":0.0,"enemies":"Cultist","floor":1.0,"turns":4.0},{"damage":1.0,"enemies":"Jaw Worm","floor":2.0,"turns":4.0},{"damage":0.0,"enemies":"Small Slimes","floor":3.0,"turns":2.0},{"damage":0.0,"enemies":"Exordium Wildlife","floor":4.0,"turns":2.0},{"damage":0.0,"enemies":"Exordium Thugs","floor":5.0,"turns":5.0},{"damage":20.0,"enemies":"3 Sentries","floor":7.0,"turns":13.0},{"damage":13.0,"enemies":"Large Slime","floor":8.0,"turns":6.0},{"damage":0.0,"enemies":"Red Slaver","floor":10.0,"turns":4.0},{"damage":10.0,"enemies":"Gremlin Nob","floor":11.0,"turns":3.0},{"damage":0.0,"enemies":"2 Fungi Beasts","floor":12.0,"turns":3.0},{"damage":8.0,"enemies":"3 Sentries","floor":13.0,"turns":8.0},{"damage":0.0,"enemies":"Blue Slaver","floor":14.0,"turns":2.0},{"damage":4.0,"enemies":"The Guardian","floor":16.0,"turns":7.0},{"damage":3.0,"enemies":"Chosen","floor":18.0,"turns":4.0},{"damage":0.0,"enemies":"Shell Parasite","floor":20.0,"turns":3.0},{"damage":16.0,"enemies":"Book of Stabbing","floor":23.0,"turns":5.0},{"damage":0.0,"enemies":"3 Cultists","floor":24.0,"turns":4.0},{"damage":6.0,"enemies":"Slavers","floor":25.0,"turns":5.0},{"damage":3.0,"enemies":"Book of Stabbing","floor":28.0,"turns":4.0},{"damage":0.0,"enemies":"Centurion and Healer","floor":29.0,"turns":5.0},{"damage":32.0,"enemies":"Collector","floor":33.0,"turns":6.0},{"damage":2.0,"enemies":"Orb Walker","floor":35.0,"turns":3.0},{"damage":16.0,"enemies":"2 Orb Walkers","floor":36.0,"turns":3.0},{"damage":0.0,"enemies":"3 Darklings","floor":38.0,"turns":2.0},{"damage":0.0,"enemies":"Transient","floor":39.0,"turns":5.0},{"damage":0.0,"enemies":"Nemesis","floor":40.0,"turns":5.0},{"damage":13.0,"enemies":"Reptomancer","floor":42.0,"turns":4.0},{"damage":5.0,"enemies":"Writhing Mass","floor":44.0,"turns":4.0},{"damage":13.0,"enemies":"Nemesis","floor":45.0,"turns":5.0},{"damage":0.0,"enemies":"Jaw Worm Horde","floor":46.0,"turns":4.0},{"damage":39.0,"enemies":"Maw","floor":47.0,"turns":5.0},{"damage":16.0,"enemies":"3 Darklings","floor":48.0,"turns":4.0},{"damage":54,"enemies":"Awakened One","floor":50,"turns":8}],"seed_played":"3296809177846487623","potions_obtained":[{"floor":3.0,"key":"ColorlessPotion"},{"floor":4.0,"key":"EssenceOfSteel"},{"floor":7.0,"key":"GamblersBrew"},{"floor":11.0,"key":"Regen Potion"},{"floor":13.0,"key":"Poison Potion"}],"is_trial":false,"path_per_floor":["M","M","M","M","M","R","E","M","T","M","E","M","E","M","R","B",null,"M","?","M","$","?","E","M","E","T","R","E","M","$","?","R","B",null,"M","?","?","M","M","E","R","E","T","M","E","M","M","M","R","B"],"character_chosen":"THE_SILENT","items_purchased":["Mango","Noxious Fumes","Anchor"],"campfire_rested":2,"item_purchase_floors":[21,30,30],"current_hp_per_floor":[49,48,48,48,48,48,28,15,15,15,15,24,16,16,40,36,80,77,77,77,91,91,75,75,69,69,69,66,66,81,62,62,30,99,97,81,81,81,81,81,88,75,75,74,65,69,34,20,51,0,0],"gold":197,"neow_bonus":"ONE_RARE_RELIC","is_daily":false,"chose_seed":false,"campfire_upgraded":1,"win_rate":0.0,"timestamp":1611795012,"path_taken":["M","M","M","M","M","R","E","M","T","M","E","M","E","?","R","BOSS","M","?","M","$","?","E","?","E","T","R","E","M","$","?","R","BOSS","M","?","?","M","M","E","R","E","T","M","E","M","M","?","R","BOSS"],"items_purchased_type":["Relic","Card","Relic"],"build_version":"2020-12-22","purchased_purges":0,"victory":false,"max_hp_per_floor":[70,70,70,70,70,70,70,70,70,70,80,80,80,80,80,80,80,80,80,80,94,94,94,94,94,94,94,94,94,94,99,99,99,99,99,99,99,99,99,99,106,106,106,106,106,106,106,106,106,106,106],"card_choices":[{"not_picked":["Deflect","Acrobatics","Flying Knee"],"picked":"SKIP","floor":1.0},{"not_picked":["Dodge and Roll","Well Laid Plans"],"picked":"Backstab","floor":2.0},{"not_picked":["Endless Agony","Sucker Punch","Acrobatics"],"picked":"SKIP","floor":3.0},{"not_picked":["Setup","Well Laid Plans"],"picked":"Phantasmal Killer","floor":4.0},{"not_picked":["PiercingWail","Skewer","Setup"],"picked":"SKIP","floor":5.0},{"not_picked":["Escape Plan","Backflip"],"picked":"Catalyst","floor":7.0},{"not_picked":["Bane","Deflect"],"picked":"Deadly Poison","floor":8.0},{"not_picked":["Slice","Backflip"],"picked":"Backstab","floor":10.0},{"not_picked":["Cloak And Dagger","Flying Knee","Heel Hook"],"picked":"SKIP","floor":11.0},{"not_picked":["Tactician","Bane"],"picked":"Poisoned Stab","floor":12.0},{"not_picked":["Footwork","Bouncing Flask"],"picked":"Crippling Poison","floor":13.0},{"not_picked":["Tactician","Bane"],"picked":"Crippling Poison","floor":14.0},{"not_picked":["Glass Knife","Storm of Steel"],"picked":"Bullet Time","floor":16.0},{"not_picked":["Endless Agony+1","Quick Slash+1","Deflect"],"picked":"SKIP","floor":18.0},{"not_picked":["Blade Dance","Quick Slash","Outmaneuver"],"picked":"SKIP","floor":20.0},{"not_picked":["Well Laid Plans+1","Flying Knee"],"picked":"Crippling Poison+1","floor":23.0},{"not_picked":["Acrobatics","Venomology","Tactician"],"picked":"SKIP","floor":24.0},{"not_picked":["Deflect","Outmaneuver"],"picked":"Poisoned Stab","floor":25.0},{"not_picked":["Sucker Punch","Slice"],"picked":"Poisoned Stab","floor":28.0},{"not_picked":["Deadly Poison+1","Flying Knee+1"],"picked":"Envenom","floor":29.0},{"not_picked":["Envenom","Bullet Time+1"],"picked":"Corpse Explosion+1","floor":33.0},{"not_picked":["Choke+1","Blur+1","Terror+1"],"picked":"SKIP","floor":35.0},{"not_picked":["Quick Slash","Well Laid Plans"],"picked":"Backflip+1","floor":38.0},{"not_picked":["Cloak And Dagger+1","Deflect+1"],"picked":"Poisoned Stab","floor":39.0},{"not_picked":["Tactician+1","Setup+1","Die Die Die"],"picked":"SKIP","floor":40.0},{"not_picked":["Terror+1","Tactician+1","Endless Agony+1"],"picked":"SKIP","floor":42.0},{"not_picked":["Endless Agony+1","Dodge and Roll+1","Blade Dance+1"],"picked":"SKIP","floor":44.0},{"not_picked":["Deflect+1","Slice+1"],"picked":"Bane","floor":45.0},{"not_picked":["Finisher+1","A Thousand Cuts"],"picked":"Deadly Poison+1","floor":46.0},{"not_picked":["Infinite Blades","Escape Plan+1","Expertise+1"],"picked":"SKIP","floor":47.0},{"not_picked":["Outmaneuver+1","Dagger Throw"],"picked":"Deadly Poison+1","floor":48.0}],"player_experience":258221,"relics_obtained":[{"floor":7.0,"key":"CaptainsWheel"},{"floor":9.0,"key":"Shuriken"},{"floor":11.0,"key":"Pear"},{"floor":13.0,"key":"Lantern"},{"floor":23.0,"key":"Shovel"},{"floor":25.0,"key":"MealTicket"},{"floor":27.0,"key":"Toxic Egg 2"},{"floor":28.0,"key":"Smiling Mask"},{"floor":32.0,"key":"Art of War"},{"floor":36.0,"key":"Tough Bandages"},{"floor":40.0,"key":"Bottled Tornado"},{"floor":41.0,"key":"Strawberry"},{"floor":42.0,"key":"Bird Faced Urn"},{"floor":43.0,"key":"InkBottle"},{"floor":45.0,"key":"Tingsha"}],"event_choices":[{"damage_healed":0.0,"max_hp_gain":0.0,"max_hp_loss":0.0,"gold_gain":0.0,"event_name":"Back to Basics","player_choice":"Simplicity","floor":19.0,"gold_loss":0.0,"damage_taken":0.0,"cards_upgraded":["Strike_G","Strike_G","Strike_G","Strike_G","Strike_G","Defend_G","Defend_G","Defend_G","Defend_G","Defend_G"]},{"damage_healed":0.0,"max_hp_gain":0.0,"max_hp_loss":0.0,"gold_gain":0.0,"event_name":"Upgrade Shrine","player_choice":"Upgraded","floor":22.0,"gold_loss":0.0,"damage_taken":0.0,"cards_upgraded":["Bullet Time"]},{"damage_healed":0.0,"max_hp_gain":5.0,"max_hp_loss":0.0,"gold_gain":0.0,"event_name":"Forgotten Altar","player_choice":"Shed Blood","floor":31.0,"gold_loss":0.0,"damage_taken":24.0},{"damage_healed":0.0,"max_hp_gain":0.0,"max_hp_loss":0.0,"gold_gain":0.0,"event_name":"Mysterious Sphere","player_choice":"Fight","floor":36.0,"gold_loss":0.0,"damage_taken":0.0},{"damage_healed":0.0,"max_hp_gain":0.0,"max_hp_loss":0.0,"gold_gain":0.0,"event_name":"Tomb of Lord Red Mask","player_choice":"Paid","floor":37.0,"gold_loss":192.0,"damage_taken":0.0,"relics_obtained":["Red Mask"]}],"is_beta":false,"boss_relics":[{"not_picked":["Ectoplasm","Runic Pyramid"],"picked":"Sozu"},{"not_picked":["Velvet Choker","WristBlade"],"picked":"Fusion Hammer"}],"items_purged_floors":[],"is_endless":false,"potions_floor_spawned":[3,4,7,8,11,13,14,18,20,25,29,35,39,42,44],"killed_by":"Awakened One","ascension_level":3}}