{"host":"5h6e4l6hpn0p5lap","time":1611792903,"event":{"mods":["AchievementEnabler","BaseMod","Better Altar","Better Match","Better Sensory Stone","Better Skull","Better Third Choice","Filter the Spire","Highlight Path","Minty Spire (QoL Compilation)","StSLib"],"gold_per_floor":[109,109,36,47,64,96,107,38,116,130,130,141,141,152,152,257,257,274,274,52,52,70,102,102,2,2,2,2,13,13,32,32,127,127,140,140,190,208,218,218,232,232,232,265,17,35,35,0,0,0,0],"floor_reached":50,"language":"ENG","playtime":2351,"items_purged":["Defend_R","Pain","Clumsy"],"score":517,"play_id":"6f51e814-dc90-4428-81c5-e4a166279dab","local_time":"20210127191503","is_ascension_mode":false,"campfire_choices":[{"data":"Clash","floor":11.0,"key":"SMITH"},{"data":"Warcry","floor":13.0,"key":"SMITH"},{"data":"Carnage","floor":15.0,"key":"SMITH"},{"floor":24.0,"key":"REST"},{"data":"Blade Dance","floor":27.0,"key":"SMITH"},{"data":"Flame Barrier","floor":32.0,"key":"SMITH"},{"data":"Infernal Blade","floor":40.0,"key":"SMITH"},{"floor":42.0,"key":"RECALL"},{"data":"Feel No Pain","floor":49,"key":"SMITH"}],"circlet_count":0,"master_deck":["Strike_R","Strike_R","Strike_R","Strike_R","Strike_R","Defend_R","Defend_R","Defend_R","Bash","Headbutt","Clash+1","Flex","Pommel Strike","Carnage+1","Rampage","Sever Soul","Warcry+1","Flame Barrier+1","Immolate","Battle Trance+1","Blade Dance+1","Cloak And Dagger+1","Panacea+1","Infernal Blade+1","Protect+1","Inflame+1","Feel No Pain+1","Shrug It Off","Reprogram+1","Writhe"],"relics":["Black Blood","Happy Flower","Charon\u0027s Ashes","Red Skull","Mercury Hourglass","Cursed Key","PrismaticShard","WarpedTongs","Juzu Bracelet","NlothsMask","Singing Bowl","Ginger","War Paint","Red Mask"],"acts_visited":["Exordium","TheCity","TheBeyond"],"potions_floor_usage":[],"damage_taken":[{"damage":3.0,"enemies":"2 Louse","floor":1.0,"turns":3.0},{"damage":5.0,"enemies":"Small Slimes","floor":4.0,"turns":2.0},{"damage":0.0,"enemies":"Cultist","floor":5.0,"turns":1.0},{"damage":18.0,"enemies":"3 Sentries","floor":6.0,"turns":5.0},{"damage":8.0,"enemies":"Large Slime","floor":7.0,"turns":4.0},{"damage":3.0,"enemies":"Lots of Slimes","floor":10.0,"turns":2.0},{"damage":4.0,"enemies":"Gremlin Gang","floor":12.0,"turns":3.0},{"damage":16.0,"enemies":"Exordium Wildlife","floor":14.0,"turns":3.0},{"damage":32.0,"enemies":"Hexaghost","floor":16.0,"turns":7.0},{"damage":5.0,"enemies":"Spheric Guardian","floor":18.0,"turns":3.0},{"damage":23.0,"enemies":"2 Thieves","floor":22.0,"turns":3.0},{"damage":45.0,"enemies":"Slavers","floor":23.0,"turns":4.0},{"damage":0.0,"enemies":"Cultist and Chosen","floor":29.0,"turns":3.0},{"damage":0.0,"enemies":"Snake Plant","floor":31.0,"turns":2.0},{"damage":70.0,"enemies":"Champ","floor":33.0,"turns":7.0},{"damage":0.0,"enemies":"3 Shapes","floor":35.0,"turns":2.0},{"damage":0.0,"enemies":"Mind Bloom Boss Battle","floor":37.0,"turns":4.0},{"damage":7.0,"enemies":"3 Darklings","floor":38.0,"turns":3.0},{"damage":17.0,"enemies":"Transient","floor":39.0,"turns":5.0},{"damage":28.0,"enemies":"Jaw Worm Horde","floor":41.0,"turns":3.0},{"damage":30,"enemies":"Reptomancer","floor":44,"turns":4},{"damage":1,"enemies":"Maw","floor":46,"turns":6},{"damage":96,"enemies":"Time Eater","floor":50,"turns":10}],"seed_played":"-5986294926788212148","potions_obtained":[{"floor":4.0,"key":"BlessingOfTheForge"},{"floor":5.0,"key":"LiquidMemories"},{"floor":10.0,"key":"FairyPotion"},{"floor":22.0,"key":"Swift Potion"},{"floor":35.0,"key":"SpeedPotion"},{"floor":44,"key":"SpeedPotion"}],"is_trial":false,"path_per_floor":["M","?","$","M","M","E","M","?","T","M","R","M","R","M","R","B",null,"M","?","$","?","M","E","R","$","T","R","?","M","?","M","R","B",null,"M","?","?","M","M","R","M","R","T","E","$","M","?","?","R","B"],"character_chosen":"IRONCLAD","items_purchased":["Clash","Flex","PrismaticShard","Feel No Pain","Shrug It Off"],"campfire_rested":1,"item_purchase_floors":[3,3,20,45,45],"current_hp_per_floor":[80,85,85,85,85,73,71,71,71,74,74,76,76,66,66,40,85,85,85,85,85,68,29,54,54,54,54,54,60,60,68,68,34,89,91,93,95,95,90,90,74,74,74,58,58,69,93,93,93,0,0],"gold":0,"neow_bonus":"RANDOM_COMMON_RELIC","is_daily":false,"chose_seed":false,"campfire_upgraded":7,"win_rate":0.0,"timestamp":1611792903,"path_taken":["M","?","$","M","M","E","M","?","T","M","R","M","R","M","R","BOSS","M","?","$","?","M","E","R","$","T","R","?","M","?","M","R","BOSS","M","?","?","M","M","R","M","R","T","E","$","M","?","?","R","BOSS"],"items_purchased_type":["Card","Card","Relic","Card","Card"],"build_version":"2020-12-22","purchased_purges":3,"victory":false,"max_hp_per_floor":[80,85,85,85,85,85,85,85,85,85,85,85,85,85,85,85,85,85,85,85,85,85,85,85,85,85,85,85,85,85,87,87,89,89,91,93,95,95,95,95,95,95,95,97,97,97,97,97,97,97,97],"card_choices":[{"not_picked":["Wild Strike","Thunderclap"],"picked":"Headbutt","floor":1.0},{"not_picked":["Bloodletting","Burning Pact"],"picked":"Pommel Strike","floor":4.0},{"not_picked":["Metallicize","Feel No Pain"],"picked":"Carnage","floor":5.0},{"not_picked":["Barricade","Dual Wield","Anger"],"picked":"SKIP","floor":6.0},{"not_picked":["Headbutt","Second Wind"],"picked":"Rampage","floor":7.0},{"not_picked":["Combust","Clothesline"],"picked":"Sever Soul","floor":10.0},{"not_picked":["Perfected Strike","Havoc"],"picked":"Warcry","floor":12.0},{"not_picked":["Flex","Twin Strike"],"picked":"Flame Barrier","floor":14.0},{"not_picked":["Barricade","Limit Break"],"picked":"Immolate","floor":16.0},{"not_picked":["Fire Breathing","Second Wind+1"],"picked":"Battle Trance","floor":18.0},{"not_picked":["Body Slam","Deep Breath+1","Carnage"],"picked":"SKIP","floor":22.0},{"not_picked":["Chill","PiercingWail"],"picked":"Blade Dance","floor":23.0},{"not_picked":["Clash","ClearTheMind"],"picked":"Cloak And Dagger+1","floor":29.0},{"not_picked":["Reckless Charge","Rip and Tear","Warcry"],"picked":"Singing Bowl","floor":31.0},{"not_picked":["A Thousand Cuts","Chrysalis","Offering"],"picked":"Singing Bowl","floor":33.0},{"not_picked":["Iron Wave+1","Hemokinesis+1","Heatsinks+1"],"picked":"Singing Bowl","floor":35.0},{"not_picked":["Forethought","Jack Of All Trades"],"picked":"Panacea","floor":36.0},{"not_picked":["Flash of Steel","Purity","Blind"],"picked":"Singing Bowl","floor":36.0},{"not_picked":["Streamline+1","FlyingSleeves+1","Body Slam+1"],"picked":"Singing Bowl","floor":37.0},{"not_picked":["Slice","Wild Strike"],"picked":"Infernal Blade","floor":38.0},{"not_picked":["Footwork","Sword Boomerang+1"],"picked":"Protect+1","floor":39.0},{"not_picked":["Dagger Spray+1","Ball Lightning"],"picked":"Inflame+1","floor":41.0},{"not_picked":["Ball Lightning","JustLucky+1","Crescendo"],"picked":"Singing Bowl","floor":44},{"not_picked":["Body Slam+1","SpiritShield"],"picked":"Reprogram+1","floor":46}],"player_experience":991612,"relics_obtained":[{"floor":6.0,"key":"Charon\u0027s Ashes"},{"floor":9.0,"key":"Mercury Hourglass"},{"floor":23.0,"key":"Juzu Bracelet"},{"floor":37.0,"key":"Ginger"},{"floor":44,"key":"War Paint"}],"event_choices":[{"damage_healed":0.0,"max_hp_gain":5.0,"max_hp_loss":0.0,"gold_gain":0.0,"event_name":"Big Fish","player_choice":"Donut","floor":2.0,"gold_loss":0.0,"damage_taken":0.0},{"damage_healed":0.0,"max_hp_gain":0.0,"max_hp_loss":0.0,"gold_gain":0.0,"event_name":"WeMeetAgain","player_choice":"Paid Gold","floor":8.0,"gold_loss":69.0,"damage_taken":0.0,"relics_obtained":["Red Skull"]},{"damage_healed":0.0,"max_hp_gain":0.0,"max_hp_loss":0.0,"gold_gain":0.0,"event_name":"Vampires","player_choice":"Ignored","floor":19.0,"gold_loss":0.0,"damage_taken":0.0},{"damage_healed":0.0,"max_hp_gain":0.0,"max_hp_loss":0.0,"gold_gain":0.0,"event_name":"Accursed Blacksmith","player_choice":"Rummage","floor":21.0,"gold_loss":0.0,"damage_taken":0.0,"relics_obtained":["WarpedTongs"],"cards_obtained":["Pain"]},{"damage_healed":0.0,"max_hp_gain":0.0,"max_hp_loss":0.0,"gold_gain":0.0,"event_name":"FaceTrader","player_choice":"Trade","floor":28.0,"gold_loss":0.0,"damage_taken":0.0,"relics_obtained":["NlothsMask"]},{"damage_healed":0.0,"max_hp_gain":0.0,"max_hp_loss":0.0,"gold_gain":0.0,"event_name":"The Mausoleum","player_choice":"Opened","floor":30.0,"gold_loss":0.0,"damage_taken":0.0,"relics_obtained":["Singing Bowl"]},{"damage_healed":0.0,"max_hp_gain":0.0,"max_hp_loss":0.0,"gold_gain":3.0,"event_name":"betterStone:BetterStone","player_choice":"1","floor":36.0,"gold_loss":0.0,"damage_taken":0.0},{"damage_healed":0.0,"max_hp_gain":0.0,"max_hp_loss":0.0,"gold_gain":0.0,"event_name":"MindBloom","player_choice":"Fight","floor":37.0,"gold_loss":0.0,"damage_taken":0.0},{"damage_healed":24,"gold_gain":0,"player_choice":"Writhe","damage_taken":0,"max_hp_gain":0,"max_hp_loss":0,"event_name":"Winding Halls","floor":47,"gold_loss":0,"cards_obtained":["Writhe"]},{"damage_healed":0,"gold_gain":0,"player_choice":"Paid","damage_taken":0,"relics_obtained":["Red Mask"],"max_hp_gain":0,"max_hp_loss":0,"event_name":"Tomb of Lord Red Mask","floor":48,"gold_loss":35}],"is_beta":false,"boss_relics":[{"not_picked":["Busted Crown","SlaversCollar"],"picked":"Cursed Key"},{"not_picked":["Velvet Choker","Runic Dome"],"picked":"Black Blood"}],"items_purged_floors":[20,25,45],"is_endless":false,"potions_floor_spawned":[4,5,10,22,23,35,44],"killed_by":"Time Eater","ascension_level":0}}