{"host":"f0gpob8hq9vgebej","time":1611811972,"event":{"mods":["AchievementEnabler","BaseMod","Minty Spire (QoL Compilation)","Quick Restart","SuperFastMode"],"gold_per_floor":[110,121,140,151,169,169,199,219,294,294,294,294,307,341,341,443,443,459,477,477,477],"floor_reached":20,"language":"KOR","playtime":495,"items_purged":[],"score":282,"play_id":"96694b2b-5e4e-439f-b8e7-595f8f105c5c","local_time":"20210128143252","is_ascension_mode":true,"campfire_choices":[{"data":"White Noise","floor":6.0,"key":"SMITH"},{"floor":11.0,"key":"REST"},{"data":"Defragment","floor":15.0,"key":"SMITH"}],"circlet_count":0,"master_deck":["AscendersBane","Strike_B","Strike_B","Strike_B","Defend_B","Defend_B","Defend_B","Zap","Dualcast","Force Field","Sweeping Beam","Machine Learning","White Noise+1","Defragment+1","Coolheaded+1","Buffer","Fission+1","Defragment","Auto Shields+1"],"relics":["Cracked Core","Blue Candle","Matryoshka","Toxic Egg 2","Emotion Chip","Empty Cage"],"acts_visited":["Exordium","TheCity"],"potions_floor_usage":[18],"damage_taken":[{"damage":9.0,"enemies":"Jaw Worm","floor":1.0,"turns":3.0},{"damage":1.0,"enemies":"2 Louse","floor":2.0,"turns":2.0},{"damage":0.0,"enemies":"Small Slimes","floor":3.0,"turns":3.0},{"damage":14.0,"enemies":"Blue Slaver","floor":4.0,"turns":4.0},{"damage":9.0,"enemies":"Red Slaver","floor":5.0,"turns":4.0},{"damage":16.0,"enemies":"Gremlin Nob","floor":7.0,"turns":4.0},{"damage":13.0,"enemies":"Large Slime","floor":8.0,"turns":4.0},{"damage":0.0,"enemies":"Lots of Slimes","floor":13.0,"turns":1.0},{"damage":13.0,"enemies":"3 Sentries","floor":14.0,"turns":5.0},{"damage":18.0,"enemies":"Hexaghost","floor":16.0,"turns":11.0},{"damage":28,"enemies":"3 Byrds","floor":18,"turns":6},{"damage":20,"enemies":"Shell Parasite","floor":19,"turns":10},{"damage":18,"enemies":"Snake Plant","floor":20,"turns":3}],"seed_played":"4858393672817330226","potions_obtained":[{"floor":2.0,"key":"Energy Potion"},{"floor":5.0,"key":"DistilledChaos"},{"floor":7.0,"key":"Explosive Potion"},{"floor":8.0,"key":"EssenceOfDarkness"},{"floor":18,"key":"Strength Potion"}],"is_trial":false,"path_per_floor":["M","M","M","M","M","R","E","M","T","?","R","?","M","E","R","B",null,"M","M","M"],"character_chosen":"DEFECT","items_purchased":[],"campfire_rested":1,"item_purchase_floors":[],"current_hp_per_floor":[66,65,65,51,42,42,26,13,13,6,30,35,35,22,22,4,66,38,18,0,0],"gold":477,"neow_bonus":"TEN_PERCENT_HP_BONUS","is_daily":false,"chose_seed":false,"campfire_upgraded":2,"win_rate":0.0,"timestamp":1611811972,"path_taken":["M","M","M","M","M","R","E","M","T","?","R","?","M","E","R","BOSS","M","M","M"],"items_purchased_type":[],"build_version":"2020-12-22","purchased_purges":0,"victory":false,"max_hp_per_floor":[82,82,82,82,82,82,82,82,82,82,82,87,87,87,87,87,87,87,87,87,87],"card_choices":[{"not_picked":["Cold Snap","Glacier"],"picked":"Force Field","floor":1.0},{"not_picked":["Compile Driver","Steam","Redo"],"picked":"SKIP","floor":2.0},{"not_picked":["Hologram","Glacier"],"picked":"Sweeping Beam","floor":3.0},{"not_picked":["Turbo","Recycle"],"picked":"Machine Learning","floor":4.0},{"not_picked":["BootSequence","Scrape"],"picked":"White Noise","floor":5.0},{"not_picked":["Chaos","Gash","Sweeping Beam"],"picked":"SKIP","floor":7.0},{"not_picked":["Hologram","Rebound"],"picked":"Defragment","floor":8.0},{"not_picked":["Steam+1","Redo+1"],"picked":"Coolheaded+1","floor":13.0},{"not_picked":["Streamline","Darkness+1"],"picked":"Buffer","floor":14.0},{"not_picked":["Biased Cognition","Buffer"],"picked":"Fission+1","floor":16.0},{"not_picked":["Leap+1","Undo+1"],"picked":"Defragment","floor":18},{"not_picked":["Go for the Eyes","Coolheaded+1"],"picked":"Auto Shields+1","floor":19}],"player_experience":266945,"relics_obtained":[{"floor":7.0,"key":"Blue Candle"},{"floor":9.0,"key":"Matryoshka"},{"floor":14.0,"key":"Emotion Chip"}],"event_choices":[{"damage_healed":0.0,"max_hp_gain":0.0,"max_hp_loss":0.0,"gold_gain":0.0,"event_name":"Scrap Ooze","player_choice":"Success","floor":10.0,"gold_loss":0.0,"damage_taken":7.0,"relics_obtained":["Toxic Egg 2"]},{"damage_healed":0.0,"max_hp_gain":5.0,"max_hp_loss":0.0,"gold_gain":0.0,"event_name":"Big Fish","player_choice":"Donut","floor":12.0,"gold_loss":0.0,"damage_taken":0.0}],"is_beta":false,"boss_relics":[{"not_picked":["Astrolabe","Velvet Choker"],"picked":"Empty Cage"}],"items_purged_floors":[],"is_endless":false,"potions_floor_spawned":[2,5,7,8,18],"killed_by":"Snake Plant","ascension_level":10}}