{"host":"na09lpbrez4gbfiz","time":1611848934,"event":{"mods":["Act Like it!","BaseMod","BetterRewards","Colored Map","Colored Powertips","DeckTracker","Googly Eyes","Highlight Path","Minty Spire (QoL Compilation)","Quick Restart","Spicy Shops","StSLib","SuperFastMode","Synergy Search"],"gold_per_floor":[112,112,122,1,20,48,48,81,81,93,119,132,407,8,8,105,105,121,121,111,71,82,82,0,0,25,25,25,50,13,24,24,24,24],"floor_reached":33,"language":"ENG","playtime":1186,"items_purged":["Strike_R","Regret"],"score":439,"play_id":"5fd9cb1b-7183-42a8-a363-ec8d56197741","local_time":"20210128164854","is_ascension_mode":true,"campfire_choices":[{"data":"Carnage","floor":7,"key":"SMITH"},{"floor":15,"key":"REST"},{"data":"Barricade","floor":23,"key":"SMITH"},{"data":"Impervious","floor":25,"key":"SMITH"},{"data":"True Grit","floor":27,"key":"SMITH"},{"floor":32,"key":"REST"}],"circlet_count":0,"master_deck":["AscendersBane","Strike_R","Strike_R","Strike_R","Defend_R","Defend_R","Defend_R+1","Defend_R","Bash","Carnage+1","Shrug It Off+1","Feed","True Grit+1","Clumsy","Barricade+1","Offering","Bandage Up","Impervious+1","Shrug It Off+1","Flame Barrier","Shame"],"relics":["SlaversCollar","Calipers","Question Card","Letter Opener","Blue Candle","Membership Card","Cursed Key","MealTicket","Shuriken"],"acts_visited":["Exordium","TheCity"],"potions_floor_usage":[6,10,16,16,16,22,31],"damage_taken":[{"damage":10,"enemies":"2 Louse","floor":1,"turns":3},{"damage":6,"enemies":"Cultist","floor":3,"turns":3},{"damage":9,"enemies":"Jaw Worm","floor":5,"turns":4},{"damage":5,"enemies":"3 Sentries","floor":6,"turns":7},{"damage":14,"enemies":"Lagavulin","floor":8,"turns":5},{"damage":0,"enemies":"Red Slaver","floor":10,"turns":1},{"damage":10,"enemies":"3 Sentries","floor":11,"turns":8},{"damage":7,"enemies":"2 Fungi Beasts","floor":12,"turns":4},{"damage":35,"enemies":"The Guardian","floor":16,"turns":9},{"damage":25,"enemies":"Chosen","floor":18,"turns":5},{"damage":6,"enemies":"2 Thieves","floor":20,"turns":4},{"damage":6,"enemies":"Snake Plant","floor":22,"turns":5},{"damage":20,"enemies":"Gremlin Leader","floor":29,"turns":11},{"damage":20,"enemies":"Snecko","floor":31,"turns":7},{"damage":28,"enemies":"Collector","floor":33,"turns":23}],"seed_played":"3185483435476511937","potions_obtained":[{"floor":3,"key":"BloodPotion"},{"floor":5,"key":"AttackPotion"},{"floor":8,"key":"LiquidMemories"},{"floor":18,"key":"SneckoOil"}],"is_trial":false,"path_per_floor":["M","?","M","$","M","E","R","E","T","M","E","M","?","$","R","B",null,"M","?","M","?","M","R","?","R","T","R","?","E","$","M","R","B"],"character_chosen":"IRONCLAD","items_purchased":["Shrug It Off","Membership Card","Barricade","Offering","Bandage Up","Strength Potion","LiquidMemories"],"campfire_rested":2,"item_purchase_floors":[4,14,14,14,14,14,30],"current_hp_per_floor":[62,62,56,56,47,42,42,28,28,28,21,14,14,14,38,23,68,47,47,45,45,43,43,43,43,43,43,43,27,42,29,54,30,30],"gold":24,"neow_bonus":"BOSS_RELIC","is_daily":false,"chose_seed":false,"campfire_upgraded":4,"win_rate":0.0,"timestamp":1611848934,"path_taken":["M","?","?","?","M","E","R","E","T","?","E","M","?","$","R","BOSS","M","?","M","?","?","R","?","R","T","R","?","E","$","M","R","BOSS"],"items_purchased_type":["Card","Relic","Card","Card","Card","Potion","Potion"],"build_version":"2020-12-22","purchased_purges":2,"victory":false,"max_hp_per_floor":[80,80,80,80,80,80,80,80,80,80,83,83,83,83,83,83,83,83,83,83,83,83,83,83,83,83,83,83,83,83,86,86,86,86],"card_choices":[{"not_picked":["Clash","Dropkick","Thunderclap"],"picked":"SKIP","floor":1},{"not_picked":["Anger","Evolve"],"picked":"Carnage","floor":3},{"not_picked":["Anger","Armaments","Carnage"],"picked":"SKIP","floor":5},{"not_picked":["Armaments","Reckless Charge","Headbutt"],"picked":"SKIP","floor":6},{"not_picked":["Havoc","Body Slam"],"picked":"Feed","floor":8},{"not_picked":["Cleave","Dark Embrace","Clash","Twin Strike"],"picked":"SKIP","floor":10},{"not_picked":["Sword Boomerang","Pummel","Wild Strike","Flex"],"picked":"SKIP","floor":11},{"not_picked":["Thunderclap","Carnage","Seeing Red"],"picked":"True Grit","floor":12},{"not_picked":["Limit Break","Brutality","Bludgeon"],"picked":"Impervious","floor":16},{"not_picked":["Sword Boomerang","Clash+1","Headbutt"],"picked":"Shrug It Off+1","floor":18},{"not_picked":["Wild Strike+1","Sever Soul","Infernal Blade","Inflame"],"picked":"SKIP","floor":20},{"not_picked":["Rage","Pommel Strike","Clothesline"],"picked":"Flame Barrier","floor":22},{"not_picked":["Iron Wave","Cleave","Seeing Red+1","Heavy Blade"],"picked":"SKIP","floor":29},{"not_picked":["Battle Trance+1","Pommel Strike","Clothesline+1","Anger"],"picked":"SKIP","floor":31}],"player_experience":184007,"relics_obtained":[{"floor":6,"key":"Calipers"},{"floor":8,"key":"Question Card"},{"floor":9,"key":"Letter Opener"},{"floor":11,"key":"Blue Candle"},{"floor":26,"key":"MealTicket"},{"floor":29,"key":"Shuriken"}],"event_choices":[{"cards_removed":["Strike_R"],"damage_healed":0,"gold_gain":0,"player_choice":"Purged","damage_taken":0,"max_hp_gain":0,"max_hp_loss":0,"event_name":"Purifier","floor":2,"gold_loss":0},{"damage_healed":0,"gold_gain":275,"player_choice":"Desecrate","damage_taken":0,"max_hp_gain":0,"max_hp_loss":0,"event_name":"Golden Shrine","floor":13,"gold_loss":0,"cards_obtained":["Regret"]},{"damage_healed":0,"gold_gain":0,"player_choice":"Ignored","damage_taken":0,"max_hp_gain":0,"max_hp_loss":0,"event_name":"Ghosts","floor":19,"gold_loss":0},{"damage_healed":0,"gold_gain":0,"player_choice":"Upgraded Two","damage_taken":0,"max_hp_gain":0,"max_hp_loss":0,"event_name":"Designer","floor":21,"gold_loss":40,"cards_upgraded":["Shrug It Off","Defend_R"]},{"damage_healed":0,"gold_gain":0,"player_choice":"Paid Fearfully","damage_taken":0,"max_hp_gain":0,"max_hp_loss":0,"event_name":"Masked Bandits","floor":24,"gold_loss":82},{"damage_healed":0,"gold_gain":0,"player_choice":"Ignored","damage_taken":0,"max_hp_gain":0,"max_hp_loss":0,"event_name":"Vampires","floor":28,"gold_loss":0}],"is_beta":false,"boss_relics":[{"not_picked":["Runic Dome","Mark of Pain"],"picked":"Cursed Key"}],"items_purged_floors":[4,14],"is_endless":false,"potions_floor_spawned":[3,5,8,18],"killed_by":"Collector","ascension_level":11}}