{"host":"x38j7js0du66rp5l","time":1611807149,"event":{"mods":["Act Like it!","BaseMod","Conspire","Duelist Mod","Elementarium","Hermit","Hubris","Minty Spire (QoL Compilation)","StSLib","The Bladedancer","The Bug Knight","The Cursed","The Death Knight","The Gatherer","The Hierophant","The Marked","The Mystic","The Necromancer","The Runesmith","The Senshi","The Servant 0.9.4"],"gold_per_floor":[141,141,154,168,187,213,167,193,193,210,229,229,246,298,298,400,400,410,410,337,337,46,46,46,46],"floor_reached":24,"language":"ENG","playtime":1392,"items_purged":["theDuelist:BeaverWarrior"],"score":206,"play_id":"73cd833c-ece6-4d26-8ba3-a3404885b7ec","local_time":"20210127231229","is_ascension_mode":false,"campfire_choices":[{"data":"1","floor":12,"key":"LIFT"},{"data":"theDuelist:Electrowhip","floor":15,"key":"SMITH"},{"data":"2","floor":23,"key":"LIFT"}],"circlet_count":0,"master_deck":["theDuelist:Sparks","theDuelist:Eva","theDuelist:BeaverWarrior","theDuelist:GiantSoldier","theDuelist:Sparks","theDuelist:MeteorDestruction","theDuelist:FuryFire+1","theDuelist:FinalFlame","theDuelist:CastleWalls","theDuelist:ScrapFactory","theDuelist:GiantSoldier","theDuelist:CastleWalls","theDuelist:GravityAxe","theDuelist:BlackPendant","theDuelist:WhiteMagicalHat","theDuelist:KamionTimelord+1","theDuelist:Electrowhip+1","theDuelist:Eva","theDuelist:SpellShatteringArrow","theDuelist:OnslaughtFireKings","theDuelist:ShardGreed"],"relics":["theDuelist:MillenniumPuzzle","theDuelist:CardPoolRelic","theDuelist:CardPoolBasicRelic","theDuelist:BoosterPackPoolRelic","theDuelist:CardPoolAddRelic","theDuelist:CardPoolMinusRelic","theDuelist:CardPoolSaveRelic","theDuelist:CardPoolOptionsRelic","Mummified Hand","theDuelist:NamelessPowerRelicA","Girya","theDuelist:MillenniumKey","theDuelist:PointPass","Orichalcum","theDuelist:SolderToken","Bronze Scales"],"acts_visited":["Exordium","TheCity"],"potions_floor_usage":[24,24,24],"damage_taken":[{"damage":3,"enemies":"Cultist","floor":1,"turns":6},{"damage":0,"enemies":"Small Slimes","floor":3,"turns":3},{"damage":0,"enemies":"Jaw Worm","floor":4,"turns":3},{"damage":12,"enemies":"Large Slime","floor":5,"turns":6},{"damage":3,"enemies":"Lagavulin","floor":6,"turns":6},{"damage":11,"enemies":"Gremlin Nob","floor":8,"turns":3},{"damage":4,"enemies":"Exordium Thugs","floor":10,"turns":3},{"damage":0,"enemies":"3 Louse","floor":11,"turns":2},{"damage":4,"enemies":"Large Slime","floor":13,"turns":2},{"damage":22,"enemies":"Slime Boss","floor":16,"turns":5},{"damage":9,"enemies":"Chosen","floor":18,"turns":4},{"damage":0,"enemies":"conspire:SneckoGhost","floor":24,"turns":2}],"seed_played":"505755942496238076","potions_obtained":[{"floor":4,"key":"Explosive Potion"},{"floor":8,"key":"theDuelist:OrbBottle"},{"floor":13,"key":"theDuelist:DebuffFuryPotion"}],"is_trial":false,"path_per_floor":["M","?","M","M","M","E","?","E","T","M","M","R","M","?","R","B",null,"M","?","$","T","$","R","E"],"character_chosen":"THE_DUELIST","items_purchased":["theDuelist:PointPass","Orichalcum","theDuelist:OnslaughtFireKings","Bronze Scales","theDuelist:ShardGreed","theDuelist:TokenPotionB"],"campfire_rested":0,"item_purchase_floors":[20,20,20,22,22,22],"current_hp_per_floor":[85,85,85,85,73,70,70,59,59,55,55,55,51,51,51,29,88,79,88,88,88,88,88,88,88],"gold":46,"neow_bonus":"TEN_PERCENT_HP_BONUS","is_daily":false,"chose_seed":false,"campfire_upgraded":1,"win_rate":0.0,"timestamp":1611807149,"path_taken":["M","?","?","M","M","E","?","E","T","M","M","R","M","?","R","BOSS","M","?","$","?","$","R","E"],"items_purchased_type":["Relic","Relic","Card","Relic","Card","Potion"],"build_version":"2020-12-22","purchased_purges":1,"victory":false,"max_hp_per_floor":[88,88,88,88,88,88,88,88,88,88,88,88,88,88,88,88,88,88,88,88,88,88,88,88,88],"card_choices":[{"not_picked":["theDuelist:RainbowNeos","theDuelist:SilverApples","theDuelist:WormApocalypse","theDuelist:OnslaughtFireKings"],"picked":"theDuelist:Eva","floor":1},{"not_picked":["theDuelist:SilentDoom+1","theDuelist:MeteorDestruction+1","theDuelist:MagnumShield+1","theDuelist:ChaosSeed+1"],"picked":"theDuelist:FuryFire+1","floor":3},{"not_picked":["theDuelist:Sangan","theDuelist:MythicalBeast","theDuelist:Tuningware","theDuelist:CharcoalInpachi"],"picked":"theDuelist:WhiteMagicalHat","floor":4},{"not_picked":["theDuelist:BigFire","theDuelist:ScrapFactory","theDuelist:ElectromagneticShield","theDuelist:LegendarySword"],"picked":"theDuelist:GravityAxe","floor":5},{"not_picked":["theDuelist:DoubleTool","theDuelist:AfterTheStorm","theDuelist:WhiteMagicalHat","theDuelist:Invigoration"],"picked":"theDuelist:BlackPendant","floor":6},{"not_picked":["theDuelist:EgoBoost","theDuelist:Tuningware","theDuelist:Downbeat","theDuelist:Invigoration"],"picked":"theDuelist:MeteorDestruction","floor":8},{"not_picked":["theDuelist:HappyLover","theDuelist:GolemSentry","theDuelist:MagicHoleGolem","theDuelist:RainbowOverdragon"],"picked":"theDuelist:MudGolem","floor":10},{"not_picked":["theDuelist:PsychicShockwave+1","theDuelist:LightningBlade+1"],"picked":"theDuelist:KamionTimelord+1","floor":11},{"not_picked":["theDuelist:ImperialOrder","theDuelist:GravityAxe","theDuelist:MiraculousDescent","theDuelist:YamiForm"],"picked":"theDuelist:Electrowhip","floor":13},{"not_picked":["theDuelist:RainbowNeos","theDuelist:KamionTimelord","theDuelist:RainbowKuriboh","theDuelist:RainbowOverdragon"],"picked":"theDuelist:Eva","floor":16},{"not_picked":["theDuelist:MeteorDestruction","theDuelist:PowerKaishin+1","theDuelist:Invigoration","theDuelist:AfterGenocide"],"picked":"theDuelist:SpellShatteringArrow","floor":18}],"player_experience":5767,"relics_obtained":[{"floor":6,"key":"Mummified Hand"},{"floor":8,"key":"Girya"},{"floor":21,"key":"theDuelist:SolderToken"}],"event_choices":[{"total_magic_score":38,"gold_gain":0,"duelist":true,"damage_taken":0,"relics_obtained":[],"points":13,"max_hp_gain":0,"max_hp_loss":0,"spent_points":{"magic":0,"greed":0,"war":0,"power":0,"hunger":0},"event_name":"Nameless Tomb","floor":2,"gold_loss":0,"cards_obtained":[]},{"power_reward":2,"total_magic_score":55,"gold_gain":0,"duelist":true,"damage_taken":0,"relics_obtained":["theDuelist:NamelessPowerRelicA"],"points":6,"max_hp_gain":0,"max_hp_loss":0,"spent_points":{"magic":4,"greed":0,"war":0,"power":2,"hunger":0},"event_name":"Nameless Tomb","floor":7,"gold_loss":46,"magic_reward":4,"cards_obtained":["theDuelist:Nameless:Magic:AncientGearBox"]},{"damage_healed":0,"gold_gain":0,"player_choice":"Sold Ancient Gear Box for 52 Gold.","duelist":true,"damage_taken":0,"max_hp_gain":0,"max_hp_loss":0,"event_name":"Card Trader","floor":14,"gold_loss":0},{"cards_removed":["theDuelist:MudGolem"],"damage_healed":9,"gold_gain":0,"player_choice":"Offered Uncommon","damage_taken":0,"max_hp_gain":0,"max_hp_loss":0,"event_name":"Bonfire Elementals","floor":19,"gold_loss":0}],"is_beta":false,"boss_relics":[{"not_picked":["hubris:TerracottaHorce","conspire:SeveredTorchhead"],"picked":"theDuelist:MillenniumKey"}],"items_purged_floors":[20],"is_endless":false,"potions_floor_spawned":[4,8,13],"killed_by":"conspire:SneckoGhost","ascension_level":0}}