{"host":"oef14rxxjfv1fz4x","time":1611853918,"event":{"mods":["BaseMod","Minty Spire (QoL Compilation)"],"gold_per_floor":[109,109,133,146,163,198,198,31,31,31,50,62,78,95,95,191,191,207,217,217,217,217,242,242,30,30,7,0,0,0,15,15,15,15],"floor_reached":33,"language":"ENG","playtime":1974,"items_purged":[],"score":265,"play_id":"5fb9b0e1-34e9-4147-b0e5-bf284ba80f69","local_time":"20210128121158","is_ascension_mode":false,"campfire_choices":[{"floor":7,"key":"REST"},{"floor":10,"key":"REST"},{"floor":15,"key":"REST"},{"floor":24,"key":"REST"},{"floor":29,"key":"REST"},{"floor":32,"key":"RECALL"}],"circlet_count":0,"master_deck":["Eruption","Vigilance","ClearTheMind","Swivel","SashWhip","FlyingSleeves","Halt","SignatureMove","Indignation","Tantrum","Consecrate","CrushJoints","Crescendo","SpiritShield","DeceiveReality","Prostrate","Prostrate","SashWhip","CrushJoints","Judgement","Crescendo","Wireheading","Crescendo+1","Wallop","Evaluate","EmptyBody","Master of Strategy","ThirdEye","FollowUp"],"relics":["Fusion Hammer","Bronze Scales","Torii","Pandora\u0027s Box","Enchiridion","CloakClasp","WingedGreaves"],"acts_visited":["Exordium","TheCity"],"potions_floor_usage":[6,16,16,19,33],"damage_taken":[{"damage":0,"enemies":"Jaw Worm","floor":1,"turns":5},{"damage":0,"enemies":"Small Slimes","floor":4,"turns":2},{"damage":1,"enemies":"2 Louse","floor":5,"turns":3},{"damage":52,"enemies":"3 Sentries","floor":6,"turns":13},{"damage":0,"enemies":"Lots of Slimes","floor":11,"turns":3},{"damage":0,"enemies":"Exordium Wildlife","floor":12,"turns":2},{"damage":7,"enemies":"3 Louse","floor":13,"turns":3},{"damage":0,"enemies":"2 Fungi Beasts","floor":14,"turns":2},{"damage":34,"enemies":"The Guardian","floor":16,"turns":8},{"damage":1,"enemies":"Chosen","floor":18,"turns":3},{"damage":13,"enemies":"3 Byrds","floor":19,"turns":3},{"damage":20,"enemies":"Slavers","floor":23,"turns":5},{"damage":0,"enemies":"Sentry and Sphere","floor":31,"turns":2},{"damage":102,"enemies":"Collector","floor":33,"turns":10}],"seed_played":"-72585445578200497","potions_obtained":[{"floor":4,"key":"BottledMiracle"},{"floor":11,"key":"Regen Potion"},{"floor":14,"key":"Block Potion"},{"floor":16,"key":"Block Potion"},{"floor":23,"key":"BlessingOfTheForge"}],"is_trial":false,"path_per_floor":["M","?","T","M","M","E","R","$","T","R","M","M","M","M","R","B",null,"M","M","?","?","?","E","R","$","T","$","?","R","?","M","R","B"],"character_chosen":"WATCHER","items_purchased":["Halt","SignatureMove","Indignation","EmptyBody","Master of Strategy","ThirdEye"],"campfire_rested":5,"item_purchase_floors":[8,8,8,25,25,27],"current_hp_per_floor":[72,72,72,72,71,19,40,40,40,61,61,61,54,54,72,52,72,71,58,45,45,29,9,32,32,32,32,32,55,77,77,77,0,0],"gold":15,"neow_bonus":"BOSS_RELIC","is_daily":false,"chose_seed":false,"campfire_upgraded":0,"win_rate":0.0,"timestamp":1611853918,"path_taken":["M","?","?","M","M","E","R","?","T","R","M","M","M","M","R","BOSS","M","M","?","?","?","E","R","$","T","$","?","R","?","M","R","BOSS"],"items_purchased_type":["Card","Card","Card","Card","Card","Card"],"build_version":"2020-12-22","purchased_purges":0,"victory":false,"max_hp_per_floor":[72,72,72,72,72,72,72,72,72,72,72,72,72,72,72,72,72,72,72,77,77,77,77,77,77,77,77,77,77,77,77,77,77,77],"card_choices":[{"not_picked":["CutThroughFate","Protect"],"picked":"ClearTheMind","floor":1},{"not_picked":["Evaluate","WheelKick"],"picked":"Swivel","floor":4},{"not_picked":["JustLucky","CrushJoints"],"picked":"SashWhip","floor":5},{"not_picked":["Wireheading","WheelKick"],"picked":"FlyingSleeves","floor":6},{"not_picked":["JustLucky","Protect"],"picked":"Tantrum","floor":11},{"not_picked":["Fasting2","ClearTheMind"],"picked":"Consecrate","floor":12},{"not_picked":["Crescendo","JustLucky"],"picked":"CrushJoints","floor":13},{"not_picked":["JustLucky","Wish"],"picked":"Crescendo","floor":14},{"not_picked":["Devotion","Scrawl"],"picked":"SpiritShield","floor":16},{"not_picked":["BowlingBash","Evaluate"],"picked":"Crescendo+1","floor":18},{"not_picked":["Consecrate","ThirdEye"],"picked":"Wallop","floor":19},{"not_picked":["CarveReality","ThirdEye"],"picked":"Evaluate","floor":23},{"not_picked":["Perseverance","SashWhip"],"picked":"FollowUp","floor":31}],"player_experience":291696,"relics_obtained":[{"floor":3,"key":"Bronze Scales"},{"floor":6,"key":"Torii"},{"floor":22,"key":"Enchiridion"},{"floor":23,"key":"CloakClasp"},{"floor":26,"key":"WingedGreaves"}],"event_choices":[{"damage_healed":0,"gold_gain":0,"player_choice":"Leave","damage_taken":0,"max_hp_gain":0,"max_hp_loss":0,"event_name":"The Cleric","floor":2,"gold_loss":0},{"damage_healed":0,"gold_gain":0,"player_choice":"Shed Blood","damage_taken":18,"max_hp_gain":5,"max_hp_loss":0,"event_name":"Forgotten Altar","floor":20,"gold_loss":0},{"damage_healed":0,"gold_gain":0,"player_choice":"Ignored","damage_taken":0,"max_hp_gain":0,"max_hp_loss":0,"event_name":"Vampires","floor":21,"gold_loss":0},{"damage_healed":0,"gold_gain":0,"player_choice":"Obtained Book","damage_taken":16,"max_hp_gain":0,"max_hp_loss":0,"event_name":"Cursed Tome","floor":22,"gold_loss":0},{"damage_healed":0,"gold_gain":0,"player_choice":"Paid Fearfully","damage_taken":0,"max_hp_gain":0,"max_hp_loss":0,"event_name":"Masked Bandits","floor":28,"gold_loss":7},{"damage_healed":25,"gold_gain":0,"player_choice":"Heal","damage_taken":0,"max_hp_gain":0,"max_hp_loss":0,"event_name":"The Library","floor":30,"gold_loss":0}],"is_beta":false,"boss_relics":[{"not_picked":["Cursed Key","Runic Dome"],"picked":"Pandora\u0027s Box"}],"items_purged_floors":[],"is_endless":false,"potions_floor_spawned":[4,11,14,16,23],"killed_by":"Collector","ascension_level":0}}