{"host":"vm3f1ccwgbs4oygt","time":1611866798,"event":{"mods":["BaseMod","BetterRewards","Colored Powertips","Minty Spire (QoL Compilation)","Permanent Neow","Shop Mod","StSLib"],"gold_per_floor":[117,192,192,208,226,226,259,259,286,104,379,379,393,412,412,516,516,535,32,32,32,44,56,68,68],"floor_reached":24,"language":"ENG","playtime":2159,"items_purged":["Strike_R","Defend_R"],"score":221,"play_id":"a3216935-c27f-4e11-a10d-23dc4caf2ab8","local_time":"20210128214638","is_ascension_mode":true,"campfire_choices":[{"data":"Uppercut","floor":6,"key":"SMITH"},{"data":"Armaments","floor":8,"key":"SMITH"},{"data":"Fire Breathing","floor":12,"key":"SMITH"},{"data":"Power Through","floor":15,"key":"SMITH"},{"data":"True Grit","floor":23,"key":"SMITH"}],"circlet_count":0,"master_deck":["Strike_R","Strike_R","Strike_R","Strike_R","Defend_R","Defend_R","Defend_R","Bash","Exhume","True Grit+1","Clothesline","Uppercut+1","Armaments+1","Fire Breathing+1","Power Through+1","Metallicize","Limit Break","Power Through+1","Blood for Blood"],"relics":["Burning Blood","Lizard Tail","PreservedInsect","Omamori","Black Star","Pantograph","DollysMirror","MawBank"],"acts_visited":["Exordium","TheCity"],"potions_floor_usage":[16,16,16],"damage_taken":[{"damage":2,"enemies":"2 Louse","floor":1,"turns":3},{"damage":7,"enemies":"Jaw Worm","floor":4,"turns":5},{"damage":7,"enemies":"Small Slimes","floor":5,"turns":3},{"damage":73,"enemies":"3 Sentries","floor":7,"turns":15},{"damage":5,"enemies":"Red Slaver","floor":13,"turns":4},{"damage":3,"enemies":"Looter","floor":14,"turns":3},{"damage":19,"enemies":"Hexaghost","floor":16,"turns":12},{"damage":24,"enemies":"Shell Parasite","floor":18,"turns":9},{"damage":72,"enemies":"Gremlin Leader","floor":24,"turns":4}],"seed_played":"-6397888764879029432","potions_obtained":[{"floor":7,"key":"Dexterity Potion"},{"floor":13,"key":"PowerPotion"},{"floor":14,"key":"ElixirPotion"}],"is_trial":false,"path_per_floor":["M","?","T","M","M","R","E","R","T","$","?","R","M","M","R","B",null,"M","$","?","?","$","R","E"],"character_chosen":"IRONCLAD","items_purchased":["Fire Breathing","Power Through","Pantograph","DollysMirror"],"campfire_rested":0,"item_purchase_floors":[10,10,19,19],"current_hp_per_floor":[80,69,69,68,67,67,41,41,41,41,41,41,42,45,45,32,80,62,62,62,62,62,62,0,0],"gold":68,"neow_bonus":"ONE_RANDOM_RARE_CARD","is_daily":false,"chose_seed":false,"campfire_upgraded":5,"win_rate":0.0,"timestamp":1611866798,"path_taken":["M","?","?","M","M","R","E","R","T","$","?","R","M","M","R","BOSS","M","$","?","?","$","R","E"],"items_purchased_type":["Card","Card","Relic","Relic"],"build_version":"2020-12-22","purchased_purges":2,"victory":false,"max_hp_per_floor":[80,80,80,80,80,80,80,80,80,80,80,80,80,80,80,80,80,80,80,80,80,80,80,80,80],"card_choices":[{"not_picked":["Perfected Strike","Wild Strike"],"picked":"True Grit","floor":1},{"not_picked":["Iron Wave","Brutality"],"picked":"Clothesline","floor":4},{"not_picked":["Burning Pact","Feel No Pain"],"picked":"Uppercut","floor":5},{"not_picked":["Headbutt","Juggernaut"],"picked":"Armaments","floor":7},{"not_picked":["Twin Strike","Burning Pact"],"picked":"Metallicize","floor":13},{"not_picked":["Thunderclap","Searing Blow","Iron Wave"],"picked":"SKIP","floor":14},{"not_picked":["Exhume","Offering"],"picked":"Limit Break","floor":16},{"not_picked":["Iron Wave+1","Perfected Strike+1","Sever Soul"],"picked":"SKIP","floor":18}],"player_experience":943648,"relics_obtained":[{"floor":3,"key":"Lizard Tail"},{"floor":7,"key":"PreservedInsect"},{"floor":9,"key":"Omamori"}],"event_choices":[{"damage_healed":0,"gold_gain":75,"player_choice":"Gather Gold","damage_taken":11,"max_hp_gain":0,"max_hp_loss":0,"event_name":"World of Goop","floor":2,"gold_loss":0},{"damage_healed":0,"gold_gain":275,"player_choice":"Desecrate","damage_taken":0,"max_hp_gain":0,"max_hp_loss":0,"event_name":"Golden Shrine","floor":11,"gold_loss":0,"cards_obtained":["Regret"]},{"damage_healed":0,"gold_gain":0,"player_choice":"Read","damage_taken":0,"max_hp_gain":0,"max_hp_loss":0,"event_name":"The Library","floor":20,"gold_loss":0,"cards_obtained":["Blood for Blood"]},{"damage_healed":0,"gold_gain":0,"player_choice":"Opened","damage_taken":0,"relics_obtained":["MawBank"],"max_hp_gain":0,"max_hp_loss":0,"event_name":"The Mausoleum","floor":21,"gold_loss":0,"cards_obtained":["Writhe"]}],"is_beta":false,"boss_relics":[{"not_picked":["Velvet Choker","SlaversCollar"],"picked":"Black Star"}],"items_purged_floors":[10,19],"is_endless":false,"potions_floor_spawned":[7,13,14],"killed_by":"Gremlin Leader","ascension_level":3}}