{"host":"c3lc60y5x60jlt1y","time":1611849648,"event":{"mods":["AchievementEnabler","BaseMod","Bestiary","Colored Map","Minty Spire (QoL Compilation)","Quick Restart","StSLib","ojb\u0027s Info Mod"],"gold_per_floor":[112,112,26,26,26,52,63,73,98,109,109,130,159,73,73,144,194,209,229,229,243,243,243,276,276,276],"floor_reached":25,"language":"ENG","playtime":1844,"items_purged":[],"score":508,"play_id":"9f793bb3-e672-461f-b90b-5dbba7c17fa5","local_time":"20210128180048","is_ascension_mode":true,"campfire_choices":[{"data":"Armaments","floor":11.0,"key":"SMITH"},{"data":"Uppercut","floor":15.0,"key":"SMITH"},{"floor":23,"key":"REST"}],"circlet_count":0,"master_deck":["AscendersBane","Strike_R+1","Strike_R+1","Strike_R+1","Strike_R+1","Defend_R+1","Defend_R+1","Defend_R+1","Defend_R+1","Bash+1","Shrug It Off","Immolate+1","Armaments+1","Wild Strike","Flame Barrier","Shrug It Off","Pommel Strike","Uppercut+1","Feed","Blood for Blood","Fire Breathing","Thunderclap","Clothesline","Decay","Anger"],"relics":["Burning Blood","NeowsBlessing","MealTicket","Regal Pillow","Odd Mushroom","War Paint","Tiny House","Bronze Scales"],"acts_visited":["Exordium","TheCity"],"potions_floor_usage":[16,21,24,25],"damage_taken":[{"damage":0.0,"enemies":"Small Slimes","floor":1.0,"turns":1.0},{"damage":0.0,"enemies":"Gremlin Nob","floor":6.0,"turns":1.0},{"damage":0.0,"enemies":"2 Louse","floor":7.0,"turns":1.0},{"damage":0.0,"enemies":"Jaw Worm","floor":8.0,"turns":3.0},{"damage":1.0,"enemies":"Looter","floor":10.0,"turns":4.0},{"damage":13.0,"enemies":"The Mushroom Lair","floor":12.0,"turns":5.0},{"damage":32.0,"enemies":"Lagavulin","floor":13.0,"turns":7.0},{"damage":32,"enemies":"Slime Boss","floor":16,"turns":10},{"damage":23,"enemies":"3 Byrds","floor":18,"turns":6},{"damage":41,"enemies":"Shell Parasite","floor":19,"turns":8},{"damage":34,"enemies":"Centurion and Healer","floor":21,"turns":14},{"damage":60,"enemies":"Book of Stabbing","floor":24,"turns":5},{"damage":10,"enemies":"Shelled Parasite and Fungi","floor":25,"turns":1}],"seed_played":"9374596214815740","potions_obtained":[{"floor":1.0,"key":"BloodPotion"},{"floor":10.0,"key":"Weak Potion"},{"floor":12.0,"key":"Fire Potion"},{"floor":17,"key":"Ancient Potion"},{"floor":21,"key":"AttackPotion"},{"floor":24,"key":"PowerPotion"}],"is_trial":false,"path_per_floor":["M","?","$","?","?","E","M","M","T","M","R","?","E","$","R","B",null,"M","M","?","M","?","R","E","M"],"character_chosen":"IRONCLAD","items_purchased":["Immolate","Uppercut"],"campfire_rested":1,"item_purchase_floors":[3,14],"current_hp_per_floor":[74,51,51,44,49,55,61,67,67,72,72,65,39,54,54,28,72,58,26,26,19,19,62,8,0,0],"gold":276,"neow_bonus":"THREE_ENEMY_KILL","is_daily":false,"chose_seed":false,"campfire_upgraded":2,"win_rate":0.0,"timestamp":1611849648,"path_taken":["M","?","$","?","?","E","M","M","T","M","R","?","E","?","R","BOSS","M","M","?","M","?","R","E","M"],"items_purchased_type":["Card","Card"],"build_version":"2020-12-22","purchased_purges":0,"victory":false,"max_hp_per_floor":[75,75,75,75,80,80,80,80,80,80,80,80,80,80,80,80,85,88,91,91,94,94,94,94,94,94],"card_choices":[{"not_picked":["Dropkick","Warcry"],"picked":"Shrug It Off","floor":1.0},{"not_picked":["Cleave","Seeing Red"],"picked":"Armaments","floor":6.0},{"not_picked":["Clothesline","Rage"],"picked":"Wild Strike","floor":7.0},{"not_picked":["Flex","Dark Embrace"],"picked":"Flame Barrier","floor":8.0},{"not_picked":["Wild Strike","Clash"],"picked":"Shrug It Off","floor":10.0},{"not_picked":["Blood for Blood","Brutality"],"picked":"Pommel Strike","floor":13.0},{"not_picked":["Immolate","Impervious"],"picked":"Feed","floor":16},{"not_picked":["Pommel Strike","Headbutt"],"picked":"Blood for Blood","floor":17},{"not_picked":["Twin Strike+1","Heavy Blade"],"picked":"Fire Breathing","floor":18},{"not_picked":["Combust","Headbutt"],"picked":"Thunderclap","floor":19},{"not_picked":["Twin Strike+1","Dropkick"],"picked":"Clothesline","floor":21},{"not_picked":["Limit Break","Sword Boomerang"],"picked":"Anger","floor":24}],"player_experience":8730093,"relics_obtained":[{"floor":6.0,"key":"MealTicket"},{"floor":9.0,"key":"Regal Pillow"},{"floor":12.0,"key":"Odd Mushroom"},{"floor":13.0,"key":"War Paint"},{"floor":24,"key":"Bronze Scales"}],"event_choices":[{"damage_healed":0.0,"max_hp_gain":0.0,"max_hp_loss":0.0,"gold_gain":0.0,"event_name":"Shining Light","player_choice":"Entered Light","floor":2.0,"gold_loss":0.0,"damage_taken":23.0,"cards_upgraded":["Defend_R","Bash"]},{"cards_removed":["Strike_R"],"damage_healed":0.0,"max_hp_gain":0.0,"max_hp_loss":0.0,"gold_gain":0.0,"event_name":"Golden Wing","player_choice":"Card Removal","floor":4.0,"gold_loss":0.0,"damage_taken":7.0},{"damage_healed":0.0,"max_hp_gain":5.0,"max_hp_loss":0.0,"gold_gain":0.0,"event_name":"Big Fish","player_choice":"Donut","floor":5.0,"gold_loss":0.0,"damage_taken":0.0},{"damage_healed":0.0,"max_hp_gain":0.0,"max_hp_loss":0.0,"gold_gain":0.0,"event_name":"Mushrooms","player_choice":"Fought Mushrooms","floor":12.0,"gold_loss":0.0,"damage_taken":0.0},{"damage_healed":0,"gold_gain":0,"player_choice":"Simplicity","damage_taken":0,"max_hp_gain":0,"max_hp_loss":0,"event_name":"Back to Basics","floor":20,"gold_loss":0,"cards_upgraded":["Strike_R","Strike_R","Strike_R","Strike_R","Defend_R"]},{"damage_healed":0,"gold_gain":0,"player_choice":"Smashed Altar","damage_taken":0,"max_hp_gain":0,"max_hp_loss":0,"event_name":"Forgotten Altar","floor":22,"gold_loss":0,"cards_obtained":["Decay"]}],"is_beta":false,"boss_relics":[{"not_picked":["Busted Crown","SlaversCollar"],"picked":"Tiny House"}],"items_purged_floors":[],"is_endless":false,"potions_floor_spawned":[1,10,12,21,24],"killed_by":"Shelled Parasite and Fungi","ascension_level":20}}