{"host":"6p0attdrtjqaih7v","time":1611812777,"event":{"mods":["2.2 Compatiblity","AchievementEnabler","Bard","BaseMod","Beaked The Cultist","Better Skull","Better Third Choice","Colored Powertips","Hermit","Highlight Path","Key Reminder","Mad Scientist","Minty Spire (QoL Compilation)","Permanent Neow","Quick Restart","Random Character Button","Relic Stats","Replay The Spire","Robot Space Explorer","Somnambulant","StSLib","The Hierophant","The Mystic","The Runesmith"],"gold_per_floor":[111,128,203,203,203,203,218,242,242,89,112,112,156,169,169,290,290,304,322,345,64,77,116,139,139,139,139,154,154,192,210,210,333,333,346,371,371,392,725,1054,1054,1069,1069,1083,542,553,553,568,568,568],"floor_reached":51,"language":"ENG","playtime":2462,"items_purged":["somnambulantmod: SomnambulantStrike"],"score":850,"play_id":"a85b738e-d0d8-4372-99da-75bb66d84f76","local_time":"20210128004617","is_ascension_mode":false,"campfire_choices":[{"data":"somnambulantmod: QuickNap","floor":6,"key":"SMITH"},{"floor":12,"key":"REST"},{"data":"somnambulantmod: Hush","floor":15,"key":"SMITH"},{"floor":27,"key":"REST"},{"data":"somnambulantmod: Refracture","floor":29,"key":"SMITH"},{"floor":32,"key":"REST"},{"data":"somnambulantmod: Refracture","floor":41,"key":"SMITH"},{"data":"somnambulantmod: Reject","floor":47,"key":"SMITH"},{"floor":49,"key":"REST"}],"circlet_count":0,"master_deck":["somnambulantmod: SomnambulantStrike","somnambulantmod: SomnambulantStrike","somnambulantmod: SomnambulantStrike","somnambulantmod: Defend_Somnambulant","somnambulantmod: Defend_Somnambulant+1","somnambulantmod: Defend_Somnambulant","somnambulantmod: Defend_Somnambulant+1","somnambulantmod: Defend_Somnambulant","somnambulantmod: QuickNap+1","somnambulantmod: PrimingPunch+1","somnambulantmod: TrepanningBlow","somnambulantmod: Blink","somnambulantmod: Lucidity+1","somnambulantmod: Hush+1","somnambulantmod: MuscleMemory","somnambulantmod: HeavyLids","somnambulantmod: HorrificThought","somnambulantmod: Refracture+1","somnambulantmod: HorrificThought","somnambulantmod: SleepingBody+1","somnambulantmod: OpeningUp","somnambulantmod: SleepingBody","Apotheosis","somnambulantmod: Reinterpret","somnambulantmod: Stimulus+1","somnambulantmod: UnthoughtKnown+1","somnambulantmod: Reject+1","somnambulantmod: SnuggleUp+1","somnambulantmod: LostMind","somnambulantmod: ImpenetrableMind","somnambulantmod: Refracture+1","somnambulantmod: NightmareFuel+1","somnambulantmod: Stumble+1","somnambulantmod: Lucidity","somnambulantmod: Narcolepsy","somnambulantmod: Hush"],"relics":["somnambulantmod: DreamJournal","HornCleat","TheAbacus","Letter Opener","Replay:Grab Bag","Runesmith:UraniumAnvil","Snecko Heart","Replay:Bottled Steam","Bag of Marbles","Mercury Hourglass","Bird Faced Urn","Honey Jar","Old Coin","somnambulantmod: RunicStrip","ClockworkSouvenir","Nunchaku"],"acts_visited":["Exordium","TheCity","TheBeyond"],"potions_floor_usage":[13,16,20,23,33,50,50,50],"damage_taken":[{"damage":0,"enemies":"2 Louse","floor":1,"turns":4},{"damage":8,"enemies":"Jaw Worm","floor":2,"turns":4},{"damage":0,"enemies":"Cultist","floor":7,"turns":4},{"damage":5,"enemies":"Gremlin Gang","floor":8,"turns":5},{"damage":13,"enemies":"Exordium Thugs","floor":11,"turns":5},{"damage":4,"enemies":"Lagavulin","floor":13,"turns":5},{"damage":2,"enemies":"Looter","floor":14,"turns":3},{"damage":30,"enemies":"Slime Boss","floor":16,"turns":7},{"damage":16,"enemies":"2 Thieves","floor":18,"turns":4},{"damage":0,"enemies":"Spheric Guardian","floor":19,"turns":3},{"damage":5,"enemies":"Snecko","floor":20,"turns":4},{"damage":7,"enemies":"Snake Plant","floor":22,"turns":4},{"damage":19,"enemies":"Slavers","floor":23,"turns":5},{"damage":2,"enemies":"Cultist and Chosen","floor":24,"turns":5},{"damage":0,"enemies":"Centurion and Healer","floor":28,"turns":4},{"damage":13,"enemies":"Gremlin Leader","floor":30,"turns":6},{"damage":10,"enemies":"Chosen and Byrds","floor":31,"turns":3},{"damage":4,"enemies":"Collector","floor":33,"turns":6},{"damage":0,"enemies":"3 Darklings","floor":35,"turns":4},{"damage":8,"enemies":"3 Shapes","floor":36,"turns":4},{"damage":8,"enemies":"Jaw Worm Horde","floor":38,"turns":3},{"damage":0,"enemies":"Nemesis","floor":40,"turns":5},{"damage":0,"enemies":"Writhing Mass","floor":42,"turns":3},{"damage":0,"enemies":"Maw","floor":44,"turns":5},{"damage":0,"enemies":"Sphere and 2 Shapes","floor":46,"turns":3},{"damage":0,"enemies":"Jaw Worm Horde","floor":48,"turns":2},{"damage":12,"enemies":"Time Eater","floor":50,"turns":7}],"seed_played":"-2582071003672427486","potions_obtained":[{"floor":2,"key":"Block Potion"},{"floor":11,"key":"Dexterity Potion"},{"floor":13,"key":"Fruit Juice"},{"floor":14,"key":"CultistPotion"},{"floor":19,"key":"Adrenaline Potion"},{"floor":20,"key":"Dexterity Potion"},{"floor":24,"key":"Reflective Coating"},{"floor":31,"key":"Milkshake"},{"floor":35,"key":"ColorlessPotion"},{"floor":36,"key":"PowerPotion"}],"is_trial":false,"path_per_floor":["M","M","?","?","?","R","M","M","T","$","M","R","E","M","R","B",null,"M","M","M","$","M","E","M","?","T","R","M","R","E","M","R","B",null,"M","M","?","M","?","E","R","M","T","M","$","M","R","M","R","B",null],"character_chosen":"THE_SOMNAMBULANT","items_purchased":["TheAbacus","somnambulantmod: OpeningUp","somnambulantmod: SleepingBody","Apotheosis","somnambulantmod: Lucidity","ClockworkSouvenir","Nunchaku"],"campfire_rested":4,"item_purchase_floors":[10,21,21,21,45,45,45],"current_hp_per_floor":[70,62,51,51,34,34,34,29,29,29,16,39,35,33,33,3,72,56,56,56,56,49,30,28,28,28,53,53,53,40,36,61,67,81,81,79,77,73,73,77,77,77,77,77,77,77,77,77,79,75],"gold":568,"neow_bonus":"UPGRADE_CARD","is_daily":false,"chose_seed":false,"campfire_upgraded":5,"win_rate":0.0,"timestamp":1611812777,"path_taken":["M","M","?","?","?","R","?","M","T","$","M","R","E","M","R","BOSS","M","M","M","$","M","E","M","?","T","R","M","R","E","M","R","BOSS","M","?","?","M","?","E","R","M","T","M","$","M","R","M","R","BOSS"],"items_purchased_type":["Relic","Card","Card","Card","Card","Relic","Relic"],"build_version":"2020-12-22","purchased_purges":1,"victory":true,"max_hp_per_floor":[70,70,70,70,70,70,70,70,70,70,70,72,72,72,72,72,72,72,72,77,77,77,77,77,77,77,79,79,79,79,79,81,81,81,81,81,77,77,77,77,77,77,77,77,77,77,77,77,79,79],"relic_stats":{"Nunchaku":[1],"TheAbacus":[114],"counters":[27,117],"Bird Faced Urn":[38],"Letter Opener":[341],"obtain_stats":[{"Snecko Heart":17,"Golden Idol":5,"Replay:Grab Bag":17,"Letter Opener":13,"somnambulantmod: RunicStrip":43,"Mercury Hourglass":26,"Old Coin":40,"ClockworkSouvenir":45,"Nunchaku":45,"HornCleat":9,"TheAbacus":10,"Bird Faced Urn":30,"Runesmith:UraniumAnvil":17,"Honey Jar":34,"somnambulantmod: DreamJournal":0,"Bag of Marbles":25,"Replay:Bottled Steam":23},{"Snecko Heart":8,"Golden Idol":2,"Replay:Grab Bag":8,"Letter Opener":6,"somnambulantmod: RunicStrip":23,"Mercury Hourglass":14,"Old Coin":22,"ClockworkSouvenir":24,"Nunchaku":24,"HornCleat":4,"TheAbacus":4,"Bird Faced Urn":16,"Runesmith:UraniumAnvil":8,"Honey Jar":18,"somnambulantmod: DreamJournal":0,"Bag of Marbles":14,"Replay:Bottled Steam":13},{"Snecko Heart":37,"Golden Idol":8,"Replay:Grab Bag":37,"Letter Opener":27,"somnambulantmod: RunicStrip":100,"Mercury Hourglass":62,"Old Coin":97,"ClockworkSouvenir":105,"Nunchaku":105,"HornCleat":17,"TheAbacus":17,"Bird Faced Urn":72,"Runesmith:UraniumAnvil":37,"Honey Jar":81,"somnambulantmod: DreamJournal":0,"Bag of Marbles":62,"Replay:Bottled Steam":57}],"Mercury Hourglass":[209]},"card_choices":[{"not_picked":["somnambulantmod: Sleepyhead","somnambulantmod: Unknow"],"picked":"somnambulantmod: TrepanningBlow","floor":1},{"not_picked":["somnambulantmod: BrainFeeder","somnambulantmod: Reject"],"picked":"somnambulantmod: Blink","floor":2},{"not_picked":["somnambulantmod: TrepanningBlow","somnambulantmod: Unknow"],"picked":"somnambulantmod: Lucidity","floor":7},{"not_picked":["somnambulantmod: SnuggleUp","somnambulantmod: RacingThoughts"],"picked":"somnambulantmod: Hush","floor":8},{"not_picked":["somnambulantmod: Cower","somnambulantmod: Pinch"],"picked":"somnambulantmod: MuscleMemory","floor":11},{"not_picked":["somnambulantmod: AllForNothing","somnambulantmod: Repression"],"picked":"somnambulantmod: HeavyLids","floor":13},{"not_picked":["somnambulantmod: Remember","somnambulantmod: Sleepyhead"],"picked":"somnambulantmod: HorrificThought","floor":14},{"not_picked":["somnambulantmod: Ignorance","somnambulantmod: Lucidity"],"picked":"somnambulantmod: Refracture","floor":16},{"not_picked":["somnambulantmod: Unknow","somnambulantmod: LeechFears"],"picked":"somnambulantmod: HorrificThought","floor":18},{"not_picked":["somnambulantmod: Stimulus","somnambulantmod: LeechFears+1","somnambulantmod: Relive"],"picked":"SKIP","floor":19},{"not_picked":["somnambulantmod: Overshare+1","somnambulantmod: Withdraw"],"picked":"somnambulantmod: SleepingBody","floor":20},{"not_picked":["somnambulantmod: InLimbo+1","somnambulantmod: Sleepyhead","somnambulantmod: Blink"],"picked":"SKIP","floor":22},{"not_picked":["somnambulantmod: ShowerThought","somnambulantmod: Bruise+1"],"picked":"somnambulantmod: Reinterpret","floor":23},{"not_picked":["somnambulantmod: MindWave","somnambulantmod: TrepanningBlow+1"],"picked":"somnambulantmod: Stimulus+1","floor":24},{"not_picked":["somnambulantmod: Bruise","somnambulantmod: HappyThoughts"],"picked":"somnambulantmod: UnthoughtKnown+1","floor":28},{"not_picked":["somnambulantmod: ViralIdea","somnambulantmod: Stumble"],"picked":"somnambulantmod: Reject","floor":30},{"not_picked":["somnambulantmod: Stumble+1","somnambulantmod: Cower"],"picked":"somnambulantmod: SnuggleUp+1","floor":31},{"not_picked":["somnambulantmod: Refracture","somnambulantmod: NewDawn"],"picked":"somnambulantmod: LostMind","floor":33},{"not_picked":["somnambulantmod: HeadSmack","somnambulantmod: Harden+1"],"picked":"somnambulantmod: ImpenetrableMind","floor":36},{"not_picked":["somnambulantmod: Wake+1","somnambulantmod: HeadSmack"],"picked":"somnambulantmod: Refracture","floor":40},{"not_picked":["somnambulantmod: Wake","somnambulantmod: Cower"],"picked":"somnambulantmod: NightmareFuel+1","floor":42},{"not_picked":["somnambulantmod: Sleepyhead","somnambulantmod: LeechFears+1"],"picked":"somnambulantmod: Stumble+1","floor":44},{"not_picked":["somnambulantmod: Stimulus","somnambulantmod: AllForNothing"],"picked":"somnambulantmod: Narcolepsy","floor":46},{"not_picked":["somnambulantmod: ImpenetrableMind+1","somnambulantmod: Repression"],"picked":"somnambulantmod: Hush","floor":48}],"player_experience":933546,"relics_obtained":[{"floor":9,"key":"HornCleat"},{"floor":13,"key":"Letter Opener"},{"floor":23,"key":"Replay:Bottled Steam"},{"floor":26,"key":"Mercury Hourglass"},{"floor":30,"key":"Bird Faced Urn"},{"floor":40,"key":"Old Coin"},{"floor":43,"key":"somnambulantmod: RunicStrip"}],"event_choices":[{"damage_healed":0,"gold_gain":75,"player_choice":"Gather Gold","damage_taken":11,"max_hp_gain":0,"max_hp_loss":0,"event_name":"World of Goop","floor":3,"gold_loss":0},{"damage_healed":0,"gold_gain":0,"player_choice":"Take Damage","damage_taken":17,"relics_obtained":["Golden Idol"],"max_hp_gain":0,"max_hp_loss":0,"event_name":"Golden Idol","floor":5,"gold_loss":0},{"damage_healed":0,"gold_gain":0,"player_choice":"Gave Potion","damage_taken":0,"relics_obtained":["Bag of Marbles"],"max_hp_gain":0,"max_hp_loss":0,"event_name":"WeMeetAgain","floor":25,"gold_loss":0},{"damage_healed":0,"gold_gain":0,"player_choice":"Max HP","damage_taken":0,"max_hp_gain":0,"max_hp_loss":4,"event_name":"Winding Halls","floor":37,"gold_loss":0},{"damage_healed":0,"gold_gain":333,"player_choice":"Gave Idol","damage_taken":0,"max_hp_gain":0,"max_hp_loss":0,"event_name":"The Moai Head","floor":39,"relics_lost":["Golden Idol"],"gold_loss":0}],"is_beta":false,"boss_relics":[{"not_picked":["Philosopher\u0027s Stone","Runic Pyramid"],"picked":"Replay:Grab Bag"},{"not_picked":["Abe\u0027s Treasure","Replay:Bronze Core"],"picked":"Runesmith:UraniumAnvil"},{"not_picked":["Calling Bell","somnambulantmod: GluedMask"],"picked":"Snecko Heart"},{"not_picked":["Replay:Ancient Bell","Tiny House"],"picked":"Honey Jar"}],"items_purged_floors":[45],"is_endless":false,"potions_floor_spawned":[2,11,13,14,19,20,24,31,35,36,38],"ascension_level":0}}