{"host":"gk9qdtkqd8dwfeg2","time":1611850896,"event":{"mods":["Aspiration","BaseMod","Colored Powertips","Downfall","Minty Spire (QoL Compilation)","Quick Restart","Replay The Spire","Shop Mod","StSLib","TestMod","The Servant 0.9.4","Waifu the Spire","WarShipGirlsR/战舰少女R mod","【遗物卡牌】REMEMod"],"gold_per_floor":[138,138,174,2,2,47,79,128,176,176,234,309,309,344,344,421,421,491,530,530,575,575,575,575],"floor_reached":23,"language":"ZHS","playtime":754,"items_purged":[],"score":468,"play_id":"3622a9f0-1607-4fc2-8088-44f19125fe29","local_time":"20210129002136","is_ascension_mode":true,"campfire_choices":[{"data":"HandOfGreed","floor":15,"key":"SMITH"}],"circlet_count":0,"master_deck":["AscendersBane","Strike_R","Strike_R","Strike_R","Strike_R","Defend_R","Defend_R","Defend_R","Defend_R","Bash","HandOfGreed+1","REME_Cut+1","Rampage","ReplayTheSpireMod:LeadingStrike","Reaper","Armaments+1"],"relics":["Burning Blood","testmod-TestBox","REME_ComplimentaryCards","testmod-TimeTraveler","NeowsBlessing","MerchantsRug","aspiration:Nostalgia","m_DevilBlood","StoneCalendar","Happy Flower","testmod-DragonStarHat","Shuriken","Strawberry","SlaversCollar"],"acts_visited":["Exordium","TheCity"],"potions_floor_usage":[14,19,21],"damage_taken":[{"damage":0.0,"enemies":"Small Slimes","floor":1.0,"turns":1.0},{"damage":1.0,"enemies":"Cultist","floor":3.0,"turns":3.0},{"damage":0.0,"enemies":"Gremlin Nob","floor":6.0,"turns":2.0},{"damage":2.0,"enemies":"Jaw Worm","floor":7.0,"turns":3.0},{"damage":20.0,"enemies":"Lagavulin","floor":8.0,"turns":6.0},{"damage":12.0,"enemies":"Gremlin Gang","floor":11.0,"turns":5.0},{"damage":8,"enemies":"Gremlin Nob","floor":14,"turns":3},{"damage":33,"enemies":"The Guardian","floor":16,"turns":7},{"damage":50,"enemies":"3 Byrds","floor":18,"turns":6},{"damage":13,"enemies":"Chosen","floor":19,"turns":5},{"damage":0,"enemies":"Snecko","floor":21,"turns":2},{"damage":21,"enemies":"Slavers","floor":23,"turns":2}],"seed_played":"2357294427555532438","potions_obtained":[{"floor":1.0,"key":"Swift Potion"},{"floor":6.0,"key":"LiquidMemories"},{"floor":8.0,"key":"Strength Potion"},{"floor":18,"key":"DistilledChaos"}],"is_trial":false,"path_per_floor":["M","?","M","$","$","E","M","E","T","T","M","T","?","E","R","B",null,"M","M","?","M","?","E"],"character_chosen":"IRONCLAD","items_purchased":["MerchantsRug"],"campfire_rested":0,"item_purchase_floors":[4],"current_hp_per_floor":[74,74,75,75,75,75,75,61,61,61,55,55,55,60,60,33,70,32,29,29,44,44,23,23],"gold":575,"neow_bonus":"THREE_ENEMY_KILL","is_daily":false,"chose_seed":false,"campfire_upgraded":1,"win_rate":0.0,"timestamp":1611850896,"path_taken":["M","?","M","?","$","E","M","E","T","?","?","?","?","E","R","BOSS","M","?","?","?","?","E"],"items_purchased_type":["Relic"],"build_version":"2020-12-22","purchased_purges":0,"victory":false,"max_hp_per_floor":[75,75,75,75,75,75,75,75,75,75,75,75,75,82,82,82,82,82,82,82,82,82,82,82],"card_choices":[{"not_picked":["Heavy Blade","Sword Boomerang"],"picked":"REME_Cut","floor":1.0},{"not_picked":["Headbutt","Wild Strike","Life Link"],"picked":"SKIP","floor":3.0},{"not_picked":["Perfected Strike","Reckless Charge","Double Tap"],"picked":"SKIP","floor":6.0},{"not_picked":["ReplayTheSpireMod:LeadingStrike","Thunderclap","True Grit"],"picked":"SKIP","floor":7.0},{"not_picked":["Thunderclap","True Grit"],"picked":"ReplayTheSpireMod:LeadingStrike","floor":7.0},{"not_picked":["Iron Wave","Clash","Havoc"],"picked":"SKIP","floor":8.0},{"not_picked":["hexamod:Hexaguard","Sword Boomerang","Iron Wave"],"picked":"SKIP","floor":11.0},{"not_picked":["hexamod:Haunt","hexamod:GhostLash","hexamod:NightmareStrike"],"picked":"SKIP","floor":14},{"not_picked":["hexamod:UnleashSpirits","REME_TheLastStrike"],"picked":"Reaper","floor":16},{"not_picked":["Perfected Strike","Twin Strike"],"picked":"Armaments+1","floor":18},{"not_picked":["Havoc","Intimidate","Thunderclap"],"picked":"SKIP","floor":19},{"not_picked":["Anger","Clothesline","Pummel+1"],"picked":"SKIP","floor":21}],"player_experience":764491,"relics_obtained":[{"floor":6.0,"key":"aspiration:Nostalgia"},{"floor":8.0,"key":"StoneCalendar"},{"floor":9.0,"key":"Happy Flower"},{"floor":10.0,"key":"testmod-DragonStarHat"},{"floor":12.0,"key":"Shuriken"},{"floor":14,"key":"Strawberry"}],"event_choices":[{"damage_healed":0.0,"max_hp_gain":0.0,"max_hp_loss":0.0,"gold_gain":0.0,"cards_transformed":["Strike_R"],"event_name":"Transmorgrifier","player_choice":"Transformed","floor":2.0,"gold_loss":0.0,"damage_taken":0.0,"cards_obtained":["Rampage"]},{"damage_healed":0,"gold_gain":0,"player_choice":"0 cards matched","damage_taken":0,"max_hp_gain":0,"max_hp_loss":0,"event_name":"Match and Keep!","floor":13,"gold_loss":0,"cards_obtained":[]},{"damage_healed":0,"gold_gain":0,"player_choice":"Forge","damage_taken":0,"max_hp_gain":0,"max_hp_loss":0,"event_name":"Accursed Blacksmith","floor":20,"gold_loss":0,"cards_upgraded":["REME_Cut"]}],"is_beta":false,"boss_relics":[{"not_picked":["testmod-Fanaticism","Coffee Dripper"],"picked":"SlaversCollar"}],"items_purged_floors":[],"is_endless":false,"potions_floor_spawned":[1,6,8,18],"killed_by":"Slavers","ascension_level":20}}