{"host":"ilhhjx796p2x2wmd","time":1611818636,"event":{"mods":["AchievementEnabler","BaseMod","BetterRewards","Colored Map","Colored Powertips","DeckTracker","Highlight Path","Minty Spire (QoL Compilation)","Permanent Neow","Rare Cards Sparkle","Shop Mod"],"gold_per_floor":[115,135,147,165,165,165,9,9,35,35,45,60,118,162,174,283,295,318,343,355,367,379,391,421,433,513,558,584,596,656,767,779,886,898,920,950,322,322,322,322,341,341,341,354,354,371,371,371,371],"floor_reached":48,"language":"KOR","playtime":1264,"items_purged":["Defend_R"],"score":734,"play_id":"487cdae7-6cb6-40b3-8c65-1f5b3e5a3dd1","local_time":"20210128162356","is_ascension_mode":true,"campfire_choices":[{"floor":6.0,"key":"DIG"},{"floor":8.0,"key":"DIG"},{"floor":10.0,"key":"DIG"},{"data":"Demon Form","floor":15.0,"key":"SMITH"},{"floor":23.0,"key":"DIG"},{"data":"Limit Break","floor":25.0,"key":"SMITH"},{"floor":29.0,"key":"DIG"},{"data":"1","floor":32.0,"key":"LIFT"},{"data":"2","floor":40.0,"key":"LIFT"},{"data":"3","floor":42.0,"key":"LIFT"},{"floor":45.0,"key":"REST"}],"circlet_count":0,"master_deck":["Strike_R","Strike_R","Strike_R","Strike_R","Strike_R","Defend_R","Defend_R","Defend_R","Bash","Clothesline","Perfected Strike+1","Ghostly Armor","Pommel Strike","Shrug It Off","Demon Form+1","Limit Break+1","Pommel Strike","Spot Weakness","Twin Strike","Pommel Strike","Heavy Blade+1","Limit Break","True Grit+1","Shrug It Off","Fire Breathing","True Grit+1","Perfected Strike+1","Twin Strike","Panacea","Brutality","Flash of Steel","Heavy Blade+1","Seeing Red+1"],"relics":["Black Blood","Shovel","Bag of Marbles","PreservedInsect","Torii","MealTicket","Mummified Hand","MawBank","Red Skull","Mark of Pain","Bag of Preparation","Darkstone Periapt","Kunai","Incense Burner","Girya","Potion Belt","Pear","Orrery","Regal Pillow"],"acts_visited":["Exordium","TheCity","TheBeyond"],"potions_floor_usage":[48,48,48,48],"damage_taken":[{"damage":8.0,"enemies":"2 Louse","floor":1.0,"turns":3.0},{"damage":8.0,"enemies":"Small Slimes","floor":2.0,"turns":3.0},{"damage":9.0,"enemies":"Jaw Worm","floor":3.0,"turns":3.0},{"damage":7.0,"enemies":"Large Slime","floor":4.0,"turns":6.0},{"damage":18.0,"enemies":"Exordium Wildlife","floor":11.0,"turns":3.0},{"damage":7.0,"enemies":"Lots of Slimes","floor":12.0,"turns":4.0},{"damage":21.0,"enemies":"3 Sentries","floor":13.0,"turns":5.0},{"damage":20.0,"enemies":"Lagavulin","floor":14.0,"turns":3.0},{"damage":0.0,"enemies":"Slime Boss","floor":16.0,"turns":5.0},{"damage":1.0,"enemies":"Chosen","floor":18.0,"turns":3.0},{"damage":11.0,"enemies":"Spheric Guardian","floor":19.0,"turns":4.0},{"damage":27.0,"enemies":"Snake Plant","floor":24.0,"turns":4.0},{"damage":11.0,"enemies":"Gremlin Leader","floor":27.0,"turns":4.0},{"damage":6.0,"enemies":"3 Cultists","floor":28.0,"turns":4.0},{"damage":11.0,"enemies":"Book of Stabbing","floor":30.0,"turns":3.0},{"damage":16.0,"enemies":"Collector","floor":33.0,"turns":6.0},{"damage":5.0,"enemies":"3 Shapes","floor":35.0,"turns":3.0},{"damage":33.0,"enemies":"3 Darklings","floor":36.0,"turns":5.0},{"damage":35.0,"enemies":"Sphere and 2 Shapes","floor":41.0,"turns":6.0},{"damage":35.0,"enemies":"Maw","floor":44.0,"turns":5.0},{"damage":21.0,"enemies":"Jaw Worm Horde","floor":46.0,"turns":3.0},{"damage":50,"enemies":"Time Eater","floor":48,"turns":6}],"seed_played":"3127557266631363086","potions_obtained":[{"floor":2.0,"key":"Strength Potion"},{"floor":4.0,"key":"CultistPotion"},{"floor":12.0,"key":"Ancient Potion"},{"floor":19.0,"key":"ColorlessPotion"},{"floor":24.0,"key":"GamblersBrew"},{"floor":36.0,"key":"FearPotion"}],"is_trial":false,"path_per_floor":["M","M","M","M","?","R","$","R","T","R","M","M","?","E","R","B",null,"M","M","?","?","?","R","M","R","T","E","M","R","E","?","R","B",null,"M","M","$","?","?","R","M","R","T","M","R","M","?","B"],"character_chosen":"IRONCLAD","items_purchased":["PreservedInsect","Fire Breathing","Pear","Orrery","Strength Potion","PowerPotion"],"campfire_rested":1,"item_purchase_floors":[7,37,37,37,37,37],"current_hp_per_floor":[70,68,65,64,64,64,64,64,64,64,52,51,36,22,22,28,61,66,61,61,61,61,61,40,40,40,35,35,35,30,30,30,20,59,66,45,70,65,65,65,42,42,42,19,58,49,49,0,0],"gold":371,"neow_bonus":"ONE_RARE_RELIC","is_daily":false,"chose_seed":false,"campfire_upgraded":2,"win_rate":0.0,"timestamp":1611818636,"path_taken":["M","M","M","M","?","R","$","R","T","R","M","M","?","E","R","BOSS","M","M","?","?","?","R","M","R","T","E","M","R","E","?","R","BOSS","M","M","$","?","?","R","M","R","T","M","R","?","?","BOSS"],"items_purchased_type":["Relic","Card","Relic","Relic","Potion","Potion"],"build_version":"2020-12-22","purchased_purges":1,"victory":false,"max_hp_per_floor":[72,72,72,72,72,72,72,72,72,72,72,72,72,72,72,72,72,72,72,72,72,72,72,72,72,72,72,72,72,72,72,72,72,72,72,72,82,82,82,82,82,82,82,82,82,82,82,82,82],"card_choices":[{"not_picked":["Flex","True Grit"],"picked":"Clothesline","floor":1.0},{"not_picked":["Rage","Body Slam"],"picked":"Perfected Strike","floor":2.0},{"not_picked":["Clash","Sword Boomerang"],"picked":"Ghostly Armor","floor":3.0},{"not_picked":["Iron Wave","Uppercut"],"picked":"Pommel Strike","floor":4.0},{"not_picked":["Flex","Iron Wave"],"picked":"Shrug It Off","floor":11.0},{"not_picked":["Iron Wave","Power Through","Shockwave"],"picked":"SKIP","floor":12.0},{"not_picked":["Intimidate","True Grit"],"picked":"Demon Form","floor":13.0},{"not_picked":["Headbutt","Shockwave","Sever Soul"],"picked":"SKIP","floor":14.0},{"not_picked":["Offering","Berserk"],"picked":"Limit Break","floor":16.0},{"not_picked":["Infernal Blade","Anger"],"picked":"Pommel Strike","floor":18.0},{"not_picked":["Clash","Reckless Charge","Disarm"],"picked":"SKIP","floor":19.0},{"not_picked":["Pummel","Power Through"],"picked":"Twin Strike","floor":24.0},{"not_picked":["Warcry","Second Wind","Corruption"],"picked":"SKIP","floor":27.0},{"not_picked":["Iron Wave","Disarm"],"picked":"Pommel Strike","floor":28.0},{"not_picked":["Havoc","Battle Trance"],"picked":"Heavy Blade+1","floor":30.0},{"not_picked":["Double Tap","Impervious"],"picked":"Limit Break","floor":33.0},{"not_picked":["Whirlwind","Second Wind"],"picked":"True Grit+1","floor":35.0},{"not_picked":["Iron Wave","Sword Boomerang"],"picked":"Shrug It Off","floor":36.0},{"not_picked":["Clash","Warcry+1"],"picked":"True Grit+1","floor":37.0},{"not_picked":["Offering","Havoc"],"picked":"Perfected Strike+1","floor":37.0},{"not_picked":["Clothesline","Rampage+1"],"picked":"Twin Strike","floor":37.0},{"not_picked":["Flash of Steel","Transmutation"],"picked":"Panacea","floor":38.0},{"not_picked":["Power Through","Iron Wave+1","Thunderclap+1"],"picked":"SKIP","floor":41.0},{"not_picked":["Havoc+1","True Grit+1"],"picked":"Heavy Blade+1","floor":44.0},{"not_picked":["Anger","Fire Breathing+1"],"picked":"Seeing Red+1","floor":46.0}],"player_experience":313061,"relics_obtained":[{"floor":6.0,"key":"Bag of Marbles"},{"floor":8.0,"key":"Torii"},{"floor":9.0,"key":"MealTicket"},{"floor":10.0,"key":"Mummified Hand"},{"floor":13.0,"key":"MawBank"},{"floor":14.0,"key":"Red Skull"},{"floor":23.0,"key":"Darkstone Periapt"},{"floor":26.0,"key":"Kunai"},{"floor":27.0,"key":"Incense Burner"},{"floor":29.0,"key":"Girya"},{"floor":30.0,"key":"Potion Belt"},{"floor":43.0,"key":"Regal Pillow"}],"event_choices":[{"damage_healed":0.0,"max_hp_gain":0.0,"max_hp_loss":0.0,"gold_gain":0.0,"event_name":"Living Wall","player_choice":"Grow","floor":5.0,"gold_loss":0.0,"damage_taken":0.0,"cards_upgraded":["Perfected Strike"]},{"damage_healed":0.0,"max_hp_gain":0.0,"max_hp_loss":0.0,"gold_gain":0.0,"event_name":"Dead Adventurer","player_choice":"Searched \u00271\u0027 times","floor":13.0,"gold_loss":0.0,"damage_taken":0.0},{"damage_healed":0.0,"max_hp_gain":0.0,"max_hp_loss":0.0,"gold_gain":0.0,"event_name":"The Library","player_choice":"Read","floor":20.0,"gold_loss":0.0,"damage_taken":0.0,"cards_obtained":["Spot Weakness"]},{"damage_healed":0.0,"max_hp_gain":0.0,"max_hp_loss":0.0,"gold_gain":0.0,"event_name":"Vampires","player_choice":"Ignored","floor":21.0,"gold_loss":0.0,"damage_taken":0.0},{"damage_healed":0.0,"max_hp_gain":0.0,"max_hp_loss":0.0,"gold_gain":0.0,"event_name":"The Mausoleum","player_choice":"Opened","floor":22.0,"gold_loss":0.0,"damage_taken":0.0,"relics_obtained":["Bag of Preparation"]},{"damage_healed":0.0,"max_hp_gain":0.0,"max_hp_loss":0.0,"gold_gain":99.0,"event_name":"Nest","player_choice":"Stole From Cult","floor":31.0,"gold_loss":0.0,"damage_taken":0.0},{"damage_healed":0.0,"max_hp_gain":0.0,"max_hp_loss":0.0,"gold_gain":0.0,"event_name":"SensoryStone","player_choice":"Memory 2","floor":38.0,"gold_loss":0.0,"damage_taken":5.0},{"damage_healed":0.0,"max_hp_gain":0.0,"max_hp_loss":0.0,"gold_gain":0.0,"event_name":"Match and Keep!","player_choice":"2 cards matched","floor":39.0,"gold_loss":0.0,"damage_taken":0.0,"cards_obtained":["Brutality","Flash of Steel"]},{"damage_healed":0.0,"max_hp_gain":0.0,"max_hp_loss":0.0,"gold_gain":0.0,"event_name":"SecretPortal","player_choice":"Took Portal","floor":47.0,"gold_loss":0.0,"damage_taken":0.0}],"is_beta":false,"boss_relics":[{"not_picked":["Runic Pyramid","Fusion Hammer"],"picked":"Mark of Pain"},{"not_picked":["Empty Cage","Runic Dome"],"picked":"Black Blood"}],"items_purged_floors":[37],"is_endless":false,"potions_floor_spawned":[2,4,12,13,19,24,28,36],"killed_by":"Time Eater","ascension_level":6}}