{"host":"e1y4kviho5jwd7e6","time":1611865406,"event":{"mods":["Act Like it!","Aspiration","BaseMod","Better Altar","Better Match","Better Note","Better Skull","Better Synergies","Better Third Choice","BetterRewards","CCEM2","Colored Powertips","Communication Mod","Conjunction","Conspire","Downfall","Energized Spire","Exacting","GifTheSpireLib","Hubris","Hyrulean Relics","Minty Spire (QoL Compilation)","Quarter Circle Forward PUNCH!","Replay The Spire","Small Relic Pack","Spicy Shops","StSLib","Stuff the Spire","The Blue Laboratory","Transform Curses","Uncapped"],"gold_per_floor":[116,116,116,157,12,25,25,25,49,81,115,115,115,156,156,258,258,243,243,243,257,73,73,93,111,188,233,233,251,251,268,347,451,451,468,321,321,348,368,368,368,368,368,402,402,417,229,244,244,244],"floor_reached":51,"language":"ENG","playtime":2267,"items_purged":["theextravagant:Vintage"],"score":1049,"play_id":"ce3154c3-3af0-4179-ac23-a6c437cc3a74","local_time":"20210128152326","is_ascension_mode":false,"campfire_choices":[{"data":"theextravagant:Shake","floor":8.0,"key":"SMITH"},{"data":"Cloak And Dagger","floor":13.0,"key":"SMITH"},{"floor":15.0,"key":"REST"},{"data":"Prepared","floor":23.0,"key":"SMITH"},{"data":"Blade Dance","floor":28.0,"key":"SMITH"},{"data":"Quick Slash","floor":30.0,"key":"SMITH"},{"data":"Accuracy","floor":40.0,"key":"SMITH"},{"floor":49,"key":"DIG"}],"circlet_count":0,"master_deck":["Strike_G+1","Strike_G+1","Strike_G+1","Strike_G+1","Strike_G+1","Defend_G","Defend_G","Defend_G","Defend_G","Defend_G","Survivor","Neutralize","Cloak And Dagger+1","theextravagant:Shake+1","Prepared+1","Quick Slash+1","theextravagant:Ravage+1","Prepared+1","Blade Dance+1","sneckomod:Restock","Accuracy+1","Footwork","Blade Dance+1"],"relics":["Ring of the Snake","aspiration:SeaSaltIceCream","Membership Card","PrismaticShard","Omamori","CCEMRelics:CarbonFilter","qcfpunch:Green_Leotard","hubris:Potato","CCEMRelics:SoftDrink","Lantern","relicPack:OneForAll","hubris:Backtick","Dead Branch","CCEMRelics:GrindingGear","Byrd Skull","conspire:DecoderRing","StuffTheSpire:MayFlowers","HoveringKite","Shuriken","Replay:Bottled Eggs","hubris:Towel","aspiration:Lifesprig","Ice Cream","Happy Flower","CCEMRelics:Pendulum"],"acts_visited":["Exordium","TheCity","TheBeyond"],"potions_floor_usage":[],"damage_taken":[{"damage":6.0,"enemies":"Cultist","floor":1.0,"turns":4.0},{"damage":0.0,"enemies":"Small Slimes","floor":4.0,"turns":5.0},{"damage":0.0,"enemies":"Jaw Worm","floor":6.0,"turns":3.0},{"damage":5.0,"enemies":"Lagavulin","floor":10.0,"turns":6.0},{"damage":0.0,"enemies":"Blue Slaver","floor":11.0,"turns":2.0},{"damage":0.0,"enemies":"conspire:2 RoseBushes","floor":14.0,"turns":3.0},{"damage":2.0,"enemies":"Fading Forest","floor":16.0,"turns":11.0},{"damage":3.0,"enemies":"2 Thieves","floor":18.0,"turns":4.0},{"damage":0.0,"enemies":"3 Byrds","floor":21.0,"turns":4.0},{"damage":0.0,"enemies":"Cultist and Chosen","floor":24.0,"turns":3.0},{"damage":1.0,"enemies":"Snecko","floor":25.0,"turns":5.0},{"damage":0.0,"enemies":"conspire:Head Lice","floor":27.0,"turns":3.0},{"damage":0.0,"enemies":"3 Cultists","floor":29.0,"turns":4.0},{"damage":0.0,"enemies":"Cultist and Chosen","floor":31.0,"turns":2.0},{"damage":7.0,"enemies":"conspire:MysteriousRune","floor":33.0,"turns":5.0},{"damage":0.0,"enemies":"3 Darklings","floor":35.0,"turns":3.0},{"damage":0.0,"enemies":"Orb Walker","floor":37.0,"turns":2.0},{"damage":0.0,"enemies":"4 Shapes","floor":38.0,"turns":3.0},{"damage":0.0,"enemies":"Writhing Mass","floor":39.0,"turns":3.0},{"damage":8,"enemies":"R_Hoarder","floor":44,"turns":5},{"damage":0,"enemies":"3 Darklings","floor":46,"turns":1},{"damage":0,"enemies":"Sphere and 2 Shapes","floor":48,"turns":2},{"damage":0,"enemies":"hubris:GrandSnecko","floor":50,"turns":2}],"seed_played":"-1996964403053918827","potions_obtained":[{"floor":10.0,"key":"Cursed Concoction"},{"floor":11.0,"key":"Swift Potion"},{"floor":14.0,"key":"Strength Potion"},{"floor":21.0,"key":"blueLaboratory:HorrorPotion"},{"floor":21.0,"key":"blueLaboratory:TrueEctoplasm"},{"floor":27.0,"key":"Adrenaline Potion"},{"floor":35.0,"key":"blueLaboratory:BottleOfVodka"}],"is_trial":false,"path_per_floor":["M","T","?","M","$","M","$","R","T","E","M","?","R","M","R","B",null,"M","?","?","M","$","R","M","M","T","E","R","M","R","M","R","B",null,"M","$","M","M","M","R","?","?","T","E","?","M","$","M","R","B",null],"character_chosen":"THE_SILENT","items_purchased":["aspiration:SeaSaltIceCream","PrismaticShard","Omamori","Cloak And Dagger","blueLaboratory:FruitPunch","blueLaboratory:BlinkPotion","blueLaboratory:HorrorPotion","hubris:Potato","CCEMRelics:GrindingGear","Byrd Skull","Shuriken","Accuracy","Ice Cream","Happy Flower","Footwork"],"campfire_rested":1,"item_purchase_floors":[0,0,0,0,0,0,0,5,22,22,36,36,47,47,47],"current_hp_per_floor":[39,39,39,39,39,39,39,39,39,34,34,34,34,34,55,55,72,69,69,69,69,69,69,69,68,68,68,68,68,68,68,68,61,72,72,72,72,72,72,72,72,72,72,64,64,64,64,64,64,64],"gold":244,"neow_bonus":"","is_daily":false,"chose_seed":false,"campfire_upgraded":6,"win_rate":0.0,"timestamp":1611865406,"path_taken":["M","?","?","M","?","M","$","R","T","E","?","?","R","M","R","BOSS","M","?","?","M","$","R","M","M","T","E","R","M","R","M","R","BOSS","M","$","M","M","M","R","?","?","T","E","?","M","$","M","R","BOSS"],"items_purchased_type":["Relic","Relic","Relic","Card","Potion","Potion","Potion","Relic","Relic","Relic","Relic","Card","Relic","Relic","Card"],"build_version":"2020-12-22","purchased_purges":1,"victory":true,"max_hp_per_floor":[70,70,70,70,70,70,70,70,70,70,70,70,70,70,70,72,72,72,72,72,72,72,72,72,72,72,72,72,72,72,72,72,72,72,72,72,72,72,72,72,72,72,72,72,72,72,72,72,72,72],"card_choices":[{"not_picked":["Collect","Deflect","hexamod:InspiringFlames"],"picked":"SKIP","floor":1.0},{"not_picked":["Perseverance","sneckomod:SoulDraw"],"picked":"theextravagant:Shake","floor":4.0},{"not_picked":["hubris:SlightOfHand","Replay:Bootleg Shield Generator","Slimebound:SlimeBrawl"],"picked":"SKIP","floor":6.0},{"not_picked":["hexamod:HauntingEcho","Slimebound:PressTheAttack","Prepared"],"picked":"SKIP","floor":10.0},{"not_picked":["hexamod:HauntingEcho","Slimebound:PressTheAttack"],"picked":"Prepared","floor":10.0},{"not_picked":["hexamod:NightmareStrike","Crystallizer","theextravagant:AuroraForm"],"picked":"SKIP","floor":11.0},{"not_picked":["Lockon","Guardian:RollAttack"],"picked":"Quick Slash","floor":14.0},{"not_picked":["Prostrate","theextravagant:Pushthrough"],"picked":"theextravagant:Ravage+1","floor":18.0},{"not_picked":["Shrug It Off","Sucker Punch","StuffTheSpire:LoadUp"],"picked":"SKIP","floor":21.0},{"not_picked":["Crippling Poison","hexamod:BacktrackSmack","Guardian:TimeCapacitor+1"],"picked":"SKIP","floor":24.0},{"not_picked":["expansioncontent:AwakenDeath+1","bronze:BitShift","Finesse"],"picked":"SKIP","floor":25.0},{"not_picked":["Replay:ManipulateFuture+1","EmptyBody","Magnetism"],"picked":"SKIP","floor":27.0},{"not_picked":["Guardian:BodySlam","ReplayTheSpireMod:Uncanny Aura"],"picked":"theextravagant:Vintage","floor":29.0},{"not_picked":["Slimebound:SlimeBarrage","bronze:Invalidate","sneckomod:UnknownClassHEXA_GHOST_PURPLE"],"picked":"SKIP","floor":31.0},{"not_picked":["champ:VampiricStrike","Replay:LoomingThreat"],"picked":"sneckomod:Restock","floor":33.0},{"not_picked":["PiercingWail+1","bronze:BuggyMess+1","sneckomod:UnknownX+1"],"picked":"SKIP","floor":35.0},{"not_picked":["ReplayTheSpireMod:Scrap Shanks+1","Backstab","Poisoned Stab"],"picked":"SKIP","floor":37.0},{"not_picked":["Slimebound:DisruptingSlam+1","ReplayTheSpireMod:System Scan","Guardian:Repulse"],"picked":"SKIP","floor":38.0},{"not_picked":["sneckomod:SoulDraw+1","bronze:Shield","hexamod:SwordOfDarkness"],"picked":"SKIP","floor":39.0},{"not_picked":["Slimebound:ItLooksTasty+1","bronze:Shield","Pommel Strike"],"picked":"SKIP","floor":44},{"not_picked":["Slimebound:LeechEnergy+1","Go for the Eyes","champ:BringItOn"],"picked":"SKIP","floor":46},{"not_picked":["Carnage","champ:EnGarde+1","Replay:Sssssssssshield"],"picked":"SKIP","floor":46},{"not_picked":["Bandage Up+1","Slimebound:LeechingTouch"],"picked":"Blade Dance+1","floor":48}],"player_experience":941938,"relics_obtained":[{"floor":2.0,"key":"CCEMRelics:CarbonFilter"},{"floor":9.0,"key":"CCEMRelics:SoftDrink"},{"floor":10.0,"key":"Lantern"},{"floor":26.0,"key":"conspire:DecoderRing"},{"floor":27.0,"key":"StuffTheSpire:MayFlowers"},{"floor":37.0,"key":"Replay:Bottled Eggs"},{"floor":44,"key":"aspiration:Lifesprig"},{"floor":49,"key":"CCEMRelics:Pendulum"}],"event_choices":[{"cards_removed":["theextravagant:Shake"],"damage_healed":0.0,"max_hp_gain":0.0,"max_hp_loss":0.0,"gold_gain":0.0,"event_name":"betterNote:BetterNote","player_choice":"Take \u0026 Give","floor":19.0,"gold_loss":0.0,"damage_taken":0.0,"cards_obtained":["Prepared"]},{"damage_healed":0.0,"max_hp_gain":0.0,"max_hp_loss":0.0,"gold_gain":0.0,"event_name":"Tomb of Lord Red Mask","player_choice":"Ignored","floor":41.0,"gold_loss":0.0,"damage_taken":0.0}],"is_beta":false,"boss_relics":[{"not_picked":["Runic Pyramid","energizedSpire:EnergizedDie"],"picked":"hubris:Backtick"},{"not_picked":["hubris:CrackedHourglass","Ring of the Serpent"],"picked":"HoveringKite"}],"items_purged_floors":[47],"is_endless":false,"potions_floor_spawned":[1,10,11,14,21,27,29,31,35,38],"ascension_level":0}}