{"host":"qgvpd00zvzorrg7j","time":1611811131,"event":{"mods":["BaseMod","Colored Map","Minty Spire (QoL Compilation)","Quick Restart","StSLib"],"gold_per_floor":[118,118,131,131,148,164,164,180,180,180,37,62,73,73,73,169,169,189,37,50,65,65,65,65,65],"floor_reached":24,"language":"ENG","playtime":609,"items_purged":["Strike_B"],"score":297,"play_id":"44201589-3f23-40a2-bfa7-b7d185ef8127","local_time":"20210128001851","is_ascension_mode":true,"campfire_choices":[{"data":"Zap","floor":7.0,"key":"SMITH"},{"data":"Dualcast","floor":10.0,"key":"SMITH"},{"data":"Heatsinks","floor":15.0,"key":"SMITH"},{"floor":23,"key":"REST"}],"circlet_count":0,"master_deck":["AscendersBane","Strike_B","Strike_B","Strike_B","Defend_B","Defend_B","Defend_B","Zap+1","Dualcast+1","Ball Lightning","Defragment","Electrodynamics","Capacitor","Heatsinks+1","Recycle+1","Amplify"],"relics":["Cracked Core","NeowsBlessing","Blue Candle","Sundial","Art of War","Philosopher\u0027s Stone","Runic Capacitor"],"acts_visited":["Exordium","TheCity"],"potions_floor_usage":[16,21],"damage_taken":[{"damage":0.0,"enemies":"2 Louse","floor":1.0,"turns":1.0},{"damage":0.0,"enemies":"Cultist","floor":3.0,"turns":1.0},{"damage":0.0,"enemies":"Small Slimes","floor":5.0,"turns":1.0},{"damage":15.0,"enemies":"2 Fungi Beasts","floor":6.0,"turns":3.0},{"damage":0.0,"enemies":"Lots of Slimes","floor":8.0,"turns":1.0},{"damage":16.0,"enemies":"Gremlin Nob","floor":12.0,"turns":3.0},{"damage":5.0,"enemies":"Gremlin Gang","floor":13.0,"turns":2.0},{"damage":31,"enemies":"The Guardian","floor":16,"turns":8},{"damage":48,"enemies":"3 Byrds","floor":18,"turns":3},{"damage":2,"enemies":"Spheric Guardian","floor":20,"turns":3},{"damage":0,"enemies":"3 Cultists","floor":21,"turns":2},{"damage":60,"enemies":"Gremlin Leader","floor":24,"turns":3}],"seed_played":"-6613084466672703834","potions_obtained":[{"floor":5.0,"key":"Explosive Potion"},{"floor":8.0,"key":"AttackPotion"},{"floor":12.0,"key":"FairyPotion"},{"floor":13.0,"key":"FocusPotion"},{"floor":20,"key":"FocusPotion"},{"floor":21,"key":"FearPotion"}],"is_trial":false,"path_per_floor":["M","?","M","?","M","M","R","M","T","R","$","E","M","?","R","B",null,"M","$","M","M","$","R","E"],"character_chosen":"DEFECT","items_purchased":["Capacitor","Runic Capacitor"],"campfire_rested":1,"item_purchase_floors":[11,19],"current_hp_per_floor":[68,68,68,68,68,53,53,53,53,53,53,37,32,32,32,1,57,9,9,7,7,7,29,0,0],"gold":65,"neow_bonus":"THREE_ENEMY_KILL","is_daily":false,"chose_seed":false,"campfire_upgraded":3,"win_rate":0.0,"timestamp":1611811131,"path_taken":["M","?","?","?","M","M","R","M","T","R","$","E","M","?","R","BOSS","M","$","?","M","$","R","E"],"items_purchased_type":["Card","Relic"],"build_version":"2020-12-22","purchased_purges":1,"victory":false,"max_hp_per_floor":[75,75,75,75,75,75,75,75,75,75,75,75,75,75,75,75,75,75,75,75,75,75,75,75,75],"card_choices":[{"not_picked":["Redo","Go for the Eyes"],"picked":"Heatsinks","floor":1.0},{"not_picked":["Hologram","Cold Snap"],"picked":"Ball Lightning","floor":3.0},{"not_picked":["Hologram","Skim"],"picked":"Defragment","floor":5.0},{"not_picked":["Conserve Battery","Coolheaded"],"picked":"Electrodynamics","floor":6.0},{"not_picked":["Consume","Sweeping Beam","Leap"],"picked":"SKIP","floor":8.0},{"not_picked":["Fusion","Capacitor"],"picked":"Heatsinks","floor":12.0},{"not_picked":["Go for the Eyes","Rebound"],"picked":"Recycle","floor":13.0},{"not_picked":["Meteor Strike","Electrodynamics"],"picked":"Amplify","floor":16},{"not_picked":["Heatsinks","Steam","Turbo"],"picked":"SKIP","floor":18},{"not_picked":["Cold Snap","Steam+1","Beam Cell+1"],"picked":"SKIP","floor":20},{"not_picked":["Tempest","Chaos+1","Reinforced Body"],"picked":"SKIP","floor":21}],"player_experience":568070,"relics_obtained":[{"floor":9.0,"key":"Sundial"},{"floor":12.0,"key":"Art of War"}],"event_choices":[{"cards_removed":["Heatsinks"],"damage_healed":0.0,"max_hp_gain":0.0,"max_hp_loss":0.0,"gold_gain":0.0,"event_name":"WeMeetAgain","player_choice":"Gave Card","floor":2.0,"gold_loss":0.0,"damage_taken":0.0,"relics_obtained":["Blue Candle"]},{"cards_removed":["Defend_B"],"damage_healed":0.0,"max_hp_gain":0.0,"max_hp_loss":0.0,"gold_gain":0.0,"event_name":"Living Wall","player_choice":"Forget","floor":4.0,"gold_loss":0.0,"damage_taken":0.0},{"damage_healed":0.0,"max_hp_gain":0.0,"max_hp_loss":0.0,"gold_gain":0.0,"event_name":"Upgrade Shrine","player_choice":"Upgraded","floor":14.0,"gold_loss":0.0,"damage_taken":0.0,"cards_upgraded":["Recycle"]}],"is_beta":false,"boss_relics":[{"not_picked":["Runic Dome","Snecko Eye"],"picked":"Philosopher\u0027s Stone"}],"items_purged_floors":[11],"is_endless":false,"potions_floor_spawned":[5,8,12,13,20,21],"killed_by":"Gremlin Leader","ascension_level":10}}