{"host":"vm3f1ccwgbs4oygt","time":1611853116,"event":{"mods":["BaseMod","BetterRewards","Colored Powertips","Minty Spire (QoL Compilation)","Permanent Neow","Shop Mod","StSLib"],"gold_per_floor":[116,66,76,96,96,96,136,152,177,201,172,172,191,3,3,132,132,147,147,170,45,68,68,68],"floor_reached":23,"language":"ENG","playtime":19525,"items_purged":["Strike_G"],"score":212,"play_id":"9a4b645e-3ac2-4ab8-aa86-838381dd2e03","local_time":"20210128175836","is_ascension_mode":true,"campfire_choices":[{"data":"Dash","floor":6,"key":"SMITH"},{"data":"Die Die Die","floor":12,"key":"SMITH"},{"floor":15,"key":"REST"}],"circlet_count":0,"master_deck":["Strike_G","Strike_G","Strike_G","Strike_G","Defend_G","Defend_G","Defend_G","Defend_G","Survivor","Neutralize","Acrobatics","All Out Attack","Blade Dance","Dash+1","Injury","Die Die Die+1","Crippling Poison","Underhanded Strike","Flying Knee","Footwork","A Thousand Cuts","Reflex+1","Deadly Poison+1","Deflect"],"relics":["Ring of the Snake","Golden Idol","Bag of Marbles","Tiny Chest","Nunchaku","Cursed Key"],"acts_visited":["Exordium","TheCity"],"potions_floor_usage":[16,16,22,23],"damage_taken":[{"damage":7,"enemies":"2 Louse","floor":1,"turns":3},{"damage":0,"enemies":"Jaw Worm","floor":3,"turns":4},{"damage":0,"enemies":"Cultist","floor":4,"turns":3},{"damage":27,"enemies":"3 Sentries","floor":7,"turns":7},{"damage":3,"enemies":"Blue Slaver","floor":8,"turns":2},{"damage":6,"enemies":"Exordium Thugs","floor":10,"turns":2},{"damage":0,"enemies":"Looter","floor":13,"turns":2},{"damage":12,"enemies":"Slime Boss","floor":16,"turns":8},{"damage":25,"enemies":"3 Byrds","floor":18,"turns":4},{"damage":35,"enemies":"Spheric Guardian","floor":20,"turns":6},{"damage":8,"enemies":"Cultist and Chosen","floor":22,"turns":4},{"damage":33,"enemies":"Slavers","floor":23,"turns":3}],"seed_played":"-6095665288034132855","potions_obtained":[{"floor":4,"key":"SmokeBomb"},{"floor":7,"key":"FairyPotion"},{"floor":8,"key":"Strength Potion"},{"floor":13,"key":"CultistPotion"},{"floor":18,"key":"CultistPotion"}],"is_trial":false,"path_per_floor":["M","?","M","M","?","R","E","M","T","M","?","R","M","$","R","B",null,"M","T","M","$","M","E"],"character_chosen":"THE_SILENT","items_purchased":["Nunchaku","Footwork","SkillPotion"],"campfire_rested":1,"item_purchase_floors":[14,14,21],"current_hp_per_floor":[63,63,63,63,63,63,36,33,33,27,27,27,27,27,48,36,70,45,45,10,10,2,0,0],"gold":68,"neow_bonus":"THREE_CARDS","is_daily":false,"chose_seed":false,"campfire_upgraded":2,"win_rate":0.0,"timestamp":1611853116,"path_taken":["M","?","M","M","?","R","E","M","T","M","?","R","M","?","R","BOSS","M","?","M","$","M","E"],"items_purchased_type":["Relic","Card","Potion"],"build_version":"2020-12-22","purchased_purges":1,"victory":false,"max_hp_per_floor":[70,70,70,70,70,70,70,70,70,70,70,70,70,70,70,70,70,70,70,70,70,70,70,70],"card_choices":[{"not_picked":["Flying Knee","Blade Dance"],"picked":"Acrobatics","floor":0},{"not_picked":["Acrobatics","Deflect"],"picked":"All Out Attack","floor":1},{"not_picked":["Sucker Punch","Finisher"],"picked":"Blade Dance","floor":3},{"not_picked":["Endless Agony","Dodge and Roll"],"picked":"Dash","floor":4},{"not_picked":["Reflex","Crippling Poison"],"picked":"Die Die Die","floor":7},{"not_picked":["Finisher","Dodge and Roll"],"picked":"Crippling Poison","floor":8},{"not_picked":["Quick Slash","Prepared"],"picked":"Underhanded Strike","floor":10},{"not_picked":["Endless Agony","Slice"],"picked":"Flying Knee","floor":13},{"not_picked":["Night Terror","Die Die Die"],"picked":"A Thousand Cuts","floor":16},{"not_picked":["Flechettes","Dagger Spray"],"picked":"Reflex+1","floor":18},{"not_picked":["Riddle With Holes","Escape Plan"],"picked":"Deadly Poison+1","floor":20},{"not_picked":["Outmaneuver","Tactician"],"picked":"Deflect","floor":22}],"player_experience":919011,"relics_obtained":[{"floor":7,"key":"Bag of Marbles"},{"floor":9,"key":"Tiny Chest"}],"event_choices":[{"cards_removed":["Defend_G"],"damage_healed":0,"gold_gain":0,"player_choice":"Card Removal","damage_taken":0,"max_hp_gain":0,"max_hp_loss":0,"event_name":"The Cleric","floor":2,"gold_loss":50},{"damage_healed":0,"gold_gain":0,"player_choice":"Take Wound","damage_taken":0,"relics_obtained":["Golden Idol"],"max_hp_gain":0,"max_hp_loss":0,"event_name":"Golden Idol","floor":5,"gold_loss":0,"cards_obtained":["Injury"]},{"damage_healed":0,"gold_gain":0,"player_choice":"Left Gold","damage_taken":0,"max_hp_gain":0,"max_hp_loss":0,"event_name":"World of Goop","floor":11,"gold_loss":29}],"is_beta":false,"boss_relics":[{"not_picked":["Fusion Hammer","Pandora\u0027s Box"],"picked":"Cursed Key"}],"items_purged_floors":[21],"is_endless":false,"potions_floor_spawned":[4,7,8,13,18],"killed_by":"Slavers","ascension_level":2}}