{"host":"na09lpbrez4gbfiz","time":1611853406,"event":{"mods":["Act Like it!","BaseMod","BetterRewards","Colored Map","Colored Powertips","DeckTracker","Googly Eyes","Highlight Path","Minty Spire (QoL Compilation)","Quick Restart","Spicy Shops","StSLib","SuperFastMode","Synergy Search"],"gold_per_floor":[168,118,43,62,62,62,77,77,102,102,102,121,121,121,121,222,222,237,336,336,33,33,33,64,64,89,89,114,161,192,206,206,301,301,317,333,349,30,47,47,57,57,107,107,121,121,153,153,153,153],"floor_reached":51,"language":"ENG","playtime":1252,"items_purged":["Strike_R","Strike_R","Defend_R"],"score":1226,"play_id":"0b538f93-cc3a-4bca-a84a-b1ad2dc7a555","local_time":"20210128180326","is_ascension_mode":true,"campfire_choices":[{"data":"Bash","floor":6.0,"key":"SMITH"},{"data":"Defend_R","floor":8.0,"key":"SMITH"},{"data":"Defend_R","floor":10.0,"key":"SMITH"},{"data":"Searing Blow","floor":15.0,"key":"SMITH"},{"data":"Searing Blow+1","floor":23.0,"key":"SMITH"},{"data":"Searing Blow+2","floor":25.0,"key":"SMITH"},{"data":"Searing Blow+3","floor":27.0,"key":"SMITH"},{"floor":32.0,"key":"REST"},{"data":"Searing Blow+4","floor":40.0,"key":"SMITH"},{"data":"Searing Blow+5","floor":42.0,"key":"SMITH"},{"data":"Searing Blow+6","floor":44.0,"key":"SMITH"},{"data":"Searing Blow+7","floor":46.0,"key":"SMITH"},{"data":"Searing Blow+8","floor":49,"key":"SMITH"}],"circlet_count":0,"master_deck":["AscendersBane","Strike_R+1","Defend_R+1","Defend_R+1","Defend_R+1","Bash+1","Ghostly Armor+1","Whirlwind","Searing Blow+9","Bludgeon","CurseOfTheBell","Madness","Shrug It Off+1","True Grit+1"],"relics":["Tiny House","Blood Vial","Eternal Feather","Matryoshka","Velvet Choker","Sling","HornCleat","White Beast Statue","Happy Flower","Orichalcum","Centennial Puzzle","Dream Catcher","Vajra","Anchor","Calling Bell","MealTicket","Darkstone Periapt","Du-Vu Doll","Strawberry","Regal Pillow","Art of War"],"acts_visited":["Exordium","TheCity","TheBeyond"],"potions_floor_usage":[47,50,50],"damage_taken":[{"damage":9.0,"enemies":"Jaw Worm","floor":1.0,"turns":5.0},{"damage":3.0,"enemies":"Small Slimes","floor":4.0,"turns":4.0},{"damage":1.0,"enemies":"Cultist","floor":7.0,"turns":5.0},{"damage":3.0,"enemies":"Looter","floor":12.0,"turns":4.0},{"damage":51.0,"enemies":"The Guardian","floor":16.0,"turns":15.0},{"damage":4.0,"enemies":"Spheric Guardian","floor":18.0,"turns":4.0},{"damage":36.0,"enemies":"Gremlin Leader","floor":24.0,"turns":4.0},{"damage":2.0,"enemies":"Slavers","floor":28.0,"turns":5.0},{"damage":25.0,"enemies":"Book of Stabbing","floor":30.0,"turns":5.0},{"damage":0.0,"enemies":"Chosen","floor":31.0,"turns":3.0},{"damage":43.0,"enemies":"Collector","floor":33.0,"turns":10.0},{"damage":0.0,"enemies":"3 Shapes","floor":35.0,"turns":6.0},{"damage":20.0,"enemies":"3 Darklings","floor":36.0,"turns":5.0},{"damage":27.0,"enemies":"Maw","floor":37.0,"turns":6.0},{"damage":40.0,"enemies":"Writhing Mass","floor":39.0,"turns":4.0},{"damage":14.0,"enemies":"Jaw Worm Horde","floor":41.0,"turns":5.0},{"damage":4.0,"enemies":"Spire Growth","floor":45.0,"turns":3.0},{"damage":25,"enemies":"Reptomancer","floor":47,"turns":6},{"damage":58,"enemies":"Awakened One","floor":50,"turns":12}],"seed_played":"-3456692180322720898","potions_obtained":[{"floor":0.0,"key":"SteroidPotion"},{"floor":1.0,"key":"Ancient Potion"},{"floor":7.0,"key":"Fruit Juice"},{"floor":12.0,"key":"Fire Potion"},{"floor":24.0,"key":"LiquidMemories"},{"floor":28.0,"key":"SkillPotion"},{"floor":30.0,"key":"EssenceOfSteel"},{"floor":31.0,"key":"DistilledChaos"},{"floor":33.0,"key":"BloodPotion"},{"floor":35.0,"key":"PowerPotion"},{"floor":36.0,"key":"GamblersBrew"},{"floor":37.0,"key":"Energy Potion"},{"floor":39.0,"key":"BlessingOfTheForge"},{"floor":41.0,"key":"SpeedPotion"},{"floor":47,"key":"DuplicationPotion"}],"is_trial":false,"path_per_floor":["M","?","$","M","?","R","M","R","T","R","?","M","?","T","R","B",null,"M","?","?","$","?","R","E","R","T","R","E","T","E","M","R","B",null,"M","M","M","$","M","R","M","R","T","R","M","R","E","?","R","B",null],"character_chosen":"IRONCLAD","items_purchased":["Sling","Block Potion","Madness","Strawberry"],"campfire_rested":1,"item_purchase_floors":[21,21,38,38],"current_hp_per_floor":[68,68,68,65,48,48,52,52,52,52,52,51,48,48,54,5,69,67,67,49,49,49,55,21,27,27,33,33,33,10,12,46,5,73,75,76,51,73,35,41,29,35,35,41,39,45,22,89,89,31],"gold":153,"neow_bonus":"BOSS_RELIC","is_daily":false,"chose_seed":false,"campfire_upgraded":12,"win_rate":0.0,"timestamp":1611853406,"path_taken":["M","?","$","M","?","R","M","R","T","R","?","?","?","?","R","BOSS","M","?","?","?","?","R","E","R","T","R","E","?","E","M","R","BOSS","M","M","?","$","M","R","M","R","T","R","?","R","E","?","R","BOSS"],"items_purchased_type":["Relic","Potion","Card","Relic"],"build_version":"2020-12-22","purchased_purges":3,"victory":true,"max_hp_per_floor":[85,85,85,85,85,85,90,90,90,90,90,90,90,90,90,90,90,90,90,95,95,95,95,95,95,95,95,95,95,95,95,95,95,95,95,95,95,102,102,102,102,102,102,102,102,102,102,89,89,89],"card_choices":[{"not_picked":["Disarm","Metallicize"],"picked":"Ghostly Armor","floor":1.0},{"not_picked":["Sword Boomerang","Perfected Strike","Cleave"],"picked":"SKIP","floor":4.0},{"not_picked":["Spot Weakness","Bloodletting","Dark Embrace"],"picked":"SKIP","floor":7.0},{"not_picked":["Twin Strike","Sword Boomerang"],"picked":"Searing Blow","floor":12.0},{"not_picked":["Impervious","Brutality"],"picked":"Bludgeon","floor":16.0},{"not_picked":["Heavy Blade","Pommel Strike","Cleave"],"picked":"SKIP","floor":18.0},{"not_picked":["Shockwave","Heavy Blade","Corruption"],"picked":"SKIP","floor":24.0},{"not_picked":["Perfected Strike","Fire Breathing","Wild Strike"],"picked":"SKIP","floor":28.0},{"not_picked":["Sword Boomerang","Rage","Pummel+1"],"picked":"SKIP","floor":30.0},{"not_picked":["Clash","Hemokinesis","Flex"],"picked":"SKIP","floor":31.0},{"not_picked":["Carnage","Cleave+1","Clash+1"],"picked":"SKIP","floor":35.0},{"not_picked":["Clash","Rage","Flex"],"picked":"SKIP","floor":36.0},{"not_picked":["Sword Boomerang+1","Headbutt+1","Evolve"],"picked":"SKIP","floor":37.0},{"not_picked":["Flame Barrier","Pommel Strike"],"picked":"Shrug It Off+1","floor":39.0},{"not_picked":["Power Through","Dark Embrace","Flex"],"picked":"SKIP","floor":41.0},{"not_picked":["Twin Strike+1","Feed"],"picked":"True Grit+1","floor":45.0},{"not_picked":["Twin Strike","Pummel","Ghostly Armor+1"],"picked":"SKIP","floor":47}],"player_experience":184007,"relics_obtained":[{"floor":9.0,"key":"Blood Vial"},{"floor":14.0,"key":"Matryoshka"},{"floor":24.0,"key":"White Beast Statue"},{"floor":26.0,"key":"Happy Flower"},{"floor":26.0,"key":"Orichalcum"},{"floor":28.0,"key":"Centennial Puzzle"},{"floor":29.0,"key":"Dream Catcher"},{"floor":29.0,"key":"Vajra"},{"floor":30.0,"key":"Anchor"},{"floor":34.0,"key":"MealTicket"},{"floor":34.0,"key":"Darkstone Periapt"},{"floor":34.0,"key":"Du-Vu Doll"},{"floor":43.0,"key":"Regal Pillow"},{"floor":47,"key":"Art of War"}],"event_choices":[{"cards_removed":["Strike_R"],"damage_healed":0.0,"max_hp_gain":0.0,"max_hp_loss":0.0,"gold_gain":0.0,"event_name":"The Cleric","player_choice":"Card Removal","floor":2.0,"gold_loss":50.0,"damage_taken":0.0},{"damage_healed":0.0,"max_hp_gain":0.0,"max_hp_loss":0.0,"gold_gain":0.0,"event_name":"Shining Light","player_choice":"Entered Light","floor":5.0,"gold_loss":0.0,"damage_taken":17.0,"cards_upgraded":["Strike_R","Ghostly Armor"]},{"damage_healed":0.0,"max_hp_gain":0.0,"max_hp_loss":0.0,"gold_gain":0.0,"cards_transformed":["Strike_R"],"event_name":"Transmorgrifier","player_choice":"Transformed","floor":11.0,"gold_loss":0.0,"damage_taken":0.0,"cards_obtained":["Whirlwind"]},{"damage_healed":0.0,"max_hp_gain":0.0,"max_hp_loss":0.0,"gold_gain":0.0,"event_name":"Scrap Ooze","player_choice":"Success","floor":13.0,"gold_loss":0.0,"damage_taken":3.0,"relics_obtained":["Eternal Feather"]},{"damage_healed":0.0,"max_hp_gain":0.0,"max_hp_loss":0.0,"gold_gain":99.0,"event_name":"Nest","player_choice":"Stole From Cult","floor":19.0,"gold_loss":0.0,"damage_taken":0.0},{"damage_healed":0.0,"max_hp_gain":5.0,"max_hp_loss":0.0,"gold_gain":0.0,"event_name":"Forgotten Altar","player_choice":"Shed Blood","floor":20.0,"gold_loss":0.0,"damage_taken":23.0},{"damage_healed":0.0,"max_hp_gain":0.0,"max_hp_loss":0.0,"gold_gain":0.0,"event_name":"The Mausoleum","player_choice":"Opened","floor":22.0,"gold_loss":0.0,"damage_taken":0.0,"relics_obtained":["HornCleat"]},{"damage_healed":89,"gold_gain":0,"player_choice":"Heal","damage_taken":0,"max_hp_gain":0,"max_hp_loss":13,"event_name":"The Moai Head","floor":48,"gold_loss":0}],"is_beta":false,"boss_relics":[{"not_picked":["Empty Cage","Coffee Dripper"],"picked":"Velvet Choker"},{"not_picked":["Runic Cube","Astrolabe"],"picked":"Calling Bell"}],"items_purged_floors":[3,21,38],"is_endless":false,"potions_floor_spawned":[1,7,12,24,28,30,31,33,35,36,37,39,41,45,47],"ascension_level":11}}