{"host":"5p9hybygolzp0efr","time":1611844898,"event":{"mods":["AchievementEnabler","BaseMod","Bestiary","Colored Map","Minty Spire (QoL Compilation)","Relic Stats"],"gold_per_floor":[111,122,142,142,157,157,79,4,4,14,14,47,60,70,70,70,70],"floor_reached":16,"language":"ENG","playtime":1017,"items_purged":["Strike_R"],"score":151,"play_id":"3c8e9a61-3281-44cf-ba3b-f09430dc290a","local_time":"20210128224138","is_ascension_mode":true,"campfire_choices":[{"data":"Bash","floor":6,"key":"SMITH"},{"data":"Clothesline","floor":11,"key":"SMITH"},{"data":"Strike_R","floor":15,"key":"PURGE"}],"circlet_count":0,"master_deck":["Strike_R","Strike_R","Strike_R","Defend_R","Defend_R+1","Defend_R","Defend_R","Bash+1","Clothesline+1","Cleave+1","Whirlwind","Shrug It Off","True Grit","Flame Barrier"],"relics":["Burning Blood","Peace Pipe","Gambling Chip","Eternal Feather"],"acts_visited":["Exordium"],"potions_floor_usage":[16,16],"damage_taken":[{"damage":15,"enemies":"Cultist","floor":1,"turns":5},{"damage":2,"enemies":"2 Louse","floor":2,"turns":4},{"damage":5,"enemies":"Small Slimes","floor":3,"turns":3},{"damage":14,"enemies":"2 Fungi Beasts","floor":5,"turns":3},{"damage":0,"enemies":"Gremlin Gang","floor":10,"turns":2},{"damage":18,"enemies":"Gremlin Nob","floor":12,"turns":4},{"damage":23,"enemies":"Exordium Thugs","floor":13,"turns":5},{"damage":0,"enemies":"2 Fungi Beasts","floor":14,"turns":2},{"damage":63,"enemies":"The Guardian","floor":16,"turns":15}],"seed_played":"4864127637572222391","potions_obtained":[{"floor":2,"key":"SteroidPotion"},{"floor":12,"key":"SteroidPotion"},{"floor":14,"key":"ColorlessPotion"}],"is_trial":false,"path_per_floor":["M","M","M","?","M","R","?","$","T","M","R","E","M","M","R","B"],"character_chosen":"IRONCLAD","items_purchased":[],"campfire_rested":0,"item_purchase_floors":[],"current_hp_per_floor":[71,75,76,58,50,50,50,50,50,56,56,44,27,33,42,0,0],"gold":70,"neow_bonus":"TEN_PERCENT_HP_BONUS","is_daily":false,"chose_seed":false,"campfire_upgraded":2,"win_rate":0.0,"timestamp":1611844898,"path_taken":["M","M","M","?","M","R","?","$","T","?","R","E","M","M","R","BOSS"],"items_purchased_type":[],"build_version":"2020-12-22","purchased_purges":1,"victory":false,"max_hp_per_floor":[88,88,88,88,88,88,88,88,88,88,88,88,88,88,88,88,88],"relic_stats":{"Peace Pipe":1,"counters":[9,43],"Gambling Chip":[9],"Eternal Feather":9,"obtain_stats":[{"Peace Pipe":7,"Gambling Chip":9,"Eternal Feather":12,"Burning Blood":0},{"Peace Pipe":4,"Gambling Chip":4,"Eternal Feather":6,"Burning Blood":0},{"Peace Pipe":15,"Gambling Chip":15,"Eternal Feather":21,"Burning Blood":0}],"Burning Blood":48},"card_choices":[{"not_picked":["Uppercut","Pommel Strike"],"picked":"Clothesline","floor":1},{"not_picked":["Body Slam","Sword Boomerang","Wild Strike"],"picked":"SKIP","floor":2},{"not_picked":["Anger","Perfected Strike"],"picked":"Cleave","floor":3},{"not_picked":["Shrug It Off","Blood for Blood"],"picked":"Whirlwind","floor":5},{"not_picked":["Clash","Demon Form"],"picked":"Shrug It Off","floor":10},{"not_picked":["Bloodletting","Twin Strike"],"picked":"True Grit","floor":12},{"not_picked":["Warcry","Perfected Strike"],"picked":"Flame Barrier","floor":13},{"not_picked":["Fire Breathing","Clash","Flex"],"picked":"SKIP","floor":14}],"player_experience":553543,"relics_obtained":[{"floor":9,"key":"Gambling Chip"},{"floor":12,"key":"Eternal Feather"}],"event_choices":[{"damage_healed":0,"gold_gain":0,"player_choice":"Entered Light","damage_taken":18,"max_hp_gain":0,"max_hp_loss":0,"event_name":"Shining Light","floor":4,"gold_loss":0,"cards_upgraded":["Cleave","Defend_R"]},{"damage_healed":0,"gold_gain":0,"player_choice":"Paid Gold","damage_taken":0,"relics_obtained":["Peace Pipe"],"max_hp_gain":0,"max_hp_loss":0,"event_name":"WeMeetAgain","floor":7,"gold_loss":78}],"is_beta":false,"boss_relics":[],"items_purged_floors":[8],"is_endless":false,"potions_floor_spawned":[2,12,14],"killed_by":"The Guardian","ascension_level":9}}