{"host":"5tzvto3beate6p8b","time":1611849010,"event":{"mods":["BaseMod","Colored Map","Minty Spire (QoL Compilation)","StSLib","SuperFastMode"],"gold_per_floor":[110,60,60,78,78,78,117,133,156,195,220,220,260,325,325,449,449,432,446,446,446,467,467,502,502,577,592,635,86,86,104,104,229,229,252,10,25,49,65,65,96,96,96,114,114,158,179,217,217,217],"floor_reached":51,"language":"JPN","playtime":5105,"items_purged":[],"score":1228,"play_id":"beb40171-3b7f-44ce-be1c-6b97826eeb02","local_time":"20210129005010","is_ascension_mode":true,"campfire_choices":[{"data":"Reprogram","floor":6.0,"key":"SMITH"},{"data":"Fusion","floor":12.0,"key":"SMITH"},{"floor":15.0,"key":"REST"},{"floor":23.0,"key":"REST"},{"data":"Hologram","floor":25.0,"key":"SMITH"},{"floor":30.0,"key":"REST"},{"floor":32.0,"key":"REST"},{"data":"Reboot","floor":40.0,"key":"SMITH"},{"floor":49,"key":"REST"}],"circlet_count":0,"master_deck":["Strike_B","Strike_B+1","Strike_B","Strike_B","Defend_B","Defend_B","Defend_B","Defend_B","Reprogram+1","Gash","Fusion+1","Hologram+1","Leap","Beam Cell+1","Hologram+1","Gash","Reboot+1","Self Repair+1","Conserve Battery","Barrage","Melter","Streamline+1","Leap","BootSequence+1","FTL","Skim","Trip","Sweeping Beam","Turbo","Auto Shields+1","White Noise","Rebound","Skim+1","Echo Form","Compile Driver"],"relics":["Cracked Core","Golden Idol","Ancient Tea Set","Happy Flower","Kunai","Singing Bowl","Oddly Smooth Stone","Busted Crown","Centennial Puzzle","Pocketwatch","Prayer Wheel","Lantern","Black Star","Whetstone","Juzu Bracelet","Mummified Hand","HornCleat","Du-Vu Doll","MealTicket","Regal Pillow"],"acts_visited":["Exordium","TheCity","TheBeyond"],"potions_floor_usage":[48],"damage_taken":[{"damage":4.0,"enemies":"Jaw Worm","floor":1.0,"turns":3.0},{"damage":0.0,"enemies":"2 Louse","floor":4.0,"turns":4.0},{"damage":0.0,"enemies":"3 Sentries","floor":7.0,"turns":6.0},{"damage":5.0,"enemies":"Small Slimes","floor":8.0,"turns":3.0},{"damage":1.0,"enemies":"Lagavulin","floor":10.0,"turns":8.0},{"damage":0.0,"enemies":"2 Fungi Beasts","floor":11.0,"turns":4.0},{"damage":16.0,"enemies":"Gremlin Nob","floor":13.0,"turns":5.0},{"damage":14.0,"enemies":"Lagavulin Event","floor":14.0,"turns":7.0},{"damage":12.0,"enemies":"Slime Boss","floor":16.0,"turns":11.0},{"damage":14.0,"enemies":"2 Thieves","floor":18.0,"turns":4.0},{"damage":7.0,"enemies":"3 Byrds","floor":19.0,"turns":7.0},{"damage":0.0,"enemies":"Centurion and Healer","floor":22.0,"turns":5.0},{"damage":26.0,"enemies":"Slavers","floor":24.0,"turns":7.0},{"damage":2.0,"enemies":"Snecko","floor":27.0,"turns":5.0},{"damage":35.0,"enemies":"Gremlin Leader","floor":28.0,"turns":7.0},{"damage":9.0,"enemies":"Cultist and Chosen","floor":31.0,"turns":7.0},{"damage":33.0,"enemies":"Champ","floor":33.0,"turns":11.0},{"damage":31.0,"enemies":"3 Darklings","floor":35.0,"turns":6.0},{"damage":0.0,"enemies":"3 Shapes","floor":37.0,"turns":5.0},{"damage":10.0,"enemies":"Transient","floor":38.0,"turns":5.0},{"damage":0.0,"enemies":"Sphere and 2 Shapes","floor":39.0,"turns":4.0},{"damage":25.0,"enemies":"Reptomancer","floor":41.0,"turns":5.0},{"damage":2.0,"enemies":"4 Shapes","floor":44.0,"turns":8.0},{"damage":27.0,"enemies":"Giant Head","floor":46.0,"turns":9.0},{"damage":8.0,"enemies":"Writhing Mass","floor":47.0,"turns":7.0},{"damage":0,"enemies":"Nemesis","floor":48,"turns":7},{"damage":67,"enemies":"Donu and Deca","floor":50,"turns":12}],"seed_played":"-2987124631347015411","potions_obtained":[{"floor":0.0,"key":"AttackPotion"},{"floor":0.0,"key":"LiquidMemories"},{"floor":0.0,"key":"Fruit Juice"},{"floor":1.0,"key":"BlessingOfTheForge"},{"floor":7.0,"key":"Block Potion"},{"floor":11.0,"key":"Swift Potion"},{"floor":16.0,"key":"CultistPotion"},{"floor":19.0,"key":"Ancient Potion"},{"floor":22.0,"key":"DistilledChaos"},{"floor":27.0,"key":"EntropicBrew"},{"floor":35.0,"key":"Strength Potion"},{"floor":42.0,"key":"Swift Potion"},{"floor":42.0,"key":"Strength Potion"},{"floor":42.0,"key":"Strength Potion"},{"floor":46.0,"key":"Swift Potion"},{"floor":48,"key":"FocusPotion"}],"is_trial":false,"path_per_floor":["M","?","?","M","?","R","E","M","T","E","M","R","E","?","R","B",null,"M","M","?","?","M","R","E","R","T","M","E","$","R","M","R","B",null,"M","$","M","M","M","R","E","?","T","M","?","E","M","E","R","B",null],"character_chosen":"DEFECT","items_purchased":["Prayer Wheel","Barrage","Lantern","FearPotion","FTL","Skim","Trip"],"campfire_rested":5,"item_purchase_floors":[29,29,29,29,36,36,36],"current_hp_per_floor":[69,69,69,69,62,62,62,57,57,56,56,56,40,26,48,36,65,53,48,48,42,44,68,42,42,42,50,27,27,51,52,76,55,77,56,56,68,70,82,82,57,57,57,67,67,50,54,64,94,37],"gold":217,"neow_bonus":"THREE_SMALL_POTIONS","is_daily":false,"chose_seed":false,"campfire_upgraded":4,"win_rate":0.0,"timestamp":1611849010,"path_taken":["M","?","?","M","?","R","E","M","T","E","M","R","E","?","R","BOSS","M","M","?","?","?","R","E","R","T","M","E","$","R","M","R","BOSS","M","$","M","M","M","R","E","?","T","M","?","E","M","E","R","BOSS"],"items_purchased_type":["Relic","Card","Relic","Potion","Card","Card","Card"],"build_version":"2020-12-22","purchased_purges":0,"victory":true,"max_hp_per_floor":[80,80,74,74,74,74,74,74,74,74,74,74,74,74,74,74,74,76,78,78,78,80,80,80,80,80,80,82,82,82,82,82,84,84,84,84,86,88,90,90,90,90,90,92,92,92,94,94,94,94],"card_choices":[{"not_picked":["Auto Shields","Redo"],"picked":"Reprogram","floor":1.0},{"not_picked":["Coolheaded","Turbo"],"picked":"Gash","floor":4.0},{"not_picked":["Lockon","Leap"],"picked":"Fusion","floor":7.0},{"not_picked":["Melter","Hello World"],"picked":"Hologram","floor":8.0},{"not_picked":["Coolheaded","White Noise"],"picked":"Leap","floor":10.0},{"not_picked":["Barrage","Genetic Algorithm"],"picked":"Beam Cell","floor":11.0},{"not_picked":["Biased Cognition","Beam Cell"],"picked":"Hologram","floor":13.0},{"not_picked":["Sweeping Beam","Coolheaded"],"picked":"Gash","floor":14.0},{"not_picked":["Biased Cognition","Multi-Cast"],"picked":"Reboot","floor":16.0},{"not_picked":["Static Discharge"],"picked":"Singing Bowl","floor":18.0},{"not_picked":["Blizzard+1"],"picked":"Singing Bowl","floor":19.0},{"not_picked":["Steam"],"picked":"Singing Bowl","floor":22.0},{"not_picked":[],"picked":"Self Repair+1","floor":24.0},{"not_picked":[],"picked":"Conserve Battery","floor":27.0},{"not_picked":["Redo"],"picked":"Singing Bowl","floor":28.0},{"not_picked":[],"picked":"Melter","floor":31.0},{"not_picked":[],"picked":"Streamline+1","floor":31.0},{"not_picked":["Thunder Strike"],"picked":"Singing Bowl","floor":33.0},{"not_picked":[],"picked":"Leap","floor":35.0},{"not_picked":[],"picked":"BootSequence+1","floor":35.0},{"not_picked":["Force Field+1"],"picked":"Singing Bowl","floor":37.0},{"not_picked":[],"picked":"Sweeping Beam","floor":37.0},{"not_picked":[],"picked":"Turbo","floor":38.0},{"not_picked":["Coolheaded"],"picked":"Singing Bowl","floor":38.0},{"not_picked":[],"picked":"Auto Shields+1","floor":39.0},{"not_picked":["Stack"],"picked":"Singing Bowl","floor":39.0},{"not_picked":[],"picked":"White Noise","floor":41.0},{"not_picked":["Storm"],"picked":"Singing Bowl","floor":44.0},{"not_picked":[],"picked":"Rebound","floor":44.0},{"not_picked":[],"picked":"Skim+1","floor":46.0},{"not_picked":[],"picked":"Echo Form","floor":47.0},{"not_picked":["Ball Lightning+1"],"picked":"Singing Bowl","floor":47.0},{"not_picked":[],"picked":"Compile Driver","floor":48}],"player_experience":680123,"relics_obtained":[{"floor":7.0,"key":"Ancient Tea Set"},{"floor":9.0,"key":"Happy Flower"},{"floor":10.0,"key":"Kunai"},{"floor":13.0,"key":"Singing Bowl"},{"floor":14.0,"key":"Oddly Smooth Stone"},{"floor":24.0,"key":"Centennial Puzzle"},{"floor":28.0,"key":"Pocketwatch"},{"floor":41.0,"key":"Whetstone"},{"floor":41.0,"key":"Juzu Bracelet"},{"floor":43.0,"key":"Mummified Hand"},{"floor":46.0,"key":"HornCleat"},{"floor":46.0,"key":"Du-Vu Doll"},{"floor":48,"key":"MealTicket"},{"floor":48,"key":"Regal Pillow"}],"event_choices":[{"cards_removed":["Zap"],"damage_healed":0.0,"max_hp_gain":0.0,"max_hp_loss":0.0,"gold_gain":0.0,"event_name":"The Cleric","player_choice":"Card Removal","floor":2.0,"gold_loss":50.0,"damage_taken":0.0},{"damage_healed":0.0,"max_hp_gain":0.0,"max_hp_loss":6.0,"gold_gain":0.0,"event_name":"Golden Idol","player_choice":"Lose Max HP","floor":3.0,"gold_loss":0.0,"damage_taken":0.0,"relics_obtained":["Golden Idol"]},{"cards_removed":["Dualcast"],"damage_healed":0.0,"max_hp_gain":0.0,"max_hp_loss":0.0,"gold_gain":0.0,"event_name":"Golden Wing","player_choice":"Card Removal","floor":5.0,"gold_loss":0.0,"damage_taken":7.0},{"damage_healed":0.0,"max_hp_gain":0.0,"max_hp_loss":0.0,"gold_gain":30.0,"event_name":"Dead Adventurer","player_choice":"Searched \u00272\u0027 times","floor":14.0,"gold_loss":0.0,"damage_taken":0.0},{"damage_healed":0.0,"max_hp_gain":0.0,"max_hp_loss":0.0,"gold_gain":0.0,"event_name":"The Mausoleum","player_choice":"Ignored","floor":20.0,"gold_loss":0.0,"damage_taken":0.0},{"damage_healed":0.0,"max_hp_gain":0.0,"max_hp_loss":0.0,"gold_gain":0.0,"event_name":"Knowing Skull","player_choice":"","floor":21.0,"potions_obtained":[],"gold_loss":0.0,"damage_taken":6.0,"cards_obtained":[]},{"damage_healed":0.0,"max_hp_gain":0.0,"max_hp_loss":0.0,"gold_gain":0.0,"event_name":"Lab","player_choice":"Got Potions","floor":42.0,"gold_loss":0.0,"damage_taken":0.0},{"damage_healed":0.0,"max_hp_gain":0.0,"max_hp_loss":0.0,"gold_gain":0.0,"event_name":"Accursed Blacksmith","player_choice":"Forge","floor":45.0,"gold_loss":0.0,"damage_taken":0.0,"cards_upgraded":["Hologram"]}],"is_beta":false,"boss_relics":[{"not_picked":["SacredBark","Pandora\u0027s Box"],"picked":"Busted Crown"},{"not_picked":["Velvet Choker","Inserter"],"picked":"Black Star"}],"items_purged_floors":[],"is_endless":false,"potions_floor_spawned":[1,7,11,16,19,22,27,35,46,47,48],"ascension_level":9}}