{"host":"sc0o2qwpf9j16a4i","time":1611845007,"event":{"mods":["AchievementEnabler","BaseMod","BetterRewards","Block Reminder","Colored Map","Colored Powertips","Custom Start","Highlight Path","Minty Spire (QoL Compilation)","Relic Stats"],"gold_per_floor":[116,116,116,132,203,232,261,290,368,382,416,67,92,92,92,195,195,208,277,312,87,98,98,139,177,200,273,311,334,376,412,412,517,517,537,537,561,561,112,149,186,51,51,85,111,131,170,213,213,213],"floor_reached":51,"language":"ENG","playtime":2513,"items_purged":["Beam Cell"],"score":1393,"play_id":"feb31e92-79e2-45e2-8cf1-6b6268d5f951","local_time":"20210128164327","daily_mods":["Draft","Flight","DeadlyEvents"],"is_ascension_mode":false,"campfire_choices":[{"floor":15.0,"key":"REST"},{"data":"Loop","floor":23.0,"key":"SMITH"},{"data":"Hologram","floor":32.0,"key":"SMITH"},{"data":"Biased Cognition","floor":49,"key":"SMITH"}],"circlet_count":0,"master_deck":["Sunder","Beam Cell","Glacier","Hologram","Go for the Eyes","Conserve Battery","Capacitor","Streamline","Conserve Battery","FTL","Darkness","Darkness","Loop+1","Leap","Hologram","Streamline","Reinforced Body","Self Repair","Chaos","Ball Lightning","Meteor Strike","Defragment","Compile Driver+1","Hologram","Echo Form","BootSequence","Chill+1","Self Repair+1","Chill","Barrage+1","White Noise+1","Echo Form","Heatsinks+1","Hologram+1","Capacitor","Stack","Biased Cognition+1","Stack+1","Barrage+1","Loop","Defragment+1","Hologram+1","Biased Cognition","Reprogram+1","Force Field","Static Discharge+1","Buffer"],"relics":["Cracked Core","Torii","Blood Vial","Tiny Chest","Cables","Letter Opener","ClockworkSouvenir","Akabeko","Centennial Puzzle","SlaversCollar","Shuriken","Regal Pillow","Orrery","CeramicFish","Unceasing Top","Lantern","White Beast Statue","MealTicket","Happy Flower","Lizard Tail","CaptainsWheel","Runic Pyramid","Pear","OrangePellets","Art of War","Smiling Mask","Pocketwatch","DollysMirror","StrikeDummy","Nunchaku","Eternal Feather","Bottled Tornado"],"acts_visited":["Exordium","TheCity","TheBeyond"],"potions_floor_usage":[45,48,50,50],"damage_taken":[{"damage":0.0,"enemies":"Small Slimes","floor":1.0,"turns":3.0},{"damage":0.0,"enemies":"Cultist","floor":4.0,"turns":2.0},{"damage":0.0,"enemies":"3 Sentries","floor":6.0,"turns":5.0},{"damage":25.0,"enemies":"Gremlin Nob","floor":7.0,"turns":4.0},{"damage":25.0,"enemies":"Lagavulin","floor":8.0,"turns":6.0},{"damage":0.0,"enemies":"2 Louse","floor":10.0,"turns":1.0},{"damage":21.0,"enemies":"Gremlin Nob","floor":11.0,"turns":4.0},{"damage":20.0,"enemies":"3 Sentries","floor":13.0,"turns":5.0},{"damage":0.0,"enemies":"The Guardian","floor":16.0,"turns":10.0},{"damage":2.0,"enemies":"Chosen","floor":18.0,"turns":3.0},{"damage":16.0,"enemies":"Book of Stabbing","floor":20.0,"turns":4.0},{"damage":0.0,"enemies":"Spheric Guardian","floor":22.0,"turns":5.0},{"damage":1.0,"enemies":"Gremlin Leader","floor":24.0,"turns":5.0},{"damage":1.0,"enemies":"Book of Stabbing","floor":25.0,"turns":6.0},{"damage":0.0,"enemies":"Slavers","floor":28.0,"turns":4.0},{"damage":0.0,"enemies":"Book of Stabbing","floor":30.0,"turns":4.0},{"damage":0.0,"enemies":"Gremlin Leader","floor":31.0,"turns":5.0},{"damage":7.0,"enemies":"Automaton","floor":33.0,"turns":9.0},{"damage":0.0,"enemies":"3 Shapes","floor":35.0,"turns":3.0},{"damage":6.0,"enemies":"3 Darklings","floor":37.0,"turns":6.0},{"damage":37.0,"enemies":"Nemesis","floor":40.0,"turns":7.0},{"damage":1.0,"enemies":"Giant Head","floor":41.0,"turns":6.0},{"damage":0,"enemies":"Reptomancer","floor":44,"turns":7},{"damage":1,"enemies":"Writhing Mass","floor":45,"turns":6},{"damage":0,"enemies":"4 Shapes","floor":46,"turns":3},{"damage":0,"enemies":"Nemesis","floor":47,"turns":5},{"damage":0,"enemies":"Giant Head","floor":48,"turns":9},{"damage":0,"enemies":"Awakened One","floor":50,"turns":8}],"seed_played":"-3049242273309325896","potions_obtained":[{"floor":1.0,"key":"LiquidMemories"},{"floor":7.0,"key":"FocusPotion"},{"floor":8.0,"key":"FairyPotion"},{"floor":20.0,"key":"SneckoOil"},{"floor":30.0,"key":"Block Potion"},{"floor":31.0,"key":"Swift Potion"},{"floor":33.0,"key":"SteroidPotion"},{"floor":35.0,"key":"SteroidPotion"},{"floor":41.0,"key":"Dexterity Potion"},{"floor":45,"key":"DistilledChaos"},{"floor":48,"key":"Block Potion"}],"is_trial":true,"path_per_floor":["M","?","?","M","?","E","E","E","T","M","E","$","E","?","R","B",null,"M","T","E","$","M","R","E","E","T","T","E","T","E","E","R","B",null,"M","?","M","T","$","E","E","$","T","E","M","M","E","E","R","B",null],"character_chosen":"DEFECT","items_purchased":["ClockworkSouvenir","Akabeko","PowerPotion","Echo Form","Orrery","OrangePellets","Loop","Art of War","ColorlessPotion","DollysMirror"],"campfire_rested":1,"item_purchase_floors":[12,12,12,21,21,39,39,39,39,42],"current_hp_per_floor":[75,75,75,75,75,75,50,34,34,43,31,31,13,18,42,58,80,80,80,71,71,73,73,74,80,80,80,80,80,80,80,80,80,80,80,80,80,90,90,87,90,90,90,90,90,90,90,90,90,90],"gold":213,"neow_bonus":"","is_daily":false,"chose_seed":false,"campfire_upgraded":3,"win_rate":0.0,"timestamp":1611845007,"path_taken":["M","?","?","?","?","E","E","E","T","?","E","$","?","?","R","BOSS","M","?","?","$","?","R","E","?","T","?","E","?","E","E","R","BOSS","M","?","?","?","$","?","E","?","T","E","?","M","E","E","R","BOSS"],"items_purchased_type":["Relic","Relic","Potion","Card","Relic","Relic","Card","Relic","Potion","Relic"],"build_version":"2020-12-22","purchased_purges":1,"victory":true,"max_hp_per_floor":[75,75,75,75,75,75,75,75,75,75,75,75,75,80,80,80,80,80,80,80,80,80,80,80,80,80,80,80,80,80,80,80,80,80,80,80,80,90,90,90,90,90,90,90,90,90,90,90,90,90],"relic_stats":{"Regal Pillow":0,"Torii":32,"Happy Flower":[26],"counters":[28,143],"CeramicFish":144,"Eternal Feather":0,"Letter Opener":[322],"Smiling Mask":0,"Cables":[109,48,54,3,4],"Blood Vial":18,"OrangePellets":[13],"Centennial Puzzle":[27],"Lizard Tail":0,"Nunchaku":[3],"Shuriken":[29],"Tiny Chest":3,"MealTicket":0,"Art of War":[14],"obtain_stats":[{"Regal Pillow":20,"Lantern":26,"Torii":6,"CeramicFish":24,"Bottled Tornado":48,"Smiling Mask":40,"ClockworkSouvenir":12,"Blood Vial":7,"Centennial Puzzle":13,"Lizard Tail":30,"Nunchaku":44,"DollysMirror":42,"Tiny Chest":8,"MealTicket":28,"Cracked Core":0,"Runic Pyramid":34,"Pear":38,"Happy Flower":29,"Eternal Feather":47,"Letter Opener":11,"Akabeko":12,"White Beast Statue":27,"Cables":9,"SlaversCollar":17,"OrangePellets":39,"CaptainsWheel":31,"Shuriken":19,"Orrery":21,"Art of War":39,"StrikeDummy":43,"Unceasing Top":25,"Pocketwatch":41},{"Regal Pillow":11,"Lantern":14,"Torii":3,"CeramicFish":13,"Bottled Tornado":27,"Smiling Mask":21,"ClockworkSouvenir":7,"Blood Vial":4,"Centennial Puzzle":8,"Lizard Tail":16,"Nunchaku":23,"DollysMirror":22,"Tiny Chest":5,"MealTicket":15,"Cracked Core":0,"Runic Pyramid":18,"Pear":20,"Happy Flower":15,"Eternal Feather":26,"Letter Opener":7,"Akabeko":7,"White Beast Statue":14,"Cables":5,"SlaversCollar":9,"OrangePellets":20,"CaptainsWheel":17,"Shuriken":10,"Orrery":11,"Art of War":20,"StrikeDummy":22,"Unceasing Top":14,"Pocketwatch":22},{"Regal Pillow":46,"Lantern":62,"Torii":10,"CeramicFish":56,"Bottled Tornado":135,"Smiling Mask":100,"ClockworkSouvenir":24,"Blood Vial":14,"Centennial Puzzle":29,"Lizard Tail":70,"Nunchaku":113,"DollysMirror":106,"Tiny Chest":19,"MealTicket":66,"Cracked Core":0,"Runic Pyramid":84,"Pear":93,"Happy Flower":66,"Eternal Feather":126,"Letter Opener":24,"Akabeko":24,"White Beast Statue":62,"Cables":19,"SlaversCollar":39,"OrangePellets":93,"CaptainsWheel":75,"Shuriken":42,"Orrery":46,"Art of War":93,"StrikeDummy":106,"Unceasing Top":62,"Pocketwatch":106}],"Unceasing Top":[16],"Pocketwatch":[5]},"card_choices":[{"not_picked":["Steam","Steam Power"],"picked":"Sunder","floor":0.0},{"not_picked":["Blizzard","Compile Driver"],"picked":"Beam Cell","floor":0.0},{"not_picked":["Rebound","Coolheaded"],"picked":"Glacier","floor":0.0},{"not_picked":["Fusion","Rebound"],"picked":"Hologram","floor":0.0},{"not_picked":["Steam","Genetic Algorithm"],"picked":"Beam Cell","floor":0.0},{"not_picked":["Barrage","Self Repair"],"picked":"Go for the Eyes","floor":0.0},{"not_picked":["Static Discharge","Recycle"],"picked":"Conserve Battery","floor":0.0},{"not_picked":["Heatsinks","Beam Cell"],"picked":"Capacitor","floor":0.0},{"not_picked":["Gash","Sunder"],"picked":"Streamline","floor":0.0},{"not_picked":["Aggregate","Steam"],"picked":"Conserve Battery","floor":0.0},{"not_picked":["Stack","Compile Driver"],"picked":"FTL","floor":0.0},{"not_picked":["Compile Driver","Blizzard"],"picked":"Darkness","floor":0.0},{"not_picked":["Consume","Beam Cell"],"picked":"Darkness","floor":0.0},{"not_picked":["Capacitor","Redo"],"picked":"Loop","floor":0.0},{"not_picked":["Auto Shields","Compile Driver"],"picked":"Leap","floor":0.0},{"not_picked":["White Noise","Leap"],"picked":"Hologram","floor":1.0},{"not_picked":["Conserve Battery","Rebound"],"picked":"Streamline","floor":4.0},{"not_picked":["Scrape","Storm"],"picked":"Reinforced Body","floor":6.0},{"not_picked":["Recycle","Steam"],"picked":"Self Repair","floor":7.0},{"not_picked":["Hyperbeam","Skim"],"picked":"Chaos","floor":8.0},{"not_picked":["Gash","Compile Driver"],"picked":"Ball Lightning","floor":10.0},{"not_picked":["Aggregate","Storm"],"picked":"Meteor Strike","floor":11.0},{"not_picked":["Hologram","Blizzard"],"picked":"Defragment","floor":13.0},{"not_picked":["Streamline","Turbo"],"picked":"Compile Driver+1","floor":18.0},{"not_picked":["Steam+1","Conserve Battery"],"picked":"Hologram","floor":20.0},{"not_picked":["Sunder","FTL+1"],"picked":"BootSequence","floor":21.0},{"not_picked":["Stack+1","Ball Lightning"],"picked":"Chill+1","floor":21.0},{"not_picked":["Thunder Strike","Compile Driver+1"],"picked":"Self Repair+1","floor":21.0},{"not_picked":["Beam Cell","Thunder Strike"],"picked":"Chill","floor":21.0},{"not_picked":["Creative AI","Loop"],"picked":"Barrage+1","floor":21.0},{"not_picked":["Compile Driver","BootSequence"],"picked":"White Noise+1","floor":22.0},{"not_picked":["Steam Power","Glacier"],"picked":"Echo Form","floor":24.0},{"not_picked":["Sunder","Beam Cell"],"picked":"Heatsinks+1","floor":25.0},{"not_picked":["Lockon+1","Undo"],"picked":"Hologram","floor":28.0},{"not_picked":["Rebound","BootSequence"],"picked":"Capacitor","floor":30.0},{"not_picked":["Double Energy","Leap"],"picked":"Stack","floor":31.0},{"not_picked":["Multi-Cast","Machine Learning"],"picked":"Biased Cognition","floor":33.0},{"not_picked":["Gash","Ball Lightning+1"],"picked":"Stack+1","floor":35.0},{"not_picked":["Hologram","Glacier+1"],"picked":"Barrage+1","floor":37.0},{"not_picked":["Self Repair+1","Barrage"],"picked":"Defragment+1","floor":40.0},{"not_picked":["Rainbow","Rebound"],"picked":"Hologram+1","floor":41.0},{"not_picked":["Gash","Sunder","Leap+1"],"picked":"SKIP","floor":44},{"not_picked":["Turbo","Multi-Cast"],"picked":"Reprogram+1","floor":45},{"not_picked":["Auto Shields","Rebound+1"],"picked":"Force Field","floor":46},{"not_picked":["Beam Cell+1","Scrape"],"picked":"Static Discharge+1","floor":47},{"not_picked":["Turbo","Ball Lightning+1"],"picked":"Buffer","floor":48}],"player_experience":1022963,"relics_obtained":[{"floor":6.0,"key":"Torii"},{"floor":7.0,"key":"Blood Vial"},{"floor":8.0,"key":"Tiny Chest"},{"floor":9.0,"key":"Cables"},{"floor":11.0,"key":"Letter Opener"},{"floor":13.0,"key":"Centennial Puzzle"},{"floor":19.0,"key":"Shuriken"},{"floor":20.0,"key":"Regal Pillow"},{"floor":24.0,"key":"CeramicFish"},{"floor":25.0,"key":"Unceasing Top"},{"floor":26.0,"key":"Lantern"},{"floor":27.0,"key":"White Beast Statue"},{"floor":28.0,"key":"MealTicket"},{"floor":29.0,"key":"Happy Flower"},{"floor":30.0,"key":"Lizard Tail"},{"floor":31.0,"key":"CaptainsWheel"},{"floor":38.0,"key":"Pear"},{"floor":40.0,"key":"Smiling Mask"},{"floor":41.0,"key":"Pocketwatch"},{"floor":43,"key":"StrikeDummy"},{"floor":44,"key":"Nunchaku"},{"floor":47,"key":"Eternal Feather"},{"floor":48,"key":"Bottled Tornado"}],"event_choices":[{"damage_healed":0.0,"max_hp_gain":0.0,"max_hp_loss":0.0,"gold_gain":0.0,"event_name":"The Cleric","player_choice":"Leave","floor":2.0,"gold_loss":0.0,"damage_taken":0.0},{"damage_healed":0.0,"max_hp_gain":0.0,"max_hp_loss":0.0,"gold_gain":0.0,"event_name":"Purifier","player_choice":"Ignored","floor":3.0,"gold_loss":0.0,"damage_taken":0.0},{"damage_healed":0.0,"max_hp_gain":0.0,"max_hp_loss":0.0,"gold_gain":71.0,"event_name":"Golden Wing","player_choice":"Gained Gold","floor":5.0,"gold_loss":0.0,"damage_taken":0.0},{"damage_healed":0.0,"max_hp_gain":5.0,"max_hp_loss":0.0,"gold_gain":0.0,"event_name":"Big Fish","player_choice":"Donut","floor":14.0,"gold_loss":0.0,"damage_taken":0.0},{"damage_healed":0.0,"max_hp_gain":0.0,"max_hp_loss":0.0,"gold_gain":0.0,"event_name":"Tomb of Lord Red Mask","player_choice":"Ignored","floor":36.0,"gold_loss":0.0,"damage_taken":0.0}],"is_beta":false,"boss_relics":[{"not_picked":["Astrolabe","Inserter"],"picked":"SlaversCollar"},{"not_picked":["SacredBark","Velvet Choker"],"picked":"Runic Pyramid"}],"items_purged_floors":[39],"is_endless":false,"potions_floor_spawned":[1,7,8,13,20,24,28,30,31,33,35,37,40,41,44,45,46,47,48],"ascension_level":0}}