{"host":"gaqyve1328ta0etl","time":1611870603,"event":{"mods":["BaseMod","Colored Map","Colored Powertips","Googly Eyes","Minty Spire (QoL Compilation)","Shop Mod","StSLib","SuperFastMode","The Hierophant","The Runesmith"],"gold_per_floor":[113,38,38,53,70,70,96,115,115,115,115,148,148,173,173,277,277,287,287,287,187,206,206,206,206],"floor_reached":24,"language":"ENG","playtime":471,"items_purged":["Strike_B","Strike_B"],"score":318,"play_id":"e875aeef-e6d4-4a68-9542-6d5cb960070a","local_time":"20210128135003","is_ascension_mode":true,"campfire_choices":[{"data":"Zap","floor":6,"key":"SMITH"},{"floor":10,"key":"REST"},{"floor":13,"key":"REST"},{"floor":15,"key":"REST"},{"floor":23,"key":"REST"}],"circlet_count":0,"master_deck":["AscendersBane","Strike_B","Defend_B","Defend_B","Defend_B","Defend_B","Zap+1","Dualcast","Loop+1","Sweeping Beam","Sweeping Beam","Core Surge","Conserve Battery","Ball Lightning","Conserve Battery+1","Multi-Cast+1","Capacitor"],"relics":["Cracked Core","NeowsBlessing","StoneCalendar","Sundial","Toxic Egg 2","Pen Nib","DataDisk","Philosopher\u0027s Stone"],"acts_visited":["Exordium","TheCity"],"potions_floor_usage":[7,16,22],"damage_taken":[{"damage":0,"enemies":"Small Slimes","floor":1,"turns":1},{"damage":0,"enemies":"Cultist","floor":4,"turns":1},{"damage":0,"enemies":"Jaw Worm","floor":5,"turns":1},{"damage":36,"enemies":"Gremlin Nob","floor":7,"turns":4},{"damage":7,"enemies":"2 Fungi Beasts","floor":8,"turns":4},{"damage":13,"enemies":"Lagavulin","floor":12,"turns":6},{"damage":15,"enemies":"3 Sentries","floor":14,"turns":5},{"damage":38,"enemies":"Hexaghost","floor":16,"turns":8},{"damage":0,"enemies":"Spheric Guardian","floor":18,"turns":3},{"damage":40,"enemies":"3 Byrds","floor":22,"turns":4},{"damage":46,"enemies":"Book of Stabbing","floor":24,"turns":5}],"seed_played":"6293297741823948503","potions_obtained":[{"floor":1,"key":"Swift Potion"},{"floor":7,"key":"SpeedPotion"},{"floor":14,"key":"Swift Potion"},{"floor":16,"key":"Strength Potion"}],"is_trial":false,"path_per_floor":["M","$","?","M","M","R","E","M","T","R","?","E","R","E","R","B",null,"M","?","?","$","M","R","E"],"character_chosen":"DEFECT","items_purchased":[],"campfire_rested":4,"item_purchase_floors":[],"current_hp_per_floor":[68,68,68,68,68,68,32,25,25,47,44,31,53,38,60,22,62,62,62,62,62,22,44,0,0],"gold":206,"neow_bonus":"THREE_ENEMY_KILL","is_daily":false,"chose_seed":false,"campfire_upgraded":1,"win_rate":0.0,"timestamp":1611870603,"path_taken":["M","$","?","?","M","R","E","M","T","R","?","E","R","E","R","BOSS","M","?","?","$","?","R","E"],"items_purchased_type":[],"build_version":"2020-12-22","purchased_purges":2,"victory":false,"max_hp_per_floor":[75,75,75,75,75,75,75,75,75,75,75,75,75,75,75,75,75,75,75,75,75,75,75,75,75],"card_choices":[{"not_picked":["Hello World","Compile Driver"],"picked":"Loop","floor":1},{"not_picked":["Coolheaded","Steam"],"picked":"Sweeping Beam","floor":4},{"not_picked":["Heatsinks","Skim"],"picked":"Sweeping Beam","floor":5},{"not_picked":["Go for the Eyes","Hologram"],"picked":"Core Surge","floor":7},{"not_picked":["Aggregate","Steam Power"],"picked":"Conserve Battery","floor":8},{"not_picked":["Sunder","Force Field+1"],"picked":"Ball Lightning","floor":12},{"not_picked":["FTL","Double Energy+1"],"picked":"Conserve Battery+1","floor":14},{"not_picked":["Hyperbeam","Meteor Strike"],"picked":"Multi-Cast+1","floor":16},{"not_picked":["Compile Driver","Consume+1","Beam Cell"],"picked":"SKIP","floor":18},{"not_picked":["Beam Cell","Consume+1"],"picked":"Capacitor","floor":22}],"player_experience":2049755,"relics_obtained":[{"floor":7,"key":"StoneCalendar"},{"floor":9,"key":"Sundial"},{"floor":12,"key":"Pen Nib"},{"floor":14,"key":"DataDisk"}],"event_choices":[{"cards_removed":["Strike_B"],"damage_healed":0,"gold_gain":0,"player_choice":"Offered Basic","damage_taken":0,"max_hp_gain":0,"max_hp_loss":0,"event_name":"Bonfire Elementals","floor":3,"gold_loss":0},{"damage_healed":0,"gold_gain":0,"player_choice":"Success","damage_taken":3,"relics_obtained":["Toxic Egg 2"],"max_hp_gain":0,"max_hp_loss":0,"event_name":"Scrap Ooze","floor":11,"gold_loss":0},{"damage_healed":0,"gold_gain":0,"player_choice":"Ignored","damage_taken":0,"max_hp_gain":0,"max_hp_loss":0,"event_name":"Vampires","floor":19,"gold_loss":0},{"damage_healed":0,"gold_gain":0,"player_choice":"Forge","damage_taken":0,"max_hp_gain":0,"max_hp_loss":0,"event_name":"Accursed Blacksmith","floor":20,"gold_loss":0,"cards_upgraded":["Loop"]}],"is_beta":false,"boss_relics":[{"not_picked":["Black Star","Astrolabe"],"picked":"Philosopher\u0027s Stone"}],"items_purged_floors":[2,21],"is_endless":false,"potions_floor_spawned":[1,7,14,16],"killed_by":"Book of Stabbing","ascension_level":10}}