{"host":"qc8p2flj7wsy3zpg","time":1611876936,"event":{"mods":["BaseMod","Highlight Path","Minty Spire (QoL Compilation)","Monster List Patch","Relic Stats","StSLib"],"gold_per_floor":[109,120,120,131,148,148,185,185,185,225,254,281,355,405,405,512,512,542,304,329,43,76,118,118,143,143,207,247,247,286,345,345,448,448,469,519,569,619,213,256,306,350,397,447,468,468,491,514,514,514,514,514,514,15,54,54,54],"floor_reached":56,"language":"ENG","playtime":3035,"items_purged":["Strike_R","Strike_R+1"],"score":2045,"play_id":"8c907896-f406-46e6-8725-4e2c17d7a638","local_time":"20210128173536","is_ascension_mode":true,"campfire_choices":[{"data":"Bash","floor":6.0,"key":"SMITH"},{"data":"Uppercut","floor":8.0,"key":"SMITH"},{"data":"Shockwave","floor":15.0,"key":"SMITH"},{"data":"Spot Weakness","floor":29.0,"key":"SMITH"},{"data":"Dual Wield","floor":32.0,"key":"SMITH"},{"data":"1","floor":46.0,"key":"LIFT"},{"floor":49.0,"key":"RECALL"},{"data":"2","floor":53.0,"key":"LIFT"}],"circlet_count":0,"master_deck":["AscendersBane","Strike_R+1","Defend_R","Defend_R","Defend_R","Bash+1","Sever Soul+1","Double Tap+1","Ghostly Armor+1","Clothesline","Uppercut+1","Shockwave+1","Disarm+1","Dropkick","Reaper","Dual Wield+1","Spot Weakness+1","Shrug It Off+1","Shrug It Off+1","Cleave","Armaments+1","J.A.X.+1","Limit Break+1","Shockwave+1","Demon Form"],"relics":["Astrolabe","SsserpentHead","CeramicFish","Whetstone","Meat on the Bone","Calipers","Golden Idol","Snecko Eye","Bronze Scales","Toxic Egg 2","Orichalcum","Ornamental Fan","Juzu Bracelet","Mango","Coffee Dripper","Membership Card","Bag of Preparation","Eternal Feather","Mercury Hourglass","Girya","Gremlin Horn","HandDrill","Boot","Bottled Lightning"],"acts_visited":["Exordium","TheCity","TheBeyond","TheEnding"],"potions_floor_usage":[56,56],"damage_taken":[{"damage":0.0,"enemies":"Jaw Worm","floor":1.0,"turns":1.0},{"damage":1.0,"enemies":"Cultist","floor":2.0,"turns":3.0},{"damage":0.0,"enemies":"Small Slimes","floor":4.0,"turns":3.0},{"damage":5.0,"enemies":"Red Slaver","floor":5.0,"turns":3.0},{"damage":0.0,"enemies":"Lagavulin","floor":7.0,"turns":2.0},{"damage":24.0,"enemies":"Gremlin Nob","floor":10.0,"turns":4.0},{"damage":2.0,"enemies":"Exordium Wildlife","floor":11.0,"turns":3.0},{"damage":5.0,"enemies":"3 Sentries","floor":12.0,"turns":4.0},{"damage":8.0,"enemies":"Lots of Slimes","floor":13.0,"turns":4.0},{"damage":22.0,"enemies":"Slime Boss","floor":16.0,"turns":7.0},{"damage":4.0,"enemies":"Shell Parasite","floor":18.0,"turns":3.0},{"damage":8.0,"enemies":"Spheric Guardian","floor":20.0,"turns":3.0},{"damage":14.0,"enemies":"Snecko","floor":22.0,"turns":4.0},{"damage":29.0,"enemies":"Gremlin Leader","floor":23.0,"turns":7.0},{"damage":25.0,"enemies":"Shelled Parasite and Fungi","floor":25.0,"turns":2.0},{"damage":10.0,"enemies":"3 Cultists","floor":27.0,"turns":5.0},{"damage":14.0,"enemies":"Book of Stabbing","floor":28.0,"turns":4.0},{"damage":47.0,"enemies":"Gremlin Leader","floor":30.0,"turns":9.0},{"damage":57.0,"enemies":"Automaton","floor":33.0,"turns":9.0},{"damage":2.0,"enemies":"3 Shapes","floor":35.0,"turns":9.0},{"damage":18.0,"enemies":"Nemesis","floor":40.0,"turns":5.0},{"damage":28.0,"enemies":"Giant Head","floor":42.0,"turns":6.0},{"damage":24.0,"enemies":"3 Darklings","floor":45.0,"turns":7.0},{"damage":10.0,"enemies":"Spire Growth","floor":47.0,"turns":3.0},{"damage":34.0,"enemies":"Jaw Worm Horde","floor":48.0,"turns":5.0},{"damage":96.0,"enemies":"Time Eater","floor":50.0,"turns":10.0},{"damage":43.0,"enemies":"Awakened One","floor":51.0,"turns":17.0},{"damage":74.0,"enemies":"Shield and Spear","floor":55.0,"turns":5.0},{"damage":58,"enemies":"The Heart","floor":56,"turns":5}],"seed_played":"-1887229978144976688","potions_obtained":[{"floor":4.0,"key":"AttackPotion"},{"floor":10.0,"key":"Energy Potion"},{"floor":13.0,"key":"GamblersBrew"},{"floor":16.0,"key":"HeartOfIron"},{"floor":18.0,"key":"Regen Potion"},{"floor":20.0,"key":"Energy Potion"},{"floor":27.0,"key":"SteroidPotion"},{"floor":30.0,"key":"Swift Potion"}],"is_trial":false,"path_per_floor":["M","M","?","M","M","R","E","R","T","E","M","E","M","?","R","B",null,"M","$","M","$","M","E","?","M","T","M","E","R","E","?","R","B",null,"M","?","?","?","$","E","?","E","T","?","M","R","M","M","R","B","B",null,"R","$","E","B"],"character_chosen":"IRONCLAD","items_purchased":["Spot Weakness","Bronze Scales","Toxic Egg 2","Membership Card","Bag of Preparation","Eternal Feather","Demon Form","Gremlin Horn","HandDrill","Energy Potion","GamblersBrew","Boot"],"campfire_rested":0,"item_purchase_floors":[19,19,21,39,39,39,54,54,54,54,54,54],"current_hp_per_floor":[68,67,67,67,62,62,62,62,62,38,48,43,47,47,47,37,60,56,56,48,48,46,44,44,31,31,57,61,61,65,65,65,46,73,82,82,78,78,78,60,60,46,46,46,67,78,68,59,74,19,78,78,78,78,43,0,0],"gold":54,"neow_bonus":"BOSS_RELIC","is_daily":false,"chose_seed":false,"campfire_upgraded":5,"win_rate":0.0,"timestamp":1611876936,"path_taken":["M","M","?","M","M","R","E","R","T","E","M","E","?","?","R","BOSS","M","$","M","$","M","E","?","M","T","?","E","R","E","?","R","BOSS","M","?","?","?","$","E","?","E","T","?","M","R","M","M","R","BOSS","BOSS","R","$","E","BOSS"],"items_purchased_type":["Card","Relic","Relic","Relic","Relic","Relic","Card","Relic","Relic","Potion","Potion","Relic"],"build_version":"2020-12-22","purchased_purges":2,"victory":false,"max_hp_per_floor":[75,75,75,75,75,75,75,75,75,75,75,75,75,68,68,68,68,68,68,68,68,68,68,68,68,68,68,68,68,82,82,82,82,82,82,82,78,78,78,78,78,78,78,78,78,78,78,78,78,78,78,78,78,78,78,78,78],"relic_stats":{"Gremlin Horn":[1,1],"counters":[29,152],"Golden Idol":159,"Astrolabe":["Sever Soul","Double Tap","Ghostly Armor"],"CeramicFish":135,"Eternal Feather":26,"Juzu Bracelet":2,"Bag of Preparation":[18],"Whetstone":["Strike_R","Strike_R"],"Orichalcum":[150],"Boot":[4],"Mercury Hourglass":[195],"SsserpentHead":500,"Ornamental Fan":[104],"Bronze Scales":[390],"Snecko Eye":[233,209,221,211],"HandDrill":[6],"obtain_stats":[{"Calipers":12,"Gremlin Horn":54,"CeramicFish":7,"Mango":30,"Juzu Bracelet":28,"Bag of Preparation":39,"Whetstone":9,"Boot":54,"Burning Blood":0,"SsserpentHead":3,"HandDrill":54,"Toxic Egg 2":21,"Girya":42,"Golden Idol":14,"Astrolabe":0,"Eternal Feather":39,"Orichalcum":23,"Mercury Hourglass":40,"Ornamental Fan":26,"Bronze Scales":19,"Snecko Eye":17,"Coffee Dripper":34,"Membership Card":39,"Bottled Lightning":55,"Meat on the Bone":10},{"Calipers":8,"Gremlin Horn":27,"CeramicFish":5,"Mango":18,"Juzu Bracelet":17,"Bag of Preparation":20,"Whetstone":5,"Boot":27,"Burning Blood":0,"SsserpentHead":2,"HandDrill":27,"Toxic Egg 2":12,"Girya":22,"Golden Idol":9,"Astrolabe":0,"Eternal Feather":20,"Orichalcum":14,"Mercury Hourglass":21,"Ornamental Fan":15,"Bronze Scales":11,"Snecko Eye":10,"Coffee Dripper":19,"Membership Card":20,"Bottled Lightning":28,"Meat on the Bone":6},{"Calipers":23,"Gremlin Horn":142,"CeramicFish":12,"Mango":71,"Juzu Bracelet":62,"Bag of Preparation":89,"Whetstone":12,"Boot":142,"Burning Blood":0,"SsserpentHead":4,"HandDrill":142,"Toxic Egg 2":40,"Girya":100,"Golden Idol":27,"Astrolabe":0,"Eternal Feather":89,"Orichalcum":51,"Mercury Hourglass":94,"Ornamental Fan":53,"Bronze Scales":37,"Snecko Eye":34,"Coffee Dripper":80,"Membership Card":89,"Bottled Lightning":147,"Meat on the Bone":16}],"Meat on the Bone":108},"card_choices":[{"not_picked":["Rage","Cleave"],"picked":"Clothesline","floor":1.0},{"not_picked":["Evolve","Flex"],"picked":"Headbutt","floor":2.0},{"not_picked":["Thunderclap","Searing Blow"],"picked":"Uppercut","floor":7.0},{"not_picked":["Perfected Strike","Disarm"],"picked":"Shockwave","floor":10.0},{"not_picked":["Hemokinesis","Clash"],"picked":"Disarm","floor":11.0},{"not_picked":["Headbutt","Flex"],"picked":"Dropkick","floor":13.0},{"not_picked":["Fiend Fire","Limit Break"],"picked":"Reaper","floor":16.0},{"not_picked":["Reckless Charge","Armaments"],"picked":"Dual Wield","floor":18.0},{"not_picked":["Sword Boomerang","Fire Breathing"],"picked":"Shrug It Off+1","floor":22.0},{"not_picked":["Flex+1","Dual Wield+1"],"picked":"Shrug It Off+1","floor":23.0},{"not_picked":["Twin Strike","Flex+1"],"picked":"Cleave","floor":25.0},{"not_picked":["Anger","Flex+1"],"picked":"Armaments+1","floor":28.0},{"not_picked":["Double Tap+1","Barricade"],"picked":"Limit Break+1","floor":33.0},{"not_picked":["Infernal Blade+1","Sever Soul"],"picked":"Shockwave+1","floor":40.0},{"not_picked":["Cleave","Blood for Blood","Twin Strike"],"picked":"SKIP","floor":55.0}],"player_experience":2291532,"relics_obtained":[{"floor":7.0,"key":"CeramicFish"},{"floor":9.0,"key":"Whetstone"},{"floor":10.0,"key":"Meat on the Bone"},{"floor":12.0,"key":"Calipers"},{"floor":23.0,"key":"Orichalcum"},{"floor":26.0,"key":"Ornamental Fan"},{"floor":28.0,"key":"Juzu Bracelet"},{"floor":30.0,"key":"Mango"},{"floor":40.0,"key":"Mercury Hourglass"},{"floor":42.0,"key":"Girya"},{"floor":55.0,"key":"Bottled Lightning"}],"event_choices":[{"damage_healed":0.0,"max_hp_gain":0.0,"max_hp_loss":0.0,"gold_gain":0.0,"event_name":"FaceTrader","player_choice":"Trade","floor":3.0,"gold_loss":0.0,"damage_taken":0.0,"relics_obtained":["SsserpentHead"]},{"damage_healed":0.0,"max_hp_gain":0.0,"max_hp_loss":7.0,"gold_gain":0.0,"event_name":"Golden Idol","player_choice":"Lose Max HP","floor":14.0,"gold_loss":0.0,"damage_taken":0.0,"relics_obtained":["Golden Idol"]},{"damage_healed":0.0,"max_hp_gain":0.0,"max_hp_loss":0.0,"gold_gain":0.0,"event_name":"The Joust","player_choice":"Bet on Owner","floor":24.0,"gold_loss":50.0,"damage_taken":0.0},{"damage_healed":0.0,"max_hp_gain":0.0,"max_hp_loss":0.0,"gold_gain":0.0,"event_name":"Drug Dealer","player_choice":"Obtain J.A.X.","floor":31.0,"gold_loss":0.0,"damage_taken":0.0,"cards_obtained":["J.A.X."]},{"damage_healed":0.0,"max_hp_gain":0.0,"max_hp_loss":0.0,"gold_gain":0.0,"event_name":"Wheel of Change","player_choice":"Full Heal","floor":36.0,"gold_loss":0.0,"damage_taken":0.0},{"damage_healed":0.0,"max_hp_gain":0.0,"max_hp_loss":4.0,"gold_gain":0.0,"event_name":"Winding Halls","player_choice":"Max HP","floor":37.0,"gold_loss":0.0,"damage_taken":0.0},{"damage_healed":0.0,"max_hp_gain":0.0,"max_hp_loss":0.0,"gold_gain":0.0,"event_name":"Tomb of Lord Red Mask","player_choice":"Ignored","floor":38.0,"gold_loss":0.0,"damage_taken":0.0},{"damage_healed":0.0,"max_hp_gain":0.0,"max_hp_loss":0.0,"gold_gain":0.0,"event_name":"Upgrade Shrine","player_choice":"Upgraded","floor":41.0,"gold_loss":0.0,"damage_taken":0.0,"cards_upgraded":["Disarm"]},{"cards_removed":["Headbutt"],"damage_healed":0.0,"max_hp_gain":0.0,"max_hp_loss":0.0,"gold_gain":0.0,"event_name":"Falling","player_choice":"Removed Attack","floor":44.0,"gold_loss":0.0,"damage_taken":0.0}],"is_beta":false,"boss_relics":[{"not_picked":["Empty Cage","Calling Bell"],"picked":"Snecko Eye"},{"not_picked":["Pandora\u0027s Box","Runic Dome"],"picked":"Coffee Dripper"}],"items_purged_floors":[39,54],"is_endless":false,"potions_floor_spawned":[4,10,13,16,18,20,22,27,30,45,47],"killed_by":"The Heart","ascension_level":20}}