{"host":"w7dhjqgqsib0c3vt","time":1611839033,"event":{"mods":["ATMod(°¢èªMod)","BaseMod","Dota2Spire","Downfall","Minty Spire (QoL Compilation)","Shop Mod","Spicy Shops","StSLib"],"gold_per_floor":[99,111,286,305,65,92,119,147,147,173,188,23,23,23,39,136,136,36,50,50,50,64,23,71,82,92,107,107,135,35,54,68,167,167,67,86,86,100,31,81,133,149,1,11,25,25,16,45,62,62,62,95,44,44,44,44],"floor_reached":57,"language":"ZHS","playtime":6921,"items_purged":["Doubt","Pride"],"score":1324,"play_id":"6365b0be-bd46-467d-89e5-c9bd09445db3","local_time":"20210128210353","is_ascension_mode":false,"campfire_choices":[{"floor":1.0,"key":"RECALL"},{"floor":13.0,"key":"REST"},{"data":"champ:Shatter","floor":18.0,"key":"SMITH"},{"floor":30,"key":"REST"},{"data":"Slimebound:CheckThePlaybook","floor":35,"key":"SMITH"},{"floor":46,"key":"REST"},{"data":"expansioncontent:DashGenerateEvil","floor":54,"key":"SMITH"}],"circlet_count":0,"master_deck":["champ:Strike","champ:Strike","champ:Strike","champ:Defend","champ:Defend","champ:Defend","champ:Defend","champ:Execute","champ:Taunt","AT_Desolate","champ:StanceDance","champ:CalledShot","champ:FanOfKnives","champ:SwordThrow","champ:Shatter+1","champ:FaceSlap","champ:SteelEdge","champ:ArenaPreparation","champ:AdrenalArmor","champ:CheapShot","CurseOfTheBell","champ:Backstep","Slimebound:CheckThePlaybook+1","downfall:Icky","champ:CrownThrow","champ:EndlessRage","champ:BringItOn","champ:TornadoPunch","champ:HoldFirm","champ:Backstep+1","Parasite","expansioncontent:DashGenerateEvil+1","champ:StanceDance+1","champ:Parry+1","expansioncontent:AwakenDeath","champ:ShieldSlam+1","champ:FlashCut","champ:EndlessRage+1"],"relics":["champ:ChampionCrown","AT_ATBox","champ:DefensiveTrainingManual","AT_ImmortalShieldbow","Bronze Scales","Dead Branch","PreservedInsect","champ:BerserkersGuideToSlaughter","Dota2Spire:OctarineCore","Calling Bell","Lantern","Gremlin Horn","Ginger","downfall:HeartBlessingRed","AT_BellDemon","Dota2Spire:Desolator","Regal Pillow","InkBottle","Lee\u0027s Waffle","Ornamental Fan","Dota2Spire:ShadowBlade","Dota2Spire:Satanic","Ancient Tea Set","Dota2Spire:EchoSabre","Dota2Spire:BladeMail","downfall:HeartBlessingBlue","Dota2Spire:ArmletOfMordiggian","Dota2Spire:Bloodstone","downfall:HeartBlessingGreen","Pocketwatch","AT_BladeRuinedKing","Omamori","Dota2Spire:MaskOfMadness","Boot","AT_ArchangelStaff","Dota2Spire:Butterfly","Sundial","AT_SunfireAegis","AT_TimeSand","AT_EbonyIvory"],"acts_visited":["Exordium","TheCity","TheBeyond","TheEnding"],"potions_floor_usage":[33,33,40,44,50,50,55,55],"damage_taken":[{"damage":10.0,"enemies":"Jaw Worm","floor":2.0,"turns":2.0},{"damage":5.0,"enemies":"Small Slimes","floor":4.0,"turns":4.0},{"damage":10.0,"enemies":"downfall:FleeingMerchant","floor":5.0,"turns":4.0},{"damage":34.0,"enemies":"Gremlin Nob","floor":6.0,"turns":4.0},{"damage":45.0,"enemies":"Lagavulin","floor":8.0,"turns":4.0},{"damage":37.0,"enemies":"3 Sentries","floor":10.0,"turns":5.0},{"damage":0.0,"enemies":"2 Louse","floor":11.0,"turns":1.0},{"damage":25.0,"enemies":"downfall:FleeingMerchant","floor":12.0,"turns":4.0},{"damage":15.0,"enemies":"2 Fungi Beasts","floor":15.0,"turns":2.0},{"damage":30.0,"enemies":"WA_ARCHETYPE_RETAIN","floor":16.0,"turns":4.0},{"damage":25.0,"enemies":"Shell Parasite","floor":19.0,"turns":2.0},{"damage":31.0,"enemies":"3 Byrds","floor":22.0,"turns":2.0},{"damage":21.0,"enemies":"downfall:FleeingMerchant","floor":23.0,"turns":3.0},{"damage":17.0,"enemies":"Snake Plant","floor":25.0,"turns":2.0},{"damage":5.0,"enemies":"3 Cultists","floor":26.0,"turns":2.0},{"damage":104,"enemies":"Centurion and Healer","floor":27,"turns":8},{"damage":5,"enemies":"Gremlin Leader","floor":29,"turns":1},{"damage":6,"enemies":"Chosen and Byrds","floor":31,"turns":2},{"damage":1,"enemies":"Cultist and Chosen","floor":32,"turns":3},{"damage":17,"enemies":"SI_MIRROR_ARCHETYPE","floor":33,"turns":2},{"damage":16,"enemies":"3 Shapes","floor":36,"turns":1},{"damage":0,"enemies":"3 Darklings","floor":38,"turns":2},{"damage":9,"enemies":"2 Orb Walkers","floor":40,"turns":4},{"damage":4,"enemies":"4 Shapes","floor":42,"turns":1},{"damage":69,"enemies":"Writhing Mass","floor":44,"turns":4},{"damage":33,"enemies":"Transient","floor":45,"turns":3},{"damage":19,"enemies":"Nemesis","floor":48,"turns":3},{"damage":19,"enemies":"4 Shapes","floor":49,"turns":3},{"damage":15,"enemies":"DF_ARCHETYPE_ORBS","floor":50,"turns":3},{"damage":24,"enemies":"downfall:CharBossMerchant","floor":52,"turns":2},{"damage":11,"enemies":"downfall:NeowBoss","floor":55,"turns":7},{"damage":33,"enemies":"downfall:NeowBossFinal","floor":56,"turns":5}],"seed_played":"7377148128989075800","potions_obtained":[{"floor":2.0,"key":"Dota2Spire:HealingSalve"},{"floor":4.0,"key":"Weak Potion"},{"floor":6.0,"key":"Ancient Potion"},{"floor":15.0,"key":"FearPotion"},{"floor":22.0,"key":"Block Potion"},{"floor":27,"key":"Weak Potion"},{"floor":33,"key":"Block Potion"},{"floor":38,"key":"PowerPotion"},{"floor":45,"key":"LiquidMemories"},{"floor":49,"key":"champ:OpenerPotion"}],"is_trial":false,"path_per_floor":["R","M","?","M","$","E","T","E","?","E","M","$","R","?","M","B",null,"R","M","?","?","M","$","T","M","M","M","?","E","R","M","M","B",null,"R","M","?","M","$","?","T","M","$","M","M","R","$","E","M","B",null,"E","$","R","B","B",null],"character_chosen":"THE_CHAMP","items_purchased":["champ:DefensiveTrainingManual","champ:BerserkersGuideToSlaughter","InkBottle","Lee\u0027s Waffle","expansioncontent:DashGenerateEvil","Strength Potion","Dota2Spire:MaskOfMadness","expansioncontent:AwakenDeath","SkillPotion"],"campfire_rested":3,"item_purchase_floors":[5,12,23,23,39,39,43,47,53],"current_hp_per_floor":[99,99,99,94,94,70,70,51,51,54,54,54,83,83,88,83,99,99,99,99,99,83,106,106,89,99,41,41,51,110,110,109,102,116,116,116,116,116,116,107,107,108,108,64,77,116,116,97,93,78,116,116,116,116,116,93],"gold":44,"neow_bonus":"TEN_PERCENT_HP_BONUS","is_daily":false,"chose_seed":false,"campfire_upgraded":3,"win_rate":0.0,"timestamp":1611839033,"path_taken":["R","M","?","M","$","E","T","E","?","E","M","?","R","?","M","BOSS","R","M","?","?","M","$","T","M","M","M","?","E","R","M","M","BOSS","R","M","?","M","?","?","T","?","?","M","M","R","$","E","M","BOSS","E","$","R","BOSS","BOSS"],"items_purchased_type":["Relic","Relic","Relic","Relic","Card","Potion","Relic","Card","Potion"],"build_version":"2020-12-22","purchased_purges":2,"victory":true,"max_hp_per_floor":[99,99,99,99,99,99,99,99,99,99,99,99,99,99,99,99,99,99,99,99,99,99,106,106,106,106,106,106,106,116,116,116,116,116,116,116,116,116,116,116,116,116,116,116,116,116,116,116,116,116,116,116,116,116,116,116],"card_choices":[{"not_picked":["champ:FocusedDefense","champ:SkillfulDodge"],"picked":"champ:StanceDance","floor":2.0},{"not_picked":["champ:Encircle","champ:GladiatorStyle"],"picked":"champ:CalledShot","floor":4.0},{"not_picked":["champ:Endure","champ:PreemptiveStrike"],"picked":"champ:FanOfKnives","floor":5.0},{"not_picked":["champ:BladeFlurry","champ:Encircle"],"picked":"champ:SwordThrow","floor":6.0},{"not_picked":["champ:RecklessLeap","champ:EnragedBash"],"picked":"champ:Shatter","floor":8.0},{"not_picked":["champ:BerserkersShout","champ:EnGarde"],"picked":"champ:FaceSlap","floor":10.0},{"not_picked":["champ:PreciseThrust","champ:BerserkersShout"],"picked":"champ:SteelEdge","floor":11.0},{"not_picked":["champ:SetATrap","champ:PerfectedStrike"],"picked":"champ:ArenaPreparation","floor":12.0},{"not_picked":["champ:Duel","champ:CrownThrow"],"picked":"champ:AdrenalArmor","floor":15.0},{"not_picked":["champ:HeavySlash","champ:IgnorePain"],"picked":"champ:CheapShot","floor":16.0},{"not_picked":["champ:DefensiveShout","champ:GladiatorStyle"],"picked":"champ:Backstep","floor":19.0},{"not_picked":["champ:AdrenalArmor","champ:FocusedDefense"],"picked":"champ:CrownThrow","floor":22.0},{"not_picked":["champ:StanceDance","champ:MurderStrike"],"picked":"champ:EndlessRage","floor":23.0},{"not_picked":["champ:FalseCounter+1","champ:EnragedBash","champ:EnGarde+1"],"picked":"SKIP","floor":25.0},{"not_picked":["champ:EnragedBash","champ:PerfectedStrike"],"picked":"champ:BringItOn","floor":26.0},{"not_picked":["champ:FlashCut","champ:AdrenalArmor+1"],"picked":"champ:TornadoPunch","floor":27},{"not_picked":["champ:AdrenalArmor","champ:CrownThrow+1","champ:SkillfulDodge"],"picked":"SKIP","floor":29},{"not_picked":["champ:TornadoPunch","champ:Shatter+1","champ:StanceDance"],"picked":"SKIP","floor":31},{"not_picked":["champ:Duel+1","champ:PreemptiveStrike+1","champ:Circumvent"],"picked":"SKIP","floor":32},{"not_picked":["champ:SteelEdge","champ:HeavySlash"],"picked":"champ:HoldFirm","floor":33},{"not_picked":["champ:FaceSlap+1","champ:FocusedDefense+1"],"picked":"champ:Backstep+1","floor":36},{"not_picked":["champ:FanOfKnives+1","champ:BringItOn+1","champ:CrownThrow"],"picked":"SKIP","floor":38},{"not_picked":["champ:FanOfKnives+1","champ:FancyFootwork","champ:StanceDance"],"picked":"SKIP","floor":42},{"not_picked":["champ:AdrenalArmor","champ:FanOfKnives"],"picked":"champ:StanceDance+1","floor":44},{"not_picked":["champ:TornadoPunch","champ:MurderStrike"],"picked":"champ:Parry+1","floor":45},{"not_picked":["champ:Encircle","champ:FalseCounter"],"picked":"champ:ShieldSlam+1","floor":48},{"not_picked":["champ:RisingSlash","champ:PreciseThrust+1"],"picked":"champ:FlashCut","floor":49},{"not_picked":["champ:PerfectedStrike","champ:Encircle"],"picked":"champ:EndlessRage+1","floor":52}],"player_experience":640889,"relics_obtained":[{"floor":6.0,"key":"AT_ImmortalShieldbow"},{"floor":7.0,"key":"Bronze Scales"},{"floor":8.0,"key":"Dead Branch"},{"floor":10.0,"key":"PreservedInsect"},{"floor":17.0,"key":"Lantern"},{"floor":17.0,"key":"Gremlin Horn"},{"floor":17.0,"key":"Ginger"},{"floor":22.0,"key":"Dota2Spire:Desolator"},{"floor":23.0,"key":"Regal Pillow"},{"floor":25.0,"key":"Ornamental Fan"},{"floor":26.0,"key":"Dota2Spire:ShadowBlade"},{"floor":27,"key":"Dota2Spire:Satanic"},{"floor":29,"key":"Dota2Spire:EchoSabre"},{"floor":29,"key":"Dota2Spire:BladeMail"},{"floor":31,"key":"Dota2Spire:ArmletOfMordiggian"},{"floor":40,"key":"Pocketwatch"},{"floor":41,"key":"AT_BladeRuinedKing"},{"floor":42,"key":"Omamori"},{"floor":44,"key":"Boot"},{"floor":45,"key":"AT_ArchangelStaff"},{"floor":48,"key":"Dota2Spire:Butterfly"},{"floor":48,"key":"Sundial"},{"floor":49,"key":"AT_SunfireAegis"},{"floor":52,"key":"AT_TimeSand"},{"floor":52,"key":"AT_EbonyIvory"}],"event_choices":[{"damage_healed":0.0,"max_hp_gain":0.0,"max_hp_loss":0.0,"gold_gain":0.0,"event_name":"Big Fish","player_choice":"Box","floor":14.0,"gold_loss":0.0,"damage_taken":0.0,"relics_obtained":["Dota2Spire:OctarineCore"],"cards_obtained":["Regret"]},{"damage_healed":0.0,"max_hp_gain":0.0,"max_hp_loss":0.0,"gold_gain":0.0,"event_name":"Addict","player_choice":"Stole Relic","floor":20.0,"gold_loss":0.0,"damage_taken":0.0,"relics_obtained":["AT_BellDemon"],"cards_obtained":["Pride"]},{"cards_removed":["Regret"],"damage_healed":0,"gold_gain":0,"player_choice":"Took Card","damage_taken":0,"max_hp_gain":0,"max_hp_loss":0,"event_name":"NoteForYourself","floor":37,"gold_loss":0,"cards_obtained":["Parasite"]},{"damage_healed":0,"gold_gain":0,"player_choice":"Fight","damage_taken":0,"max_hp_gain":0,"max_hp_loss":0,"event_name":"Mysterious Sphere","floor":40,"gold_loss":0}],"is_beta":false,"boss_relics":[{"not_picked":["Tiny House","Velvet Choker"],"picked":"Calling Bell"},{"not_picked":["SlaversCollar","Runic Dome"],"picked":"Dota2Spire:Bloodstone"}],"items_purged_floors":[5,23],"is_endless":false,"potions_floor_spawned":[2,4,6,15,22,27,33,38,45,49],"ascension_level":0}}