{"host":"qekv59dthhdg54sz","time":1611816730,"event":{"mods":["AchievementEnabler","BaseMod","Colored Map","DeckTracker","KOR Keyword Fix","Minty Spire (QoL Compilation)","Rare Cards Sparkle","StSLib","SuperFastMode"],"gold_per_floor":[116,116,26,46,6,38,52,79,103,103,122,144,164,164,164,239,239,259,259,14,14,14,14,46,46,70,70,137,153,31,60,60,134,134,146,169,266,284,295,295,345,345,354,380,430,187,249,277,277,277],"floor_reached":51,"language":"KOR","playtime":1386,"items_purged":["Strike_R","Strike_R"],"score":1277,"play_id":"e3573c1c-5661-4081-8cdb-35c09c3322f4","local_time":"20210128155210","is_ascension_mode":true,"campfire_choices":[{"data":"Evolve","floor":10.0,"key":"SMITH"},{"data":"Fire Breathing","floor":15.0,"key":"SMITH"},{"data":"Body Slam","floor":23.0,"key":"SMITH"},{"data":"Dual Wield","floor":25.0,"key":"SMITH"},{"data":"Feel No Pain","floor":27.0,"key":"SMITH"},{"data":"Seeing Red","floor":32.0,"key":"SMITH"},{"data":"Fiend Fire","floor":40.0,"key":"SMITH"},{"data":"True Grit","floor":42.0,"key":"SMITH"},{"data":"Offering","floor":49.0,"key":"SMITH"}],"circlet_count":0,"master_deck":["AscendersBane","Strike_R","Strike_R","Defend_R","Defend_R","Defend_R","Bash","Headbutt","Evolve+1","Fire Breathing+1","Pommel Strike","Feel No Pain+1","Shrug It Off","Power Through","Body Slam+1","Disarm","Dual Wield+1","Fiend Fire+1","Seeing Red+1","True Grit+1","Power Through","Offering+1"],"relics":["Black Blood","NeowsBlessing","Bronze Scales","Bag of Marbles","CeramicFish","Meat on the Bone","SsserpentHead","Charon\u0027s Ashes","Centennial Puzzle","Bag of Preparation","Cursed Key","Gambling Chip","Happy Flower","Spirit Poop","Dream Catcher"],"acts_visited":["Exordium","TheCity","TheBeyond"],"potions_floor_usage":[50,50],"damage_taken":[{"damage":0.0,"enemies":"Cultist","floor":1.0,"turns":1.0},{"damage":0.0,"enemies":"Small Slimes","floor":4.0,"turns":2.0},{"damage":0.0,"enemies":"Lagavulin","floor":6.0,"turns":2.0},{"damage":14.0,"enemies":"2 Louse","floor":7.0,"turns":3.0},{"damage":2.0,"enemies":"3 Sentries","floor":8.0,"turns":6.0},{"damage":2.0,"enemies":"2 Fungi Beasts","floor":11.0,"turns":4.0},{"damage":3.0,"enemies":"Large Slime","floor":12.0,"turns":6.0},{"damage":7.0,"enemies":"Lots of Slimes","floor":13.0,"turns":4.0},{"damage":26.0,"enemies":"The Guardian","floor":16.0,"turns":9.0},{"damage":8.0,"enemies":"3 Byrds","floor":18.0,"turns":3.0},{"damage":37.0,"enemies":"Slavers","floor":24.0,"turns":5.0},{"damage":2.0,"enemies":"Shell Parasite","floor":28.0,"turns":7.0},{"damage":24.0,"enemies":"Snake Plant","floor":29.0,"turns":2.0},{"damage":18.0,"enemies":"Centurion and Healer","floor":31.0,"turns":6.0},{"damage":42.0,"enemies":"Champ","floor":33.0,"turns":11.0},{"damage":0.0,"enemies":"Orb Walker","floor":35.0,"turns":2.0},{"damage":4.0,"enemies":"3 Shapes","floor":36.0,"turns":4.0},{"damage":37.0,"enemies":"2 Orb Walkers","floor":37.0,"turns":4.0},{"damage":6.0,"enemies":"Sphere and 2 Shapes","floor":38.0,"turns":3.0},{"damage":25.0,"enemies":"Transient","floor":39.0,"turns":5.0},{"damage":3.0,"enemies":"4 Shapes","floor":44.0,"turns":3.0},{"damage":6.0,"enemies":"Maw","floor":47.0,"turns":6.0},{"damage":12.0,"enemies":"Nemesis","floor":48.0,"turns":5.0},{"damage":10,"enemies":"Awakened One","floor":50,"turns":9}],"seed_played":"4372336658149445415","potions_obtained":[{"floor":4.0,"key":"DuplicationPotion"},{"floor":6.0,"key":"SteroidPotion"},{"floor":16.0,"key":"EntropicBrew"},{"floor":29.0,"key":"DistilledChaos"},{"floor":36.0,"key":"Ancient Potion"},{"floor":38.0,"key":"Fire Potion"},{"floor":44.0,"key":"SkillPotion"}],"is_trial":false,"path_per_floor":["M","?","$","M","$","E","M","E","T","R","M","M","M","?","R","B",null,"M","?","$","?","?","R","E","R","T","R","M","M","$","M","R","B",null,"M","M","?","M","M","R","?","R","T","M","?","$","M","E","R","B",null],"character_chosen":"IRONCLAD","items_purchased":["Fire Breathing","Feel No Pain","Fiend Fire","Bag of Preparation","Offering"],"campfire_rested":0,"item_purchase_floors":[3,5,20,30,46],"current_hp_per_floor":[74,74,74,75,75,75,67,71,71,71,75,75,74,74,74,54,70,74,74,74,53,53,53,40,40,40,40,62,62,62,56,56,38,70,80,80,55,61,60,60,60,60,60,69,69,69,75,75,75,77],"gold":277,"neow_bonus":"THREE_ENEMY_KILL","is_daily":false,"chose_seed":false,"campfire_upgraded":9,"win_rate":0.0,"timestamp":1611816730,"path_taken":["M","?","$","M","?","E","M","E","T","R","M","M","M","?","R","BOSS","M","?","$","?","?","R","E","R","T","R","?","M","?","M","R","BOSS","M","M","?","M","M","R","?","R","T","M","?","$","?","E","R","BOSS"],"items_purchased_type":["Card","Card","Card","Relic","Card"],"build_version":"2020-12-22","purchased_purges":2,"victory":true,"max_hp_per_floor":[75,75,75,75,75,75,75,75,75,75,75,75,75,75,75,75,75,75,75,75,80,80,80,80,80,80,80,80,80,80,80,80,80,80,80,80,80,80,80,80,80,80,80,80,80,80,80,80,80,80],"card_choices":[{"not_picked":["Clash","Anger"],"picked":"Headbutt","floor":1.0},{"not_picked":["Pummel","Heavy Blade"],"picked":"Pommel Strike","floor":4.0},{"not_picked":["Headbutt","Anger"],"picked":"Shrug It Off","floor":6.0},{"not_picked":["Armaments","Double Tap"],"picked":"Power Through","floor":7.0},{"not_picked":["Clothesline","Heavy Blade","Twin Strike"],"picked":"SKIP","floor":8.0},{"not_picked":["Headbutt","Armaments"],"picked":"Body Slam","floor":11.0},{"not_picked":["Heavy Blade","Blood for Blood"],"picked":"Disarm","floor":12.0},{"not_picked":["Perfected Strike","Twin Strike","Pommel Strike"],"picked":"SKIP","floor":13.0},{"not_picked":["Pommel Strike","Thunderclap"],"picked":"Dual Wield","floor":18.0},{"not_picked":["Sword Boomerang","Iron Wave+1","Anger"],"picked":"SKIP","floor":24.0},{"not_picked":["Heavy Blade+1","Rampage","Havoc"],"picked":"SKIP","floor":28.0},{"not_picked":["Bloodletting","Uppercut","Pummel"],"picked":"SKIP","floor":29.0},{"not_picked":["Bloodletting+1","Flame Barrier"],"picked":"Seeing Red","floor":31.0},{"not_picked":["Sword Boomerang","Clash","Havoc"],"picked":"SKIP","floor":35.0},{"not_picked":["Anger","Thunderclap"],"picked":"True Grit","floor":36.0},{"not_picked":["Headbutt","Wild Strike","Iron Wave"],"picked":"SKIP","floor":38.0},{"not_picked":["Shockwave","Bloodletting","Limit Break"],"picked":"SKIP","floor":39.0},{"not_picked":["Seeing Red","Perfected Strike"],"picked":"Power Through","floor":44.0},{"not_picked":["Warcry","Shrug It Off","Body Slam"],"picked":"SKIP","floor":47.0},{"not_picked":["Iron Wave","Clothesline","Combust"],"picked":"SKIP","floor":48.0}],"player_experience":864482,"relics_obtained":[{"floor":6.0,"key":"Bronze Scales"},{"floor":8.0,"key":"Bag of Marbles"},{"floor":9.0,"key":"CeramicFish"},{"floor":24.0,"key":"Charon\u0027s Ashes"},{"floor":26.0,"key":"Centennial Puzzle"},{"floor":37.0,"key":"Gambling Chip"},{"floor":43.0,"key":"Happy Flower"},{"floor":48.0,"key":"Dream Catcher"}],"event_choices":[{"damage_healed":0.0,"max_hp_gain":0.0,"max_hp_loss":0.0,"gold_gain":0.0,"cards_transformed":["Strike_R"],"event_name":"Transmorgrifier","player_choice":"Transformed","floor":2.0,"gold_loss":0.0,"damage_taken":0.0,"cards_obtained":["Evolve"]},{"damage_healed":0.0,"max_hp_gain":0.0,"max_hp_loss":0.0,"gold_gain":0.0,"event_name":"Dead Adventurer","player_choice":"Searched \u00272\u0027 times","floor":14.0,"gold_loss":0.0,"damage_taken":0.0,"relics_obtained":["Meat on the Bone"]},{"damage_healed":0.0,"max_hp_gain":0.0,"max_hp_loss":0.0,"gold_gain":0.0,"event_name":"Cursed Tome","player_choice":"Ignored","floor":19.0,"gold_loss":0.0,"damage_taken":0.0},{"damage_healed":0.0,"max_hp_gain":5.0,"max_hp_loss":0.0,"gold_gain":0.0,"event_name":"Forgotten Altar","player_choice":"Shed Blood","floor":21.0,"gold_loss":0.0,"damage_taken":26.0},{"damage_healed":0.0,"max_hp_gain":0.0,"max_hp_loss":0.0,"gold_gain":0.0,"event_name":"FaceTrader","player_choice":"Trade","floor":22.0,"gold_loss":0.0,"damage_taken":0.0,"relics_obtained":["SsserpentHead"]},{"damage_healed":0.0,"max_hp_gain":0.0,"max_hp_loss":0.0,"gold_gain":0.0,"event_name":"Mysterious Sphere","player_choice":"Fight","floor":37.0,"gold_loss":0.0,"damage_taken":0.0},{"cards_removed":["Defend_R"],"damage_healed":0.0,"max_hp_gain":0.0,"max_hp_loss":0.0,"gold_gain":0.0,"event_name":"Falling","player_choice":"Removed Skill","floor":41.0,"gold_loss":0.0,"damage_taken":0.0},{"cards_removed":["Shame"],"damage_healed":0.0,"max_hp_gain":0.0,"max_hp_loss":0.0,"gold_gain":0.0,"event_name":"Bonfire Elementals","player_choice":"Offered Curse","floor":45.0,"gold_loss":0.0,"damage_taken":0.0,"relics_obtained":["Spirit Poop"]}],"is_beta":false,"boss_relics":[{"not_picked":["Sozu","Snecko Eye"],"picked":"Black Blood"},{"not_picked":["Empty Cage","Velvet Choker"],"picked":"Cursed Key"}],"items_purged_floors":[20,46],"is_endless":false,"potions_floor_spawned":[4,6,16,29,36,38,44,47],"ascension_level":16}}