{"host":"vrsxkkch9ccrec7k","time":1611843064,"event":{"mods":["Act Like it!","BaseMod","Bestiary","Better Altar","Better Match","Better Note","Better Sensory Stone","Better Skull","Better Third Choice","Better Vampires","Downfall","Minty Spire (QoL Compilation)","Permanent Neow","Relic Stats","Spicy Shops","StSLib"],"gold_per_floor":[111,140,162,174,198,241,277,307,349,381,393,405,437,42,60,163,163,163,173,173,189,208,239,286,17,17,46,46,46,46,46],"floor_reached":29,"language":"ENG","playtime":2590,"items_purged":["hexamod:Strike","hexamod:Strike"],"score":371,"play_id":"623fcebe-3611-4641-b15d-356130fdae40","local_time":"20210128091104","is_ascension_mode":true,"campfire_choices":[{"data":"hexamod:Float","floor":1,"key":"SMITH"},{"data":"hexamod:GiftsFromTheDead","floor":11,"key":"SMITH"},{"data":"hexamod:TimeOfNeed","floor":18,"key":"SMITH"},{"data":"hexamod:UnleashSpirits","floor":26,"key":"SMITH"}],"circlet_count":0,"master_deck":["hexamod:Defend","hexamod:Defend","hexamod:Defend+1","hexamod:Defend","hexamod:Sear+1","hexamod:Float+1","hexamod:SpectersWail","hexamod:NightmareStrike","hexamod:HauntingEcho","hexamod:GiftsFromTheDead+1","hexamod:FastForward","hexamod:ThirdSeal","hexamod:SpectersWail","hexamod:UnleashSpirits+1","hexamod:FirstSeal","hexamod:FourthSeal","hexamod:TimeOfNeed+1","hexamod:TimeWarp","hexamod:FlamesFromBeyond+1","hexamod:EmpoweredFlame","hexamod:GhostShield","hexamod:PhantomCloak+1","hexamod:SoulSteal+1","hexamod:TimeWarp+1","hexamod:RetreatToShadows+1"],"relics":["hexamod:SpiritBrand","MawBank","Potion Belt","War Paint","Omamori","hexamod:JarOfFuel","Empty Cage","Molten Egg 2","Anchor","hexamod:RecyclingMachine","Eternal Feather"],"acts_visited":["Exordium","TheCity"],"potions_floor_usage":[6,9,16,16,21,21,22,23,27,27,29,29],"damage_taken":[{"damage":6,"enemies":"2 Louse","floor":2,"turns":3},{"damage":0,"enemies":"Jaw Worm","floor":3,"turns":4},{"damage":0,"enemies":"Small Slimes","floor":5,"turns":3},{"damage":8,"enemies":"Gremlin Nob","floor":6,"turns":3},{"damage":7,"enemies":"2 Fungi Beasts","floor":8,"turns":2},{"damage":3,"enemies":"3 Sentries","floor":9,"turns":6},{"damage":0,"enemies":"Large Slime","floor":10,"turns":3},{"damage":9,"enemies":"Exordium Thugs","floor":13,"turns":4},{"damage":0,"enemies":"downfall:FleeingMerchant","floor":14,"turns":4},{"damage":0,"enemies":"2 Fungi Beasts","floor":15,"turns":3},{"damage":31,"enemies":"WA_ARCHETYPE_RETAIN","floor":16,"turns":8},{"damage":0,"enemies":"Chosen","floor":19,"turns":4},{"damage":18,"enemies":"Sentry and Sphere","floor":21,"turns":5},{"damage":23,"enemies":"Snake Plant","floor":22,"turns":5},{"damage":8,"enemies":"Gremlin Leader","floor":23,"turns":6},{"damage":0,"enemies":"downfall:FleeingMerchant","floor":25,"turns":4},{"damage":20,"enemies":"Book of Stabbing","floor":27,"turns":5},{"damage":34,"enemies":"Gremlin Leader","floor":29,"turns":5}],"seed_played":"-6369759474711173632","potions_obtained":[{"floor":2,"key":"Fire Potion"},{"floor":5,"key":"SkillPotion"},{"floor":16,"key":"DistilledChaos"},{"floor":16,"key":"Slimebound:ThreeZeroPotion"},{"floor":19,"key":"hexamod:SoulburnPotion"},{"floor":21,"key":"Slimebound:ThreeZeroPotion"},{"floor":22,"key":"LiquidBronze"},{"floor":23,"key":"Guardian:BlockOnCardUsePotion"},{"floor":25,"key":"ColorlessPotion"},{"floor":27,"key":"bronze:BurnAndBuffPotion"}],"is_trial":false,"path_per_floor":["R","M","M","?","M","E","T","M","E","M","R","?","M","$","M","B",null,"R","M","?","M","M","E","T","$","R","E","?","E"],"character_chosen":"THE_SPIRIT","items_purchased":["hexamod:FirstSeal","Strength Potion","Dexterity Potion","hexamod:JarOfFuel","hexamod:RecyclingMachine"],"campfire_rested":0,"item_purchase_floors":[14,14,14,14,25],"current_hp_per_floor":[63,57,57,62,62,54,54,47,44,44,44,44,35,35,35,11,59,59,66,66,55,39,38,38,45,45,32,32,0,0,0],"gold":46,"neow_bonus":"RANDOM_COMMON_RELIC","is_daily":false,"chose_seed":false,"campfire_upgraded":4,"win_rate":0.0,"timestamp":1611843064,"path_taken":["R","M","M","?","M","E","T","M","E","M","R","?","M","?","M","BOSS","R","M","?","M","M","E","T","$","R","E","?","E"],"items_purchased_type":["Card","Potion","Potion","Relic","Relic"],"build_version":"2020-12-22","purchased_purges":2,"victory":false,"max_hp_per_floor":[70,70,70,75,75,75,75,75,75,75,75,75,75,75,75,75,75,75,75,75,75,75,75,75,75,75,75,75,75,75,75],"relic_stats":{"counters":[18,77],"Eternal Feather":0,"War Paint":["hexamod:Defend","hexamod:Sear"],"MawBank":168,"obtain_stats":[{"Potion Belt":6,"hexamod:JarOfFuel":14,"Anchor":24,"Molten Egg 2":23,"Eternal Feather":27,"Omamori":9,"hexamod:RecyclingMachine":25,"War Paint":7,"MawBank":0,"Empty Cage":17,"hexamod:SpiritBrand":0},{"Potion Belt":4,"hexamod:JarOfFuel":9,"Anchor":15,"Molten Egg 2":15,"Eternal Feather":17,"Omamori":6,"hexamod:RecyclingMachine":16,"War Paint":4,"MawBank":0,"Empty Cage":11,"hexamod:SpiritBrand":0},{"Potion Belt":13,"hexamod:JarOfFuel":32,"Anchor":63,"Molten Egg 2":63,"Eternal Feather":72,"Omamori":21,"hexamod:RecyclingMachine":67,"War Paint":13,"MawBank":0,"Empty Cage":43,"hexamod:SpiritBrand":0}]},"card_choices":[{"not_picked":["hexamod:HeatShield","hexamod:SpectralAdrenaline"],"picked":"hexamod:SpectersWail","floor":2},{"not_picked":["hexamod:Hexaguard","hexamod:SecondSeal"],"picked":"hexamod:NightmareStrike","floor":3},{"not_picked":["hexamod:SpectersWail","hexamod:Again"],"picked":"hexamod:HauntingEcho","floor":5},{"not_picked":["hexamod:EtherealExpedition","hexamod:InspiringFlames","hexamod:SpectersWail"],"picked":"SKIP","floor":6},{"not_picked":["hexamod:ShieldOfDarkness","hexamod:HeatCrush"],"picked":"hexamod:GiftsFromTheDead","floor":8},{"not_picked":["hexamod:DynamicBlow","hexamod:Again"],"picked":"hexamod:FastForward","floor":9},{"not_picked":["hexamod:GhostLash","hexamod:ThermalTransfer"],"picked":"hexamod:Hexaguard","floor":10},{"not_picked":["hexamod:SkipABeat","hexamod:Incineration"],"picked":"hexamod:SpectersWail","floor":13},{"not_picked":["hexamod:GhostLash","hexamod:NightmareGuise"],"picked":"hexamod:UnleashSpirits","floor":14},{"not_picked":["hexamod:SwordOfDarkness","hexamod:UnlimitedPower","hexamod:Firestarter"],"picked":"SKIP","floor":14},{"not_picked":["hexamod:NightmareStrike","hexamod:FastForward"],"picked":"hexamod:FourthSeal","floor":15},{"not_picked":["hexamod:WildfireWeapon","hexamod:SearingWound"],"picked":"hexamod:TimeOfNeed","floor":16},{"not_picked":["hexamod:WildfireWeapon","hexamod:GhostflameInferno"],"picked":"hexamod:TimeWarp","floor":16},{"not_picked":["hexamod:InspiringFlames+1","hexamod:SpectersWail"],"picked":"hexamod:FlamesFromBeyond+1","floor":19},{"not_picked":["hexamod:SuperheatedStrike","hexamod:Firestarter","hexamod:ThermalTransfer"],"picked":"SKIP","floor":19},{"not_picked":["hexamod:FastForward","hexamod:ChargedBarrage"],"picked":"hexamod:EmpoweredFlame","floor":21},{"not_picked":["hexamod:NightmareStrike","hexamod:GhostOfSpirePast","hexamod:HauntingEcho"],"picked":"SKIP","floor":21},{"not_picked":["hexamod:BurningTouch+1","hexamod:ApocalypticArmor"],"picked":"hexamod:GhostShield","floor":22},{"not_picked":["hexamod:NecessarySacrifice","hexamod:HeatCrush","hexamod:GhostShield"],"picked":"SKIP","floor":22},{"not_picked":["hexamod:PhantomFireball+1","hexamod:ThermalTransfer+1"],"picked":"hexamod:PhantomCloak+1","floor":23},{"not_picked":["hexamod:NecessarySacrifice","hexamod:RecurringNightmare+1"],"picked":"hexamod:SoulSteal+1","floor":23},{"not_picked":["hexamod:GhostOfSpirePast","hexamod:ShieldOfDarkness"],"picked":"hexamod:TimeWarp+1","floor":25},{"not_picked":["hexamod:FlamesFromBeyond","hexamod:GhostLash+1","hexamod:ChargedBarrage"],"picked":"SKIP","floor":25},{"not_picked":["hexamod:GhostLash+1","hexamod:NightmareGuise"],"picked":"hexamod:RetreatToShadows+1","floor":27},{"not_picked":["hexamod:DynamicBlow+1","hexamod:HeatMetal+1","hexamod:NightmareGuise"],"picked":"SKIP","floor":27}],"player_experience":1792518,"relics_obtained":[{"floor":6,"key":"Potion Belt"},{"floor":7,"key":"War Paint"},{"floor":9,"key":"Omamori"},{"floor":23,"key":"Molten Egg 2"},{"floor":24,"key":"Anchor"},{"floor":27,"key":"Eternal Feather"}],"event_choices":[{"damage_healed":0,"gold_gain":0,"player_choice":"Donut","damage_taken":0,"max_hp_gain":5,"max_hp_loss":0,"event_name":"Big Fish","floor":4,"gold_loss":0}],"is_beta":false,"boss_relics":[{"not_picked":["Busted Crown","Philosopher\u0027s Stone"],"picked":"Empty Cage"}],"items_purged_floors":[14,25],"is_endless":false,"potions_floor_spawned":[2,5,16,23],"killed_by":"Gremlin Leader","ascension_level":7}}