{"host":"ilhhjx796p2x2wmd","time":1611817242,"event":{"mods":["AchievementEnabler","BaseMod","BetterRewards","Colored Map","Colored Powertips","DeckTracker","Highlight Path","Minty Spire (QoL Compilation)","Permanent Neow","Rare Cards Sparkle","Shop Mod"],"gold_per_floor":[15,32,52,63,77,77,93,93,120,152,152,168,182,199,199,295,295,308,81,81,81,98,98,98,98],"floor_reached":24,"language":"KOR","playtime":650,"items_purged":["Defend_R"],"score":288,"play_id":"45e735f0-bb0f-4d0e-8bdf-99e0a4cd8a9d","local_time":"20210128160042","is_ascension_mode":true,"campfire_choices":[{"data":"Armaments","floor":6.0,"key":"SMITH"},{"data":"Searing Blow","floor":8.0,"key":"SMITH"},{"data":"Searing Blow+2","floor":15.0,"key":"SMITH"},{"floor":23,"key":"REST"}],"circlet_count":0,"master_deck":["Strike_R","Strike_R","Strike_R","Strike_R","Strike_R","Defend_R","Defend_R","Defend_R+1","Bash","Clothesline","Armaments+1","Searing Blow+3","Twin Strike","Pommel Strike","Shrug It Off","Offering","True Grit","Demon Form","Feed","Decay","Seeing Red"],"relics":["Burning Blood","Pen Nib","Lantern","Velvet Choker"],"acts_visited":["Exordium","TheCity"],"potions_floor_usage":[16,16,16],"damage_taken":[{"damage":10.0,"enemies":"2 Louse","floor":1.0,"turns":2.0},{"damage":9.0,"enemies":"Jaw Worm","floor":2.0,"turns":4.0},{"damage":6.0,"enemies":"Cultist","floor":3.0,"turns":3.0},{"damage":6.0,"enemies":"Blue Slaver","floor":4.0,"turns":5.0},{"damage":12.0,"enemies":"Looter","floor":5.0,"turns":3.0},{"damage":7.0,"enemies":"3 Louse","floor":7.0,"turns":4.0},{"damage":32.0,"enemies":"Lagavulin","floor":10.0,"turns":6.0},{"damage":0.0,"enemies":"Large Slime","floor":12.0,"turns":6.0},{"damage":9.0,"enemies":"Blue Slaver","floor":13.0,"turns":2.0},{"damage":26.0,"enemies":"Exordium Thugs","floor":14.0,"turns":4.0},{"damage":27,"enemies":"Hexaghost","floor":16,"turns":8},{"damage":23,"enemies":"3 Byrds","floor":18,"turns":5},{"damage":24,"enemies":"Shell Parasite","floor":22,"turns":5},{"damage":2,"enemies":"Book of Stabbing","floor":24,"turns":2}],"seed_played":"2748849954821476844","potions_obtained":[{"floor":2.0,"key":"ColorlessPotion"},{"floor":3.0,"key":"BloodPotion"},{"floor":4.0,"key":"DistilledChaos"},{"floor":16,"key":"Fruit Juice"}],"is_trial":false,"path_per_floor":["M","M","M","M","M","R","M","R","T","E","?","M","M","M","R","B",null,"M","$","?","?","M","R","E"],"character_chosen":"IRONCLAD","items_purchased":["Feed"],"campfire_rested":1,"item_purchase_floors":[19],"current_hp_per_floor":[84,81,81,81,75,75,74,74,74,48,29,35,32,12,12,15,80,63,63,43,43,25,56,54,54],"gold":98,"neow_bonus":"TWENTY_PERCENT_HP_BONUS","is_daily":false,"chose_seed":false,"campfire_upgraded":3,"win_rate":0.0,"timestamp":1611817242,"path_taken":["M","M","M","M","M","R","M","R","T","E","?","M","M","M","R","BOSS","M","$","?","?","?","R","E"],"items_purchased_type":["Card"],"build_version":"2020-12-22","purchased_purges":1,"victory":false,"max_hp_per_floor":[96,96,96,96,96,96,96,96,96,96,96,96,96,96,96,101,101,101,101,106,106,106,106,106,106],"card_choices":[{"not_picked":["Bloodletting","Clash"],"picked":"Clothesline","floor":1.0},{"not_picked":["Wild Strike","Searing Blow"],"picked":"Armaments","floor":2.0},{"not_picked":["Armaments","Rage"],"picked":"Searing Blow","floor":3.0},{"not_picked":["Anger","Warcry"],"picked":"Twin Strike","floor":4.0},{"not_picked":["Armaments","Searing Blow"],"picked":"Pommel Strike","floor":5.0},{"not_picked":["Sword Boomerang","Thunderclap"],"picked":"Shrug It Off","floor":7.0},{"not_picked":["Heavy Blade","Second Wind","Sword Boomerang"],"picked":"SKIP","floor":10.0},{"not_picked":["Shrug It Off","Reckless Charge"],"picked":"Offering","floor":12.0},{"not_picked":["Flame Barrier","Intimidate"],"picked":"True Grit","floor":13.0},{"not_picked":["Whirlwind","Flex","Headbutt"],"picked":"SKIP","floor":14.0},{"not_picked":["Whirlwind","Flex","Headbutt"],"picked":"SKIP","floor":14.0},{"not_picked":["Impervious","Limit Break"],"picked":"Demon Form","floor":16},{"not_picked":["Anger+1","Iron Wave","Dark Embrace"],"picked":"SKIP","floor":18},{"not_picked":["Power Through","Thunderclap"],"picked":"Seeing Red","floor":22}],"player_experience":312411,"relics_obtained":[{"floor":9.0,"key":"Pen Nib"},{"floor":10.0,"key":"Lantern"}],"event_choices":[{"damage_healed":0.0,"max_hp_gain":0.0,"max_hp_loss":0.0,"gold_gain":0.0,"event_name":"Shining Light","player_choice":"Entered Light","floor":11.0,"gold_loss":0.0,"damage_taken":19.0,"cards_upgraded":["Searing Blow","Defend_R"]},{"damage_healed":0,"gold_gain":0,"player_choice":"Shed Blood","damage_taken":25,"max_hp_gain":5,"max_hp_loss":0,"event_name":"Forgotten Altar","floor":20,"gold_loss":0},{"damage_healed":0,"gold_gain":0,"player_choice":"Cursed","damage_taken":0,"max_hp_gain":0,"max_hp_loss":0,"event_name":"Wheel of Change","floor":21,"gold_loss":0,"cards_obtained":["Decay"]}],"is_beta":false,"boss_relics":[{"not_picked":["Busted Crown","Tiny House"],"picked":"Velvet Choker"}],"items_purged_floors":[19],"is_endless":false,"potions_floor_spawned":[2,3,4,5,16],"killed_by":"Book of Stabbing","ascension_level":6}}