{"host":"jegehu1t82aiec5j","time":1611843699,"event":{"mods":["BaseMod","Colored Map","Minty Spire (QoL Compilation)","Relic Stats","StSLib"],"gold_per_floor":[109,127,29,79,90,90,102,102,125,154,35,110,110,130,130,201,201,218,251,266,266,280,280,297,297,323,3,3,29,29,44,44,115,115,128,153,153,203,214,246,246,468,468,468,495,495,125,157,157,157],"floor_reached":51,"language":"ENG","playtime":1905,"items_purged":["Strike_B","Strike_B","Strike_B"],"score":1430,"play_id":"fcd6396b-2d54-4c5b-b807-3560053b9d78","local_time":"20210128092139","is_ascension_mode":true,"campfire_choices":[{"data":"Barrage","floor":6,"key":"SMITH"},{"data":"Ball Lightning","floor":8,"key":"SMITH"},{"data":"Capacitor","floor":13,"key":"SMITH"},{"data":"White Noise","floor":15,"key":"SMITH"},{"floor":23,"key":"REST"},{"floor":25,"key":"REST"},{"floor":28,"key":"REST"},{"data":"Biased Cognition","floor":30,"key":"SMITH"},{"data":"Go for the Eyes","floor":32,"key":"SMITH"},{"data":"Biased Cognition","floor":41,"key":"SMITH"},{"floor":44,"key":"REST"},{"floor":49,"key":"REST"}],"circlet_count":0,"master_deck":["AscendersBane","Strike_B","Defend_B","Defend_B","Defend_B","Defend_B","Zap","Dualcast","Ball Lightning+1","Cold Snap","Compile Driver","Barrage+1","White Noise+1","Capacitor+1","Coolheaded","Seek","Biased Cognition+1","Steam","Go for the Eyes+1","Steam","Undo","Leap","Turbo","Biased Cognition+1","Capacitor+1","Coolheaded","Compile Driver"],"relics":["Cracked Core","WarpedTongs","Omamori","Orichalcum","Runic Pyramid","Red Mask","Vajra","ClockworkSouvenir","Bag of Marbles","Philosopher\u0027s Stone","Turnip","Gremlin Horn","Mercury Hourglass","Nunchaku","Toy Ornithopter","Art of War"],"acts_visited":["Exordium","TheCity","TheBeyond"],"potions_floor_usage":[14,24,50,50],"damage_taken":[{"damage":7,"enemies":"Jaw Worm","floor":1,"turns":2},{"damage":1,"enemies":"Cultist","floor":2,"turns":3},{"damage":1,"enemies":"Small Slimes","floor":5,"turns":3},{"damage":7,"enemies":"3 Louse","floor":7,"turns":3},{"damage":0,"enemies":"Gremlin Nob","floor":10,"turns":3},{"damage":6,"enemies":"2 Fungi Beasts","floor":14,"turns":2},{"damage":14,"enemies":"Hexaghost","floor":16,"turns":11},{"damage":23,"enemies":"2 Thieves","floor":18,"turns":4},{"damage":35,"enemies":"Masked Bandits","floor":19,"turns":4},{"damage":2,"enemies":"Shell Parasite","floor":20,"turns":7},{"damage":0,"enemies":"Centurion and Healer","floor":22,"turns":6},{"damage":5,"enemies":"3 Cultists","floor":24,"turns":5},{"damage":3,"enemies":"Gremlin Leader","floor":29,"turns":9},{"damage":0,"enemies":"Snecko","floor":31,"turns":5},{"damage":15,"enemies":"Champ","floor":33,"turns":10},{"damage":5,"enemies":"3 Darklings","floor":35,"turns":5},{"damage":1,"enemies":"Mind Bloom Boss Battle","floor":36,"turns":6},{"damage":1,"enemies":"3 Shapes","floor":39,"turns":5},{"damage":14,"enemies":"Giant Head","floor":40,"turns":9},{"damage":0,"enemies":"Reptomancer","floor":45,"turns":6},{"damage":0,"enemies":"Giant Head","floor":48,"turns":7},{"damage":40,"enemies":"Awakened One","floor":50,"turns":10}],"seed_played":"-5954804769063609768","potions_obtained":[{"floor":2,"key":"ColorlessPotion"},{"floor":7,"key":"SteroidPotion"},{"floor":16,"key":"Ancient Potion"},{"floor":24,"key":"Ancient Potion"}],"is_trial":false,"path_per_floor":["M","M","$","?","M","R","M","R","T","E","$","?","R","M","R","B",null,"M","?","M","?","M","R","M","R","T","$","R","E","R","M","R","B",null,"M","?","?","?","M","E","R","?","T","R","E","?","$","E","R","B",null],"character_chosen":"DEFECT","items_purchased":["Compile Driver","Capacitor","Coolheaded","ClockworkSouvenir","Undo","PowerPotion","Compile Driver","Toy Ornithopter"],"campfire_rested":5,"item_purchase_floors":[3,11,11,27,27,47,47,47],"current_hp_per_floor":[64,63,63,63,62,62,55,55,55,55,55,44,44,38,38,24,65,42,7,5,5,5,28,23,46,46,46,69,66,66,66,66,51,71,66,65,65,65,64,50,50,50,50,72,72,72,72,72,74,34],"gold":157,"neow_bonus":"TEN_PERCENT_HP_BONUS","is_daily":false,"chose_seed":false,"campfire_upgraded":7,"win_rate":0.0,"timestamp":1611843699,"path_taken":["M","M","$","?","?","R","M","R","T","E","?","?","R","M","R","BOSS","M","?","M","?","?","R","M","R","T","$","R","E","R","M","R","BOSS","M","?","?","?","?","E","R","?","T","R","E","?","$","E","R","BOSS"],"items_purchased_type":["Card","Card","Card","Relic","Card","Potion","Card","Relic"],"build_version":"2020-12-22","purchased_purges":3,"victory":true,"max_hp_per_floor":[78,78,78,78,78,78,78,78,78,78,78,78,78,78,78,78,78,78,78,78,78,78,78,78,78,78,78,78,78,78,78,78,78,78,78,78,74,74,74,74,74,74,74,74,74,74,74,74,74,74],"relic_stats":{"Nunchaku":[3],"Gremlin Horn":[7,7],"counters":[22,125],"Turnip":[0],"Art of War":[1],"Orichalcum":[240],"obtain_stats":[{"Gremlin Horn":40,"Vajra":26,"Omamori":9,"Orichalcum":10,"WarpedTongs":0,"ClockworkSouvenir":27,"Mercury Hourglass":43,"Nunchaku":45,"Philosopher\u0027s Stone":34,"Turnip":36,"Red Mask":19,"Bag of Marbles":29,"Art of War":48,"Cracked Core":0,"Toy Ornithopter":47,"Runic Pyramid":17},{"Gremlin Horn":19,"Vajra":12,"Omamori":4,"Orichalcum":5,"WarpedTongs":0,"ClockworkSouvenir":12,"Mercury Hourglass":19,"Nunchaku":20,"Philosopher\u0027s Stone":15,"Turnip":17,"Red Mask":9,"Bag of Marbles":13,"Art of War":21,"Cracked Core":0,"Toy Ornithopter":20,"Runic Pyramid":7},{"Gremlin Horn":102,"Vajra":53,"Omamori":11,"Orichalcum":14,"WarpedTongs":0,"ClockworkSouvenir":53,"Mercury Hourglass":102,"Nunchaku":108,"Philosopher\u0027s Stone":77,"Turnip":88,"Red Mask":35,"Bag of Marbles":62,"Art of War":115,"Cracked Core":0,"Toy Ornithopter":108,"Runic Pyramid":27}],"Toy Ornithopter":0,"WarpedTongs":[125],"Mercury Hourglass":[99]},"card_choices":[{"not_picked":["White Noise","Consume"],"picked":"Ball Lightning","floor":1},{"not_picked":["Steam Power","Recycle"],"picked":"Cold Snap","floor":2},{"not_picked":["Tempest","Hello World"],"picked":"Barrage","floor":5},{"not_picked":["Hologram","Stack"],"picked":"White Noise","floor":7},{"not_picked":["Compile Driver","Sweeping Beam","Turbo"],"picked":"SKIP","floor":10},{"not_picked":["Ball Lightning","Static Discharge"],"picked":"Seek","floor":14},{"not_picked":["Machine Learning","Thunder Strike"],"picked":"Biased Cognition","floor":16},{"not_picked":["Tempest","Beam Cell","Heatsinks"],"picked":"SKIP","floor":18},{"not_picked":["Cold Snap","Coolheaded"],"picked":"Steam","floor":19},{"not_picked":["Fusion","Redo"],"picked":"Go for the Eyes","floor":20},{"not_picked":["Coolheaded","Chill"],"picked":"Steam","floor":22},{"not_picked":["Streamline","Rebound","Go for the Eyes"],"picked":"SKIP","floor":24},{"not_picked":["Rebound","Seek"],"picked":"Leap","floor":29},{"not_picked":["Beam Cell","Barrage+1"],"picked":"Turbo","floor":31},{"not_picked":["Buffer","Thunder Strike"],"picked":"Biased Cognition","floor":33},{"not_picked":["Hologram+1","Leap"],"picked":"Capacitor+1","floor":35},{"not_picked":["Beam Cell+1","Compile Driver","Leap"],"picked":"SKIP","floor":39},{"not_picked":["Turbo","Rebound+1","Reinforced Body"],"picked":"SKIP","floor":40},{"not_picked":["Scrape","Turbo"],"picked":"Coolheaded","floor":45},{"not_picked":["Steam+1","Heatsinks","Go for the Eyes+1"],"picked":"SKIP","floor":48}],"player_experience":2550646,"relics_obtained":[{"floor":9,"key":"Omamori"},{"floor":10,"key":"Orichalcum"},{"floor":19,"key":"Red Mask"},{"floor":26,"key":"Vajra"},{"floor":29,"key":"Bag of Marbles"},{"floor":36,"key":"Turnip"},{"floor":40,"key":"Gremlin Horn"},{"floor":43,"key":"Mercury Hourglass"},{"floor":45,"key":"Nunchaku"},{"floor":48,"key":"Art of War"}],"event_choices":[{"damage_healed":0,"gold_gain":50,"player_choice":"Pray","damage_taken":0,"max_hp_gain":0,"max_hp_loss":0,"event_name":"Golden Shrine","floor":4,"gold_loss":0},{"damage_healed":0,"gold_gain":75,"player_choice":"Gather Gold","damage_taken":11,"max_hp_gain":0,"max_hp_loss":0,"event_name":"World of Goop","floor":12,"gold_loss":0},{"damage_healed":0,"gold_gain":0,"player_choice":"Fought Bandits","damage_taken":0,"max_hp_gain":0,"max_hp_loss":0,"event_name":"Masked Bandits","floor":19,"gold_loss":0},{"damage_healed":0,"gold_gain":0,"player_choice":"Ignored","damage_taken":0,"max_hp_gain":0,"max_hp_loss":0,"event_name":"N\u0027loth","floor":21,"gold_loss":0},{"damage_healed":0,"gold_gain":0,"player_choice":"Fight","damage_taken":0,"max_hp_gain":0,"max_hp_loss":0,"event_name":"MindBloom","floor":36,"gold_loss":0},{"damage_healed":0,"gold_gain":0,"player_choice":"Max HP","damage_taken":0,"max_hp_gain":0,"max_hp_loss":4,"event_name":"Winding Halls","floor":37,"gold_loss":0},{"damage_healed":0,"gold_gain":50,"player_choice":"Pray","damage_taken":0,"max_hp_gain":0,"max_hp_loss":0,"event_name":"Golden Shrine","floor":38,"gold_loss":0},{"damage_healed":0,"gold_gain":222,"player_choice":"Wore Mask","damage_taken":0,"max_hp_gain":0,"max_hp_loss":0,"event_name":"Tomb of Lord Red Mask","floor":42,"gold_loss":0},{"damage_healed":0,"gold_gain":0,"player_choice":"Ignored","damage_taken":0,"max_hp_gain":0,"max_hp_loss":0,"event_name":"Mysterious Sphere","floor":46,"gold_loss":0}],"is_beta":false,"boss_relics":[{"not_picked":["Pandora\u0027s Box","Astrolabe"],"picked":"Runic Pyramid"},{"not_picked":["Nuclear Battery","Busted Crown"],"picked":"Philosopher\u0027s Stone"}],"items_purged_floors":[3,27,47],"is_endless":false,"potions_floor_spawned":[2,7,16,18,24,29,36,39],"ascension_level":15}}