{"host":"gbsupkmj5cka9iw4","time":1611852651,"event":{"mods":["BaseMod","Better Note","BetterRewards","Minty Spire (QoL Compilation)","Say the Spire","Shop Mod","StSLib"],"gold_per_floor":[112,262,276,293,293,293,322,341,392,392,446,461,507,536,536,536,536],"floor_reached":16,"language":"ENG","playtime":732,"items_purged":["Strike_R"],"score":304,"play_id":"8c0ba4e9-c5ac-40ca-9d8d-524691e18330","local_time":"20210129015051","is_ascension_mode":true,"campfire_choices":[{"floor":6.0,"key":"REST"},{"floor":15,"key":"REST"}],"circlet_count":0,"master_deck":["AscendersBane","Strike_R","Strike_R","Strike_R","Strike_R","Defend_R","Defend_R","Defend_R","Defend_R","Bash","Thunderclap","Second Wind+1","Seeing Red+1","Burning Pact+1","Shockwave+1","Feed","True Grit+1","Armaments+1","Wild Strike"],"relics":["Burning Blood","Membership Card","Juzu Bracelet","Toxic Egg 2","Blue Candle","Nunchaku","Centennial Puzzle","Red Skull"],"acts_visited":["Exordium"],"potions_floor_usage":[14],"damage_taken":[{"damage":5.0,"enemies":"Small Slimes","floor":1.0,"turns":5.0},{"damage":14.0,"enemies":"Jaw Worm","floor":3.0,"turns":5.0},{"damage":0.0,"enemies":"2 Louse","floor":4.0,"turns":3.0},{"damage":61.0,"enemies":"Gremlin Nob","floor":7.0,"turns":6.0},{"damage":9.0,"enemies":"Looter","floor":8.0,"turns":4.0},{"damage":0.0,"enemies":"Exordium Wildlife","floor":12.0,"turns":3.0},{"damage":23,"enemies":"3 Sentries","floor":14,"turns":8},{"damage":23,"enemies":"Slime Boss","floor":16,"turns":5}],"seed_played":"-1807913347309233079","potions_obtained":[{"floor":1.0,"key":"Fruit Juice"},{"floor":4.0,"key":"SteroidPotion"},{"floor":12.0,"key":"ElixirPotion"},{"floor":14,"key":"SteroidPotion"}],"is_trial":false,"path_per_floor":["M","?","M","M","?","R","E","M","T","?","?","M","T","E","R","B"],"character_chosen":"IRONCLAD","items_purchased":["Membership Card","Thunderclap","Juzu Bracelet","Toxic Egg 2","Second Wind+1"],"campfire_rested":2,"item_purchase_floors":[0,0,0,0,0],"current_hp_per_floor":[45,45,42,48,48,72,17,14,14,14,14,23,23,9,34,11,11],"gold":536,"neow_bonus":"","is_daily":false,"chose_seed":false,"campfire_upgraded":0,"win_rate":0.0,"timestamp":1611852651,"path_taken":["M","?","M","M","?","R","E","M","T","?","?","M","?","E","R","BOSS"],"items_purchased_type":["Relic","Card","Relic","Relic","Card"],"build_version":"2020-12-22","purchased_purges":1,"victory":false,"max_hp_per_floor":[75,75,80,80,80,80,80,80,80,80,80,83,83,86,86,86,86],"card_choices":[{"not_picked":["Perfected Strike","Intimidate+1"],"picked":"Seeing Red+1","floor":1.0},{"not_picked":["Pommel Strike","Warcry+1"],"picked":"Burning Pact+1","floor":3.0},{"not_picked":["Armaments+1","Headbutt"],"picked":"Shockwave+1","floor":4.0},{"not_picked":["Sword Boomerang","Heavy Blade"],"picked":"Feed","floor":7.0},{"not_picked":["Sword Boomerang","Sever Soul"],"picked":"True Grit+1","floor":8.0},{"not_picked":["Searing Blow","Sword Boomerang"],"picked":"Armaments+1","floor":12.0},{"not_picked":["Carnage","Juggernaut"],"picked":"Wild Strike","floor":14}],"player_experience":807195,"relics_obtained":[{"floor":7.0,"key":"Blue Candle"},{"floor":9.0,"key":"Nunchaku"},{"floor":13.0,"key":"Centennial Puzzle"},{"floor":14,"key":"Red Skull"}],"event_choices":[{"damage_healed":0.0,"max_hp_gain":0.0,"max_hp_loss":0.0,"gold_gain":150.0,"event_name":"Liars Game","player_choice":"AGREE","floor":2.0,"gold_loss":0.0,"damage_taken":0.0,"cards_obtained":["Doubt"]},{"cards_removed":["Doubt"],"damage_healed":0.0,"max_hp_gain":0.0,"max_hp_loss":0.0,"gold_gain":0.0,"event_name":"Living Wall","player_choice":"Forget","floor":5.0,"gold_loss":0.0,"damage_taken":0.0},{"damage_healed":0.0,"max_hp_gain":0.0,"max_hp_loss":0.0,"gold_gain":0.0,"event_name":"Dead Adventurer","player_choice":"Searched \u00270\u0027 times","floor":10.0,"gold_loss":0.0,"damage_taken":0.0},{"damage_healed":0.0,"max_hp_gain":0.0,"max_hp_loss":0.0,"gold_gain":54.0,"event_name":"Golden Wing","player_choice":"Gained Gold","floor":11.0,"gold_loss":0.0,"damage_taken":0.0}],"is_beta":false,"boss_relics":[],"items_purged_floors":[0],"is_endless":false,"potions_floor_spawned":[1,4,12,14],"killed_by":"Slime Boss","ascension_level":18}}