{"host":"zrwwt1jjq0fpdjej","time":1611837582,"event":{"mods":["AchievementEnabler","BaseMod","Colored Map","Minty Spire (QoL Compilation)","StSLib","SuperFastMode"],"gold_per_floor":[117,135,85,85,102,102,102,127,127,142,142,142],"floor_reached":11,"language":"KOR","playtime":427,"items_purged":[],"score":99,"play_id":"491bbb9f-978e-4f06-9295-9bfbd2114786","local_time":"20210128213942","is_ascension_mode":true,"campfire_choices":[{"data":"Scrawl","floor":6,"key":"SMITH"}],"circlet_count":0,"master_deck":["Eruption+1","Vigilance","Swivel","Fasting2","Wallop","Scrawl+1","WindmillStrike","TalkToTheHand","Devotion","EmptyFist","FlurryOfBlows","Protect","ThirdEye","Consecrate"],"relics":["Pandora\u0027s Box","HornCleat","Mummified Hand"],"acts_visited":["Exordium"],"potions_floor_usage":[10],"damage_taken":[{"damage":7,"enemies":"2 Louse","floor":1,"turns":3},{"damage":0,"enemies":"Cultist","floor":2,"turns":3},{"damage":0,"enemies":"Small Slimes","floor":5,"turns":2},{"damage":10,"enemies":"Gremlin Nob","floor":8,"turns":3},{"damage":9,"enemies":"Exordium Thugs","floor":10,"turns":3},{"damage":0,"enemies":"3 Sentries","floor":11,"turns":1}],"seed_played":"-1237380973920945448","potions_obtained":[{"floor":2,"key":"Weak Potion"},{"floor":10,"key":"LiquidBronze"}],"is_trial":false,"path_per_floor":["M","M","?","?","M","R","$","E","T","M","E"],"character_chosen":"WATCHER","items_purchased":[],"campfire_rested":0,"item_purchase_floors":[],"current_hp_per_floor":[58,58,58,58,58,58,58,48,48,39,39,39],"gold":142,"neow_bonus":"BOSS_RELIC","is_daily":false,"chose_seed":false,"campfire_upgraded":1,"win_rate":0.0,"timestamp":1611837582,"path_taken":["M","M","?","?","M","R","$","E","T","?","E"],"items_purchased_type":[],"build_version":"2020-12-22","purchased_purges":0,"victory":false,"max_hp_per_floor":[72,72,72,72,72,72,72,72,72,72,72,72],"card_choices":[{"not_picked":["FlyingSleeves","ClearTheMind"],"picked":"EmptyFist","floor":1},{"not_picked":["Wireheading","SashWhip"],"picked":"FlurryOfBlows","floor":2},{"not_picked":["Evaluate","ConjureBlade"],"picked":"Protect","floor":5},{"not_picked":["EmptyFist","Crescendo"],"picked":"ThirdEye","floor":8},{"not_picked":["WindmillStrike","FearNoEvil"],"picked":"Consecrate","floor":10}],"player_experience":218674,"relics_obtained":[{"floor":8,"key":"HornCleat"},{"floor":9,"key":"Mummified Hand"}],"event_choices":[{"cards_removed":["WreathOfFlame"],"damage_healed":0,"gold_gain":0,"player_choice":"Card Removal","damage_taken":0,"max_hp_gain":0,"max_hp_loss":0,"event_name":"The Cleric","floor":3,"gold_loss":50},{"damage_healed":0,"gold_gain":0,"player_choice":"Upgraded","damage_taken":0,"max_hp_gain":0,"max_hp_loss":0,"event_name":"Upgrade Shrine","floor":4,"gold_loss":0,"cards_upgraded":["Eruption"]}],"is_beta":false,"boss_relics":[],"items_purged_floors":[],"is_endless":false,"potions_floor_spawned":[2,10],"killed_by":"3 Sentries","ascension_level":7}}