{"host":"aj7el8l5kufbk20z","time":1611802839,"event":{"mods":["AchievementEnabler","BaseMod","Colored Map","Colored Powertips","Curses Come First","Highlight Path","Minty Spire (QoL Compilation)","Permanent Neow","Poor People Problems","Quick Restart","Rare Cards Sparkle","Relic Stats","StSLib","SuperFastMode","Waifu the Spire"],"gold_per_floor":[118,118,193,37,304,304,337,353,353,411,423,34,34,44,44,117,117,135,153,200,216,236,266,266,266,266,266,716,744,744,754,754,830,830,847,140,140,159,175,210,210,210,235,235,262,183,201,216,216,216],"floor_reached":51,"language":"ZHS","playtime":3050,"items_purged":["Strike_G","Strike_G","Strike_G","Defend_G","Strike_G"],"score":1326,"play_id":"4bc7acf0-5af3-4181-94d4-6540f1b36214","local_time":"20210128110039","is_ascension_mode":true,"campfire_choices":[{"data":"Footwork","floor":6.0,"key":"SMITH"},{"data":"Cloak And Dagger","floor":13.0,"key":"SMITH"},{"data":"Cloak And Dagger","floor":15.0,"key":"SMITH"},{"data":"Blade Dance","floor":25.0,"key":"SMITH"},{"data":"Dodge and Roll","floor":27.0,"key":"SMITH"},{"data":"Blade Dance","floor":30.0,"key":"SMITH"},{"data":"Storm of Steel","floor":32.0,"key":"SMITH"},{"data":"Escape Plan","floor":42.0,"key":"SMITH"},{"data":"Neutralize","floor":44.0,"key":"SMITH"},{"data":"Catalyst","floor":49,"key":"SMITH"}],"circlet_count":0,"master_deck":["AscendersBane","Defend_G","Defend_G","Defend_G","Survivor","Neutralize+1","CurseOfTheBell","Deflect","Footwork+1","Dodge and Roll+1","Cloak And Dagger+1","Blade Dance+1","Cloak And Dagger+1","Noxious Fumes+1","Terror+1","Noxious Fumes+1","PiercingWail","Storm of Steel+1","Cloak And Dagger+1","Accuracy+1","Escape Plan+1","PiercingWail","Backflip+1","Noxious Fumes+1","PanicButton","Blade Dance+1","Dagger Spray","Adrenaline","Footwork+1","A Thousand Cuts+1","Blur+1","Cloak And Dagger+1","Accuracy+1","Well Laid Plans+1","Crippling Poison","Catalyst+1","Well Laid Plans+1","Acrobatics"],"relics":["Calling Bell","Shuriken","Orichalcum","Du-Vu Doll","PreservedInsect","Snake Skull","Mummified Hand","Frozen Egg 2","Ancient Tea Set","MealTicket","Empty Cage","Question Card","Ornamental Fan","Pocketwatch","Anchor","HoveringKite","Oddly Smooth Stone","War Paint","Molten Egg 2","Boot","HornCleat"],"acts_visited":["Exordium","TheCity","TheBeyond"],"potions_floor_usage":[48,48],"damage_taken":[{"damage":4.0,"enemies":"Small Slimes","floor":1.0,"turns":4.0},{"damage":18.0,"enemies":"3 Sentries","floor":7.0,"turns":16.0},{"damage":0.0,"enemies":"Jaw Worm","floor":8.0,"turns":5.0},{"damage":20.0,"enemies":"Lagavulin Event","floor":10.0,"turns":6.0},{"damage":0.0,"enemies":"2 Louse","floor":11.0,"turns":2.0},{"damage":3.0,"enemies":"2 Fungi Beasts","floor":14.0,"turns":4.0},{"damage":7.0,"enemies":"Slime Boss","floor":16.0,"turns":8.0},{"damage":0.0,"enemies":"Chosen","floor":18.0,"turns":5.0},{"damage":10.0,"enemies":"2 Thieves","floor":19.0,"turns":4.0},{"damage":24.0,"enemies":"Shelled Parasite and Fungi","floor":21.0,"turns":5.0},{"damage":1.0,"enemies":"Snecko","floor":22.0,"turns":5.0},{"damage":7.0,"enemies":"Book of Stabbing","floor":23.0,"turns":4.0},{"damage":0.0,"enemies":"Gremlin Leader","floor":29.0,"turns":2.0},{"damage":0.0,"enemies":"Centurion and Healer","floor":31.0,"turns":3.0},{"damage":13.0,"enemies":"Collector","floor":33.0,"turns":6.0},{"damage":12.0,"enemies":"3 Darklings","floor":35.0,"turns":4.0},{"damage":0.0,"enemies":"Orb Walker","floor":38.0,"turns":3.0},{"damage":0.0,"enemies":"Sphere and 2 Shapes","floor":39.0,"turns":3.0},{"damage":27.0,"enemies":"Nemesis","floor":40.0,"turns":5.0},{"damage":0.0,"enemies":"Giant Head","floor":45.0,"turns":3.0},{"damage":1.0,"enemies":"Spire Growth","floor":47.0,"turns":4.0},{"damage":24,"enemies":"Transient","floor":48,"turns":5},{"damage":33,"enemies":"Awakened One","floor":50,"turns":9}],"seed_played":"-2489506868941532990","potions_obtained":[{"floor":8.0,"key":"FearPotion"},{"floor":10.0,"key":"Ancient Potion"},{"floor":19.0,"key":"Poison Potion"},{"floor":21.0,"key":"Regen Potion"},{"floor":40.0,"key":"Regen Potion"}],"is_trial":false,"path_per_floor":["M","?","?","$","$","R","E","M","T","?","M","$","R","M","R","B",null,"M","M","$","M","M","E","?","R","T","R","?","E","R","M","R","B",null,"M","$","?","M","M","E","?","R","T","R","E","$","M","M","R","B",null],"character_chosen":"THE_SILENT","items_purchased":["Footwork","Dodge and Roll","Snake Skull","MealTicket","Terror","Noxious Fumes+1","Accuracy+1","Escape Plan","A Thousand Cuts+1","Oddly Smooth Stone","Blur","War Paint","Catalyst"],"campfire_rested":0,"item_purchase_floors":[4,5,5,12,12,12,20,20,36,36,36,36,46],"current_hp_per_floor":[59,47,36,36,36,36,63,63,63,43,43,43,43,40,40,33,61,61,51,66,42,41,34,34,34,34,34,70,70,70,70,70,57,67,55,70,70,70,70,43,43,43,43,43,43,58,57,70,70,37],"gold":216,"neow_bonus":"BOSS_RELIC","is_daily":false,"chose_seed":false,"campfire_upgraded":10,"win_rate":0.0,"timestamp":1611802839,"path_taken":["M","?","?","?","$","R","E","M","T","?","M","$","R","M","R","BOSS","M","M","$","M","M","E","?","R","T","R","?","E","R","?","R","BOSS","M","$","?","M","?","E","?","R","T","R","E","$","M","?","R","BOSS"],"items_purchased_type":["Card","Card","Relic","Relic","Card","Card","Card","Card","Card","Relic","Card","Relic","Card"],"build_version":"2020-12-22","purchased_purges":5,"victory":true,"max_hp_per_floor":[70,70,70,70,70,70,70,70,70,70,70,70,70,70,70,70,70,70,70,70,70,70,70,70,70,70,70,70,70,70,70,70,70,70,70,70,70,70,70,70,70,70,70,70,70,70,70,70,70,70],"relic_stats":{"counters":[23,115],"HoveringKite":[10],"PreservedInsect":330,"Snake Skull":[87],"Orichalcum":[30],"War Paint":["Blur","Terror"],"Question Card":10,"Boot":[0],"Shuriken":[57],"Mummified Hand":[91],"Ornamental Fan":[144],"MealTicket":45,"obtain_stats":[{"HoveringKite":34,"Oddly Smooth Stone":36,"PreservedInsect":2,"Snake Skull":5,"Orichalcum":0,"Frozen Egg 2":9,"War Paint":36,"Ancient Tea Set":10,"Empty Cage":17,"Question Card":23,"Boot":43,"Calling Bell":0,"Du-Vu Doll":0,"Anchor":29,"HornCleat":45,"Shuriken":0,"Mummified Hand":7,"Ornamental Fan":24,"MealTicket":12,"Molten Egg 2":40,"Ring of the Snake":0,"Pocketwatch":26},{"HoveringKite":15,"Oddly Smooth Stone":16,"PreservedInsect":1,"Snake Skull":1,"Orichalcum":0,"Frozen Egg 2":3,"War Paint":16,"Ancient Tea Set":4,"Empty Cage":7,"Question Card":12,"Boot":19,"Calling Bell":0,"Du-Vu Doll":0,"Anchor":13,"HornCleat":20,"Shuriken":0,"Mummified Hand":2,"Ornamental Fan":12,"MealTicket":5,"Molten Egg 2":19,"Ring of the Snake":0,"Pocketwatch":12},{"HoveringKite":79,"Oddly Smooth Stone":83,"PreservedInsect":4,"Snake Skull":4,"Orichalcum":0,"Frozen Egg 2":25,"War Paint":83,"Ancient Tea Set":31,"Empty Cage":45,"Question Card":68,"Boot":94,"Calling Bell":0,"Du-Vu Doll":0,"Anchor":70,"HornCleat":97,"Shuriken":0,"Mummified Hand":20,"Ornamental Fan":68,"MealTicket":33,"Molten Egg 2":94,"Ring of the Snake":0,"Pocketwatch":68}],"Pocketwatch":[0]},"card_choices":[{"not_picked":["Poisoned Stab","Flying Knee"],"picked":"Deflect","floor":1.0},{"not_picked":["Underhanded Strike","Riddle With Holes"],"picked":"Cloak And Dagger","floor":7.0},{"not_picked":["Eviscerate","Tactician"],"picked":"Blade Dance","floor":8.0},{"not_picked":["Eviscerate","PiercingWail"],"picked":"Cloak And Dagger","floor":10.0},{"not_picked":["Eviscerate","Sucker Punch"],"picked":"Noxious Fumes+1","floor":11.0},{"not_picked":["Dagger Spray","Venomology"],"picked":"PiercingWail","floor":14.0},{"not_picked":["Night Terror","Malaise"],"picked":"Storm of Steel","floor":16.0},{"not_picked":["Slice","Deflect","Heel Hook"],"picked":"SKIP","floor":18.0},{"not_picked":["Escape Plan","Dagger Throw"],"picked":"Cloak And Dagger+1","floor":19.0},{"not_picked":["Prepared+1","Predator"],"picked":"PiercingWail","floor":21.0},{"not_picked":["Poisoned Stab","Finisher"],"picked":"Backflip+1","floor":22.0},{"not_picked":["Skewer","PiercingWail"],"picked":"Noxious Fumes+1","floor":23.0},{"not_picked":["Flechettes+1","Reflex","Backflip"],"picked":"Blade Dance","floor":29.0},{"not_picked":["Sucker Punch","Deflect","Dagger Throw"],"picked":"Dagger Spray","floor":31.0},{"not_picked":["Burst","Night Terror","Glass Knife"],"picked":"Adrenaline","floor":33.0},{"not_picked":["Bane","Flying Knee","Sucker Punch+1"],"picked":"Footwork+1","floor":35.0},{"not_picked":["Dagger Spray","Acrobatics","Quick Slash+1"],"picked":"Cloak And Dagger","floor":38.0},{"not_picked":["PiercingWail","Poisoned Stab","Endless Agony"],"picked":"Accuracy+1","floor":39.0},{"not_picked":["Blade Dance","Outmaneuver+1","Burst"],"picked":"Well Laid Plans+1","floor":40.0},{"not_picked":["Leg Sweep","Flechettes+1","Dodge and Roll"],"picked":"Crippling Poison","floor":45.0},{"not_picked":["Dodge and Roll","Concentrate","Underhanded Strike+1"],"picked":"Well Laid Plans+1","floor":47.0},{"not_picked":["Slice+1","Underhanded Strike+1","Terror"],"picked":"Acrobatics","floor":48}],"player_experience":414267,"relics_obtained":[{"floor":0.0,"key":"Shuriken"},{"floor":0.0,"key":"Orichalcum"},{"floor":0.0,"key":"Du-Vu Doll"},{"floor":7.0,"key":"Mummified Hand"},{"floor":9.0,"key":"Frozen Egg 2"},{"floor":10.0,"key":"Ancient Tea Set"},{"floor":23.0,"key":"Question Card"},{"floor":26.0,"key":"Pocketwatch"},{"floor":29.0,"key":"Anchor"},{"floor":40.0,"key":"Molten Egg 2"},{"floor":43.0,"key":"Boot"},{"floor":45.0,"key":"HornCleat"}],"event_choices":[{"damage_healed":0.0,"max_hp_gain":0.0,"max_hp_loss":0.0,"gold_gain":0.0,"event_name":"Scrap Ooze","player_choice":"Success","floor":2.0,"gold_loss":0.0,"damage_taken":12.0,"relics_obtained":["PreservedInsect"]},{"damage_healed":0.0,"max_hp_gain":0.0,"max_hp_loss":0.0,"gold_gain":75.0,"event_name":"World of Goop","player_choice":"Gather Gold","floor":3.0,"gold_loss":0.0,"damage_taken":11.0},{"damage_healed":0.0,"max_hp_gain":0.0,"max_hp_loss":0.0,"gold_gain":0.0,"event_name":"Dead Adventurer","player_choice":"Searched \u00272\u0027 times","floor":10.0,"gold_loss":0.0,"damage_taken":0.0},{"damage_healed":0.0,"max_hp_gain":0.0,"max_hp_loss":0.0,"gold_gain":0.0,"event_name":"The Mausoleum","player_choice":"Opened","floor":24.0,"gold_loss":0.0,"damage_taken":0.0,"relics_obtained":["Ornamental Fan"]},{"damage_healed":0.0,"max_hp_gain":0.0,"max_hp_loss":0.0,"gold_gain":450.0,"event_name":"Knowing Skull","player_choice":"GOLD GOLD GOLD GOLD GOLD CARD ","floor":28.0,"potions_obtained":[],"gold_loss":0.0,"damage_taken":52.0,"cards_obtained":["PanicButton"]},{"damage_healed":0.0,"max_hp_gain":0.0,"max_hp_loss":0.0,"gold_gain":0.0,"event_name":"The Woman in Blue","player_choice":"Bought 0 Potions","floor":37.0,"gold_loss":0.0,"damage_taken":0.0},{"damage_healed":0.0,"max_hp_gain":0.0,"max_hp_loss":0.0,"gold_gain":0.0,"event_name":"Accursed Blacksmith","player_choice":"Forge","floor":41.0,"gold_loss":0.0,"damage_taken":0.0,"cards_upgraded":["Cloak And Dagger"]}],"is_beta":false,"boss_relics":[{"not_picked":["Sozu","Busted Crown"],"picked":"Empty Cage"},{"not_picked":["Astrolabe","Runic Dome"],"picked":"HoveringKite"}],"items_purged_floors":[4,5,12,20,36],"is_endless":false,"potions_floor_spawned":[8,10,19,21,23,35,39,40,47],"ascension_level":13}}