{"host":"2d0rd30cigwncx1y","time":1611869039,"event":{"mods":["BaseMod","Colored Map","Colored Powertips","Downfall","MarisaÅiñ∂âJÅ@ñÇóùçπÅj","Minty Spire (QoL Compilation)","Replay The Spire","StSLib","The Alterego","The Marked","The Servant 0.9.4"],"gold_per_floor":[111,111,111,10,10,10,30,68,91,91,107,131,23,64,64,194,194,217,132,207,222,222,222],"floor_reached":22,"language":"ENG","playtime":1954,"items_purged":[],"score":267,"play_id":"2009fe01-0782-432c-a60a-f1284e969cf4","local_time":"20210128222359","is_ascension_mode":false,"campfire_choices":[{"data":"Exchange","floor":6,"key":"SMITH"},{"data":"SurpressingFire","floor":10,"key":"SMITH"},{"data":"SurpressingFire","floor":15,"key":"SMITH"}],"circlet_count":0,"master_deck":["Strike_S","Defend_S","Defend_S+1","Defend_S","Defend_S","KidneyShot","Exchange+1","Hightail+1","SurpressingFire+1","ShatteredReality","Ricochet","SurpressingFire+1","TimeWarp","Rewind","Potential","SilverBlades","GearUp","GearUp","Solidify","Alleviate","FastForward+1"],"relics":["Uniform","Golden Idol","TungstenRod","War Paint","Smiling Mask","Replay:Bronze Core","Replay:Rubber Ducky"],"acts_visited":["Exordium","TheCity"],"potions_floor_usage":[],"damage_taken":[{"damage":0,"enemies":"Jaw Worm","floor":1,"turns":5},{"damage":0,"enemies":"Small Slimes","floor":7,"turns":3},{"damage":0,"enemies":"Lagavulin","floor":8,"turns":15},{"damage":0,"enemies":"Cultist","floor":11,"turns":4},{"damage":4,"enemies":"Large Slime","floor":12,"turns":5},{"damage":17,"enemies":"Gremlin Nob","floor":14,"turns":8},{"damage":0,"enemies":"The Guardian","floor":16,"turns":20},{"damage":0,"enemies":"Spheric Guardian","floor":18,"turns":15},{"damage":0,"enemies":"Shell Parasite","floor":21,"turns":8},{"damage":61,"enemies":"Chosen and Byrds","floor":22,"turns":18}],"seed_played":"-6811339110671961867","potions_obtained":[{"floor":1,"key":"AttackPotion"},{"floor":8,"key":"sneckomod:MuddlingPotion"},{"floor":16,"key":"SmokeBomb"}],"is_trial":false,"path_per_floor":["M","?","?","$","?","R","M","E","T","R","M","M","$","E","R","B",null,"M","?","?","M","M"],"character_chosen":"THE_SERVANT","items_purchased":["ShatteredReality","Ricochet","SilverBlades","GearUp"],"campfire_rested":0,"item_purchase_floors":[4,4,13,13],"current_hp_per_floor":[65,65,58,58,58,58,58,58,58,58,58,54,54,37,37,37,60,60,60,55,55,0,0],"gold":222,"neow_bonus":"TRANSFORM_CARD","is_daily":false,"chose_seed":false,"campfire_upgraded":3,"win_rate":0.0,"timestamp":1611869039,"path_taken":["M","?","?","$","?","R","M","E","T","R","M","M","$","E","R","BOSS","M","?","?","?","M"],"items_purchased_type":["Card","Card","Card","Card"],"build_version":"2020-12-22","purchased_purges":0,"victory":false,"max_hp_per_floor":[65,65,65,65,60,60,60,60,60,60,60,60,60,60,60,60,60,60,60,60,60,60,60],"card_choices":[{"not_picked":["Replace","ReturningBlade"],"picked":"SurpressingFire","floor":1},{"not_picked":["Replace","ShatteredReality"],"picked":"SurpressingFire","floor":7},{"not_picked":["Reset","ShatteredReality"],"picked":"TimeWarp","floor":8},{"not_picked":["Manipulate","Starlight"],"picked":"Rewind","floor":11},{"not_picked":["Rewind","Alleviate"],"picked":"Potential","floor":12},{"not_picked":["FastForward","Spin"],"picked":"GearUp","floor":14},{"not_picked":["Initiator","LightFlow"],"picked":"Solidify","floor":16},{"not_picked":["Defy","Unruled"],"picked":"Alleviate","floor":18},{"not_picked":["Defy","Collapse"],"picked":"FastForward+1","floor":21}],"player_experience":113419,"relics_obtained":[{"floor":8,"key":"TungstenRod"},{"floor":9,"key":"War Paint"},{"floor":14,"key":"Smiling Mask"}],"event_choices":[{"cards_removed":["Strike_S"],"damage_healed":0,"gold_gain":0,"player_choice":"Card Removal","damage_taken":7,"max_hp_gain":0,"max_hp_loss":0,"event_name":"Golden Wing","floor":3,"gold_loss":0},{"damage_healed":0,"gold_gain":0,"player_choice":"Lose Max HP","damage_taken":0,"relics_obtained":["Golden Idol"],"max_hp_gain":0,"max_hp_loss":5,"event_name":"Golden Idol","floor":5,"gold_loss":0},{"damage_healed":0,"gold_gain":0,"player_choice":"Obtained Relic","damage_taken":0,"relics_obtained":["Replay:Rubber Ducky"],"max_hp_gain":0,"max_hp_loss":0,"event_name":"Addict","floor":19,"gold_loss":85},{"damage_healed":0,"gold_gain":75,"player_choice":"Touch","damage_taken":6,"max_hp_gain":0,"max_hp_loss":0,"event_name":"FaceTrader","floor":20,"gold_loss":0}],"is_beta":false,"boss_relics":[{"not_picked":["Runic Dome","Honey Jar"],"picked":"Replay:Bronze Core"}],"items_purged_floors":[],"is_endless":false,"potions_floor_spawned":[1,8,16,18],"killed_by":"Chosen and Byrds","ascension_level":0}}