{"host":"pf47v7h0307523iy","time":1611856180,"event":{"mods":["BaseMod","Minty Spire (QoL Compilation)","Relic Stats"],"gold_per_floor":[119,79,99,109,128,128,160,160,160,178,178,190,190,190,190,265,265,277,277,277,277,292,292,292],"floor_reached":23,"language":"ENG","playtime":3500,"items_purged":[],"score":382,"play_id":"08542ee8-85ef-4078-b72c-b835f3053aeb","local_time":"20210128194940","is_ascension_mode":true,"campfire_choices":[{"data":"Well Laid Plans","floor":6,"key":"SMITH"},{"data":"Quick Slash","floor":8,"key":"SMITH"},{"data":"Die Die Die","floor":11,"key":"SMITH"},{"data":"Bane","floor":15,"key":"SMITH"}],"circlet_count":0,"master_deck":["AscendersBane","Defend_G","Defend_G","Defend_G","Defend_G","Defend_G","Survivor","Neutralize","PiercingWail","Bane+1","Well Laid Plans+1","Quick Slash+1","PiercingWail","Die Die Die+1","Envenom","Bouncing Flask+1","Escape Plan+1","Slice+1","Backstab","Leg Sweep","RitualDagger","Pain","A Thousand Cuts"],"relics":["Ring of the Snake","Toy Ornithopter","Blue Candle","Eternal Feather","Astrolabe","WarpedTongs"],"acts_visited":["Exordium","TheCity"],"potions_floor_usage":[3,7,7,16,18,23],"damage_taken":[{"damage":1,"enemies":"Cultist","floor":1,"turns":5},{"damage":7,"enemies":"Jaw Worm","floor":3,"turns":5},{"damage":0,"enemies":"2 Louse","floor":4,"turns":3},{"damage":0,"enemies":"Exordium Wildlife","floor":5,"turns":5},{"damage":6,"enemies":"Gremlin Nob","floor":7,"turns":3},{"damage":7,"enemies":"2 Fungi Beasts","floor":10,"turns":4},{"damage":3,"enemies":"Looter","floor":12,"turns":3},{"damage":27,"enemies":"The Guardian","floor":16,"turns":10},{"damage":19,"enemies":"3 Byrds","floor":18,"turns":8},{"damage":11,"enemies":"Spheric Guardian","floor":22,"turns":4},{"damage":33,"enemies":"Slavers","floor":23,"turns":4}],"seed_played":"-6274945681752988807","potions_obtained":[{"floor":2,"key":"Weak Potion"},{"floor":2,"key":"FearPotion"},{"floor":3,"key":"Poison Potion"},{"floor":10,"key":"PowerPotion"},{"floor":16,"key":"ColorlessPotion"},{"floor":18,"key":"Explosive Potion"}],"is_trial":false,"path_per_floor":["M","?","M","M","M","R","E","R","T","M","R","M","?","?","R","B",null,"M","?","?","?","M","E"],"character_chosen":"THE_SILENT","items_purchased":[],"campfire_rested":0,"item_purchase_floors":[],"current_hp_per_floor":[58,58,56,56,56,56,60,60,60,53,62,59,59,52,61,39,59,45,45,39,39,28,0,0],"gold":292,"neow_bonus":"RANDOM_COMMON_RELIC","is_daily":false,"chose_seed":false,"campfire_upgraded":4,"win_rate":0.0,"timestamp":1611856180,"path_taken":["M","?","?","M","M","R","E","R","T","M","R","M","?","?","R","BOSS","M","?","?","?","?","E"],"items_purchased_type":[],"build_version":"2020-12-22","purchased_purges":0,"victory":false,"max_hp_per_floor":[66,66,66,66,66,66,66,66,66,66,66,66,66,66,66,66,66,66,66,66,66,66,66,66],"relic_stats":{"counters":[11,54],"Blue Candle":[2],"Astrolabe":["Bouncing Flask","Escape Plan","Slice"],"Eternal Feather":18,"obtain_stats":[{"Blue Candle":7,"Astrolabe":17,"Eternal Feather":9,"Toy Ornithopter":0,"Ring of the Snake":0,"WarpedTongs":21},{"Blue Candle":5,"Astrolabe":8,"Eternal Feather":5,"Toy Ornithopter":0,"Ring of the Snake":0,"WarpedTongs":9},{"Blue Candle":21,"Astrolabe":38,"Eternal Feather":21,"Toy Ornithopter":0,"Ring of the Snake":0,"WarpedTongs":46}],"Toy Ornithopter":30,"Ring of the Snake":[22],"WarpedTongs":[8]},"card_choices":[{"not_picked":["Backflip","Slice"],"picked":"PiercingWail","floor":1},{"not_picked":["Dodge and Roll","Finisher"],"picked":"Bane","floor":3},{"not_picked":["Underhanded Strike","Blur"],"picked":"Well Laid Plans","floor":4},{"not_picked":["Setup","Slice"],"picked":"Quick Slash","floor":5},{"not_picked":["Catalyst","Distraction"],"picked":"PiercingWail","floor":7},{"not_picked":["Leg Sweep","Expertise"],"picked":"Die Die Die","floor":10},{"not_picked":["Deadly Poison","Flechettes","Quick Slash"],"picked":"SKIP","floor":12},{"not_picked":["Doppelganger","Night Terror"],"picked":"Envenom","floor":16},{"not_picked":["Underhanded Strike","Deadly Poison"],"picked":"Backstab","floor":18},{"not_picked":["Endless Agony","Quick Slash"],"picked":"A Thousand Cuts","floor":22}],"player_experience":1706223,"relics_obtained":[{"floor":7,"key":"Blue Candle"},{"floor":9,"key":"Eternal Feather"}],"event_choices":[{"damage_healed":0,"gold_gain":0,"player_choice":"Bought 3 Potions","damage_taken":0,"max_hp_gain":0,"max_hp_loss":0,"event_name":"The Woman in Blue","floor":2,"gold_loss":0},{"cards_removed":["Strike_G"],"damage_healed":0,"gold_gain":0,"player_choice":"Forget","damage_taken":0,"max_hp_gain":0,"max_hp_loss":0,"event_name":"Living Wall","floor":13,"gold_loss":0},{"cards_removed":["Strike_G"],"damage_healed":0,"gold_gain":0,"player_choice":"Card Removal","damage_taken":7,"max_hp_gain":0,"max_hp_loss":0,"event_name":"Golden Wing","floor":14,"gold_loss":0},{"damage_healed":0,"gold_gain":0,"player_choice":"Read","damage_taken":0,"max_hp_gain":0,"max_hp_loss":0,"event_name":"The Library","floor":19,"gold_loss":0,"cards_obtained":["Leg Sweep"]},{"damage_healed":0,"gold_gain":0,"player_choice":"Joined the Cult","damage_taken":6,"max_hp_gain":0,"max_hp_loss":0,"event_name":"Nest","floor":20,"gold_loss":0,"cards_obtained":["RitualDagger"]},{"damage_healed":0,"gold_gain":0,"player_choice":"Rummage","damage_taken":0,"relics_obtained":["WarpedTongs"],"max_hp_gain":0,"max_hp_loss":0,"event_name":"Accursed Blacksmith","floor":21,"gold_loss":0,"cards_obtained":["Pain"]}],"is_beta":false,"boss_relics":[{"not_picked":["Velvet Choker","Empty Cage"],"picked":"Astrolabe"}],"items_purged_floors":[],"is_endless":false,"potions_floor_spawned":[3,5,10,16,18],"killed_by":"Slavers","ascension_level":20}}