{"host":"krw8blyxua7at9ak","time":1611800826,"event":{"mods":["BaseMod","Highlight Path","Minty Spire (QoL Compilation)","ojb\u0027s Info Mod"],"gold_per_floor":[114,132,145,145,160,188,203,223,223,237,264,264,299,315,315,387,387,405,405,274,293,218,218,253,271,271,306,325,350,66,77,77,152,152,163,74,93,113,113,113,145,145,171,200,200,225,244,204,204,204,204,204,204,32,59,59,59],"floor_reached":56,"language":"ENG","playtime":2240,"items_purged":[],"score":2588,"play_id":"3969529b-d590-4600-9ca0-41a6c01d7221","local_time":"20210128032706","is_ascension_mode":true,"campfire_choices":[{"data":"Accuracy","floor":12,"key":"SMITH"},{"data":"Blade Dance","floor":15,"key":"SMITH"},{"data":"Night Terror","floor":23,"key":"SMITH"},{"data":"Terror","floor":32,"key":"SMITH"},{"data":"Accuracy","floor":40,"key":"SMITH"},{"data":"Footwork","floor":42,"key":"SMITH"},{"floor":45,"key":"REST"},{"floor":49,"key":"RECALL"},{"floor":53,"key":"REST"}],"circlet_count":0,"master_deck":["AscendersBane","Survivor","Neutralize","Blade Dance","Accuracy+1","Backstab","Backstab","All Out Attack","Blade Dance","Infinite Blades","Blade Dance+1","Night Terror+1","Blur","Flechettes","Acrobatics","Cloak And Dagger","PiercingWail","Poisoned Stab","Reflex","Blur","Backstab","Cloak And Dagger","Footwork+1","Terror+1","Escape Plan","Calculated Gamble+1","Endless Agony","Backflip","Phantasmal Killer","Acrobatics","Accuracy+1","Footwork+1","Backflip","Escape Plan","Caltrops+1","Blade Dance+1"],"relics":["Ring of the Snake","NeowsBlessing","Orichalcum","StoneCalendar","Ornamental Fan","Tingsha","Pandora\u0027s Box","Prayer Wheel","Vajra","Lantern","Strawberry","Tiny Chest","Mummified Hand","Philosopher\u0027s Stone","Bag of Preparation","Blue Candle","Tough Bandages","Bronze Scales","Oddly Smooth Stone"],"acts_visited":["Exordium","TheCity","TheBeyond","TheEnding"],"potions_floor_usage":[5,6,6,16,18,24,27,29,50,56,56],"damage_taken":[{"damage":0,"enemies":"Cultist","floor":1,"turns":1},{"damage":0,"enemies":"Small Slimes","floor":2,"turns":1},{"damage":0,"enemies":"Jaw Worm","floor":3,"turns":1},{"damage":3,"enemies":"Exordium Thugs","floor":5,"turns":6},{"damage":11,"enemies":"Lagavulin","floor":6,"turns":7},{"damage":0,"enemies":"2 Fungi Beasts","floor":7,"turns":2},{"damage":0,"enemies":"Exordium Wildlife","floor":8,"turns":2},{"damage":0,"enemies":"Lots of Slimes","floor":10,"turns":1},{"damage":0,"enemies":"Gremlin Nob","floor":11,"turns":3},{"damage":0,"enemies":"3 Sentries","floor":13,"turns":5},{"damage":0,"enemies":"2 Fungi Beasts","floor":14,"turns":2},{"damage":13,"enemies":"The Guardian","floor":16,"turns":11},{"damage":0,"enemies":"2 Thieves","floor":18,"turns":3},{"damage":0,"enemies":"Spheric Guardian","floor":21,"turns":3},{"damage":9,"enemies":"Slavers","floor":24,"turns":2},{"damage":4,"enemies":"Snake Plant","floor":25,"turns":4},{"damage":0,"enemies":"Book of Stabbing","floor":27,"turns":3},{"damage":17,"enemies":"Shelled Parasite and Fungi","floor":28,"turns":3},{"damage":0,"enemies":"Slavers","floor":29,"turns":2},{"damage":0,"enemies":"Cultist and Chosen","floor":31,"turns":2},{"damage":3,"enemies":"Collector","floor":33,"turns":6},{"damage":17,"enemies":"3 Darklings","floor":35,"turns":3},{"damage":15,"enemies":"3 Shapes","floor":37,"turns":3},{"damage":0,"enemies":"Spire Growth","floor":38,"turns":2},{"damage":10,"enemies":"Reptomancer","floor":41,"turns":4},{"damage":0,"enemies":"Giant Head","floor":44,"turns":2},{"damage":0,"enemies":"Reptomancer","floor":46,"turns":3},{"damage":0,"enemies":"Maw","floor":47,"turns":2},{"damage":41,"enemies":"Time Eater","floor":50,"turns":6},{"damage":0,"enemies":"Donu and Deca","floor":51,"turns":6},{"damage":0,"enemies":"Shield and Spear","floor":55,"turns":3},{"damage":74,"enemies":"The Heart","floor":56,"turns":3}],"seed_played":"-6637729149906774427","potions_obtained":[{"floor":1,"key":"Block Potion"},{"floor":2,"key":"EssenceOfSteel"},{"floor":5,"key":"Weak Potion"},{"floor":6,"key":"Weak Potion"},{"floor":10,"key":"EssenceOfSteel"},{"floor":11,"key":"Energy Potion"},{"floor":21,"key":"CultistPotion"},{"floor":25,"key":"Strength Potion"},{"floor":27,"key":"BlessingOfTheForge"},{"floor":35,"key":"LiquidBronze"},{"floor":41,"key":"Fire Potion"},{"floor":47,"key":"Weak Potion"},{"floor":48,"key":"BlessingOfTheForge"},{"floor":55,"key":"Weak Potion"}],"is_trial":false,"path_per_floor":["M","M","M","?","M","E","M","M","T","M","E","R","E","M","R","B",null,"M","?","$","M","?","R","E","M","T","E","M","E","$","M","R","B",null,"M","$","M","M","$","R","E","R","T","E","R","E","M","?","R","B","B",null,"R","$","E","B"],"character_chosen":"THE_SILENT","items_purchased":["Backstab","BlessingOfTheForge","Mummified Hand","Accuracy","Bronze Scales"],"campfire_rested":2,"item_purchase_floors":[20,20,30,36,54],"current_hp_per_floor":[59,59,59,59,56,45,45,45,45,45,45,45,45,45,45,32,58,58,58,58,58,58,58,49,45,45,52,35,35,35,35,35,32,63,46,46,31,31,31,31,21,21,21,21,42,42,42,42,42,1,1,55,73,73,73,0,0],"gold":59,"neow_bonus":"THREE_ENEMY_KILL","is_daily":false,"chose_seed":false,"campfire_upgraded":6,"win_rate":0.0,"timestamp":1611800826,"path_taken":["M","M","?","?","?","E","M","M","T","M","E","R","E","M","R","BOSS","M","?","?","M","?","R","E","M","T","E","M","E","$","?","R","BOSS","M","$","M","M","?","R","E","R","T","E","R","E","M","?","R","BOSS","BOSS","R","$","E","BOSS"],"items_purchased_type":["Card","Potion","Relic","Card","Relic"],"build_version":"2020-12-22","purchased_purges":0,"victory":false,"max_hp_per_floor":[66,66,66,66,66,66,66,66,66,66,66,66,66,66,66,66,66,66,66,66,66,66,66,66,66,66,73,73,73,73,73,73,73,73,73,73,73,73,73,73,73,73,73,73,73,73,73,73,73,73,73,73,73,73,73,73,73],"card_choices":[{"not_picked":["Setup","Cloak And Dagger"],"picked":"Blade Dance","floor":1},{"not_picked":["Bouncing Flask","Prepared"],"picked":"Accuracy","floor":2},{"not_picked":["Flying Knee","Skewer"],"picked":"Backstab","floor":3},{"not_picked":["Flying Knee","Backflip"],"picked":"Backstab","floor":5},{"not_picked":["Dodge and Roll","Dagger Spray"],"picked":"All Out Attack","floor":6},{"not_picked":["Well Laid Plans","PiercingWail"],"picked":"Blade Dance","floor":7},{"not_picked":["Noxious Fumes","Acrobatics"],"picked":"Infinite Blades","floor":8},{"not_picked":["Outmaneuver","Deadly Poison","Well Laid Plans"],"picked":"SKIP","floor":10},{"not_picked":["Prepared","Eviscerate","Outmaneuver"],"picked":"SKIP","floor":11},{"not_picked":["Acrobatics","Doppelganger"],"picked":"Blade Dance","floor":13},{"not_picked":["Underhanded Strike","Footwork","Dagger Spray"],"picked":"SKIP","floor":14},{"not_picked":["Doppelganger","Envenom"],"picked":"Night Terror","floor":16},{"not_picked":["Flying Knee","Bane","Underhanded Strike"],"picked":"SKIP","floor":18},{"not_picked":["Bane","Prepared"],"picked":"Cloak And Dagger","floor":21},{"not_picked":["Bane","Flying Knee+1","Deflect"],"picked":"SKIP","floor":21},{"not_picked":["Distraction","Bane","Corpse Explosion"],"picked":"SKIP","floor":24},{"not_picked":["Flying Knee","Eviscerate","Flechettes"],"picked":"SKIP","floor":25},{"not_picked":["Backflip","All Out Attack+1","PiercingWail"],"picked":"SKIP","floor":25},{"not_picked":["Sucker Punch","Dagger Spray"],"picked":"Footwork+1","floor":27},{"not_picked":["Backflip","Poisoned Stab"],"picked":"Terror","floor":28},{"not_picked":["Choke+1","Setup"],"picked":"Escape Plan","floor":28},{"not_picked":["Noxious Fumes","Well Laid Plans"],"picked":"Calculated Gamble+1","floor":29},{"not_picked":["Poisoned Stab","Catalyst"],"picked":"Endless Agony","floor":31},{"not_picked":["Outmaneuver","Dodge and Roll"],"picked":"Backflip","floor":31},{"not_picked":["Doppelganger","Storm of Steel"],"picked":"Phantasmal Killer","floor":33},{"not_picked":["PiercingWail+1","Flying Knee"],"picked":"Acrobatics","floor":35},{"not_picked":["Expertise","Leg Sweep","Flying Knee"],"picked":"SKIP","floor":35},{"not_picked":["Masterful Stab","Slice"],"picked":"Footwork","floor":37},{"not_picked":["Bane+1","Bouncing Flask"],"picked":"Backflip","floor":37},{"not_picked":["Deflect","PiercingWail","Flying Knee+1"],"picked":"SKIP","floor":38},{"not_picked":["Skewer+1","Deflect","Choke"],"picked":"SKIP","floor":38},{"not_picked":["Expertise","Slice"],"picked":"Escape Plan","floor":41},{"not_picked":["Bane","Dagger Throw","Tactician"],"picked":"SKIP","floor":44},{"not_picked":["Caltrops","Unload","Distraction+1"],"picked":"SKIP","floor":46},{"not_picked":["Expertise","PiercingWail"],"picked":"Caltrops+1","floor":47},{"not_picked":["Prepared","Masterful Stab","Finisher"],"picked":"SKIP","floor":47},{"not_picked":["Cloak And Dagger","Bane"],"picked":"Blade Dance+1","floor":55}],"player_experience":365920,"relics_obtained":[{"floor":6,"key":"Orichalcum"},{"floor":9,"key":"StoneCalendar"},{"floor":11,"key":"Ornamental Fan"},{"floor":13,"key":"Tingsha"},{"floor":19,"key":"Prayer Wheel"},{"floor":24,"key":"Vajra"},{"floor":26,"key":"Lantern"},{"floor":27,"key":"Strawberry"},{"floor":29,"key":"Tiny Chest"},{"floor":41,"key":"Bag of Preparation"},{"floor":44,"key":"Blue Candle"},{"floor":46,"key":"Tough Bandages"},{"floor":55,"key":"Oddly Smooth Stone"}],"event_choices":[{"cards_removed":["Strike_G"],"damage_healed":0,"gold_gain":0,"player_choice":"Purged","damage_taken":0,"max_hp_gain":0,"max_hp_loss":0,"event_name":"Purifier","floor":4,"gold_loss":0},{"damage_healed":0,"gold_gain":0,"player_choice":"Relic","damage_taken":0,"max_hp_gain":0,"max_hp_loss":0,"event_name":"Wheel of Change","floor":19,"gold_loss":0},{"cards_removed":["Crippling Poison"],"damage_healed":0,"gold_gain":0,"player_choice":"Gave Gold","damage_taken":0,"max_hp_gain":0,"max_hp_loss":0,"event_name":"Beggar","floor":22,"gold_loss":75},{"damage_healed":0,"gold_gain":0,"player_choice":"Bought 3 Potions","damage_taken":0,"max_hp_gain":0,"max_hp_loss":0,"event_name":"The Woman in Blue","floor":48,"gold_loss":0}],"is_beta":false,"boss_relics":[{"not_picked":["HoveringKite","Velvet Choker"],"picked":"Pandora\u0027s Box"},{"not_picked":["Runic Pyramid","Black Star"],"picked":"Philosopher\u0027s Stone"}],"items_purged_floors":[],"is_endless":false,"potions_floor_spawned":[1,2,5,6,10,11,21,25,27,35,41,47,55],"killed_by":"The Heart","ascension_level":20}}