{"host":"tpbmol9dayg75a5s","time":1611857639,"event":{"mods":["BaseMod","Bestiary","Block Reminder","Colored Powertips","Dark Map","Downfall","Minty Spire (QoL Compilation)","Relic Stats","Spire Arcade","StSLib"],"gold_per_floor":[99,118,118,129,139,39,111,145,145,45,110,110,142,162,173,277,277,277,290,303,303,323,340,340,340,351,377,377,404,416,491,508,613,613,513,524,170,170,270,282,282,317,332,350,350,368,403,106,118,118,118,152,78,78,78,78],"floor_reached":57,"language":"ENG","playtime":5580,"items_purged":[],"score":1884,"play_id":"1536e8ea-e668-4c0b-a4ad-5df451f8ec5d","local_time":"20210128151359","is_ascension_mode":true,"campfire_choices":[{"floor":1,"key":"RECALL"},{"data":"sneckomod:TailWhip","floor":6,"key":"SMITH"},{"data":"sneckomod:Unknown","floor":10,"key":"SMITH"},{"floor":12,"key":"REST"},{"data":"sneckomod:SnekBite","floor":18,"key":"SMITH"},{"data":"sneckomod:UnknownUncommonPower","floor":25,"key":"SMITH"},{"data":"sneckomod:QuickBite","floor":28,"key":"SMITH"},{"data":"sneckomod:UnknownUncommonAttack","floor":35,"key":"SMITH"},{"data":"sneckomod:SnekBeam","floor":54,"key":"SMITH"}],"circlet_count":0,"master_deck":["sneckomod:TailWhip+1","sneckomod:SnekBite+1","sneckomod:Unknown+1","sneckomod:Unknown+1","sneckomod:UnknownUncommonAttack+1","sneckomod:DiceCrush","sneckomod:QuickBite+1","sneckomod:UnknownWeak+1","sneckomod:UnknownUncommonAttack+1","sneckomod:UnknownBlock+1","sneckomod:UnknownDexterity+1","sneckomod:UnknownBlock+1","sneckomod:UnknownRareSkill+1","sneckomod:QuickBite+1","sneckomod:UnknownUncommonPower+1","sneckomod:PureSnecko+1","sneckomod:Unknown2Cost+1","sneckomod:UnknownDraw+1","sneckomod:SnakeSap+1","sneckomod:UnknownBoss+1","sneckomod:UnknownBlock+1","sneckomod:UnknownColorless+1","sneckomod:Unknown3Cost+1","sneckomod:SnakeSap","sneckomod:UnknownRarePower+1","sneckomod:RainOfDice","sneckomod:UnknownExhaust+1","sneckomod:SnekBeam+1","sneckomod:Cheat+1","sneckomod:MasterEye+1","sneckomod:DangerNoodle+1","sneckomod:UnknownClassGUARDIAN+1","sneckomod:UnknownX+1","sneckomod:UnknownDexterity+1","sneckomod:DiceCrush","sneckomod:UnknownRarePower+1","sneckomod:QuickBite+1","sneckomod:UnknownDexterity+1","sneckomod:UnknownClassTHE_CHAMP_GRAY+1","sneckomod:UnknownStrength+1","sneckomod:DiceBlock+1","sneckomod:SlitherStrike"],"relics":["sneckomod:SneckoSoul","Blood Vial","downfall:ShatteredFragment","downfall:HeartBlessingRed","Toxic Egg 2","Smiling Mask","downfall:HeartBlessingGreen","War Paint","Shuriken","Snecko Eye","Anchor","Eternal Feather","Bag of Preparation","Frozen Egg 2","Pandora\u0027s Box","downfall:HeartBlessingBlue","Torii","PreservedInsect","Toolbox","White Beast Statue","Pear","Thread and Needle","Whetstone","Chemical X","Nunchaku","Boot"],"acts_visited":["Exordium","TheCity","TheBeyond","TheEnding"],"potions_floor_usage":[13,16,56],"damage_taken":[{"damage":7,"enemies":"2 Louse","floor":2,"turns":3},{"damage":7,"enemies":"Jaw Worm","floor":4,"turns":2},{"damage":0,"enemies":"Cultist","floor":5,"turns":3},{"damage":8,"enemies":"Gremlin Nob","floor":8,"turns":3},{"damage":4,"enemies":"3 Sentries","floor":11,"turns":2},{"damage":0,"enemies":"Lagavulin","floor":13,"turns":2},{"damage":8,"enemies":"Exordium Thugs","floor":14,"turns":2},{"damage":7,"enemies":"Large Slime","floor":15,"turns":3},{"damage":52,"enemies":"SI_SHIV_ARCHETYPE","floor":16,"turns":8},{"damage":0,"enemies":"3 Byrds","floor":19,"turns":4},{"damage":0,"enemies":"Spheric Guardian","floor":20,"turns":2},{"damage":6,"enemies":"Centurion and Healer","floor":22,"turns":5},{"damage":4,"enemies":"Chosen and Byrds","floor":23,"turns":5},{"damage":0,"enemies":"Snake Plant","floor":26,"turns":3},{"damage":27,"enemies":"Slavers","floor":27,"turns":4},{"damage":0,"enemies":"Book of Stabbing","floor":29,"turns":2},{"damage":0,"enemies":"Shelled Parasite and Fungi","floor":30,"turns":3},{"damage":0,"enemies":"Snecko","floor":32,"turns":2},{"damage":24,"enemies":"IC_MUSHROOM_ARCHETYPE","floor":33,"turns":6},{"damage":0,"enemies":"3 Shapes","floor":36,"turns":2},{"damage":0,"enemies":"downfall:FleeingMerchant","floor":37,"turns":4},{"damage":0,"enemies":"downfall:LadyInBlue","floor":39,"turns":5},{"damage":0,"enemies":"Orb Walker","floor":40,"turns":2},{"damage":13,"enemies":"Giant Head","floor":42,"turns":4},{"damage":1,"enemies":"Spire Growth","floor":43,"turns":3},{"damage":1,"enemies":"Maw","floor":44,"turns":4},{"damage":0,"enemies":"Transient","floor":46,"turns":5},{"damage":0,"enemies":"Reptomancer","floor":47,"turns":4},{"damage":19,"enemies":"Sphere and 2 Shapes","floor":49,"turns":3},{"damage":2,"enemies":"WA_ARCHETYPE_DIVINITY","floor":50,"turns":12},{"damage":10,"enemies":"downfall:CharBossMerchant","floor":52,"turns":7},{"damage":16,"enemies":"downfall:NeowBoss","floor":55,"turns":13},{"damage":81,"enemies":"downfall:NeowBossFinal","floor":56,"turns":11}],"seed_played":"8335410292129399325","potions_obtained":[{"floor":2,"key":"DuplicationPotion"},{"floor":5,"key":"Weak Potion"},{"floor":8,"key":"SpeedPotion"},{"floor":13,"key":"sneckomod:MuddlingPotion"},{"floor":16,"key":"SkillPotion"},{"floor":29,"key":"DuplicationPotion"},{"floor":39,"key":"DistilledChaos"}],"is_trial":false,"path_per_floor":["R","M","?","M","M","R","T","E","?","R","?","R","E","M","M","B",null,"R","M","M","T","M","M","T","R","M","E","R","E","M","T","M","B",null,"R","M","$","?","?","M","T","E","M","M","?","M","E","$","M","B",null,"E","$","R","B","B",null],"character_chosen":"THE_SNECKO","items_purchased":["Torii","PreservedInsect","Toolbox","sneckomod:DangerNoodle","Chemical X","Nunchaku","sneckomod:SlitherStrike"],"campfire_rested":1,"item_purchase_floors":[37,37,37,37,48,48,53],"current_hp_per_floor":[81,76,55,50,52,52,52,46,46,46,44,71,73,67,62,12,71,71,73,75,75,71,69,69,81,83,58,73,75,77,77,79,57,82,100,100,100,100,100,100,110,97,98,99,99,101,103,103,86,91,105,102,102,110,94,15],"gold":78,"neow_bonus":"RANDOM_COMMON_RELIC","is_daily":false,"chose_seed":false,"campfire_upgraded":7,"win_rate":0.0,"timestamp":1611857639,"path_taken":["R","M","?","M","M","R","T","E","?","R","?","R","E","?","M","BOSS","R","M","M","?","M","M","T","R","M","E","R","E","M","?","M","BOSS","R","M","$","?","?","?","T","E","M","M","?","M","E","$","M","BOSS","E","$","R","BOSS","BOSS"],"items_purchased_type":["Relic","Relic","Relic","Card","Relic","Relic","Card"],"build_version":"2020-12-22","purchased_purges":0,"victory":true,"max_hp_per_floor":[90,90,90,90,90,90,90,90,90,90,90,90,90,90,90,90,90,90,90,90,90,90,90,90,90,90,90,90,90,90,90,90,90,90,100,100,100,100,100,100,110,110,110,110,110,110,110,110,110,110,110,110,110,110,110,110],"relic_stats":{"Torii":5,"counters":[33,143],"Eternal Feather":43,"PreservedInsect":376,"Bag of Preparation":[36],"Whetstone":["sneckomod:SnakeSap","sneckomod:DangerNoodle"],"War Paint":["sneckomod:Defend","sneckomod:Unknown"],"Smiling Mask":0,"Boot":[9],"Blood Vial":54,"Nunchaku":[13],"Shuriken":[113],"Snecko Eye":[235,195,215,247],"Pandora\u0027s Box":["sneckomod:SnakeSap","sneckomod:UnknownRarePower","sneckomod:RainOfDice","sneckomod:UnknownExhaust","sneckomod:SnekBeam","sneckomod:Cheat"],"Chemical X":[8],"obtain_stats":[{"Torii":37,"downfall:HeartBlessingGreen":10,"Bag of Preparation":27,"Whetstone":47,"sneckomod:SneckoSoul":0,"Smiling Mask":8,"Boot":52,"Blood Vial":0,"Nunchaku":48,"downfall:HeartBlessingBlue":35,"Toolbox":37,"Chemical X":48,"Toxic Egg 2":7,"downfall:ShatteredFragment":3,"Pear":41,"downfall:HeartBlessingRed":6,"Eternal Feather":24,"Thread and Needle":42,"PreservedInsect":37,"War Paint":11,"Frozen Egg 2":29,"White Beast Statue":39,"Anchor":21,"Shuriken":13,"Snecko Eye":17,"Pandora\u0027s Box":34},{"Torii":21,"downfall:HeartBlessingGreen":4,"Bag of Preparation":15,"Whetstone":28,"sneckomod:SneckoSoul":0,"Smiling Mask":4,"Boot":31,"Blood Vial":0,"Nunchaku":28,"downfall:HeartBlessingBlue":19,"Toolbox":21,"Chemical X":28,"Toxic Egg 2":3,"downfall:ShatteredFragment":1,"Pear":23,"downfall:HeartBlessingRed":3,"Eternal Feather":13,"Thread and Needle":24,"PreservedInsect":21,"War Paint":5,"Frozen Egg 2":16,"White Beast Statue":22,"Anchor":11,"Shuriken":6,"Snecko Eye":9,"Pandora\u0027s Box":19},{"Torii":70,"downfall:HeartBlessingGreen":11,"Bag of Preparation":51,"Whetstone":97,"sneckomod:SneckoSoul":0,"Smiling Mask":11,"Boot":119,"Blood Vial":0,"Nunchaku":97,"downfall:HeartBlessingBlue":64,"Toolbox":70,"Chemical X":97,"Toxic Egg 2":8,"downfall:ShatteredFragment":3,"Pear":77,"downfall:HeartBlessingRed":8,"Eternal Feather":44,"Thread and Needle":81,"PreservedInsect":70,"War Paint":13,"Frozen Egg 2":53,"White Beast Statue":75,"Anchor":34,"Shuriken":15,"Snecko Eye":28,"Pandora\u0027s Box":64}]},"card_choices":[{"not_picked":["sneckomod:Rotation","sneckomod:Nope"],"picked":"sneckomod:UnknownUncommonAttack","floor":2},{"not_picked":["sneckomod:Unknown0Cost","sneckomod:SoulCleanse"],"picked":"sneckomod:DiceCrush","floor":4},{"not_picked":["sneckomod:PureSnecko","sneckomod:RainOfDice"],"picked":"sneckomod:QuickBite","floor":5},{"not_picked":["sneckomod:UnknownCommonSkill+1","sneckomod:WideSting"],"picked":"sneckomod:UnknownWeak+1","floor":8},{"not_picked":["sneckomod:SnekBeam","sneckomod:QuickBite"],"picked":"sneckomod:UnknownUncommonAttack","floor":11},{"not_picked":["sneckomod:DiceCrush","sneckomod:QuickMove+1"],"picked":"sneckomod:UnknownBlock+1","floor":13},{"not_picked":["sneckomod:SoulExchange+1","sneckomod:MixItUp"],"picked":"sneckomod:UnknownDexterity+1","floor":14},{"not_picked":["sneckomod:QuickBite","sneckomod:Unknown1Cost+1"],"picked":"sneckomod:UnknownBlock+1","floor":15},{"not_picked":["sneckomod:MorePower","sneckomod:UnlimitedRolls"],"picked":"sneckomod:UnknownRareSkill+1","floor":16},{"not_picked":["sneckomod:WideSting","sneckomod:DiceBlock+1"],"picked":"sneckomod:QuickBite+1","floor":19},{"not_picked":["sneckomod:UnknownUncommonAttack+1","sneckomod:UnknownClassTHE_CHAMP_GRAY+1"],"picked":"sneckomod:UnknownUncommonPower","floor":20},{"not_picked":["sneckomod:UnknownCommonSkill+1","sneckomod:Unknown1Cost+1"],"picked":"sneckomod:PureSnecko+1","floor":22},{"not_picked":["sneckomod:UnknownBlock+1","sneckomod:IronFang"],"picked":"sneckomod:Unknown2Cost+1","floor":23},{"not_picked":["sneckomod:TrashToTreasure+1","sneckomod:UnknownCommonAttack"],"picked":"sneckomod:UnknownDraw+1","floor":26},{"not_picked":["sneckomod:UnknownWeak+1","sneckomod:DiceBoulder+1"],"picked":"sneckomod:SnakeSap","floor":27},{"not_picked":["sneckomod:UnknownBlock+1","sneckomod:IronFang+1"],"picked":"sneckomod:UnknownBoss+1","floor":29},{"not_picked":["sneckomod:IronFang","sneckomod:DiceCrush+1"],"picked":"sneckomod:UnknownBlock+1","floor":30},{"not_picked":["sneckomod:DiceCrush","sneckomod:DiceBlock+1"],"picked":"sneckomod:UnknownColorless+1","floor":32},{"not_picked":["sneckomod:SoulExchange+1","sneckomod:GlitteringGambit+1"],"picked":"sneckomod:Unknown3Cost+1","floor":33},{"not_picked":["sneckomod:WideSting","sneckomod:UnknownCommonSkill+1"],"picked":"sneckomod:MasterEye+1","floor":36},{"not_picked":["sneckomod:SnakeSap","sneckomod:UnknownCommonSkill+1"],"picked":"sneckomod:UnendingSupply+1","floor":37},{"not_picked":["sneckomod:SnakeSap","sneckomod:UnknownCommonSkill+1"],"picked":"sneckomod:UnknownClassGUARDIAN+1","floor":39},{"not_picked":["sneckomod:UnknownCommonSkill+1","sneckomod:Unknown0Cost+1"],"picked":"sneckomod:UnknownX+1","floor":40},{"not_picked":["sneckomod:UnknownCommonSkill+1","sneckomod:SoulRoll+1"],"picked":"sneckomod:UnknownDexterity+1","floor":42},{"not_picked":["sneckomod:WideSting","sneckomod:UnendingSupply+1"],"picked":"sneckomod:DiceCrush","floor":43},{"not_picked":["sneckomod:UnknownCommonAttack","sneckomod:UnendingSupply+1"],"picked":"sneckomod:UnknownRarePower+1","floor":44},{"not_picked":["sneckomod:UnknownWeak+1","sneckomod:SoulRoll+1"],"picked":"sneckomod:UnknownDexterity+1","floor":46},{"not_picked":["sneckomod:ImprovisedAttack","sneckomod:UnknownX+1"],"picked":"sneckomod:UnknownClassTHE_CHAMP_GRAY+1","floor":47},{"not_picked":["sneckomod:UnknownX+1","sneckomod:Unknown2Cost+1"],"picked":"sneckomod:UnknownStrength+1","floor":49},{"not_picked":["sneckomod:UnknownUncommonAttack","sneckomod:DiceBoulder+1"],"picked":"sneckomod:DiceBlock+1","floor":52}],"player_experience":1077632,"relics_obtained":[{"floor":7,"key":"Toxic Egg 2"},{"floor":8,"key":"Smiling Mask"},{"floor":11,"key":"War Paint"},{"floor":13,"key":"Shuriken"},{"floor":21,"key":"Anchor"},{"floor":24,"key":"Eternal Feather"},{"floor":27,"key":"Bag of Preparation"},{"floor":29,"key":"Frozen Egg 2"},{"floor":39,"key":"White Beast Statue"},{"floor":41,"key":"Pear"},{"floor":42,"key":"Thread and Needle"},{"floor":47,"key":"Whetstone"},{"floor":52,"key":"Boot"}],"event_choices":[{"damage_healed":0,"gold_gain":0,"player_choice":"Grow","damage_taken":0,"max_hp_gain":0,"max_hp_loss":0,"event_name":"Living Wall","floor":9,"gold_loss":0,"cards_upgraded":["sneckomod:UnknownUncommonAttack"]},{"cards_removed":["sneckomod:UnendingSupply"],"damage_healed":0,"gold_gain":0,"player_choice":"Removed Power","damage_taken":0,"max_hp_gain":0,"max_hp_loss":0,"event_name":"Falling","floor":38,"gold_loss":0}],"is_beta":false,"boss_relics":[{"not_picked":["Velvet Choker","Fusion Hammer"],"picked":"Snecko Eye"},{"not_picked":["Busted Crown","sneckomod:SneckoTalon"],"picked":"Pandora\u0027s Box"}],"items_purged_floors":[],"is_endless":false,"potions_floor_spawned":[2,5,8,13,16,22,23,29,30,32,36,39,40,42,43,44,46,47,49,52],"ascension_level":9}}