{"host":"dw8ij7emqco3quom","time":1611859704,"event":{"mods":["BaseMod","Minty Spire (QoL Compilation)"],"gold_per_floor":[118,118,118,130,148,148,148,148,194,206,222,233,233,267,267,370,370,388,423,423,97,108,136,136,155,181,215,215,250,269,286,286,386,386,406,263,263,275,275,309,309,341,364,364,364,364,218,232,232,232,232,232,22,57,57,57],"floor_reached":55,"language":"FRA","playtime":6398,"items_purged":[],"score":973,"play_id":"e143f0f5-f0a5-46f0-a5ff-b40ce6092614","local_time":"20210128194824","is_ascension_mode":true,"campfire_choices":[{"floor":6.0,"key":"RECALL"},{"floor":13.0,"key":"REST"},{"data":"Concentrate","floor":15.0,"key":"SMITH"},{"floor":24.0,"key":"REST"},{"floor":28.0,"key":"REST"},{"floor":32.0,"key":"REST"},{"data":"Sadistic Nature","floor":41.0,"key":"SMITH"},{"floor":44.0,"key":"REST"},{"data":"Burst","floor":46.0,"key":"SMITH"},{"data":"Madness","floor":49.0,"key":"SMITH"},{"data":"Prepared","floor":52,"key":"SMITH"}],"circlet_count":0,"master_deck":["Survivor","Neutralize","Quick Slash","Concentrate+1","Eviscerate","Die Die Die","Dodge and Roll","Noxious Fumes","Heel Hook","Deadly Poison+1","Sucker Punch","Dodge and Roll","Prepared+1","Leg Sweep","Underhanded Strike","Poisoned Stab","Acrobatics+1","Adrenaline+1","CurseOfTheBell","Infinite Blades","Noxious Fumes+1","Sadistic Nature+1","Underhanded Strike","Venomology","Burst+1","Dagger Throw+1","Well Laid Plans+1","Backflip+1","Flash of Steel","Caltrops+1","Underhanded Strike+1","Blade Dance+1","Injury","Madness+1","Madness","Static Discharge+1","Sadistic Nature","Outmaneuver","FTL"],"relics":["Pandora\u0027s Box","StrikeDummy","Calling Bell","War Paint","Pantograph","Gambling Chip","Red Mask","TwistedFunnel","Bottled Tornado","Bag of Preparation","TungstenRod","Anchor","Cursed Key","Regal Pillow","Pen Nib","Eternal Feather","Potion Belt","PrismaticShard","Torii"],"acts_visited":["Exordium","TheCity","TheBeyond","TheEnding"],"potions_floor_usage":[50,50,50,55,55],"damage_taken":[{"damage":0.0,"enemies":"Cultist","floor":1.0,"turns":2.0},{"damage":0.0,"enemies":"2 Louse","floor":4.0,"turns":2.0},{"damage":5.0,"enemies":"Jaw Worm","floor":5.0,"turns":3.0},{"damage":0.0,"enemies":"Large Slime","floor":10.0,"turns":5.0},{"damage":9.0,"enemies":"Lots of Slimes","floor":11.0,"turns":4.0},{"damage":5.0,"enemies":"Blue Slaver","floor":12.0,"turns":3.0},{"damage":15.0,"enemies":"Gremlin Nob","floor":14.0,"turns":4.0},{"damage":38.0,"enemies":"Slime Boss","floor":16.0,"turns":10.0},{"damage":21.0,"enemies":"Spheric Guardian","floor":18.0,"turns":4.0},{"damage":0.0,"enemies":"Masked Bandits","floor":19.0,"turns":2.0},{"damage":8.0,"enemies":"Chosen","floor":22.0,"turns":3.0},{"damage":16.0,"enemies":"Book of Stabbing","floor":23.0,"turns":5.0},{"damage":4.0,"enemies":"3 Cultists","floor":25.0,"turns":4.0},{"damage":0.0,"enemies":"Gremlin Leader","floor":27.0,"turns":3.0},{"damage":22.0,"enemies":"Slavers","floor":29.0,"turns":3.0},{"damage":0.0,"enemies":"Centurion and Healer","floor":30.0,"turns":3.0},{"damage":0.0,"enemies":"Cultist and Chosen","floor":31.0,"turns":3.0},{"damage":40.0,"enemies":"Automaton","floor":33.0,"turns":7.0},{"damage":0.0,"enemies":"Orb Walker","floor":35.0,"turns":2.0},{"damage":2.0,"enemies":"3 Shapes","floor":38.0,"turns":3.0},{"damage":11.0,"enemies":"Reptomancer","floor":40.0,"turns":5.0},{"damage":56.0,"enemies":"Nemesis","floor":42.0,"turns":5.0},{"damage":17.0,"enemies":"Transient","floor":48.0,"turns":5.0},{"damage":73,"enemies":"Awakened One","floor":50,"turns":8},{"damage":34,"enemies":"Shield and Spear","floor":54,"turns":4},{"damage":67,"enemies":"The Heart","floor":55,"turns":3}],"seed_played":"-8810775181499765835","potions_obtained":[{"floor":1.0,"key":"SpeedPotion"},{"floor":11.0,"key":"Strength Potion"},{"floor":14.0,"key":"ColorlessPotion"},{"floor":18.0,"key":"Swift Potion"},{"floor":22.0,"key":"EssenceOfSteel"},{"floor":27.0,"key":"Fire Potion"},{"floor":30.0,"key":"PowerPotion"},{"floor":33.0,"key":"SpeedPotion"},{"floor":42.0,"key":"SpeedPotion"},{"floor":54,"key":"Swift Potion"}],"is_trial":false,"path_per_floor":["M","?","?","M","M","R","?","?","T","M","M","M","R","E","R","B",null,"M","?","?","$","M","E","R","M","T","E","R","E","M","M","R","B",null,"M","$","?","M","?","E","R","E","T","R","?","R","$","M","R","B",null,"R","$","E","B"],"character_chosen":"THE_SILENT","items_purchased":["Sadistic Nature","TwistedFunnel","Regal Pillow","PrismaticShard","Sadistic Nature","Outmaneuver"],"campfire_rested":5,"item_purchase_floors":[21,21,36,47,53,53],"current_hp_per_floor":[70,75,75,75,70,70,70,70,70,70,61,56,75,60,60,22,62,41,41,41,41,33,17,39,35,35,35,57,35,35,35,57,35,65,65,65,65,63,63,67,67,11,11,66,58,75,75,58,75,2,57,75,75,41,0,0],"gold":57,"neow_bonus":"BOSS_RELIC","is_daily":false,"chose_seed":false,"campfire_upgraded":5,"win_rate":0.0,"timestamp":1611859704,"path_taken":["M","?","?","?","M","R","?","?","T","?","M","M","R","E","R","BOSS","M","?","?","$","?","E","R","?","T","E","R","E","M","?","R","BOSS","M","$","?","M","?","E","R","E","T","R","?","R","$","M","R","BOSS","R","$","E","BOSS"],"items_purchased_type":["Card","Relic","Relic","Relic","Card","Card"],"build_version":"2020-12-22","purchased_purges":0,"victory":false,"max_hp_per_floor":[70,75,75,75,75,75,75,75,75,75,75,75,75,75,75,75,75,75,75,75,75,75,75,75,75,75,75,75,75,75,75,75,75,75,75,75,75,75,75,75,75,75,75,75,75,75,75,75,75,75,75,75,75,75,75,75],"card_choices":[{"not_picked":["Underhanded Strike","Skewer"],"picked":"Sucker Punch","floor":1.0},{"not_picked":["Setup","Slice"],"picked":"Dodge and Roll","floor":4.0},{"not_picked":["Endless Agony","Poisoned Stab"],"picked":"Prepared","floor":5.0},{"not_picked":["Prepared","Quick Slash"],"picked":"Leg Sweep","floor":10.0},{"not_picked":["Crippling Poison","Sucker Punch"],"picked":"Underhanded Strike","floor":11.0},{"not_picked":["Crippling Poison","Dodge and Roll"],"picked":"Poisoned Stab","floor":12.0},{"not_picked":["Blade Dance","Finisher"],"picked":"Acrobatics","floor":14.0},{"not_picked":["Malaise","Glass Knife"],"picked":"Adrenaline","floor":16.0},{"not_picked":["Sucker Punch","Choke"],"picked":"Infinite Blades","floor":18.0},{"not_picked":["Blade Dance","All Out Attack"],"picked":"Noxious Fumes+1","floor":19.0},{"not_picked":["Deadly Poison","Escape Plan"],"picked":"Underhanded Strike","floor":22.0},{"not_picked":["Underhanded Strike","Backstab","Acrobatics+1"],"picked":"SKIP","floor":23.0},{"not_picked":["Prepared+1","Deadly Poison"],"picked":"Venomology","floor":25.0},{"not_picked":["Dodge and Roll","Bane","Dagger Spray"],"picked":"SKIP","floor":27.0},{"not_picked":["Phantasmal Killer","Slice"],"picked":"Burst","floor":29.0},{"not_picked":["Blade Dance+1","Flechettes+1"],"picked":"Dagger Throw+1","floor":30.0},{"not_picked":["Endless Agony","Slice+1"],"picked":"Well Laid Plans+1","floor":31.0},{"not_picked":["Bouncing Flask+1","Dagger Spray"],"picked":"Backflip+1","floor":35.0},{"not_picked":["Blind","Violence"],"picked":"Flash of Steel","floor":37.0},{"not_picked":["Leg Sweep","PiercingWail"],"picked":"Caltrops+1","floor":38.0},{"not_picked":["Unload","Deadly Poison"],"picked":"Underhanded Strike+1","floor":40.0},{"not_picked":["Acrobatics","A Thousand Cuts"],"picked":"Blade Dance+1","floor":42.0},{"not_picked":["Acrobatics+1","Underhanded Strike+1"],"picked":"Static Discharge+1","floor":48.0},{"not_picked":["True Grit+1","Scrape"],"picked":"FTL","floor":54}],"player_experience":676720,"relics_obtained":[{"floor":14.0,"key":"StrikeDummy"},{"floor":17.0,"key":"War Paint"},{"floor":17.0,"key":"Pantograph"},{"floor":17.0,"key":"Gambling Chip"},{"floor":19.0,"key":"Red Mask"},{"floor":23.0,"key":"Bottled Tornado"},{"floor":26.0,"key":"Bag of Preparation"},{"floor":27.0,"key":"TungstenRod"},{"floor":29.0,"key":"Anchor"},{"floor":40.0,"key":"Pen Nib"},{"floor":42.0,"key":"Eternal Feather"},{"floor":43.0,"key":"Potion Belt"},{"floor":54,"key":"Torii"}],"event_choices":[{"damage_healed":0.0,"max_hp_gain":5.0,"max_hp_loss":0.0,"gold_gain":0.0,"event_name":"Big Fish","player_choice":"Donut","floor":2.0,"gold_loss":0.0,"damage_taken":0.0},{"cards_removed":["Masterful Stab"],"damage_healed":0.0,"max_hp_gain":0.0,"max_hp_loss":0.0,"gold_gain":0.0,"event_name":"Bonfire Elementals","player_choice":"Offered Uncommon","floor":3.0,"gold_loss":0.0,"damage_taken":0.0},{"damage_healed":0.0,"max_hp_gain":0.0,"max_hp_loss":0.0,"gold_gain":0.0,"event_name":"The Cleric","player_choice":"Leave","floor":7.0,"gold_loss":0.0,"damage_taken":0.0},{"damage_healed":0.0,"max_hp_gain":0.0,"max_hp_loss":0.0,"gold_gain":0.0,"event_name":"Transmorgrifier","player_choice":"Ignored","floor":8.0,"gold_loss":0.0,"damage_taken":0.0},{"damage_healed":0.0,"max_hp_gain":0.0,"max_hp_loss":0.0,"gold_gain":0.0,"event_name":"Masked Bandits","player_choice":"Fought Bandits","floor":19.0,"gold_loss":0.0,"damage_taken":0.0},{"damage_healed":0.0,"max_hp_gain":0.0,"max_hp_loss":0.0,"gold_gain":0.0,"event_name":"Accursed Blacksmith","player_choice":"Forge","floor":20.0,"gold_loss":0.0,"damage_taken":0.0,"cards_upgraded":["Acrobatics"]},{"damage_healed":0.0,"max_hp_gain":0.0,"max_hp_loss":0.0,"gold_gain":0.0,"event_name":"SensoryStone","player_choice":"Memory 1","floor":37.0,"gold_loss":0.0,"damage_taken":0.0},{"cards_removed":["Poisoned Stab"],"damage_healed":0.0,"max_hp_gain":0.0,"max_hp_loss":0.0,"gold_gain":0.0,"event_name":"Falling","player_choice":"Removed Attack","floor":39.0,"gold_loss":0.0,"damage_taken":0.0},{"damage_healed":0.0,"max_hp_gain":0.0,"max_hp_loss":0.0,"gold_gain":0.0,"event_name":"Winding Halls","player_choice":"Embrace Madness","floor":45.0,"gold_loss":0.0,"damage_taken":9.0,"cards_obtained":["Madness","Madness"]}],"is_beta":false,"boss_relics":[{"not_picked":["Tiny House","Black Star"],"picked":"Calling Bell"},{"not_picked":["Coffee Dripper","Velvet Choker"],"picked":"Cursed Key"}],"items_purged_floors":[],"is_endless":false,"potions_floor_spawned":[1,11,14,18,22,27,30,33,42,54],"killed_by":"The Heart","ascension_level":5}}