{"host":"8d5lz1qub9wfpdii","time":1611814094,"event":{"mods":["2.2 Compatiblity","AchievementEnabler","Act Like it!","Arknights The Spire","Aspiration","BaseMod","Beaked The Cultist","Bestiary","Better Altar","Better Match","Better Note","Better Skull","Better Third Choice","BetterRewards","Colored Powertips","Conspire","Downfall","Friendly Minions","GifTheSpireLib","Hallownest","Hermit","Hubris","Infinite Spire","Jorbs\u0027s Wanderer Trilogy","Minty Spire (QoL Compilation)","RNG Fix","Relic Stats","Replay The Spire","Shade Mod","Shop Mod","Spicy Shops","Spire Arcade","StSLib","Stuff the Spire","The Animator","The Blackbeard","The Bug Knight","The Clintock","The Forsaken","The Hayseed","The Hierophant","The Necromancer","The Runesmith","The Servant 0.9.4","Uncapped","Wandering Minibosses"],"gold_per_floor":[118,68,86,86,86,119,119,147,147,180,28,43,75,85,85,186,186,175,175,175,175],"floor_reached":20,"language":"ENG","playtime":913,"items_purged":["beaked:Strike_Y"],"score":210,"play_id":"4259a7b8-9324-4722-9ec6-99bf76101351","local_time":"20210128163814","is_ascension_mode":true,"campfire_choices":[],"circlet_count":0,"master_deck":["beaked:Strike_Y","beaked:Strike_Y","beaked:Strike_Y","beaked:Strike_Y","beaked:Strike_Y","beaked:Defend_Y","beaked:Defend_Y","beaked:Defend_Y","beaked:Ceremony","beaked:Ceremony+1","beaked:Ceremony","beaked:WarriorSpirit+1","Apotheosis+1","beaked:MachineSpirit+1","beaked:Foresight+1","beaked:ScreechingChant","beaked:MachineSpirit"],"relics":["beaked:MendingPlumage","hubris:DeckOfHolding","hubris:SlimyHat","Replay:Ringing Soul","aspiration:Lifesprig","Guide Book","Replay:Bottled Steam","conspire:SpecialSausage"],"acts_visited":["Exordium","TheCity"],"potions_floor_usage":[8,13,18,20],"damage_taken":[{"damage":5,"enemies":"Small Slimes","floor":1,"turns":5},{"damage":11,"enemies":"Jaw Worm","floor":3,"turns":4},{"damage":38,"enemies":"3 Sentries","floor":6,"turns":8},{"damage":27,"enemies":"Gremlin Nob","floor":8,"turns":5},{"damage":37,"enemies":"3 Sentries","floor":10,"turns":10},{"damage":6,"enemies":"Cultist","floor":12,"turns":4},{"damage":35,"enemies":"Gremlin Nob","floor":13,"turns":5},{"damage":26,"enemies":"Looter","floor":14,"turns":6},{"damage":37,"enemies":"Fading Forest","floor":16,"turns":11},{"damage":33,"enemies":"2 Thieves","floor":18,"turns":4},{"damage":105,"enemies":"3 Byrds","floor":20,"turns":5}],"seed_played":"5315529160748493945","potions_obtained":[{"floor":3,"key":"PowerPotion"},{"floor":6,"key":"FairyPotion"},{"floor":10,"key":"Languid Potion"},{"floor":16,"key":"SkillPotion"},{"floor":18,"key":"beaked:MendingBrew"}],"is_trial":false,"path_per_floor":["M","?","M","?","?","E","?","E","T","E","$","M","E","M","R","B",null,"M","?","M"],"character_chosen":"BEAKED_THE_CULTIST","items_purchased":["Guide Book"],"campfire_rested":0,"item_purchase_floors":[11],"current_hp_per_floor":[50,50,48,48,48,29,50,31,31,24,24,28,19,14,29,56,56,44,44,0,0],"gold":175,"neow_bonus":"UPGRADE_CARD","is_daily":false,"chose_seed":false,"campfire_upgraded":0,"win_rate":0.0,"timestamp":1611814094,"path_taken":["M","?","M","?","?","E","?","E","T","E","$","M","E","M","R","BOSS","M","?","M"],"items_purchased_type":["Relic"],"build_version":"2020-12-22","purchased_purges":1,"victory":false,"max_hp_per_floor":[50,50,50,50,50,50,50,50,50,50,50,50,53,53,53,56,56,59,59,59,59],"relic_stats":{"counters":[113,595],"obtain_stats":[{"Golden Egg":28,"infinitespire:BottledMercury":6,"hubris:CrystalStatue":6,"hubris:MysteriousPyramids":11,"hubris:TerracottaHorce":17,"Old Coin":28,"Sozu":19,"Blood Vial":22,"Replay:Ringing Soul":14,"Lizard Tail":15,"FaceOfCleric":3,"aspiration:BabyByrd":4,"MealTicket":14,"hubris:DeckOfHolding":6,"aspiration:Headhunter":21,"aspiration:DSix":9,"Replay:Winged Headress":10,"Replay:Bottled Steam":40,"MerchantsRug":5,"Happy Flower":13,"Blue Candle":7,"Oddly Smooth Stone":0,"Pen Nib":11,"hubris:HollowSoul":21,"Letter Opener":12,"hubris:Zylophone":7,"infinitespire:EvilPickle":51,"Shuriken":8,"Bird Faced Urn":25,"CultistMask":3,"infinitespire:EmpoweringShard":22,"Black Star":17,"aspiration:HatOfInfinitePower":0,"Abe\u0027s Treasure":19,"StuffTheSpire:OldFever":26,"Pocketwatch":0,"conspire:Flyswatter":9,"ReplayFunnel":6,"Regal Pillow":7,"aspiration:Lifesprig":15,"Lantern":56,"Torii":12,"Blue Doll":6,"Mango":0,"conspire:SpecialSausage":17,"StuffTheSpire:EmeraldSignet":10,"Bag of Preparation":0,"StuffTheSpire:GrapeVine":0,"hubris:SlimyHat":8,"Replay:Mystery Machine":48,"theForsaken:PlagueMask":7,"beaked:BlessedCoat":36,"Ancient Tea Set":30,"Pet Ghost":9,"conspire:TopHat":9,"StuffTheSpire:Experiment12":23,"Dream Catcher":42,"Shovel":6,"StuffTheSpire:HeavyRock":17,"Toolbox":12,"Tiny Chest":24,"InkBottle":28,"NeowsBlessing":0,"hubris:64BitClover":24,"Guide Book":11,"hubris:MedicalManual":0,"infinitespire:Lucky Rock":9,"Odd Mushroom":11,"StuffTheSpire:HistoryBook":0,"infinitespire:WardingShard":11,"Runesmith:AutoHammer":29,"Bottled Lightning":7,"beaked:MendingPlumage":0,"ReplayTheSpireMod:Lightbulb":26,"Toy Ornithopter":8},{"Golden Egg":57,"infinitespire:BottledMercury":87,"hubris:CrystalStatue":78,"hubris:MysteriousPyramids":49,"hubris:TerracottaHorce":67,"Old Coin":73,"Sozu":21,"Blood Vial":98,"Replay:Ringing Soul":51,"Lizard Tail":66,"FaceOfCleric":16,"aspiration:BabyByrd":16,"MealTicket":66,"hubris:DeckOfHolding":105,"aspiration:Headhunter":22,"aspiration:DSix":88,"Replay:Winged Headress":4,"Replay:Bottled Steam":36,"MerchantsRug":2,"Happy Flower":5,"Blue Candle":92,"Oddly Smooth Stone":9,"Pen Nib":18,"hubris:HollowSoul":22,"Letter Opener":94,"hubris:Zylophone":16,"infinitespire:EvilPickle":41,"Shuriken":17,"Bird Faced Urn":25,"CultistMask":16,"infinitespire:EmpoweringShard":55,"Black Star":96,"aspiration:HatOfInfinitePower":44,"Abe\u0027s Treasure":54,"StuffTheSpire:OldFever":100,"Pocketwatch":44,"conspire:Flyswatter":79,"ReplayFunnel":48,"Regal Pillow":13,"aspiration:Lifesprig":20,"Lantern":43,"Torii":50,"Blue Doll":3,"Mango":74,"conspire:SpecialSausage":111,"StuffTheSpire:EmeraldSignet":18,"Bag of Preparation":44,"StuffTheSpire:GrapeVine":83,"hubris:SlimyHat":106,"Replay:Mystery Machine":41,"theForsaken:PlagueMask":3,"beaked:BlessedCoat":32,"Ancient Tea Set":58,"Pet Ghost":13,"conspire:TopHat":64,"StuffTheSpire:Experiment12":70,"Dream Catcher":38,"Shovel":63,"StuffTheSpire:HeavyRock":20,"Toolbox":94,"Tiny Chest":99,"InkBottle":27,"NeowsBlessing":0,"hubris:64BitClover":99,"Guide Book":107,"hubris:MedicalManual":44,"infinitespire:Lucky Rock":3,"Odd Mushroom":94,"StuffTheSpire:HistoryBook":44,"infinitespire:WardingShard":65,"Runesmith:AutoHammer":28,"Bottled Lightning":63,"beaked:MendingPlumage":0,"ReplayTheSpireMod:Lightbulb":57,"Toy Ornithopter":79},{"Golden Egg":270,"infinitespire:BottledMercury":449,"hubris:CrystalStatue":397,"hubris:MysteriousPyramids":216,"hubris:TerracottaHorce":334,"Old Coin":371,"Sozu":104,"Blood Vial":506,"Replay:Ringing Soul":228,"Lizard Tail":323,"FaceOfCleric":76,"aspiration:BabyByrd":76,"MealTicket":323,"hubris:DeckOfHolding":545,"aspiration:Headhunter":109,"aspiration:DSix":452,"Replay:Winged Headress":13,"Replay:Bottled Steam":157,"MerchantsRug":2,"Happy Flower":20,"Blue Candle":460,"Oddly Smooth Stone":49,"Pen Nib":84,"hubris:HollowSoul":109,"Letter Opener":471,"hubris:Zylophone":76,"infinitespire:EvilPickle":174,"Shuriken":78,"Bird Faced Urn":117,"CultistMask":76,"infinitespire:EmpoweringShard":257,"Black Star":488,"aspiration:HatOfInfinitePower":189,"Abe\u0027s Treasure":251,"StuffTheSpire:OldFever":516,"Pocketwatch":189,"conspire:Flyswatter":402,"ReplayFunnel":210,"Regal Pillow":70,"aspiration:Lifesprig":93,"Lantern":182,"Torii":222,"Blue Doll":3,"Mango":376,"conspire:SpecialSausage":586,"StuffTheSpire:EmeraldSignet":84,"Bag of Preparation":189,"StuffTheSpire:GrapeVine":430,"hubris:SlimyHat":550,"Replay:Mystery Machine":174,"theForsaken:PlagueMask":3,"beaked:BlessedCoat":142,"Ancient Tea Set":277,"Pet Ghost":70,"conspire:TopHat":311,"StuffTheSpire:Experiment12":353,"Dream Catcher":163,"Shovel":304,"StuffTheSpire:HeavyRock":93,"Toolbox":471,"Tiny Chest":511,"InkBottle":125,"NeowsBlessing":0,"hubris:64BitClover":511,"Guide Book":560,"hubris:MedicalManual":189,"infinitespire:Lucky Rock":3,"Odd Mushroom":471,"StuffTheSpire:HistoryBook":189,"infinitespire:WardingShard":318,"Runesmith:AutoHammer":127,"Bottled Lightning":304,"beaked:MendingPlumage":0,"ReplayTheSpireMod:Lightbulb":270,"Toy Ornithopter":402}]},"card_choices":[{"not_picked":["beaked:Flinch","beaked:Roost"],"picked":"beaked:WarriorSpirit","floor":1},{"not_picked":["beaked:BraceForImpact","beaked:FeelMyPain"],"picked":"beaked:BounceBack","floor":3},{"not_picked":["beaked:Windmill","beaked:Daydream","beaked:Brace"],"picked":"SKIP","floor":6},{"not_picked":["beaked:Cower","beaked:TuckingFeathers"],"picked":"beaked:MachineSpirit","floor":8},{"not_picked":["beaked:Cower","beaked:SurvivalInstinct","beaked:Insight"],"picked":"SKIP","floor":10},{"not_picked":["ReplayTheSpireMod:Prepare the Ceremony","beaked:SurvivalInstinct","beaked:Devastation"],"picked":"SKIP","floor":12},{"not_picked":["beaked:Windmill","beaked:BloodRitual"],"picked":"beaked:Foresight","floor":13},{"not_picked":["beaked:Windmill","beaked:Replenish","beaked:HuntressSpirit"],"picked":"SKIP","floor":14},{"not_picked":["beaked:DarkTribute","beaked:Sacrifice"],"picked":"beaked:ScreechingChant","floor":16},{"not_picked":["beaked:Brace+1","beaked:Resilience"],"picked":"beaked:MachineSpirit","floor":18}],"player_experience":97623,"relics_obtained":[{"floor":6,"key":"hubris:DeckOfHolding"},{"floor":8,"key":"hubris:SlimyHat"},{"floor":9,"key":"Replay:Ringing Soul"},{"floor":10,"key":"aspiration:Lifesprig"},{"floor":13,"key":"Replay:Bottled Steam"}],"event_choices":[{"cards_removed":["beaked:Defend_Y"],"damage_healed":0,"gold_gain":0,"player_choice":"Card Removal","damage_taken":0,"max_hp_gain":0,"max_hp_loss":0,"event_name":"The Cleric","floor":2,"gold_loss":50},{"damage_healed":48,"gold_gain":0,"player_choice":"Embrace","damage_taken":0,"max_hp_gain":0,"max_hp_loss":50,"event_name":"betterThird:BetterShining","floor":5,"gold_loss":0},{"cards_removed":["beaked:BounceBack"],"damage_healed":21,"gold_gain":0,"player_choice":"Offered Uncommon","damage_taken":0,"max_hp_gain":0,"max_hp_loss":0,"event_name":"Bonfire Elementals","floor":7,"gold_loss":0}],"is_beta":false,"boss_relics":[{"not_picked":["Kintsugi","Runic Pyramid"],"picked":"conspire:SpecialSausage"}],"items_purged_floors":[11],"is_endless":false,"potions_floor_spawned":[3,6,10,16,18],"killed_by":"3 Byrds","ascension_level":1}}