{"host":"xmr2g8b7eju0288o","time":1611847473,"event":{"mods":["100% Spire Juice","AchievementEnabler","BaseMod","Colored Map","Colored Powertips","KOR Keyword Fix","Minty Spire (QoL Compilation)","Quick Restart","Spicy Shops","StSLib","SuperFastMode"],"gold_per_floor":[153,96,135,135,3,3,90,102,141,255,267,267],"floor_reached":11,"language":"KOR","playtime":278,"items_purged":[],"score":158,"play_id":"2b18c248-a6d8-4747-878d-c84c5ff20090","local_time":"20210129002433","daily_mods":["Heirloom","DeadlyEvents","Elite Swarm","Midas"],"is_ascension_mode":true,"campfire_choices":[{"floor":6,"key":"REST"},{"floor":8,"key":"REST"}],"circlet_count":0,"master_deck":["AscendersBane","Moonworks:Strike","Moonworks:Strike","Moonworks:Strike","Moonworks:Defend","Moonworks:Defend","Moonworks:Defend","Moonworks:Defend","Moonworks:Ambush","Moonworks:LongDistanceShot","Moonworks:LulusLuckyEgg","Moonworks:JonathanRush","Moonworks:CrystalBarrier"],"relics":["Moonworks:BrokenBomb","Moonworks:Homemark","StoneCalendar","StrikeDummy","MawBank","Regal Pillow","Dead Branch"],"acts_visited":["Exordium"],"potions_floor_usage":[10],"damage_taken":[{"damage":8,"enemies":"2 Louse","floor":1,"turns":3},{"damage":0,"enemies":"Cultist","floor":3,"turns":4},{"damage":14,"enemies":"3 Sentries","floor":7,"turns":7},{"damage":26,"enemies":"Gremlin Nob","floor":10,"turns":4},{"damage":32,"enemies":"3 Sentries","floor":11,"turns":4}],"seed_played":"6684023906426667519","potions_obtained":[{"floor":1,"key":"Swift Potion"}],"is_trial":true,"path_per_floor":["M","$","M","?","$","R","E","R","T","E","E"],"character_chosen":"THE_STARBREAKER","items_purchased":["Moonworks:JonathanRush","StrikeDummy"],"campfire_rested":2,"item_purchase_floors":[2,5],"current_hp_per_floor":[42,42,42,42,42,55,41,55,55,29,0,0],"gold":267,"neow_bonus":"","is_daily":false,"chose_seed":false,"campfire_upgraded":0,"win_rate":0.0,"timestamp":1611847473,"path_taken":["M","$","M","?","$","R","E","R","T","?","E"],"items_purchased_type":["Card","Relic"],"build_version":"2020-12-22","purchased_purges":0,"victory":false,"max_hp_per_floor":[55,55,55,55,55,55,55,55,55,55,55,55],"card_choices":[{"not_picked":["Moonworks:Heat300Percent","Moonworks:DeployBits"],"picked":"Moonworks:LulusLuckyEgg","floor":1},{"not_picked":["Moonworks:TacticalRetreat","Moonworks:SakisCookie","Moonworks:BindingChains"],"picked":"SKIP","floor":3},{"not_picked":["Moonworks:GoAway","Moonworks:Accelerator"],"picked":"Moonworks:CrystalBarrier","floor":7},{"not_picked":["Moonworks:LeapThroughSpace","Moonworks:MeltingMemories","Moonworks:PlushieMaster"],"picked":"SKIP","floor":10}],"player_experience":114780,"relics_obtained":[{"floor":7,"key":"MawBank"},{"floor":9,"key":"Regal Pillow"},{"floor":10,"key":"Dead Branch"}],"event_choices":[{"cards_removed":["Moonworks:Strike"],"damage_healed":0,"gold_gain":0,"player_choice":"Card Removal","damage_taken":0,"max_hp_gain":0,"max_hp_loss":0,"event_name":"Wheel of Change","floor":4,"gold_loss":0}],"is_beta":false,"boss_relics":[],"items_purged_floors":[],"is_endless":true,"potions_floor_spawned":[1],"killed_by":"3 Sentries","ascension_level":20}}