{"host":"zyv4qd6no272sqjf","time":1611803072,"event":{"mods":["AchievementEnabler","BaseMod","Colored Map","Minty Spire (QoL Compilation)","Relic Stats","Slay the Relics Exporter","StSLib","everything is the same but u backflip on backflip"],"gold_per_floor":[115,115,143,155,317,354,366,205,205,280,280,280,280,300,300,398,398,362,362,12,27,27,27,27],"floor_reached":23,"language":"ENG","playtime":513,"items_purged":[],"score":410,"play_id":"a7e96f59-fb2d-40f4-bb1a-e3d59d46c09e","local_time":"20210128130432","is_ascension_mode":true,"campfire_choices":[{"floor":11.0,"key":"REST"},{"data":"Catalyst","floor":13.0,"key":"SMITH"},{"data":"Caltrops","floor":15.0,"key":"SMITH"}],"circlet_count":0,"master_deck":["AscendersBane","Strike_G","Strike_G+1","Strike_G","Defend_G","Defend_G+1","Defend_G","Defend_G","Survivor+1","Neutralize","Deflect","Catalyst+1","Injury","Caltrops+1","Grand Finale+1","Setup+1","Catalyst+1","Slice+1","Noxious Fumes","RitualDagger","Poisoned Stab"],"relics":["Ring of the Snake","NeowsBlessing","MawBank","War Paint","TwistedFunnel","Mummified Hand","Golden Idol","Astrolabe","Whetstone","Bag of Marbles","MutagenicStrength"],"acts_visited":["Exordium","TheCity"],"potions_floor_usage":[23],"damage_taken":[{"damage":0.0,"enemies":"Small Slimes","floor":1.0,"turns":1.0},{"damage":0.0,"enemies":"Jaw Worm","floor":3.0,"turns":1.0},{"damage":0.0,"enemies":"3 Sentries","floor":6.0,"turns":1.0},{"damage":0.0,"enemies":"Cultist","floor":14.0,"turns":3.0},{"damage":46.0,"enemies":"Hexaghost","floor":16.0,"turns":11.0},{"damage":18,"enemies":"2 Thieves","floor":18,"turns":5},{"damage":5,"enemies":"Shell Parasite","floor":21,"turns":3},{"damage":37,"enemies":"Book of Stabbing","floor":23,"turns":3}],"seed_played":"73903855792834837","potions_obtained":[{"floor":6.0,"key":"Weak Potion"},{"floor":21,"key":"AttackPotion"}],"is_trial":false,"path_per_floor":["M","?","M","$","?","E","?","$","T","?","R","?","R","M","R","B",null,"M","?","$","M","?","E"],"character_chosen":"THE_SILENT","items_purchased":["TwistedFunnel","Whetstone","Poisoned Stab","Bag of Marbles"],"campfire_rested":1,"item_purchase_floors":[8,20,20,20],"current_hp_per_floor":[59,48,48,48,48,48,41,41,41,30,49,49,49,49,49,3,50,32,26,26,21,21,0,0],"gold":27,"neow_bonus":"THREE_ENEMY_KILL","is_daily":false,"chose_seed":false,"campfire_upgraded":2,"win_rate":0.0,"timestamp":1611803072,"path_taken":["M","?","M","$","?","E","?","$","T","?","R","?","R","?","R","BOSS","M","?","$","M","?","E"],"items_purchased_type":["Relic","Relic","Card","Relic"],"build_version":"2020-12-22","purchased_purges":0,"victory":false,"max_hp_per_floor":[66,66,66,66,66,66,66,66,66,66,66,66,66,66,66,66,66,66,66,66,66,66,66,66],"relic_stats":{"counters":[8,28],"Mummified Hand":[2],"Golden Idol":32,"Astrolabe":["Setup","Catalyst","Slice"],"Whetstone":["Strike_G","Grand Finale"],"War Paint":["Defend_G","Survivor"],"MawBank":72,"obtain_stats":[{"TwistedFunnel":8,"NeowsBlessing":0,"Mummified Hand":9,"Golden Idol":12,"Astrolabe":17,"MutagenicStrength":22,"Bag of Marbles":20,"Whetstone":20,"War Paint":6,"MawBank":2,"Ring of the Snake":0},{"TwistedFunnel":3,"NeowsBlessing":0,"Mummified Hand":3,"Golden Idol":3,"Astrolabe":5,"MutagenicStrength":7,"Bag of Marbles":6,"Whetstone":6,"War Paint":3,"MawBank":1,"Ring of the Snake":0},{"TwistedFunnel":3,"NeowsBlessing":0,"Mummified Hand":3,"Golden Idol":3,"Astrolabe":17,"MutagenicStrength":25,"Bag of Marbles":22,"Whetstone":22,"War Paint":3,"MawBank":1,"Ring of the Snake":0}],"Ring of the Snake":[16]},"card_choices":[{"not_picked":["Outmaneuver","Finisher"],"picked":"Deflect","floor":1.0},{"not_picked":["Eviscerate","Riddle With Holes"],"picked":"Catalyst","floor":3.0},{"not_picked":["Choke","Slice","Blade Dance"],"picked":"SKIP","floor":6.0},{"not_picked":["Footwork","Backstab"],"picked":"Caltrops","floor":14.0},{"not_picked":["Die Die Die","A Thousand Cuts"],"picked":"Grand Finale","floor":16.0},{"not_picked":["Quick Slash","Flying Knee"],"picked":"Noxious Fumes","floor":18},{"not_picked":["Deflect","Escape Plan","Reflex"],"picked":"SKIP","floor":21}],"player_experience":401131,"relics_obtained":[{"floor":6.0,"key":"War Paint"},{"floor":9.0,"key":"Mummified Hand"}],"event_choices":[{"damage_healed":0.0,"max_hp_gain":0.0,"max_hp_loss":0.0,"gold_gain":0.0,"event_name":"Scrap Ooze","player_choice":"Success","floor":2.0,"gold_loss":0.0,"damage_taken":11.0,"relics_obtained":["MawBank"]},{"damage_healed":0.0,"max_hp_gain":0.0,"max_hp_loss":0.0,"gold_gain":150.0,"event_name":"Liars Game","player_choice":"AGREE","floor":5.0,"gold_loss":0.0,"damage_taken":0.0,"cards_obtained":["Doubt"]},{"cards_removed":["Doubt"],"damage_healed":0.0,"max_hp_gain":0.0,"max_hp_loss":0.0,"gold_gain":0.0,"event_name":"Golden Wing","player_choice":"Card Removal","floor":7.0,"gold_loss":0.0,"damage_taken":7.0},{"damage_healed":0.0,"max_hp_gain":0.0,"max_hp_loss":0.0,"gold_gain":75.0,"event_name":"World of Goop","player_choice":"Gather Gold","floor":10.0,"gold_loss":0.0,"damage_taken":11.0},{"damage_healed":0.0,"max_hp_gain":0.0,"max_hp_loss":0.0,"gold_gain":0.0,"event_name":"Golden Idol","player_choice":"Take Wound","floor":12.0,"gold_loss":0.0,"damage_taken":0.0,"relics_obtained":["Golden Idol"],"cards_obtained":["Injury"]},{"damage_healed":0,"gold_gain":0,"player_choice":"Joined the Cult","damage_taken":6,"max_hp_gain":0,"max_hp_loss":0,"event_name":"Nest","floor":19,"gold_loss":0,"cards_obtained":["RitualDagger"]},{"damage_healed":0,"gold_gain":0,"player_choice":"Inject Mutagens","damage_taken":0,"relics_obtained":["MutagenicStrength"],"max_hp_gain":0,"max_hp_loss":0,"event_name":"Drug Dealer","floor":22,"gold_loss":0}],"is_beta":false,"boss_relics":[{"not_picked":["Black Star","Runic Dome"],"picked":"Astrolabe"}],"items_purged_floors":[],"is_endless":false,"potions_floor_spawned":[6,21],"killed_by":"Book of Stabbing","ascension_level":19}}