{"host":"15dd7v8o90xso62x","time":1611796356,"event":{"mods":["BaseMod","Minty Spire (QoL Compilation)","Quick Restart","StSLib","SuperFastMode"],"gold_per_floor":[360,34,34,48,64,64,64,82,82,109,137,157,157,187,187,264,264,284,302,313,238,238,238,270,270,297,36,36,55,80,104,104,175,175,194,206,206,224,243,271,271,304,382,116,136,162,194,206,218,230,242,254,266,15,40,40,40],"floor_reached":56,"language":"KOR","playtime":1635,"items_purged":["Shame","Strike_G","Strike_G"],"score":2215,"play_id":"0db50483-5489-418f-b2d5-baaf030842b7","local_time":"20210128101236","is_ascension_mode":true,"campfire_choices":[{"data":"Blade Dance","floor":6.0,"key":"SMITH"},{"data":"Blade Dance","floor":13.0,"key":"SMITH"},{"data":"Accuracy","floor":15.0,"key":"SMITH"},{"data":"Cloak And Dagger","floor":23.0,"key":"SMITH"},{"data":"Finisher","floor":25.0,"key":"SMITH"},{"data":"Accuracy","floor":28.0,"key":"SMITH"},{"data":"Die Die Die","floor":32.0,"key":"SMITH"},{"floor":41.0,"key":"REST"},{"floor":49.0,"key":"RECALL"},{"floor":53.0,"key":"REST"}],"circlet_count":0,"master_deck":["AscendersBane","Strike_G","Defend_G","Defend_G+1","Defend_G","Defend_G","Defend_G+1","Survivor","Neutralize+1","Accuracy+1","Accuracy+1","Blade Dance+1","Blade Dance+1","Die Die Die+1","Cloak And Dagger+1","Cloak And Dagger+1","Finisher+1","PiercingWail+1","Malaise","Prepared+1","Calculated Gamble","Adrenaline","Well Laid Plans","Acrobatics","Accuracy","Escape Plan+1"],"relics":["Ring of the Snake","Ancient Tea Set","WingedGreaves","Matryoshka","Gambling Chip","Meat on the Bone","WristBlade","Art of War","Potion Belt","War Paint","Lantern","Omamori","Mercury Hourglass","PreservedInsect","Fusion Hammer","Snake Skull","Pen Nib","MawBank","Centennial Puzzle"],"acts_visited":["Exordium","TheCity","TheBeyond","TheEnding"],"potions_floor_usage":[56,56,56,56],"damage_taken":[{"damage":6.0,"enemies":"Jaw Worm","floor":1.0,"turns":5.0},{"damage":3.0,"enemies":"Cultist","floor":4.0,"turns":4.0},{"damage":3.0,"enemies":"Small Slimes","floor":5.0,"turns":5.0},{"damage":0.0,"enemies":"Blue Slaver","floor":8.0,"turns":3.0},{"damage":15.0,"enemies":"Lagavulin","floor":10.0,"turns":6.0},{"damage":6.0,"enemies":"Gremlin Nob","floor":11.0,"turns":3.0},{"damage":0.0,"enemies":"2 Fungi Beasts","floor":12.0,"turns":2.0},{"damage":10.0,"enemies":"Lagavulin","floor":14.0,"turns":3.0},{"damage":3.0,"enemies":"Hexaghost","floor":16.0,"turns":5.0},{"damage":0.0,"enemies":"Spheric Guardian","floor":18.0,"turns":1.0},{"damage":0.0,"enemies":"Chosen","floor":19.0,"turns":1.0},{"damage":10.0,"enemies":"Snake Plant","floor":20.0,"turns":3.0},{"damage":4.0,"enemies":"Book of Stabbing","floor":24.0,"turns":2.0},{"damage":0.0,"enemies":"3 Cultists","floor":29.0,"turns":1.0},{"damage":0.0,"enemies":"Gremlin Leader","floor":30.0,"turns":2.0},{"damage":5.0,"enemies":"Champ","floor":33.0,"turns":4.0},{"damage":0.0,"enemies":"3 Darklings","floor":35.0,"turns":2.0},{"damage":0.0,"enemies":"3 Shapes","floor":36.0,"turns":1.0},{"damage":46.0,"enemies":"Transient","floor":38.0,"turns":6.0},{"damage":0.0,"enemies":"Sphere and 2 Shapes","floor":39.0,"turns":5.0},{"damage":0.0,"enemies":"Reptomancer","floor":40.0,"turns":2.0},{"damage":0.0,"enemies":"Nemesis","floor":42.0,"turns":5.0},{"damage":0.0,"enemies":"4 Shapes","floor":45.0,"turns":4.0},{"damage":10.0,"enemies":"Giant Head","floor":46.0,"turns":5.0},{"damage":0.0,"enemies":"3 Darklings","floor":47.0,"turns":1.0},{"damage":19.0,"enemies":"Awakened One","floor":50.0,"turns":7.0},{"damage":23.0,"enemies":"Donu and Deca","floor":51.0,"turns":4.0},{"damage":0.0,"enemies":"Shield and Spear","floor":55.0,"turns":2.0},{"damage":12,"enemies":"The Heart","floor":56,"turns":2}],"seed_played":"526828027333609897","potions_obtained":[{"floor":4.0,"key":"Swift Potion"},{"floor":8.0,"key":"SteroidPotion"},{"floor":10.0,"key":"EntropicBrew"},{"floor":18.0,"key":"GamblersBrew"},{"floor":29.0,"key":"PowerPotion"},{"floor":30.0,"key":"Block Potion"},{"floor":38.0,"key":"EntropicBrew"},{"floor":42.0,"key":"PowerPotion"},{"floor":46.0,"key":"SneckoOil"}],"is_trial":false,"path_per_floor":["M","$","?","M","M","R","$","M","T","E","E","M","R","E","R","B",null,"M","M","M","?","?","R","E","R","T","$","R","M","E","T","R","B",null,"M","M","?","M","M","E","R","E","T","$","M","E","M","?","R","B","B",null,"R","$","E","B"],"character_chosen":"THE_SILENT","items_purchased":["Accuracy","Ancient Tea Set","Lantern","Adrenaline","Well Laid Plans","Accuracy","PowerPotion"],"campfire_rested":2,"item_purchase_floors":[2,2,27,44,44,54,54],"current_hp_per_floor":[53,53,53,50,47,47,47,47,47,32,26,26,26,16,16,25,56,56,56,46,46,46,46,42,42,42,42,42,42,42,42,42,37,59,59,59,59,25,37,37,56,56,56,56,56,46,46,46,46,39,28,54,63,63,63,51,51],"gold":40,"neow_bonus":"TWO_FIFTY_GOLD","is_daily":false,"chose_seed":false,"campfire_upgraded":7,"win_rate":0.0,"timestamp":1611796356,"path_taken":["M","$","?","M","M","R","$","?","T","E","E","M","R","E","R","BOSS","M","?","M","?","?","R","E","R","T","$","R","M","E","?","R","BOSS","M","M","?","?","M","E","R","E","T","$","M","E","M","?","R","BOSS","BOSS","R","$","E","BOSS"],"items_purchased_type":["Card","Relic","Relic","Card","Card","Card","Potion"],"build_version":"2020-12-22","purchased_purges":3,"victory":false,"max_hp_per_floor":[66,66,66,66,66,66,66,66,66,66,66,66,66,66,66,66,66,66,66,66,66,66,66,66,66,66,66,66,66,66,66,66,66,66,66,66,66,66,66,66,66,66,66,66,66,66,66,63,63,63,63,63,63,63,63,63,63],"card_choices":[{"not_picked":["Flying Knee","Dagger Spray"],"picked":"Accuracy","floor":1.0},{"not_picked":["Prepared","Sucker Punch","Setup"],"picked":"SKIP","floor":4.0},{"not_picked":["Leg Sweep","Skewer"],"picked":"Blade Dance","floor":5.0},{"not_picked":["Prepared","Bane","Noxious Fumes"],"picked":"SKIP","floor":8.0},{"not_picked":["Underhanded Strike","Skewer","Doppelganger"],"picked":"SKIP","floor":10.0},{"not_picked":["Deadly Poison","Bane"],"picked":"Blade Dance","floor":11.0},{"not_picked":["Reflex","Deflect","Endless Agony"],"picked":"SKIP","floor":12.0},{"not_picked":["Deflect","Dash","Sucker Punch"],"picked":"SKIP","floor":14.0},{"not_picked":["Storm of Steel","Bullet Time"],"picked":"Die Die Die","floor":16.0},{"not_picked":["Outmaneuver","Eviscerate","Crippling Poison"],"picked":"SKIP","floor":18.0},{"not_picked":["Infinite Blades+1","Flying Knee"],"picked":"Cloak And Dagger","floor":19.0},{"not_picked":["Underhanded Strike","Deadly Poison"],"picked":"Cloak And Dagger+1","floor":20.0},{"not_picked":["Escape Plan+1","Corpse Explosion"],"picked":"Finisher","floor":24.0},{"not_picked":["Deadly Poison+1","Sucker Punch+1","Bane+1"],"picked":"SKIP","floor":29.0},{"not_picked":["Prepared","Underhanded Strike"],"picked":"PiercingWail+1","floor":30.0},{"not_picked":["Doppelganger","Grand Finale"],"picked":"Malaise","floor":33.0},{"not_picked":["Cloak And Dagger","Distraction","Dodge and Roll"],"picked":"SKIP","floor":35.0},{"not_picked":["Flechettes","Dash+1","Prepared"],"picked":"SKIP","floor":36.0},{"not_picked":["Prepared","Underhanded Strike","Flying Knee"],"picked":"SKIP","floor":38.0},{"not_picked":["Deadly Poison","Backflip"],"picked":"Prepared+1","floor":39.0},{"not_picked":["Bane","Malaise","Cloak And Dagger"],"picked":"SKIP","floor":40.0},{"not_picked":["Quick Slash","Predator"],"picked":"Calculated Gamble","floor":42.0},{"not_picked":["Blur","Underhanded Strike"],"picked":"Acrobatics","floor":45.0},{"not_picked":["Poisoned Stab","Expertise+1","Dodge and Roll"],"picked":"SKIP","floor":46.0},{"not_picked":["Dagger Spray","Dash+1","Leg Sweep"],"picked":"SKIP","floor":47.0},{"not_picked":["Reflex","Dodge and Roll"],"picked":"Escape Plan+1","floor":55.0}],"player_experience":899803,"relics_obtained":[{"floor":9.0,"key":"WingedGreaves"},{"floor":10.0,"key":"Matryoshka"},{"floor":11.0,"key":"Gambling Chip"},{"floor":14.0,"key":"Meat on the Bone"},{"floor":24.0,"key":"Art of War"},{"floor":26.0,"key":"Potion Belt"},{"floor":26.0,"key":"War Paint"},{"floor":30.0,"key":"Omamori"},{"floor":31.0,"key":"Mercury Hourglass"},{"floor":31.0,"key":"PreservedInsect"},{"floor":40.0,"key":"Snake Skull"},{"floor":42.0,"key":"Pen Nib"},{"floor":46.0,"key":"MawBank"},{"floor":55.0,"key":"Centennial Puzzle"}],"event_choices":[{"damage_healed":0.0,"max_hp_gain":0.0,"max_hp_loss":0.0,"gold_gain":0.0,"event_name":"Accursed Blacksmith","player_choice":"Forge","floor":3.0,"gold_loss":0.0,"damage_taken":0.0,"cards_upgraded":["Neutralize"]},{"cards_removed":["Strike_G"],"damage_healed":0.0,"max_hp_gain":0.0,"max_hp_loss":0.0,"gold_gain":0.0,"event_name":"Beggar","player_choice":"Gave Gold","floor":21.0,"gold_loss":75.0,"damage_taken":0.0},{"damage_healed":0.0,"max_hp_gain":0.0,"max_hp_loss":0.0,"gold_gain":0.0,"event_name":"Cursed Tome","player_choice":"Ignored","floor":22.0,"gold_loss":0.0,"damage_taken":0.0},{"cards_removed":["Strike_G"],"damage_healed":0.0,"max_hp_gain":0.0,"max_hp_loss":0.0,"gold_gain":0.0,"event_name":"Purifier","player_choice":"Purged","floor":37.0,"gold_loss":0.0,"damage_taken":0.0},{"damage_healed":0.0,"max_hp_gain":0.0,"max_hp_loss":3.0,"gold_gain":0.0,"event_name":"Winding Halls","player_choice":"Max HP","floor":48.0,"gold_loss":0.0,"damage_taken":0.0}],"is_beta":false,"boss_relics":[{"not_picked":["Sozu","Calling Bell"],"picked":"WristBlade"},{"not_picked":["Cursed Key","Philosopher\u0027s Stone"],"picked":"Fusion Hammer"}],"items_purged_floors":[2,27,54],"is_endless":false,"potions_floor_spawned":[4,8,10,18,29,30,38,39,42,45,46],"killed_by":"The Heart","ascension_level":20}}