{"host":"8u7tvcybuv0u72fd","time":1611806300,"event":{"mods":["BaseMod","BetterRewards","Colored Map","Colored Powertips","Minty Spire (QoL Compilation)","Quick Restart","Shop Mod"],"gold_per_floor":[115,115,115,115,130,157,168,12,12,42,217,234,234,138,138,243,243,261,261,261,307,307,307,334,334,405,405,430,440,134,184,184,286,286,303,328,328,603,603,630,643,643,670,93,117,160,222,260,272,284,296,308,10,43,43],"floor_reached":56,"language":"ENG","playtime":2240,"items_purged":["Strike_R"],"score":1693,"play_id":"d87360a8-cc85-42ba-9f02-f2ff31760984","local_time":"20210127225820","is_ascension_mode":false,"campfire_choices":[{"data":"Bludgeon","floor":13.0,"key":"SMITH"},{"data":"Shrug It Off","floor":15.0,"key":"SMITH"},{"data":"RitualDagger","floor":23.0,"key":"SMITH"},{"data":"Bash","floor":27.0,"key":"SMITH"},{"floor":32.0,"key":"RECALL"},{"data":"Sever Soul","floor":42.0,"key":"SMITH"},{"data":"Exhume","floor":49.0,"key":"SMITH"},{"floor":52,"key":"REST"}],"circlet_count":0,"master_deck":["Strike_R+1","Strike_R+1","Strike_R+1","Defend_R+1","Defend_R+1","Defend_R+1","Defend_R+1","Bash+1","Body Slam+1","Bludgeon+1","Shrug It Off+1","Rampage+1","RitualDagger+1","Headbutt+1","Burning Pact+1","RitualDagger+1","Sever Soul+1","Exhume+1","Panache"],"relics":["Burning Blood","PreservedInsect","Bird Faced Urn","Torii","Gremlin Horn","Eternal Feather","FossilizedHelix","Tiny Chest","Mercury Hourglass","Mark of Pain","FaceOfCleric","Juzu Bracelet","White Beast Statue","Du-Vu Doll","Incense Burner","Runic Cube","Bag of Marbles","Paper Frog","Akabeko","MerchantsRug","ClockworkSouvenir","Lantern","Bag of Preparation","CeramicFish","Dead Branch","Vajra","Turnip"],"acts_visited":["TheCity","TheBeyond","TheEnding"],"potions_floor_usage":[55,55,55,55],"damage_taken":[{"damage":0.0,"enemies":"Small Slimes","floor":1.0,"turns":4.0},{"damage":1.0,"enemies":"2 Louse","floor":5.0,"turns":2.0},{"damage":5.0,"enemies":"3 Sentries","floor":6.0,"turns":7.0},{"damage":0.0,"enemies":"Cultist","floor":7.0,"turns":2.0},{"damage":18.0,"enemies":"Lagavulin","floor":10.0,"turns":4.0},{"damage":0.0,"enemies":"Looter","floor":12.0,"turns":3.0},{"damage":15.0,"enemies":"The Guardian","floor":16.0,"turns":9.0},{"damage":2.0,"enemies":"3 Byrds","floor":18.0,"turns":4.0},{"damage":8.0,"enemies":"Book of Stabbing","floor":24.0,"turns":4.0},{"damage":0.0,"enemies":"Gremlin Leader","floor":28.0,"turns":5.0},{"damage":10.0,"enemies":"Spheric Guardian","floor":29.0,"turns":5.0},{"damage":55.0,"enemies":"Automaton","floor":33.0,"turns":12.0},{"damage":4.0,"enemies":"3 Shapes","floor":35.0,"turns":3.0},{"damage":0.0,"enemies":"Reptomancer","floor":40.0,"turns":5.0},{"damage":0.0,"enemies":"Orb Walker","floor":41.0,"turns":3.0},{"damage":0.0,"enemies":"Nemesis","floor":46.0,"turns":3.0},{"damage":0.0,"enemies":"Mind Bloom Boss Battle","floor":47.0,"turns":3.0},{"damage":0.0,"enemies":"Jaw Worm Horde","floor":48.0,"turns":2.0},{"damage":67,"enemies":"Time Eater","floor":50,"turns":8},{"damage":22,"enemies":"Shield and Spear","floor":54,"turns":3},{"damage":63,"enemies":"The Heart","floor":55,"turns":7}],"seed_played":"-7583506653776134562","potions_obtained":[{"floor":1.0,"key":"Swift Potion"},{"floor":5.0,"key":"Fire Potion"},{"floor":6.0,"key":"SkillPotion"},{"floor":10.0,"key":"Regen Potion"},{"floor":12.0,"key":"Energy Potion"},{"floor":18.0,"key":"LiquidBronze"},{"floor":28.0,"key":"SpeedPotion"},{"floor":33.0,"key":"Ancient Potion"},{"floor":46.0,"key":"Dexterity Potion"},{"floor":47.0,"key":"LiquidBronze"},{"floor":48.0,"key":"Fruit Juice"},{"floor":54,"key":"PowerPotion"}],"is_trial":false,"path_per_floor":["M","?","?","?","M","E","M","$","T","E","?","M","R","$","R","B",null,"M","?","?","T","?","R","E","?","T","R","E","M","$","?","R","B",null,"M","T","$","?","?","E","M","R","T","$","T","E","?","M","R","B",null,"R","$","E","B",null],"character_chosen":"IRONCLAD","items_purchased":["PreservedInsect","Fruit Juice","Gremlin Horn","Eternal Feather","Tiny Chest","EntropicBrew","Incense Burner","MerchantsRug","ClockworkSouvenir","Lantern","Bag of Preparation","Vajra","Panache","Energy Potion"],"campfire_rested":1,"item_purchase_floors":[0,0,0,0,8,14,30,44,44,44,44,53,53,53],"current_hp_per_floor":[38,22,48,48,53,54,60,60,60,48,48,59,65,65,71,62,85,85,85,85,85,79,85,84,84,84,86,87,84,84,84,88,40,89,90,90,90,90,90,91,92,92,92,92,92,93,94,100,100,40,101,101,101,87,35],"gold":43,"neow_bonus":"","is_daily":false,"chose_seed":false,"campfire_upgraded":6,"win_rate":0.0,"timestamp":1611806300,"path_taken":["M","?","?","?","?","E","M","$","T","E","?","M","R","$","R","BOSS","M","?","?","?","?","R","E","?","T","R","E","M","$","?","R","BOSS","M","?","?","?","?","E","M","R","T","$","?","E","?","M","R","BOSS","R","$","E","BOSS"],"items_purchased_type":["Relic","Potion","Relic","Relic","Relic","Potion","Relic","Relic","Relic","Relic","Relic","Relic","Card","Potion"],"build_version":"2020-12-22","purchased_purges":1,"victory":true,"max_hp_per_floor":[80,80,80,80,80,80,80,80,80,80,80,85,85,85,85,85,85,85,85,85,85,85,85,86,86,86,86,87,88,88,88,88,89,89,90,90,90,90,90,91,92,92,92,92,92,93,94,100,100,101,101,101,101,102,103],"card_choices":[{"not_picked":["Intimidate","Inflame"],"picked":"Body Slam","floor":1.0},{"not_picked":["Sword Boomerang","Dark Embrace","Thunderclap"],"picked":"SKIP","floor":5.0},{"not_picked":["Twin Strike","Reckless Charge"],"picked":"Bludgeon","floor":6.0},{"not_picked":["Ghostly Armor","Infernal Blade","Second Wind"],"picked":"SKIP","floor":7.0},{"not_picked":["Blood for Blood","Power Through"],"picked":"Shrug It Off","floor":10.0},{"not_picked":["Pommel Strike","Bloodletting","Shrug It Off"],"picked":"SKIP","floor":12.0},{"not_picked":["Dual Wield+1","Heavy Blade"],"picked":"Rampage+1","floor":18.0},{"not_picked":["Burning Pact+1","Rupture","Pommel Strike"],"picked":"SKIP","floor":24.0},{"not_picked":["Blood for Blood+1","Seeing Red+1"],"picked":"Headbutt+1","floor":28.0},{"not_picked":["Rupture","Armaments","Heavy Blade"],"picked":"SKIP","floor":29.0},{"not_picked":["Power Through+1","Dark Embrace"],"picked":"Burning Pact+1","floor":35.0},{"not_picked":["Headbutt","Flex","Feed"],"picked":"SKIP","floor":40.0},{"not_picked":["Infernal Blade+1","Shrug It Off"],"picked":"Sever Soul","floor":41.0},{"not_picked":["Armaments","Cleave","Rupture+1"],"picked":"SKIP","floor":46.0},{"not_picked":["Pommel Strike+1","Headbutt+1"],"picked":"Exhume","floor":48.0},{"not_picked":["Rupture+1","Hemokinesis+1","Flame Barrier+1"],"picked":"SKIP","floor":54}],"player_experience":1435046,"relics_obtained":[{"floor":6.0,"key":"FossilizedHelix"},{"floor":9.0,"key":"Mercury Hourglass"},{"floor":10.0,"key":"Omamori"},{"floor":21.0,"key":"Juzu Bracelet"},{"floor":24.0,"key":"White Beast Statue"},{"floor":28.0,"key":"Du-Vu Doll"},{"floor":36.0,"key":"Bag of Marbles"},{"floor":40.0,"key":"Paper Frog"},{"floor":43.0,"key":"Akabeko"},{"floor":45.0,"key":"MawBank"},{"floor":46.0,"key":"CeramicFish"},{"floor":47.0,"key":"Dead Branch"},{"floor":54,"key":"Turnip"}],"event_choices":[{"damage_healed":0.0,"max_hp_gain":0.0,"max_hp_loss":0.0,"gold_gain":0.0,"event_name":"Shining Light","player_choice":"Entered Light","floor":2.0,"gold_loss":0.0,"damage_taken":16.0,"cards_upgraded":["Body Slam","Defend_R"]},{"damage_healed":26.0,"max_hp_gain":0.0,"max_hp_loss":0.0,"gold_gain":0.0,"event_name":"Big Fish","player_choice":"Banana","floor":3.0,"gold_loss":0.0,"damage_taken":0.0},{"cards_removed":["Strike_R"],"damage_healed":0.0,"max_hp_gain":0.0,"max_hp_loss":0.0,"gold_gain":0.0,"event_name":"Wheel of Change","player_choice":"Card Removal","floor":4.0,"gold_loss":0.0,"damage_taken":0.0},{"damage_healed":0.0,"max_hp_gain":0.0,"max_hp_loss":0.0,"gold_gain":175.0,"event_name":"Liars Game","player_choice":"AGREE","floor":11.0,"gold_loss":0.0,"damage_taken":0.0,"cards_obtained":["Doubt"]},{"damage_healed":0.0,"max_hp_gain":0.0,"max_hp_loss":0.0,"gold_gain":0.0,"event_name":"Back to Basics","player_choice":"Simplicity","floor":19.0,"gold_loss":0.0,"damage_taken":0.0,"cards_upgraded":["Strike_R","Strike_R","Strike_R","Defend_R","Defend_R","Defend_R"]},{"damage_healed":0.0,"max_hp_gain":0.0,"max_hp_loss":0.0,"gold_gain":0.0,"event_name":"FaceTrader","player_choice":"Trade","floor":20.0,"gold_loss":0.0,"damage_taken":0.0,"relics_obtained":["FaceOfCleric"]},{"damage_healed":0.0,"max_hp_gain":0.0,"max_hp_loss":0.0,"gold_gain":0.0,"event_name":"Nest","player_choice":"Joined the Cult","floor":22.0,"gold_loss":0.0,"damage_taken":6.0,"cards_obtained":["RitualDagger"]},{"damage_healed":0.0,"max_hp_gain":0.0,"max_hp_loss":0.0,"gold_gain":0.0,"event_name":"Beggar","player_choice":"Ignored","floor":25.0,"gold_loss":0.0,"damage_taken":0.0},{"damage_healed":0.0,"max_hp_gain":0.0,"max_hp_loss":0.0,"gold_gain":100.0,"event_name":"The Joust","player_choice":"Bet on Murderer","floor":31.0,"gold_loss":50.0,"damage_taken":0.0},{"damage_healed":0.0,"max_hp_gain":0.0,"max_hp_loss":0.0,"gold_gain":275.0,"event_name":"Golden Shrine","player_choice":"Desecrate","floor":38.0,"gold_loss":0.0,"damage_taken":0.0,"cards_obtained":["Regret"]},{"damage_healed":0.0,"max_hp_gain":0.0,"max_hp_loss":0.0,"gold_gain":0.0,"event_name":"Duplicator","player_choice":"Copied","floor":39.0,"gold_loss":0.0,"damage_taken":0.0,"cards_obtained":["RitualDagger"]},{"damage_healed":0.0,"max_hp_gain":0.0,"max_hp_loss":0.0,"gold_gain":0.0,"event_name":"MindBloom","player_choice":"Fight","floor":47.0,"gold_loss":0.0,"damage_taken":0.0}],"is_beta":false,"boss_relics":[{"not_picked":["SlaversCollar","Black Blood"],"picked":"Mark of Pain"},{"not_picked":["Pandora\u0027s Box","Fusion Hammer"],"picked":"Runic Cube"}],"items_purged_floors":[0],"is_endless":false,"potions_floor_spawned":[1,5,6,10,12,18,28,29,33,35,40,41,46,47,48,54],"ascension_level":0}}