{"host":"ibfpjm2kz059o009","time":1611799597,"event":{"mods":["AchievementEnabler","BaseMod","Block Reminder","Colored Powertips","DeckTracker","Downfall","Googly Eyes","Key Reminder","Minty Spire (QoL Compilation)","Shop Mod","StSLib","Unceasing Turn Reminder"],"gold_per_floor":[99,112,127,141,157,183,210,220,220,231,31,64,83,96,108,108,108,108],"floor_reached":16,"language":"ENG","playtime":1322,"items_purged":[],"score":143,"play_id":"647a3b87-384a-4f44-85e9-effebb9ef1af","local_time":"20210127210637","is_ascension_mode":false,"campfire_choices":[{"floor":1,"key":"RECALL"},{"floor":11,"key":"REST"}],"circlet_count":0,"master_deck":["Slimebound:Strike_Slimebound","Slimebound:Strike_Slimebound","Slimebound:Strike_Slimebound","Slimebound:Tackle","Slimebound:Defend_Slimebound","Slimebound:Defend_Slimebound","Slimebound:Defend_Slimebound","Slimebound:Defend_Slimebound","Slimebound:Split","Slimebound:CorrosiveSpit","Slimebound:Dissolve","Slimebound:Schlurp","Slimebound:RollThrough","Slimebound:LivingWall","Slimebound:ItLooksTasty","Defend_G","Slimebound:PressTheAttack","Slimebound:Equalize","Slimebound:SplitAcid","Slimebound:LeechEnergy","Slimebound:GoopTackle"],"relics":["Slimebound:AbsorbEndCombat","Strawberry","downfall:HeartBlessingBlue","downfall:HeartBlessingRed","Akabeko"],"acts_visited":["Exordium"],"potions_floor_usage":[5,6,10,12,14],"damage_taken":[{"damage":2,"enemies":"2 Louse","floor":2,"turns":3},{"damage":4,"enemies":"Cultist","floor":3,"turns":4},{"damage":3,"enemies":"Jaw Worm","floor":4,"turns":3},{"damage":19,"enemies":"Exordium Thugs","floor":5,"turns":4},{"damage":33,"enemies":"Gremlin Nob","floor":6,"turns":4},{"damage":8,"enemies":"3 Louse","floor":8,"turns":3},{"damage":0,"enemies":"Exordium Wildlife","floor":10,"turns":4},{"damage":30,"enemies":"Lagavulin","floor":12,"turns":6},{"damage":3,"enemies":"3 Louse","floor":13,"turns":2},{"damage":5,"enemies":"Exordium Thugs","floor":14,"turns":3},{"damage":10,"enemies":"Exordium Wildlife","floor":15,"turns":5},{"damage":86,"enemies":"WA_ARCHETYPE_RETAIN","floor":16,"turns":7}],"seed_played":"3417565440416853351","potions_obtained":[{"floor":4,"key":"Block Potion"},{"floor":5,"key":"Slimebound:ThreeZeroPotion"},{"floor":8,"key":"BlessingOfTheForge"},{"floor":10,"key":"champ:CounterPotion"},{"floor":13,"key":"Slimebound:ThreeZeroPotion"}],"is_trial":false,"path_per_floor":["R","M","M","M","M","E","T","M","?","M","R","E","M","M","M","B"],"character_chosen":"SLIMEBOUND","items_purchased":[],"campfire_rested":1,"item_purchase_floors":[],"current_hp_per_floor":[71,71,71,71,58,40,40,38,38,44,80,56,57,62,58,0,0,0],"gold":108,"neow_bonus":"TEN_PERCENT_HP_BONUS","is_daily":false,"chose_seed":false,"campfire_upgraded":0,"win_rate":0.0,"timestamp":1611799597,"path_taken":["R","M","M","M","M","E","T","M","?","M","R","E","M","M","M","BOSS"],"items_purchased_type":[],"build_version":"2020-12-22","purchased_purges":0,"victory":false,"max_hp_per_floor":[71,71,71,71,71,78,78,78,78,78,88,88,88,88,88,88,88,88],"card_choices":[{"not_picked":["Slimebound:SplitLeeching","Slimebound:GoopSpray"],"picked":"Slimebound:Dissolve","floor":2},{"not_picked":["Slimebound:MegaLick","Slimebound:SplitLeeching"],"picked":"Slimebound:Schlurp","floor":3},{"not_picked":["Slimebound:FlameTackle","Slimebound:MegaLick"],"picked":"Slimebound:RollThrough","floor":4},{"not_picked":["Slimebound:ComboTackle","Slimebound:FormOfPuddle"],"picked":"Slimebound:LivingWall","floor":5},{"not_picked":["Slimebound:SlimeSlap","Slimebound:Chomp"],"picked":"Slimebound:SplitMire","floor":6},{"not_picked":["Slimebound:SplitBruiser","Slimebound:Schlurp"],"picked":"Slimebound:ItLooksTasty","floor":8},{"not_picked":["Slimebound:HauntingLick","Slimebound:LivingWall"],"picked":"Slimebound:PressTheAttack","floor":10},{"not_picked":["Slimebound:FormOfPuddle","Slimebound:WasteNot"],"picked":"Slimebound:Equalize","floor":12},{"not_picked":["Slimebound:Schlurp","Slimebound:GoopTackle"],"picked":"Slimebound:SplitAcid","floor":13},{"not_picked":["Slimebound:LeechingTouch","Slimebound:PressTheAttack"],"picked":"Slimebound:LeechEnergy","floor":14},{"not_picked":["Slimebound:HauntingLick","Slimebound:SamplingLick"],"picked":"Slimebound:GoopTackle","floor":15}],"player_experience":619055,"relics_obtained":[{"floor":6,"key":"Strawberry"},{"floor":12,"key":"Akabeko"}],"event_choices":[{"cards_removed":["Slimebound:SplitMire"],"damage_healed":0,"gold_gain":0,"player_choice":"Took Card","damage_taken":0,"max_hp_gain":0,"max_hp_loss":0,"event_name":"NoteForYourself","floor":9,"gold_loss":0,"cards_obtained":["Defend_G"]}],"is_beta":false,"boss_relics":[],"items_purged_floors":[],"is_endless":false,"potions_floor_spawned":[4,5,8,10,13],"killed_by":"WA_ARCHETYPE_RETAIN","ascension_level":0}}