{"host":"8d5lz1qub9wfpdii","time":1611814396,"event":{"mods":["2.2 Compatiblity","AchievementEnabler","Act Like it!","Arknights The Spire","Aspiration","BaseMod","Beaked The Cultist","Bestiary","Better Altar","Better Match","Better Note","Better Skull","Better Third Choice","BetterRewards","Colored Powertips","Conspire","Downfall","Friendly Minions","GifTheSpireLib","Hallownest","Hermit","Hubris","Infinite Spire","Jorbs\u0027s Wanderer Trilogy","Minty Spire (QoL Compilation)","RNG Fix","Relic Stats","Replay The Spire","Shade Mod","Shop Mod","Spicy Shops","Spire Arcade","StSLib","Stuff the Spire","The Animator","The Blackbeard","The Bug Knight","The Clintock","The Forsaken","The Hayseed","The Hierophant","The Necromancer","The Runesmith","The Servant 0.9.4","Uncapped","Wandering Minibosses"],"gold_per_floor":[117,150,150,165,177,177,177],"floor_reached":6,"language":"ENG","playtime":245,"items_purged":[],"score":38,"play_id":"3707fe2f-42d8-45bc-a68b-e602501d8aa4","local_time":"20210128164316","is_ascension_mode":true,"campfire_choices":[],"circlet_count":0,"master_deck":["beaked:Strike_Y","beaked:Strike_Y","beaked:Strike_Y","beaked:Strike_Y","beaked:Strike_Y","beaked:Strike_Y","beaked:Defend_Y","beaked:Defend_Y","beaked:Defend_Y","beaked:Defend_Y","beaked:Ceremony","beaked:Ceremony","beaked:Ceremony","beaked:Evade","Burn"],"relics":["beaked:MendingPlumage","aspiration:Nostalgia","hermit:Momento","Blue Doll"],"acts_visited":["Exordium"],"potions_floor_usage":[6],"damage_taken":[{"damage":2,"enemies":"2 Louse","floor":1,"turns":6},{"damage":39,"enemies":"conspire:MimicChest","floor":2,"turns":6},{"damage":17,"enemies":"Jaw Worm","floor":4,"turns":5},{"damage":19,"enemies":"Cultist","floor":5,"turns":5},{"damage":17,"enemies":"3 Sentries","floor":6,"turns":2}],"seed_played":"4565961819350019219","potions_obtained":[{"floor":1,"key":"champ:CounterPotion"}],"is_trial":false,"path_per_floor":["M","?","?","M","M","E"],"character_chosen":"BEAKED_THE_CULTIST","items_purchased":[],"campfire_rested":0,"item_purchase_floors":[],"current_hp_per_floor":[50,21,21,19,13,0,0],"gold":177,"neow_bonus":"NOSTALGIA","is_daily":false,"chose_seed":false,"campfire_upgraded":0,"win_rate":0.0,"timestamp":1611814396,"path_taken":["M","?","?","?","M","E"],"items_purchased_type":[],"build_version":"2020-12-22","purchased_purges":0,"victory":false,"max_hp_per_floor":[50,50,50,50,50,50,50],"relic_stats":{"counters":[118,619],"obtain_stats":[{"Golden Egg":28,"infinitespire:BottledMercury":6,"hubris:CrystalStatue":6,"hubris:MysteriousPyramids":11,"hubris:TerracottaHorce":17,"Old Coin":28,"Sozu":19,"Blood Vial":22,"Replay:Ringing Soul":14,"Lizard Tail":15,"FaceOfCleric":3,"aspiration:BabyByrd":4,"MealTicket":14,"hubris:DeckOfHolding":6,"aspiration:Headhunter":21,"aspiration:DSix":9,"Replay:Winged Headress":10,"Replay:Bottled Steam":40,"MerchantsRug":5,"Happy Flower":13,"aspiration:Nostalgia":0,"Blue Candle":7,"Oddly Smooth Stone":0,"Pen Nib":11,"hubris:HollowSoul":21,"Letter Opener":12,"hubris:Zylophone":7,"infinitespire:EvilPickle":51,"Shuriken":8,"Bird Faced Urn":25,"CultistMask":3,"infinitespire:EmpoweringShard":22,"Black Star":17,"aspiration:HatOfInfinitePower":0,"Abe\u0027s Treasure":19,"StuffTheSpire:OldFever":26,"hermit:Momento":0,"Pocketwatch":0,"conspire:Flyswatter":9,"ReplayFunnel":6,"Regal Pillow":7,"aspiration:Lifesprig":15,"Lantern":56,"Torii":12,"Blue Doll":6,"Mango":0,"conspire:SpecialSausage":17,"StuffTheSpire:EmeraldSignet":10,"Bag of Preparation":0,"StuffTheSpire:GrapeVine":0,"hubris:SlimyHat":8,"Replay:Mystery Machine":48,"theForsaken:PlagueMask":7,"beaked:BlessedCoat":36,"Ancient Tea Set":30,"Pet Ghost":9,"conspire:TopHat":9,"StuffTheSpire:Experiment12":23,"Dream Catcher":42,"Shovel":6,"StuffTheSpire:HeavyRock":17,"Toolbox":12,"Tiny Chest":24,"InkBottle":28,"NeowsBlessing":0,"hubris:64BitClover":24,"Guide Book":11,"hubris:MedicalManual":0,"infinitespire:Lucky Rock":9,"Odd Mushroom":11,"StuffTheSpire:HistoryBook":0,"infinitespire:WardingShard":11,"Runesmith:AutoHammer":29,"Bottled Lightning":7,"beaked:MendingPlumage":0,"ReplayTheSpireMod:Lightbulb":26,"Toy Ornithopter":8},{"Golden Egg":57,"infinitespire:BottledMercury":87,"hubris:CrystalStatue":78,"hubris:MysteriousPyramids":49,"hubris:TerracottaHorce":67,"Old Coin":73,"Sozu":21,"Blood Vial":98,"Replay:Ringing Soul":51,"Lizard Tail":66,"FaceOfCleric":16,"aspiration:BabyByrd":16,"MealTicket":66,"hubris:DeckOfHolding":105,"aspiration:Headhunter":22,"aspiration:DSix":88,"Replay:Winged Headress":4,"Replay:Bottled Steam":36,"MerchantsRug":2,"Happy Flower":5,"aspiration:Nostalgia":113,"Blue Candle":92,"Oddly Smooth Stone":9,"Pen Nib":18,"hubris:HollowSoul":22,"Letter Opener":94,"hubris:Zylophone":16,"infinitespire:EvilPickle":41,"Shuriken":17,"Bird Faced Urn":25,"CultistMask":16,"infinitespire:EmpoweringShard":55,"Black Star":96,"aspiration:HatOfInfinitePower":44,"Abe\u0027s Treasure":54,"StuffTheSpire:OldFever":100,"hermit:Momento":113,"Pocketwatch":44,"conspire:Flyswatter":79,"ReplayFunnel":48,"Regal Pillow":13,"aspiration:Lifesprig":20,"Lantern":43,"Torii":50,"Blue Doll":3,"Mango":74,"conspire:SpecialSausage":111,"StuffTheSpire:EmeraldSignet":18,"Bag of Preparation":44,"StuffTheSpire:GrapeVine":83,"hubris:SlimyHat":106,"Replay:Mystery Machine":41,"theForsaken:PlagueMask":3,"beaked:BlessedCoat":32,"Ancient Tea Set":58,"Pet Ghost":13,"conspire:TopHat":64,"StuffTheSpire:Experiment12":70,"Dream Catcher":38,"Shovel":63,"StuffTheSpire:HeavyRock":20,"Toolbox":94,"Tiny Chest":99,"InkBottle":27,"NeowsBlessing":0,"hubris:64BitClover":99,"Guide Book":107,"hubris:MedicalManual":44,"infinitespire:Lucky Rock":3,"Odd Mushroom":94,"StuffTheSpire:HistoryBook":44,"infinitespire:WardingShard":65,"Runesmith:AutoHammer":28,"Bottled Lightning":63,"beaked:MendingPlumage":0,"ReplayTheSpireMod:Lightbulb":57,"Toy Ornithopter":79},{"Golden Egg":270,"infinitespire:BottledMercury":449,"hubris:CrystalStatue":397,"hubris:MysteriousPyramids":216,"hubris:TerracottaHorce":334,"Old Coin":371,"Sozu":104,"Blood Vial":506,"Replay:Ringing Soul":228,"Lizard Tail":323,"FaceOfCleric":76,"aspiration:BabyByrd":76,"MealTicket":323,"hubris:DeckOfHolding":545,"aspiration:Headhunter":109,"aspiration:DSix":452,"Replay:Winged Headress":13,"Replay:Bottled Steam":157,"MerchantsRug":2,"Happy Flower":20,"aspiration:Nostalgia":595,"Blue Candle":460,"Oddly Smooth Stone":49,"Pen Nib":84,"hubris:HollowSoul":109,"Letter Opener":471,"hubris:Zylophone":76,"infinitespire:EvilPickle":174,"Shuriken":78,"Bird Faced Urn":117,"CultistMask":76,"infinitespire:EmpoweringShard":257,"Black Star":488,"aspiration:HatOfInfinitePower":189,"Abe\u0027s Treasure":251,"StuffTheSpire:OldFever":516,"hermit:Momento":595,"Pocketwatch":189,"conspire:Flyswatter":402,"ReplayFunnel":210,"Regal Pillow":70,"aspiration:Lifesprig":93,"Lantern":182,"Torii":222,"Blue Doll":3,"Mango":376,"conspire:SpecialSausage":586,"StuffTheSpire:EmeraldSignet":84,"Bag of Preparation":189,"StuffTheSpire:GrapeVine":430,"hubris:SlimyHat":550,"Replay:Mystery Machine":174,"theForsaken:PlagueMask":3,"beaked:BlessedCoat":142,"Ancient Tea Set":277,"Pet Ghost":70,"conspire:TopHat":311,"StuffTheSpire:Experiment12":353,"Dream Catcher":163,"Shovel":304,"StuffTheSpire:HeavyRock":93,"Toolbox":471,"Tiny Chest":511,"InkBottle":125,"NeowsBlessing":0,"hubris:64BitClover":511,"Guide Book":560,"hubris:MedicalManual":189,"infinitespire:Lucky Rock":3,"Odd Mushroom":471,"StuffTheSpire:HistoryBook":189,"infinitespire:WardingShard":318,"Runesmith:AutoHammer":127,"Bottled Lightning":304,"beaked:MendingPlumage":0,"ReplayTheSpireMod:Lightbulb":270,"Toy Ornithopter":402}]},"card_choices":[{"not_picked":["beaked:Hexing","beaked:MimicHuntress"],"picked":"beaked:Evade","floor":1},{"not_picked":["beaked:Recite","beaked:SacrificialDive","beaked:HuntressSpirit"],"picked":"SKIP","floor":4},{"not_picked":["beaked:Redirect","beaked:Windmill","beaked:Daydream"],"picked":"SKIP","floor":5}],"player_experience":98536,"relics_obtained":[{"floor":2,"key":"Blue Doll"}],"event_choices":[{"damage_healed":21,"gold_gain":0,"player_choice":"Embrace Burn","damage_taken":0,"max_hp_gain":0,"max_hp_loss":50,"event_name":"betterThird:BetterShining","floor":3,"gold_loss":0}],"is_beta":false,"boss_relics":[],"items_purged_floors":[],"is_endless":false,"potions_floor_spawned":[1],"killed_by":"3 Sentries","ascension_level":1}}