{"host":"8d3fefv2347kqkpz","time":1611800093,"event":{"mods":["AchievementEnabler","Act Like it!","Aspiration","BaseMod","Better Vampires","Colored Map","Colored Powertips","Conspire","GifTheSpireLib","Hermit","Highlight Path","Hubris","Marisa£®ÏF”Í°°ƒß¿Ì…≥£©","Mimic Mod","Minty Spire (QoL Compilation)","Quick Restart","Rare Cards Sparkle","Reimu£®≤©¿ˆ¡È√Œ£©","Relic Stats","Remilia£®¿Ÿ√◊¿Ú—«£©","Replay The Spire","Spicy Shops","StSLib","The Cursed","The Jungle","The Servant 0.9.4","Waifu the Spire","Youmu£®ªÍ∆«—˝√Œ£©"],"gold_per_floor":[112,112,112,112,129,129,140,140,140,154,174,187,46,46,46,141,141,160,175,186,186,198,198,226,226,258,258,13,24,35,51,51,150,150,163,163,175,175,175,190,190,221,272,272,287,297,315,332,332,332,332],"floor_reached":50,"language":"ZHS","playtime":3507,"items_purged":[],"score":639,"play_id":"9e9bea47-48dd-451e-af1f-59508608caca","local_time":"20210128101453","is_ascension_mode":false,"campfire_choices":[{"data":"Vigilance","floor":6.0,"key":"SMITH"},{"data":"Replay:AtTheReady","floor":8.0,"key":"SMITH"},{"floor":15.0,"key":"REST"},{"data":"Alpha","floor":23.0,"key":"SMITH"},{"data":"DeusExMachina","floor":27.0,"key":"SMITH"},{"floor":32.0,"key":"REST"},{"floor":44.0,"key":"REST"},{"floor":49.0,"key":"REST"}],"circlet_count":0,"master_deck":["conspire:GhostlyStrike","conspire:GhostlyStrike","conspire:GhostlyStrike","conspire:GhostlyStrike","conspire:GhostlyDefend","conspire:GhostlyDefend","conspire:GhostlyDefend","conspire:GhostlyDefend","Vigilance+1","Replay:AtTheReady+1","Consecrate","Sanctity","Sanctity","Alpha+1","DeusExMachina+1","Replay:Bag of Tricks","ForeignInfluence","Ragnarok","Wish","LikeWater+1","Omniscience","SignatureMove","Parasite"],"relics":["PureWater","Frozen Egg 2","Spirit Poop","Eternal Feather","SacredBark","Blue Candle","Kunai","TeardropLocket","aspiration:SneckoTail"],"acts_visited":["Exordium","TheCity","TheBeyond"],"potions_floor_usage":[50,50],"damage_taken":[{"damage":2.0,"enemies":"Small Slimes","floor":1.0,"turns":4.0},{"damage":3.0,"enemies":"2 Louse","floor":5.0,"turns":4.0},{"damage":1.0,"enemies":"Jaw Worm","floor":7.0,"turns":6.0},{"damage":13.0,"enemies":"Red Slaver","floor":10.0,"turns":3.0},{"damage":9.0,"enemies":"conspire:2 RoseBushes","floor":11.0,"turns":7.0},{"damage":23.0,"enemies":"Large Slime","floor":12.0,"turns":11.0},{"damage":0.0,"enemies":"Fading Forest","floor":16.0,"turns":11.0},{"damage":2.0,"enemies":"Spheric Guardian","floor":18.0,"turns":4.0},{"damage":0.0,"enemies":"Chosen","floor":19.0,"turns":4.0},{"damage":2.0,"enemies":"Centurion and Healer","floor":20.0,"turns":5.0},{"damage":5.0,"enemies":"Sentry and Sphere","floor":22.0,"turns":5.0},{"damage":9.0,"enemies":"conspire:Head Lice","floor":24.0,"turns":5.0},{"damage":0.0,"enemies":"Snake Plant","floor":26.0,"turns":6.0},{"damage":19.0,"enemies":"Snake Plant","floor":29.0,"turns":4.0},{"damage":0.0,"enemies":"3 Cultists","floor":30.0,"turns":3.0},{"damage":0.0,"enemies":"Snecko","floor":31.0,"turns":5.0},{"damage":30.0,"enemies":"hubris:MusketHawk","floor":33.0,"turns":9.0},{"damage":17.0,"enemies":"3 Darklings","floor":35.0,"turns":5.0},{"damage":3.0,"enemies":"3 Shapes","floor":37.0,"turns":3.0},{"damage":4.0,"enemies":"Spire Growth","floor":40.0,"turns":7.0},{"damage":37.0,"enemies":"Nemesis","floor":42.0,"turns":11.0},{"damage":0.0,"enemies":"Maw","floor":45.0,"turns":6.0},{"damage":0.0,"enemies":"Sphere and 2 Shapes","floor":46.0,"turns":2.0},{"damage":24.0,"enemies":"Jaw Worm Horde","floor":47.0,"turns":4.0},{"damage":6.0,"enemies":"Writhing Mass","floor":48.0,"turns":5.0},{"damage":64,"enemies":"Awakened One","floor":50,"turns":4}],"seed_played":"-4140141208684076633","potions_obtained":[{"floor":7.0,"key":"SkillPotion"},{"floor":10.0,"key":"Ancient Potion"},{"floor":12.0,"key":"CultistPotion"},{"floor":18.0,"key":"EssenceOfSteel"},{"floor":30.0,"key":"ZuzhouPotion:ReiMu"},{"floor":42.0,"key":"Energy Potion"},{"floor":48.0,"key":"LifebloodPotion"}],"is_trial":false,"path_per_floor":["M","?","?","?","M","R","M","R","T","M","M","M","$","?","R","B",null,"M","M","M","?","M","R","E","?","MIM","R","$","M","M","M","R","B",null,"M","?","M","?","?","M","?","E","T","R","M","M","M","M","R","B"],"character_chosen":"WATCHER","items_purchased":["Alpha","TeardropLocket"],"campfire_rested":4,"item_purchase_floors":[13,28],"current_hp_per_floor":[77,77,77,77,74,74,73,73,73,60,51,28,28,28,57,67,79,77,77,75,75,70,79,70,70,70,79,79,60,60,60,79,49,79,62,62,59,59,59,55,55,18,18,52,52,52,28,22,56,0,0],"gold":332,"neow_bonus":"TEN_PERCENT_HP_BONUS","is_daily":false,"chose_seed":false,"campfire_upgraded":4,"win_rate":0.0,"timestamp":1611800093,"path_taken":["M","?","?","?","M","R","M","R","T","M","M","?","?","?","R","BOSS","M","M","?","?","M","R","E","?","MIM","R","$","M","?","M","R","BOSS","M","?","M","?","?","M","?","E","T","R","M","?","M","M","R","BOSS"],"items_purchased_type":["Card","Relic"],"build_version":"2020-12-22","purchased_purges":0,"victory":false,"max_hp_per_floor":[79,79,79,79,79,79,79,79,79,79,79,79,79,79,79,79,79,79,79,79,79,79,79,79,79,79,79,79,79,79,79,79,79,79,79,79,79,75,75,75,75,75,75,75,75,75,75,75,75,75,75],"relic_stats":{"counters":[26,143],"Blue Candle":[0],"Eternal Feather":57,"Kunai":[2],"obtain_stats":[{"aspiration:SneckoTail":42,"SacredBark":17,"Blue Candle":24,"Spirit Poop":4,"Eternal Feather":9,"Kunai":26,"TeardropLocket":28,"PureWater":0,"Frozen Egg 2":3},{"aspiration:SneckoTail":21,"SacredBark":7,"Blue Candle":12,"Spirit Poop":1,"Eternal Feather":3,"Kunai":13,"TeardropLocket":13,"PureWater":0,"Frozen Egg 2":1},{"aspiration:SneckoTail":122,"SacredBark":46,"Blue Candle":69,"Spirit Poop":4,"Eternal Feather":14,"Kunai":75,"TeardropLocket":75,"PureWater":0,"Frozen Egg 2":4}]},"card_choices":[{"not_picked":["ClearTheMind","MentalFortress","Replay:ManipulateFuture"],"picked":"SKIP","floor":1.0},{"not_picked":["FlurryOfBlows","CutThroughFate","ForeignInfluence"],"picked":"SKIP","floor":5.0},{"not_picked":["Crescendo","JustLucky"],"picked":"Replay:AtTheReady","floor":7.0},{"not_picked":["MentalFortress+1","SashWhip"],"picked":"Consecrate","floor":10.0},{"not_picked":["JustLucky","BowlingBash"],"picked":"Sanctity","floor":11.0},{"not_picked":["EmptyBody","FollowUp"],"picked":"Sanctity","floor":12.0},{"not_picked":["SpiritShield","Establishment+1"],"picked":"DeusExMachina","floor":16.0},{"not_picked":["PathToVictory","EmptyFist+1","Wireheading+1"],"picked":"SKIP","floor":18.0},{"not_picked":["SashWhip","EmptyFist","FlurryOfBlows"],"picked":"SKIP","floor":19.0},{"not_picked":["ThirdEye","Nirvana+1","Conclude+1"],"picked":"SKIP","floor":20.0},{"not_picked":["Fasting2+1","EmptyBody","CutThroughFate"],"picked":"SKIP","floor":22.0},{"not_picked":["EmptyFist","Replay:DivineShield"],"picked":"ForeignInfluence","floor":24.0},{"not_picked":["SashWhip","Consecrate"],"picked":"Ragnarok","floor":26.0},{"not_picked":["WheelKick","Crescendo","Worship"],"picked":"SKIP","floor":29.0},{"not_picked":["Weave","CutThroughFate+1","Evaluate"],"picked":"SKIP","floor":30.0},{"not_picked":["Tantrum","TalkToTheHand","Prostrate"],"picked":"SKIP","floor":31.0},{"not_picked":["SpiritShield","Replay:LoomingThreat+1"],"picked":"Wish","floor":33.0},{"not_picked":["JustLucky+1","Replay:BluntJabs","FlyingSleeves"],"picked":"SKIP","floor":35.0},{"not_picked":["Wireheading+1","CutThroughFate+1","ClearTheMind"],"picked":"SKIP","floor":37.0},{"not_picked":["ThirdEye","Replay:Battleflow","WindmillStrike+1"],"picked":"SKIP","floor":40.0},{"not_picked":["Replay:ManipulateFuture","Wireheading+1"],"picked":"LikeWater+1","floor":42.0},{"not_picked":["Wireheading+1","ThirdEye+1"],"picked":"Omniscience","floor":45.0},{"not_picked":["PathToVictory","Crescendo","Meditate"],"picked":"SKIP","floor":46.0},{"not_picked":["Prostrate","FlurryOfBlows+1"],"picked":"SignatureMove","floor":47.0},{"not_picked":["EmptyBody+1","ConjureBlade","WaveOfTheHand+1"],"picked":"SKIP","floor":48.0}],"player_experience":221574,"relics_obtained":[{"floor":9.0,"key":"Eternal Feather"},{"floor":24.0,"key":"Blue Candle"},{"floor":26.0,"key":"Kunai"},{"floor":42.0,"key":"aspiration:SneckoTail"}],"event_choices":[{"damage_healed":0.0,"max_hp_gain":0.0,"max_hp_loss":0.0,"gold_gain":0.0,"event_name":"conspire:LoneGhost","player_choice":"Agree","floor":2.0,"gold_loss":0.0,"damage_taken":0.0},{"cards_removed":["Injury"],"damage_healed":0.0,"max_hp_gain":0.0,"max_hp_loss":0.0,"gold_gain":0.0,"event_name":"Bonfire Elementals","player_choice":"Offered Curse","floor":4.0,"gold_loss":0.0,"damage_taken":0.0,"relics_obtained":["Spirit Poop"]},{"cards_removed":["Eruption"],"damage_healed":0.0,"max_hp_gain":0.0,"max_hp_loss":0.0,"gold_gain":0.0,"event_name":"Purifier","player_choice":"Purged","floor":14.0,"gold_loss":0.0,"damage_taken":0.0},{"damage_healed":0.0,"max_hp_gain":0.0,"max_hp_loss":0.0,"gold_gain":0.0,"event_name":"The Library","player_choice":"Read","floor":21.0,"gold_loss":0.0,"damage_taken":0.0,"cards_obtained":["Replay:Bag of Tricks"]},{"damage_healed":0.0,"max_hp_gain":0.0,"max_hp_loss":4.0,"gold_gain":0.0,"event_name":"Winding Halls","player_choice":"Max HP","floor":38.0,"gold_loss":0.0,"damage_taken":0.0}],"is_beta":false,"boss_relics":[{"not_picked":["hubris:TerracottaHorce","Calling Bell"],"picked":"SacredBark"},{"not_picked":["Coffee Dripper","hubris:RunicObelisk","Replay:Wanted Poster"]}],"items_purged_floors":[],"is_endless":false,"potions_floor_spawned":[7,10,12,18,20,30,31,37,42,45,47,48],"killed_by":"Awakened One","ascension_level":0}}