{"host":"xnmm48bggm313m0r","time":1611826079,"event":{"mods":["BaseMod","KOR Keyword Fix","Lobotomy","Minty Spire (QoL Compilation)"],"gold_per_floor":[118,133,143,93,93,93,119,119,119,131,148,161,192,38,38,137,137,147,3,3,16,16,16,16,44,44,44,44,73,23,43,43,138,138,153,153,167,167,92,92,109,109,132,170,82,82,102,117,117,221,221,235,250,250,262,262,262,296,296,296,309,309,374,386,421,421,517,517,533,548,423,522,522,522,282,282,317,330,347,347,362,362,362,461,461,472,85,102,102,102],"floor_reached":89,"language":"KOR","playtime":3959,"items_purged":["Writhe","Pommel Strike","Feed"],"score":1529,"play_id":"3561dddd-5d08-49c4-9bf8-65abc3accd91","local_time":"20210128182759","daily_mods":["Draft","Heirloom","Time Dilation"],"is_ascension_mode":false,"campfire_choices":[{"data":"Heavy Blade","floor":6,"key":"SMITH"},{"data":"Uppercut","floor":8,"key":"SMITH"},{"data":"Rage","floor":15,"key":"SMITH"},{"data":"Sword Boomerang","floor":23,"key":"SMITH"},{"data":"Cleave","floor":27,"key":"SMITH"},{"data":"Seeing Red","floor":32,"key":"SMITH"},{"data":"Headbutt","floor":40,"key":"SMITH"},{"data":"Bludgeon","floor":42,"key":"SMITH"},{"data":"Juggernaut","floor":46,"key":"SMITH"},{"data":"Twin Strike","floor":49,"key":"SMITH"},{"data":"Body Slam","floor":57,"key":"SMITH"},{"data":"Flame Barrier","floor":62,"key":"SMITH"},{"data":"Impervious","floor":66,"key":"SMITH"},{"data":"Seeing Red","floor":74,"key":"SMITH"},{"data":"Barricade","floor":76,"key":"SMITH"},{"floor":80,"key":"REST"},{"floor":83,"key":"REST"}],"circlet_count":0,"master_deck":["Demon Form","Wraith Form v2","Echo Form","DevaForm","Heavy Blade","Shrug It Off","Cleave+1","Heavy Blade+1","Seeing Red+1","Metallicize","Body Slam","Uppercut+1","Shrug It Off","Ghostly Armor","Sword Boomerang+1","Twin Strike+1","Ghostly Armor+1","Shockwave+1","Seeing Red+1","Flex+1","Bludgeon+1","Body Slam+1","Rage+1","Immolate","Iron Wave+1","Flame Barrier+1","Juggernaut+1","Barricade+1","Headbutt+1","Body Slam+1","Impervious+1","Rage+1","Flame Barrier","Seeing Red+1","Juggernaut","Feed"],"relics":["Unceasing Top","Torii","Self Forming Clay","InkBottle","War Paint","Toy Ornithopter","Anchor","Happy Flower","Mummified Hand","Bronze Scales","Question Card","Blood Vial","SacredBark","MawBank","Bottled Flame","Darkstone Periapt","White Beast Statue","Blue Candle","StrikeDummy","Bag of Preparation","Matryoshka"],"acts_visited":["Exordium","TheCity","TheBeyond","Exordium","TheCity","TheBeyond"],"potions_floor_usage":[7,13,16,16,31,33,37,38,47,47,47,50,58,58,65,65,67,68,69,70,77,78,78,78,79,84,84,89,89,89],"damage_taken":[{"damage":14,"enemies":"2 Louse","floor":1,"turns":3},{"damage":0,"enemies":"Jaw Worm","floor":2,"turns":3},{"damage":2,"enemies":"Cultist","floor":3,"turns":4},{"damage":18,"enemies":"3 Sentries","floor":7,"turns":6},{"damage":9,"enemies":"Blue Slaver","floor":10,"turns":2},{"damage":0,"enemies":"2 Fungi Beasts","floor":11,"turns":3},{"damage":1,"enemies":"Looter","floor":12,"turns":2},{"damage":1,"enemies":"Gremlin Nob","floor":13,"turns":4},{"damage":11,"enemies":"Slime Boss","floor":16,"turns":4},{"damage":0,"enemies":"Chosen","floor":18,"turns":3},{"damage":10,"enemies":"2 Thieves","floor":21,"turns":4},{"damage":20,"enemies":"Slavers","floor":25,"turns":10},{"damage":0,"enemies":"Gremlin Leader","floor":29,"turns":3},{"damage":7,"enemies":"Snecko","floor":31,"turns":4},{"damage":15,"enemies":"Champ","floor":33,"turns":6},{"damage":0,"enemies":"3 Shapes","floor":35,"turns":4},{"damage":0,"enemies":"3 Darklings","floor":37,"turns":2},{"damage":0,"enemies":"Maw","floor":38,"turns":5},{"damage":32,"enemies":"Writhing Mass","floor":41,"turns":5},{"damage":31,"enemies":"Giant Head","floor":44,"turns":8},{"damage":0,"enemies":"Sphere and 2 Shapes","floor":47,"turns":5},{"damage":0,"enemies":"3 Darklings","floor":48,"turns":4},{"damage":39,"enemies":"Awakened One","floor":50,"turns":9},{"damage":15,"enemies":"Small Slimes","floor":52,"turns":3},{"damage":0,"enemies":"Cultist","floor":53,"turns":2},{"damage":0,"enemies":"Jaw Worm","floor":55,"turns":1},{"damage":8,"enemies":"3 Sentries","floor":58,"turns":4},{"damage":0,"enemies":"Large Slime","floor":61,"turns":3},{"damage":9,"enemies":"2 Fungi Beasts","floor":64,"turns":3},{"damage":0,"enemies":"Gremlin Nob","floor":65,"turns":5},{"damage":43,"enemies":"Hexaghost","floor":67,"turns":3},{"damage":0,"enemies":"Spheric Guardian","floor":69,"turns":3},{"damage":1,"enemies":"Chosen","floor":70,"turns":2},{"damage":43,"enemies":"Slavers","floor":77,"turns":3},{"damage":50,"enemies":"Shelled Parasite and Fungi","floor":78,"turns":3},{"damage":7,"enemies":"Centurion and Healer","floor":79,"turns":7},{"damage":0,"enemies":"Cultist and Chosen","floor":81,"turns":4},{"damage":44,"enemies":"Collector","floor":84,"turns":4},{"damage":46,"enemies":"3 Darklings","floor":86,"turns":3},{"damage":0,"enemies":"Orb Walker","floor":88,"turns":2},{"damage":77,"enemies":"Giant Head","floor":89,"turns":7}],"seed_played":"-5499618699292147605","potions_obtained":[{"floor":2,"key":"LiquidBronze"},{"floor":10,"key":"BlessingOfTheForge"},{"floor":12,"key":"Block Potion"},{"floor":13,"key":"Weak Potion"},{"floor":29,"key":"EssenceOfSteel"},{"floor":31,"key":"Block Potion"},{"floor":33,"key":"Block Potion"},{"floor":36,"key":"GamblersBrew"},{"floor":36,"key":"FearPotion"},{"floor":37,"key":"Ancient Potion"},{"floor":44,"key":"Dexterity Potion"},{"floor":47,"key":"Energy Potion"},{"floor":52,"key":"Weak Potion"},{"floor":55,"key":"AttackPotion"},{"floor":61,"key":"LiquidMemories"},{"floor":64,"key":"HeartOfIron"},{"floor":65,"key":"DistilledChaos"},{"floor":67,"key":"EntropicBrew"},{"floor":69,"key":"FearPotion"},{"floor":70,"key":"Strength Potion"},{"floor":77,"key":"Explosive Potion"},{"floor":78,"key":"FearPotion"},{"floor":79,"key":"SkillPotion"},{"floor":81,"key":"BloodPotion"},{"floor":84,"key":"Dexterity Potion"},{"floor":86,"key":"SkillPotion"},{"floor":88,"key":"Weak Potion"}],"is_trial":true,"path_per_floor":["M","M","M","?","T","R","E","R","T","M","M","M","E","$","R","B",null,"M","$","?","M","?","R","?","E","T","R","?","E","?","M","R","B",null,"M","?","M","M","$","R","M","R","T","E","$","R","M","M","R","B",null,"M","M","?","M","?","R","E","?","T","M","R","?","M","E","R","B",null,"M","M","$","?","?","R","$","R","E","M","M","R","M","?","R","B",null,"M","$","M","E"],"character_chosen":"IRONCLAD","items_purchased":["Anchor","Happy Flower","Blue Candle","Bag of Preparation","Matryoshka"],"campfire_rested":2,"item_purchase_floors":[14,19,75,87,87],"current_hp_per_floor":[66,66,64,64,64,64,46,46,46,37,37,36,35,35,35,34,80,80,80,80,70,70,70,70,50,50,50,50,50,50,50,50,42,80,80,80,80,80,80,80,48,48,48,19,19,19,36,38,38,6,80,65,67,67,69,66,66,70,54,54,56,56,56,49,61,61,25,80,80,79,79,79,79,79,79,79,37,4,4,28,30,30,54,54,80,34,34,39,0,0],"gold":102,"neow_bonus":"","is_daily":false,"chose_seed":false,"campfire_upgraded":15,"win_rate":0.0,"timestamp":1611826079,"path_taken":["M","M","M","?","?","R","E","R","T","M","?","M","E","$","R","BOSS","M","$","?","M","?","R","?","E","T","R","?","E","?","?","R","BOSS","M","?","?","M","$","R","M","R","T","E","?","R","?","M","R","BOSS","M","M","?","M","?","R","E","?","T","M","R","?","?","E","R","BOSS","M","M","$","?","?","R","$","R","E","M","M","R","?","?","R","BOSS","M","$","?","?"],"items_purchased_type":["Relic","Relic","Relic","Relic","Relic"],"build_version":"2020-12-22","purchased_purges":3,"victory":false,"max_hp_per_floor":[80,80,80,80,80,80,80,80,80,80,80,80,80,80,80,80,80,80,80,80,80,80,80,80,80,80,80,80,80,80,80,80,80,80,80,80,80,80,80,80,80,80,80,80,80,80,80,80,80,80,80,80,80,80,80,80,80,80,80,80,80,80,80,80,80,80,80,80,80,80,80,80,80,80,80,80,80,80,80,80,80,80,80,80,80,80,80,83,83,83],"card_choices":[{"not_picked":["Shockwave","Anger"],"picked":"Heavy Blade","floor":0},{"not_picked":["Havoc","Twin Strike"],"picked":"Shrug It Off","floor":0},{"not_picked":["Wild Strike","True Grit"],"picked":"Cleave","floor":0},{"not_picked":["Infernal Blade","Spot Weakness"],"picked":"Heavy Blade","floor":0},{"not_picked":["Evolve","Cleave"],"picked":"Seeing Red","floor":0},{"not_picked":["Havoc","Rupture"],"picked":"Metallicize","floor":0},{"not_picked":["Havoc","Flex"],"picked":"Body Slam","floor":0},{"not_picked":["Reckless Charge","True Grit"],"picked":"Uppercut","floor":0},{"not_picked":["Twin Strike","Combust"],"picked":"Shrug It Off","floor":0},{"not_picked":["Sword Boomerang","Flex"],"picked":"Ghostly Armor","floor":0},{"not_picked":["Intimidate","Iron Wave"],"picked":"Sword Boomerang","floor":0},{"not_picked":["Iron Wave","Clothesline"],"picked":"Twin Strike","floor":0},{"not_picked":["Heavy Blade","Warcry"],"picked":"Pommel Strike","floor":0},{"not_picked":["Dropkick","Flex"],"picked":"Ghostly Armor","floor":0},{"not_picked":["Pummel","Anger"],"picked":"Shockwave","floor":0},{"not_picked":["Thunderclap","Heavy Blade"],"picked":"Seeing Red","floor":1},{"not_picked":["Combust","Sword Boomerang"],"picked":"Flex","floor":2},{"not_picked":["Perfected Strike","Disarm"],"picked":"Wild Strike","floor":3},{"not_picked":["Anger","Pommel Strike"],"picked":"Bludgeon","floor":7},{"not_picked":["Power Through","Clash"],"picked":"Body Slam","floor":10},{"not_picked":["Thunderclap","Twin Strike"],"picked":"Rage","floor":11},{"not_picked":["Perfected Strike","Heavy Blade","Warcry"],"picked":"SKIP","floor":12},{"not_picked":["Sword Boomerang","Anger","Havoc"],"picked":"SKIP","floor":13},{"not_picked":["Double Tap","Corruption"],"picked":"Immolate","floor":16},{"not_picked":["Pummel","Metallicize","Second Wind"],"picked":"SKIP","floor":18},{"not_picked":["Havoc","Dark Embrace"],"picked":"Iron Wave+1","floor":21},{"not_picked":["Warcry+1","Metallicize","Pommel Strike+1"],"picked":"SKIP","floor":25},{"not_picked":["Battle Trance+1","Perfected Strike","Wild Strike+1"],"picked":"Juggernaut","floor":29},{"not_picked":["Flex","Searing Blow","Twin Strike","Wild Strike"],"picked":"SKIP","floor":31},{"not_picked":["Corruption","Offering","Berserk"],"picked":"Barricade","floor":33},{"not_picked":["Combust","Pommel Strike+1","Whirlwind","Cleave+1"],"picked":"SKIP","floor":35},{"not_picked":["Spot Weakness","Warcry","Disarm","Cleave"],"picked":"SKIP","floor":37},{"not_picked":["Feel No Pain+1","Havoc+1","Metallicize+1"],"picked":"Headbutt","floor":38},{"not_picked":["Clash","Cleave","Disarm","Uppercut+1"],"picked":"SKIP","floor":41},{"not_picked":["Pommel Strike+1","Brutality","Corruption"],"picked":"Body Slam+1","floor":44},{"not_picked":["Combust","Clothesline+1","True Grit+1","Clash"],"picked":"SKIP","floor":47},{"not_picked":["Feel No Pain+1","Havoc","True Grit","Bloodletting+1"],"picked":"SKIP","floor":48},{"not_picked":["Berserk","Juggernaut","Immolate"],"picked":"Impervious","floor":50},{"not_picked":["Hemokinesis","Heavy Blade","True Grit"],"picked":"Rage","floor":52},{"not_picked":["Shrug It Off","Shockwave","Thunderclap","Body Slam"],"picked":"SKIP","floor":53},{"not_picked":["Perfected Strike","Shrug It Off","Feel No Pain","Twin Strike"],"picked":"SKIP","floor":55},{"not_picked":["Thunderclap","Shockwave","Headbutt","Clash"],"picked":"SKIP","floor":58},{"not_picked":["Heavy Blade","Infernal Blade","Second Wind"],"picked":"Flame Barrier","floor":61},{"not_picked":["Pummel","Twin Strike","Rupture"],"picked":"Seeing Red","floor":64},{"not_picked":["Shrug It Off","Shockwave","Metallicize","Sword Boomerang"],"picked":"SKIP","floor":65},{"not_picked":["Juggernaut","Bludgeon","Immolate"],"picked":"Feed","floor":67},{"not_picked":["Infernal Blade","Armaments","Twin Strike","Dark Embrace"],"picked":"SKIP","floor":69},{"not_picked":["Cleave","Shrug It Off","Flex","Headbutt+1"],"picked":"SKIP","floor":70},{"not_picked":["Perfected Strike+1","Twin Strike","Berserk"],"picked":"Juggernaut","floor":77},{"not_picked":["Iron Wave","Pommel Strike","Headbutt","Carnage+1"],"picked":"SKIP","floor":78},{"not_picked":["Body Slam+1","Sword Boomerang+1","Armaments","Havoc+1"],"picked":"SKIP","floor":79},{"not_picked":["Dropkick+1","Infernal Blade","Body Slam","True Grit+1"],"picked":"SKIP","floor":81},{"not_picked":["Barricade","Bludgeon","Limit Break"],"picked":"Feed","floor":84},{"not_picked":["Heavy Blade","Reckless Charge+1","Twin Strike","Anger"],"picked":"SKIP","floor":86},{"not_picked":["Shockwave","Shrug It Off","Dark Embrace+1","Inflame+1"],"picked":"SKIP","floor":88}],"player_experience":147744,"relics_obtained":[{"floor":5,"key":"Self Forming Clay"},{"floor":7,"key":"InkBottle"},{"floor":9,"key":"War Paint"},{"floor":13,"key":"Toy Ornithopter"},{"floor":25,"key":"Bronze Scales"},{"floor":26,"key":"Question Card"},{"floor":29,"key":"Blood Vial"},{"floor":43,"key":"MawBank"},{"floor":44,"key":"Bottled Flame"},{"floor":60,"key":"White Beast Statue"},{"floor":82,"key":"StrikeDummy"}],"event_choices":[{"cards_removed":["Wild Strike"],"damage_healed":0,"gold_gain":0,"player_choice":"Card Removal","damage_taken":0,"max_hp_gain":0,"max_hp_loss":0,"event_name":"The Cleric","floor":4,"gold_loss":50},{"damage_healed":0,"gold_gain":0,"player_choice":"Simplicity","damage_taken":0,"max_hp_gain":0,"max_hp_loss":0,"event_name":"Back to Basics","floor":20,"gold_loss":0,"cards_upgraded":[]},{"damage_healed":0,"gold_gain":0,"player_choice":"Opened","damage_taken":0,"relics_obtained":["Mummified Hand"],"max_hp_gain":0,"max_hp_loss":0,"event_name":"The Mausoleum","floor":22,"gold_loss":0,"cards_obtained":["Writhe"]},{"damage_healed":0,"gold_gain":0,"player_choice":"Read","damage_taken":0,"max_hp_gain":0,"max_hp_loss":0,"event_name":"The Library","floor":24,"gold_loss":0,"cards_obtained":["Flame Barrier"]},{"damage_healed":0,"gold_gain":0,"player_choice":"Ignored","damage_taken":0,"max_hp_gain":0,"max_hp_loss":0,"event_name":"Cursed Tome","floor":28,"gold_loss":0},{"damage_healed":0,"gold_gain":0,"player_choice":"Bet on Owner","damage_taken":0,"max_hp_gain":0,"max_hp_loss":0,"event_name":"The Joust","floor":30,"gold_loss":50},{"damage_healed":0,"gold_gain":0,"player_choice":"Got Potions","damage_taken":0,"max_hp_gain":0,"max_hp_loss":0,"event_name":"Lab","floor":36,"gold_loss":0},{"damage_healed":0,"gold_gain":0,"player_choice":"Grow","damage_taken":0,"max_hp_gain":0,"max_hp_loss":0,"event_name":"Living Wall","floor":54,"gold_loss":0,"cards_upgraded":["Rage"]},{"damage_healed":0,"gold_gain":0,"player_choice":"Success","damage_taken":3,"relics_obtained":["Darkstone Periapt"],"max_hp_gain":0,"max_hp_loss":0,"event_name":"Scrap Ooze","floor":56,"gold_loss":0},{"damage_healed":0,"gold_gain":0,"player_choice":"Entered Light","damage_taken":16,"max_hp_gain":0,"max_hp_loss":0,"event_name":"Shining Light","floor":59,"gold_loss":0,"cards_upgraded":["Shockwave","Flex"]},{"damage_healed":0,"gold_gain":65,"player_choice":"Gained Gold","damage_taken":0,"max_hp_gain":0,"max_hp_loss":0,"event_name":"Golden Wing","floor":63,"gold_loss":0},{"damage_healed":0,"gold_gain":99,"player_choice":"Stole From Cult","damage_taken":0,"max_hp_gain":0,"max_hp_loss":0,"event_name":"Nest","floor":72,"gold_loss":0},{"damage_healed":0,"gold_gain":0,"player_choice":"0 cards matched","damage_taken":0,"max_hp_gain":0,"max_hp_loss":0,"event_name":"Match and Keep!","floor":73,"gold_loss":0,"cards_obtained":[]},{"damage_healed":0,"gold_gain":0,"player_choice":"Relic","damage_taken":0,"max_hp_gain":0,"max_hp_loss":0,"event_name":"Wheel of Change","floor":82,"gold_loss":0}],"is_beta":false,"boss_relics":[{"not_picked":["Velvet Choker","Fusion Hammer","Snecko Eye"]},{"not_picked":["Cursed Key","Coffee Dripper"],"picked":"SacredBark"},{"not_picked":["Mark of Pain","Runic Dome","Calling Bell"]},{"not_picked":["Runic Dome","Astrolabe","Calling Bell"]},{"not_picked":["Snecko Eye","Coffee Dripper","Busted Crown"]}],"items_purged_floors":[39,45,71],"is_endless":true,"potions_floor_spawned":[2,10,12,13,29,31,33,37,44,47,52,55,61,64,65,67,69,70,77,78,79,81,84,86,88],"killed_by":"Giant Head","ascension_level":0}}