{"host":"5uvzo7moqy5vd63g","time":1611800270,"event":{"mods":["Aspiration","BaseMod","Conspire","Curses Come First","Dio Mod","Downfall","Hermit","Hubris","Jedi Mod","Mimic Mod","Minty Spire (QoL Compilation)","Replay The Spire","StSLib","Wandering Minibosses"],"gold_per_floor":[99,117,117,134,144,154,179,214,114,126,139,170,170,24,41,140,140,290,309,320,336,346,72,72,92,92,106,121,21,21,35,46,150,150,150,162,162,72,72,83,83,101,132,171,344,244,244,259,272,272,272,306,17,17,17,17],"floor_reached":57,"language":"ENG","playtime":7175,"items_purged":["Amnesia","bronze:Strike","bronze:Strike"],"score":1227,"play_id":"25beb6d2-3f27-44b6-8036-d9256942e0c0","local_time":"20210127211750","is_ascension_mode":false,"campfire_choices":[{"floor":1.0,"key":"RECALL"},{"floor":9.0,"key":"REST"},{"data":"bronze:HardenedForm","floor":13.0,"key":"SMITH"},{"data":"bronze:Boost","floor":29.0,"key":"SMITH"},{"data":"bronze:Iterate","floor":35.0,"key":"SMITH"},{"floor":46.0,"key":"REST"},{"floor":54.0,"key":"REST"}],"circlet_count":0,"master_deck":["bronze:Strike","bronze:Strike+1","bronze:Defend","bronze:Defend","bronze:Defend","bronze:Defend+1","bronze:Replicate","bronze:Goto","bronze:HardenedForm+1","bronze:Deprecate","bronze:Iterate","bronze:Overheat","bronze:Iterate+1","bronze:Repair","bronze:Safeguard","bronze:InfiniteBeams","bronze:DelayedGuard","bronze:RecursiveStrike","bronze:ClassDefault","bronze:BronzeOrb","bronze:BronzeOrb","bronze:Boost+1","bronze:Iterate","bronze:Virus","bronze:InfiniteBeams","bronze:DelayedSlice","bronze:Deprecate+1","bronze:ChosenStrike","bronze:Separator","bronze:Format","bronze:DelayedSlice","bronze:ForLoop+1","bronze:TinkerersToolbox","bronze:Library","bronze:Invalidate+1","bronze:Philosophize+1","bronze:Shell+1","bronze:Boost+1","bronze:FineTuning+1","expansioncontent:InvincibleStrength","expansioncontent:QuickStudy","expansioncontent:Chronoboost","bronze:Terminator","bronze:Safeguard+1","expansioncontent:StudyTheSpire","bronze:Shell"],"relics":["bronze:BronzeCore","Dream Catcher","aspiration:HummingbirdHeart","downfall:HeartBlessingRed","conspire:SlowCooker","Snack Pack","downfall:HeartBlessingGreen","CultistMask","wanderingMiniBosses:AbyssPearl","aspiration:SecretTechniqueScroll","Ring of Fangs","bronze:BottledCode","Bag of Preparation","Potion Belt","Gambling Chip","downfall:HeartBlessingBlue","aspiration:SeaSaltIceCream","Smiling Mask"],"acts_visited":["Exordium","TheCity","TheBeyond","TheEnding"],"potions_floor_usage":[56,56],"damage_taken":[{"damage":0.0,"enemies":"2 Louse","floor":2.0,"turns":3.0},{"damage":0.0,"enemies":"Cultist","floor":4.0,"turns":4.0},{"damage":3.0,"enemies":"Jaw Worm","floor":5.0,"turns":3.0},{"damage":0.0,"enemies":"Gremlin Gang","floor":6.0,"turns":4.0},{"damage":11.0,"enemies":"Replay:BlueRogue","floor":8.0,"turns":6.0},{"damage":4.0,"enemies":"Large Slime","floor":10.0,"turns":8.0},{"damage":8.0,"enemies":"Blue Slaver","floor":11.0,"turns":4.0},{"damage":7.0,"enemies":"Gremlin Nob","floor":12.0,"turns":4.0},{"damage":17.0,"enemies":"downfall:FleeingMerchant","floor":14.0,"turns":4.0},{"damage":0.0,"enemies":"2 Fungi Beasts","floor":15.0,"turns":2.0},{"damage":23.0,"enemies":"SI_SHIV_ARCHETYPE","floor":16.0,"turns":8.0},{"damage":26.0,"enemies":"Shell Parasite","floor":19.0,"turns":8.0},{"damage":0.0,"enemies":"Chosen","floor":20.0,"turns":5.0},{"damage":0.0,"enemies":"Snecko","floor":21.0,"turns":4.0},{"damage":7.0,"enemies":"Shelled Parasite and Fungi","floor":22.0,"turns":5.0},{"damage":0.0,"enemies":"downfall:FleeingMerchant","floor":23.0,"turns":4.0},{"damage":0.0,"enemies":"Snake Plant","floor":25.0,"turns":4.0},{"damage":2.0,"enemies":"3 Cultists","floor":27.0,"turns":5.0},{"damage":20.0,"enemies":"Chosen and Byrds","floor":28.0,"turns":5.0},{"damage":6.0,"enemies":"Cultist and Chosen","floor":31.0,"turns":5.0},{"damage":0.0,"enemies":"Snake Plant","floor":32.0,"turns":4.0},{"damage":0.0,"enemies":"DF_ARCHETYPE_CLAW","floor":33.0,"turns":5.0},{"damage":0.0,"enemies":"3 Darklings","floor":36.0,"turns":5.0},{"damage":0.0,"enemies":"downfall:FleeingMerchant","floor":38.0,"turns":4.0},{"damage":49.0,"enemies":"3 Shapes","floor":40.0,"turns":4.0},{"damage":16.0,"enemies":"Sphere and 2 Shapes","floor":42.0,"turns":5.0},{"damage":15.0,"enemies":"Reptomancer","floor":43.0,"turns":5.0},{"damage":0.0,"enemies":"Writhing Mass","floor":44.0,"turns":6.0},{"damage":0.0,"enemies":"downfall:FleeingMerchant","floor":45.0,"turns":3.0},{"damage":27.0,"enemies":"Writhing Mass","floor":48.0,"turns":6.0},{"damage":2.0,"enemies":"3 Darklings","floor":49.0,"turns":4.0},{"damage":15.0,"enemies":"IC_BLOCK_ARCHETYPE","floor":50.0,"turns":9.0},{"damage":62.0,"enemies":"downfall:CharBossMerchant","floor":52.0,"turns":7.0},{"damage":33,"enemies":"downfall:NeowBoss","floor":55,"turns":11},{"damage":51,"enemies":"downfall:NeowBossFinal","floor":56,"turns":8}],"seed_played":"-7023827613526936403","potions_obtained":[{"floor":3.0,"key":"Explosive Potion"},{"floor":3.0,"key":"LiquidBronze"},{"floor":3.0,"key":"Adrenaline Potion"},{"floor":4.0,"key":"Block Potion"},{"floor":6.0,"key":"Fire Potion"},{"floor":11.0,"key":"Death Potion"},{"floor":16.0,"key":"FairyPotion"},{"floor":20.0,"key":"jedi:tentaclejuice"},{"floor":21.0,"key":"PowerPotion"},{"floor":25.0,"key":"champ:CounterPotion"},{"floor":31.0,"key":"sneckomod:MuddlingPotion"},{"floor":42.0,"key":"jedi:hoardpotion"},{"floor":48.0,"key":"hexamod:SoulburnPotion"},{"floor":49.0,"key":"Ancient Potion"}],"is_trial":false,"path_per_floor":["R","M","?","M","M","M","T","E","R","M","M","E","R","$","M","B",null,"R","M","M","M","M","$","T","M","?","M","M","R","?","M","M","B",null,"R","M","?","$","?","M","T","M","E","MIM","$","R","?","M","M","B",null,"E","$","R","B","B",null],"character_chosen":"THE_AUTOMATON","items_purchased":["bronze:BronzeOrb","bronze:Boost","Snack Pack","LiquidMemories","expansioncontent:StudyTheSpire","Adrenaline Potion"],"campfire_rested":3,"item_purchase_floors":[14,14,23,45,53,53],"current_hp_per_floor":[70,70,70,70,67,67,67,56,70,66,62,62,62,52,59,43,70,70,44,51,58,58,58,58,69,69,70,52,52,52,52,67,70,70,70,70,70,70,60,13,13,7,5,18,24,55,45,33,46,60,70,25,25,46,32,32],"gold":17,"neow_bonus":"ONE_RANDOM_RARE_CARD","is_daily":false,"chose_seed":false,"campfire_upgraded":3,"win_rate":0.0,"timestamp":1611800270,"path_taken":["R","M","?","?","?","M","T","E","R","M","?","E","R","$","M","BOSS","R","M","M","M","M","$","T","M","?","M","M","R","?","?","M","BOSS","R","M","?","$","?","M","T","M","E","?","$","R","?","M","M","BOSS","E","$","R","BOSS","BOSS"],"items_purchased_type":["Card","Card","Relic","Potion","Card","Potion"],"build_version":"2020-12-22","purchased_purges":3,"victory":true,"max_hp_per_floor":[70,70,70,70,70,70,70,70,70,70,70,70,70,70,70,70,70,70,70,70,70,70,70,70,70,70,70,70,70,70,70,70,70,70,70,70,70,70,60,60,60,60,60,60,60,70,70,70,70,70,70,70,70,70,70,70],"card_choices":[{"not_picked":["bronze:ItsAFeature","bronze:NullPointer"],"picked":"bronze:Deprecate","floor":2.0},{"not_picked":["bronze:BugBarrage","bronze:DelayedSlice"],"picked":"bronze:Iterate","floor":4.0},{"not_picked":["bronze:DarkDash","bronze:Repulsor"],"picked":"bronze:Overheat","floor":5.0},{"not_picked":["bronze:Return","bronze:BitShift"],"picked":"bronze:Iterate","floor":6.0},{"not_picked":["bronze:BuggyMess","bronze:ForceShield"],"picked":"bronze:Repair","floor":8.0},{"not_picked":["bronze:CutThrough","bronze:Shield"],"picked":"bronze:Safeguard","floor":9.0},{"not_picked":["bronze:Constructor","bronze:OilSpill"],"picked":"bronze:InfiniteBeams","floor":10.0},{"not_picked":["bronze:Iterate","bronze:Frontload"],"picked":"bronze:DelayedGuard","floor":11.0},{"not_picked":["bronze:DelayedSlice","bronze:BitShift"],"picked":"bronze:RecursiveStrike","floor":12.0},{"not_picked":["bronze:Repulsor","bronze:OilSpill"],"picked":"bronze:ClassDefault","floor":14.0},{"not_picked":["bronze:BitShift","bronze:DelayedGuard"],"picked":"bronze:Iterate","floor":15.0},{"not_picked":["bronze:Assembly","bronze:CleanCode"],"picked":"bronze:Virus","floor":16.0},{"not_picked":["bronze:Branch","bronze:ForLoop"],"picked":"bronze:InfiniteBeams","floor":19.0},{"not_picked":["bronze:OilSpill","bronze:ChildClass"],"picked":"bronze:DelayedSlice","floor":20.0},{"not_picked":["bronze:Refactor","bronze:Turbo"],"picked":"bronze:Deprecate+1","floor":21.0},{"not_picked":["bronze:Allocate","bronze:ForceShield"],"picked":"bronze:ChosenStrike","floor":22.0},{"not_picked":["bronze:WhirlingStrike","bronze:HyperBeam","bronze:BitShift"],"picked":"SKIP","floor":23.0},{"not_picked":["bronze:BitShift+1","bronze:Turbo","bronze:WhirlingStrike"],"picked":"SKIP","floor":25.0},{"not_picked":["bronze:Overheat","bronze:BuggyMess+1"],"picked":"bronze:Separator","floor":27.0},{"not_picked":["bronze:ForceShield+1","bronze:WildBeam"],"picked":"bronze:Format","floor":28.0},{"not_picked":["bronze:DarkDash","bronze:Fortify"],"picked":"bronze:DelayedSlice","floor":31.0},{"not_picked":["bronze:ClassDefault","bronze:Deprecate"],"picked":"bronze:ForLoop+1","floor":32.0},{"not_picked":["bronze:ShipIt","bronze:RecursiveStrike"],"picked":"bronze:TinkerersToolbox","floor":33.0},{"not_picked":["bronze:WildBeam","bronze:BuggyMess+1","bronze:BitShift"],"picked":"SKIP","floor":36.0},{"not_picked":["bronze:Verify","bronze:Overheat"],"picked":"bronze:Library","floor":38.0},{"not_picked":["bronze:Branch+1","bronze:Turbo+1"],"picked":"bronze:Invalidate+1","floor":40.0},{"not_picked":["bronze:ItsAFeature","bronze:BronzeOrb+1"],"picked":"bronze:Philosophize+1","floor":42.0},{"not_picked":["bronze:Separator","bronze:Overload"],"picked":"bronze:Shell+1","floor":43.0},{"not_picked":["bronze:FineTuning","bronze:Invalidate"],"picked":"bronze:Boost+1","floor":45.0},{"not_picked":["bronze:WhirlingStrike","bronze:CutThrough"],"picked":"bronze:FineTuning+1","floor":46.0},{"not_picked":["expansioncontent:Hexaburn","expansioncontent:YouAreMine"],"picked":"expansioncontent:InvincibleStrength","floor":47.0},{"not_picked":["Replay:SS_hec_1","expansioncontent:YouAreMine"],"picked":"expansioncontent:QuickStudy","floor":47.0},{"not_picked":["expansioncontent:GuardianWhirl","Replay:SS_forest_2"],"picked":"expansioncontent:Chronoboost","floor":47.0},{"not_picked":["bronze:DarkDash","bronze:MaxOutput","bronze:OilSpill"],"picked":"SKIP","floor":48.0},{"not_picked":["bronze:DelayedSlice+1","bronze:BitShift"],"picked":"bronze:Terminator","floor":49.0},{"not_picked":["bronze:FollowUp","bronze:ChildClass+1"],"picked":"bronze:Safeguard+1","floor":52.0},{"not_picked":["bronze:Flail","bronze:Branch"],"picked":"bronze:Shell","floor":54.0}],"player_experience":619018,"relics_obtained":[{"floor":7.0,"key":"Dream Catcher"},{"floor":8.0,"key":"aspiration:HummingbirdHeart"},{"floor":12.0,"key":"Simple Rune"},{"floor":31.0,"key":"wanderingMiniBosses:AbyssPearl"},{"floor":37.0,"key":"Ring of Fangs"},{"floor":41.0,"key":"Bag of Preparation"},{"floor":43.0,"key":"Potion Belt"},{"floor":44.0,"key":"Gambling Chip"},{"floor":52.0,"key":"aspiration:SeaSaltIceCream"}],"event_choices":[{"damage_healed":0.0,"max_hp_gain":0.0,"max_hp_loss":0.0,"gold_gain":0.0,"event_name":"Lab","player_choice":"Got Potions","floor":3.0,"gold_loss":0.0,"damage_taken":0.0},{"damage_healed":0.0,"max_hp_gain":0.0,"max_hp_loss":0.0,"gold_gain":0.0,"event_name":"FaceTrader","player_choice":"Trade","floor":30.0,"gold_loss":0.0,"damage_taken":0.0,"relics_obtained":["CultistMask"]}],"is_beta":false,"boss_relics":[{"not_picked":["aspiration:SilentSkillbook","hubris:Backtick"],"picked":"conspire:SlowCooker"},{"not_picked":["SlaversCollar","Astrolabe"],"picked":"aspiration:SecretTechniqueScroll"}],"items_purged_floors":[38,45,53],"is_endless":false,"potions_floor_spawned":[4,6,11,16,20,21,25,31,42,48,49],"ascension_level":0}}