{"host":"f9ntswufr8mq3t4y","time":1611865425,"event":{"mods":["AchievementEnabler","BaseMod","Best Route Mod","Block Reminder","Colored Map","Colored Powertips","Curses Come First","DeckTracker","Displayed Cursed Tome","Highlight Path","Minty Spire (QoL Compilation)","Permanent Neow","Quick Restart","Slay-I","StSLib"],"gold_per_floor":[13,23,23,23,46,46,89,105,105,105,148,148,188,188,188,188,188],"floor_reached":16,"language":"ENG","playtime":576,"items_purged":[],"score":148,"play_id":"c916dc1f-ec03-480f-a800-d321ee2279b8","local_time":"20210128232345","is_ascension_mode":true,"campfire_choices":[{"data":"Armaments","floor":6.0,"key":"SMITH"},{"floor":10,"key":"REST"},{"floor":12,"key":"REST"},{"data":"Immolate","floor":15,"key":"SMITH"}],"circlet_count":0,"master_deck":["Strike_R","Strike_R","Strike_R","Strike_R","Defend_R","Defend_R","Defend_R","Bash","Cleave","Cleave","Armaments+1","Sword Boomerang","Immolate+1"],"relics":["Burning Blood","Golden Idol","Dream Catcher","Blue Candle","Pantograph","Pen Nib"],"acts_visited":["Exordium"],"potions_floor_usage":[11,16,16],"damage_taken":[{"damage":3.0,"enemies":"Jaw Worm","floor":1.0,"turns":5.0},{"damage":8.0,"enemies":"Small Slimes","floor":2.0,"turns":3.0},{"damage":0.0,"enemies":"Cultist","floor":5.0,"turns":2.0},{"damage":51,"enemies":"Lagavulin","floor":7,"turns":6},{"damage":2,"enemies":"Looter","floor":8,"turns":4},{"damage":32,"enemies":"Gremlin Nob","floor":11,"turns":4},{"damage":35,"enemies":"Lagavulin","floor":13,"turns":7},{"damage":93,"enemies":"Hexaghost","floor":16,"turns":12}],"seed_played":"-275009028146103658","potions_obtained":[{"floor":7,"key":"GamblersBrew"},{"floor":8,"key":"Dexterity Potion"},{"floor":11,"key":"HeartOfIron"}],"is_trial":false,"path_per_floor":["M","M","?","$","M","R","E","M","T","R","E","R","E","?","R","B"],"character_chosen":"IRONCLAD","items_purchased":[],"campfire_rested":2,"item_purchase_floors":[],"current_hp_per_floor":[80,78,58,58,64,64,19,23,23,47,21,45,16,90,90,0,0],"gold":188,"neow_bonus":"REMOVE_TWO","is_daily":false,"chose_seed":false,"campfire_upgraded":2,"win_rate":0.0,"timestamp":1611865425,"path_taken":["M","M","?","$","M","R","E","M","T","R","E","R","E","?","R","BOSS"],"items_purchased_type":[],"build_version":"2020-12-22","purchased_purges":0,"victory":false,"max_hp_per_floor":[80,80,80,80,80,80,80,80,80,80,80,80,80,90,90,90,90],"card_choices":[{"not_picked":["Twin Strike","Headbutt"],"picked":"Cleave","floor":1.0},{"not_picked":["Battle Trance","Combust"],"picked":"Cleave","floor":2.0},{"not_picked":["Combust","Bloodletting"],"picked":"Armaments","floor":5.0},{"not_picked":["True Grit","Flex"],"picked":"Sword Boomerang","floor":7},{"not_picked":["Flex","Sever Soul"],"picked":"Immolate","floor":8},{"not_picked":["Heavy Blade","Twin Strike"],"picked":"Impervious","floor":11},{"not_picked":["Pommel Strike","Headbutt","Blood for Blood"],"picked":"SKIP","floor":13}],"player_experience":366171,"relics_obtained":[{"floor":7,"key":"Dream Catcher"},{"floor":9,"key":"Blue Candle"},{"floor":11,"key":"Pantograph"},{"floor":13,"key":"Pen Nib"}],"event_choices":[{"damage_healed":0.0,"max_hp_gain":0.0,"max_hp_loss":0.0,"gold_gain":0.0,"event_name":"Golden Idol","player_choice":"Take Damage","floor":3.0,"gold_loss":0.0,"damage_taken":20.0,"relics_obtained":["Golden Idol"]},{"cards_removed":["Impervious"],"damage_healed":64,"gold_gain":0,"player_choice":"Offered Rare","damage_taken":0,"max_hp_gain":10,"max_hp_loss":0,"event_name":"Bonfire Elementals","floor":14,"gold_loss":0}],"is_beta":false,"boss_relics":[],"items_purged_floors":[],"is_endless":false,"potions_floor_spawned":[7,8,11],"killed_by":"Hexaghost","ascension_level":5}}