{"host":"j4g6ia6asvpyu2b0","time":1611873531,"event":{"mods":["BaseMod","Colored Map","Minty Spire (QoL Compilation)","Permanent Neow","Quick Restart","Relic Stats","StSLib","Unceasing Turn Reminder"],"gold_per_floor":[367,387,387,397,416,416,448,466,466,476,476,505,505,197,197,197,197],"floor_reached":16,"language":"ENG","playtime":503,"items_purged":["Strike_R"],"score":133,"play_id":"f3e9891a-024d-467e-8729-5738584b3de2","local_time":"20210128153851","is_ascension_mode":true,"campfire_choices":[{"data":"Bash","floor":6.0,"key":"SMITH"},{"data":"Immolate","floor":11.0,"key":"SMITH"},{"data":"Pommel Strike","floor":13.0,"key":"SMITH"},{"data":"Uppercut","floor":15.0,"key":"SMITH"}],"circlet_count":0,"master_deck":["Strike_R","Strike_R","Strike_R","Strike_R","Defend_R","Defend_R","Defend_R","Defend_R","Bash+1","Hemokinesis","Shrug It Off","Anger","Sword Boomerang","Shrug It Off","Rage","Immolate+1","Pommel Strike+1","Uppercut+1"],"relics":["Burning Blood","Blue Candle","Paper Frog","Eternal Feather","Odd Mushroom","Medical Kit"],"acts_visited":["Exordium"],"potions_floor_usage":[],"damage_taken":[{"damage":7.0,"enemies":"2 Louse","floor":1.0,"turns":4.0},{"damage":10.0,"enemies":"Small Slimes","floor":2.0,"turns":4.0},{"damage":6.0,"enemies":"Jaw Worm","floor":4.0,"turns":2.0},{"damage":17.0,"enemies":"3 Louse","floor":5.0,"turns":4.0},{"damage":17.0,"enemies":"3 Sentries","floor":7.0,"turns":7.0},{"damage":9.0,"enemies":"Exordium Wildlife","floor":8.0,"turns":5.0},{"damage":17.0,"enemies":"Gremlin Gang","floor":10.0,"turns":5.0},{"damage":0.0,"enemies":"The Mushroom Lair","floor":12.0,"turns":2.0},{"damage":52,"enemies":"Hexaghost","floor":16,"turns":9}],"seed_played":"-4302908434578325069","potions_obtained":[{"floor":1.0,"key":"BlessingOfTheForge"},{"floor":7.0,"key":"Strength Potion"},{"floor":10.0,"key":"LiquidBronze"},{"floor":12.0,"key":"GamblersBrew"}],"is_trial":false,"path_per_floor":["M","M","?","M","M","R","E","M","T","M","R","?","R","$","R","B"],"character_chosen":"IRONCLAD","items_purchased":["Medical Kit","Uppercut"],"campfire_rested":0,"item_purchase_floors":[14,14],"current_hp_per_floor":[71,67,55,55,44,44,33,30,30,19,28,34,43,43,52,0,0],"gold":197,"neow_bonus":"TWO_FIFTY_GOLD","is_daily":false,"chose_seed":false,"campfire_upgraded":4,"win_rate":0.0,"timestamp":1611873531,"path_taken":["M","M","?","M","M","R","E","M","T","M","R","?","R","$","R","BOSS"],"items_purchased_type":["Relic","Card"],"build_version":"2020-12-22","purchased_purges":1,"victory":false,"max_hp_per_floor":[72,72,72,72,72,72,72,72,72,72,72,72,72,72,72,72,72],"relic_stats":{"counters":[9,42],"Blue Candle":[0],"Eternal Feather":27,"Medical Kit":[2],"obtain_stats":[{"Blue Candle":3,"Eternal Feather":9,"Odd Mushroom":12,"Medical Kit":14,"Burning Blood":0,"Paper Frog":7},{"Blue Candle":2,"Eternal Feather":6,"Odd Mushroom":8,"Medical Kit":8,"Burning Blood":0,"Paper Frog":5},{"Blue Candle":8,"Eternal Feather":26,"Odd Mushroom":33,"Medical Kit":33,"Burning Blood":0,"Paper Frog":21}],"Burning Blood":48},"card_choices":[{"not_picked":["Clash","Infernal Blade"],"picked":"Hemokinesis","floor":1.0},{"not_picked":["Flex","Heavy Blade"],"picked":"Shrug It Off","floor":2.0},{"not_picked":["Pommel Strike","Warcry"],"picked":"Anger","floor":4.0},{"not_picked":["Seeing Red","Evolve"],"picked":"Sword Boomerang","floor":5.0},{"not_picked":["Headbutt","Iron Wave"],"picked":"Shrug It Off","floor":7.0},{"not_picked":["Twin Strike","Headbutt"],"picked":"Rage","floor":8.0},{"not_picked":["Headbutt","Wild Strike"],"picked":"Immolate","floor":10.0},{"not_picked":["Twin Strike","Perfected Strike"],"picked":"Pommel Strike","floor":12.0}],"player_experience":1063294,"relics_obtained":[{"floor":7.0,"key":"Paper Frog"},{"floor":9.0,"key":"Eternal Feather"},{"floor":12.0,"key":"Odd Mushroom"}],"event_choices":[{"damage_healed":0.0,"max_hp_gain":0.0,"max_hp_loss":0.0,"gold_gain":0.0,"event_name":"Scrap Ooze","player_choice":"Success","floor":3.0,"gold_loss":0.0,"damage_taken":12.0,"relics_obtained":["Blue Candle"]},{"damage_healed":0.0,"max_hp_gain":0.0,"max_hp_loss":0.0,"gold_gain":0.0,"event_name":"Mushrooms","player_choice":"Fought Mushrooms","floor":12.0,"gold_loss":0.0,"damage_taken":0.0}],"is_beta":false,"boss_relics":[],"items_purged_floors":[14],"is_endless":false,"potions_floor_spawned":[1,7,10,12],"killed_by":"Hexaghost","ascension_level":6}}