{"host":"aqym1xxr3lb31d9m","time":1611830864,"event":{"mods":["BaseMod","Block Reminder","Colored Map","Colored Powertips","DeckTracker","Highlight Path","Minty Spire (QoL Compilation)","Quick Restart","Random Character Button","StSLib","SuperFastMode","UnlockEverythingMod"],"gold_per_floor":[117,117,92,110,110,110,138,152,152,152,152,152,171,185,185,261,261,271,105,123,123,323,323,323],"floor_reached":23,"language":"JPN","playtime":662,"items_purged":[],"score":428,"play_id":"47c9abab-a8ab-4526-a09a-c00432b7c26a","local_time":"20210128194744","is_ascension_mode":true,"campfire_choices":[{"data":"Doom and Gloom","floor":6,"key":"SMITH"},{"floor":10,"key":"DIG"},{"floor":12,"key":"DIG"},{"floor":15,"key":"DIG"}],"circlet_count":0,"master_deck":["AscendersBane","Strike_B","Strike_B","Strike_B","Strike_B","Defend_B","Defend_B","Defend_B","Defend_B","Zap","Dualcast","Doom and Gloom+1","Coolheaded","FTL","Beam Cell+1","White Noise","Conserve Battery","BootSequence","Echo Form","Turbo"],"relics":["Cracked Core","NeowsBlessing","Shovel","Letter Opener","White Beast Statue","Mummified Hand","Bottled Lightning","Cursed Key","ClockworkSouvenir"],"acts_visited":["Exordium","TheCity"],"potions_floor_usage":[13,16,20,23],"damage_taken":[{"damage":0,"enemies":"Small Slimes","floor":1,"turns":1},{"damage":0,"enemies":"Cultist","floor":4,"turns":1},{"damage":0,"enemies":"Lagavulin","floor":7,"turns":1},{"damage":2,"enemies":"Jaw Worm","floor":8,"turns":3},{"damage":0,"enemies":"Gremlin Gang","floor":13,"turns":2},{"damage":6,"enemies":"Looter","floor":14,"turns":3},{"damage":41,"enemies":"Hexaghost","floor":16,"turns":8},{"damage":23,"enemies":"Spheric Guardian","floor":18,"turns":4},{"damage":19,"enemies":"2 Thieves","floor":20,"turns":5},{"damage":19,"enemies":"Gremlin Leader","floor":23,"turns":3}],"seed_played":"-3105880329888754818","potions_obtained":[{"floor":2,"key":"Strength Potion"},{"floor":2,"key":"Block Potion"},{"floor":7,"key":"FearPotion"},{"floor":13,"key":"EssenceOfDarkness"},{"floor":16,"key":"GamblersBrew"},{"floor":18,"key":"PotionOfCapacity"},{"floor":20,"key":"AttackPotion"}],"is_trial":false,"path_per_floor":["M","?","$","M","$","R","E","M","T","R","?","R","M","M","R","B",null,"M","$","M","?","?","E"],"character_chosen":"DEFECT","items_purchased":["Coolheaded","ClockworkSouvenir"],"campfire_rested":0,"item_purchase_floors":[3,19],"current_hp_per_floor":[64,64,64,64,64,64,64,62,62,62,62,62,62,56,56,15,57,34,34,15,15,15,0,0],"gold":323,"neow_bonus":"THREE_ENEMY_KILL","is_daily":false,"chose_seed":false,"campfire_upgraded":1,"win_rate":0.0,"timestamp":1611830864,"path_taken":["M","?","$","M","$","R","E","?","T","R","?","R","M","M","R","BOSS","M","$","M","?","?","E"],"items_purchased_type":["Card","Relic"],"build_version":"2020-12-22","purchased_purges":0,"victory":false,"max_hp_per_floor":[71,71,71,71,71,71,71,71,71,71,71,71,71,71,71,71,71,71,71,71,71,71,71,71],"card_choices":[{"not_picked":["Sweeping Beam","Stack"],"picked":"Doom and Gloom","floor":1},{"not_picked":["Go for the Eyes","Ball Lightning"],"picked":"FTL","floor":4},{"not_picked":["Thunder Strike","Steam"],"picked":"Beam Cell","floor":7},{"not_picked":["Coolheaded","Beam Cell"],"picked":"White Noise","floor":8},{"not_picked":["Sweeping Beam","Lockon"],"picked":"Conserve Battery","floor":13},{"not_picked":["Sweeping Beam","Thunder Strike"],"picked":"BootSequence","floor":14},{"not_picked":["Rainbow","Machine Learning"],"picked":"Echo Form","floor":16},{"not_picked":["Streamline","Hello World","Darkness"],"picked":"SKIP","floor":18},{"not_picked":["Loop","Storm+1"],"picked":"Turbo","floor":20}],"player_experience":4120412,"relics_obtained":[{"floor":7,"key":"Shovel"},{"floor":9,"key":"Letter Opener"},{"floor":10,"key":"White Beast Statue"},{"floor":12,"key":"Mummified Hand"},{"floor":15,"key":"Bottled Lightning"}],"event_choices":[{"damage_healed":0,"gold_gain":0,"player_choice":"Got Potions","damage_taken":0,"max_hp_gain":0,"max_hp_loss":0,"event_name":"Lab","floor":2,"gold_loss":0},{"damage_healed":0,"gold_gain":0,"player_choice":"Upgraded","damage_taken":0,"max_hp_gain":0,"max_hp_loss":0,"event_name":"Upgrade Shrine","floor":11,"gold_loss":0,"cards_upgraded":["Beam Cell"]},{"damage_healed":0,"gold_gain":0,"player_choice":"Ignored","damage_taken":0,"max_hp_gain":0,"max_hp_loss":0,"event_name":"Vampires","floor":21,"gold_loss":0},{"damage_healed":0,"gold_gain":200,"player_choice":"Gold","damage_taken":0,"max_hp_gain":0,"max_hp_loss":0,"event_name":"Wheel of Change","floor":22,"gold_loss":0}],"is_beta":false,"boss_relics":[{"not_picked":["Busted Crown","SlaversCollar"],"picked":"Cursed Key"}],"items_purged_floors":[],"is_endless":false,"potions_floor_spawned":[4,7,8,13,14,16,18,20],"killed_by":"Gremlin Leader","ascension_level":20}}