{"host":"nv0c20v7c30k7ue5","time":1611803269,"event":{"mods":["2.2 Compatiblity","BaseMod","Best Route Mod","Bestiary","Colored Map","Colored Powertips","Downfall","Highlight Path","Minty Spire (QoL Compilation)","Relic Stats","StSLib","The IronCluck","Unceasing Turn Reminder","everything is the same but u backflip on backflip"],"gold_per_floor":[99,99,99,25,40,58,58,88,88,88,88,106,133,133,145,249,249,61,91,113,140,152,181,220,232,144,214,90,104,122,122,133,238,238,238,257,257,268,280,280,280,46,2,2,18,18,18,18,35,35,35,35],"floor_reached":50,"language":"ENG","playtime":2687,"items_purged":["Slimebound:Strike_Slimebound"],"score":494,"play_id":"3b31daff-d368-4938-81c9-ed6ce7e23adc","local_time":"20210127220749","is_ascension_mode":false,"campfire_choices":[{"floor":1,"key":"RECALL"},{"data":"Slimebound:Repurpose","floor":9,"key":"SMITH"},{"data":"Slimebound:PressTheAttack","floor":11,"key":"SMITH"},{"data":"Slimebound:Darklings","floor":18,"key":"SMITH"},{"floor":26,"key":"REST"},{"data":"Slimebound:Teamwork","floor":35,"key":"SMITH"},{"floor":40,"key":"REST"},{"data":"Slimebound:SlimeSpikes","floor":47,"key":"SMITH"}],"circlet_count":0,"master_deck":["Slimebound:Strike_Slimebound","Slimebound:Strike_Slimebound","Slimebound:Tackle","Slimebound:Defend_Slimebound","Slimebound:Defend_Slimebound","Slimebound:Defend_Slimebound","Slimebound:Defend_Slimebound","Slimebound:Split","Slimebound:CorrosiveSpit","Slimebound:GoopTackle","Slimebound:SlimeSpikes","Slimebound:OozeBath","Slimebound:PressTheAttack+1","Slimebound:SlimeSpikes+1","Slimebound:FlameTackle","Slimebound:Repurpose+1","Slimebound:SplitAcid","Slimebound:SlimeTap","Slimebound:OozeBath","Slimebound:Darklings+1","CurseOfTheBell","Slimebound:ForwardTackle+1","Slimebound:RainOfGoop+1","Slimebound:HauntingLick+1","Slimebound:LivingWall","Slimebound:ServeAndProtect","Slimebound:DivideAndConquer+1","Slimebound:Prepare","Slimebound:RejuvenatingLick+1","Slimebound:MegaLick","Slimebound:Teamwork+1","Slimebound:GoopTackle+1","Slimebound:RollThrough+1","Slimebound:SplitAcid+1","Slimebound:LeadByExample+1","Slimebound:Equalize+1","expansioncontent:Chronoboost"],"relics":["Slimebound:AbsorbEndCombat","downfall:HeartsMalice","hexamod:Sixitude","Meat on the Bone","sneckomod:BlankCard","Calling Bell","MawBank","Molten Egg 2","Gambling Chip","downfall:HeartBlessingRed","downfall:HeartBlessingGreen","downfall:KnowingSkull","downfall:HeartBlessingBlue","Slimebound:TarBlob","Akabeko","Ancient Tea Set","Torii"],"acts_visited":["Exordium","TheCity","TheBeyond"],"potions_floor_usage":[12,16,16,16,20,29,33,33,42,50,50,50],"damage_taken":[{"damage":0,"enemies":"Cultist","floor":2,"turns":1},{"damage":0,"enemies":"Small Slimes","floor":3,"turns":1},{"damage":0,"enemies":"downfall:FleeingMerchant","floor":4,"turns":1},{"damage":8,"enemies":"2 Louse","floor":5,"turns":2},{"damage":23,"enemies":"Large Slime","floor":6,"turns":5},{"damage":5,"enemies":"Lots of Slimes","floor":12,"turns":4},{"damage":23,"enemies":"3 Sentries","floor":13,"turns":7},{"damage":10,"enemies":"2 Fungi Beasts","floor":15,"turns":3},{"damage":25,"enemies":"SI_SHIV_ARCHETYPE","floor":16,"turns":6},{"damage":10,"enemies":"3 Byrds","floor":19,"turns":3},{"damage":3,"enemies":"Snecko","floor":20,"turns":2},{"damage":36,"enemies":"Shelled Parasite and Fungi","floor":21,"turns":5},{"damage":23,"enemies":"3 Cultists","floor":23,"turns":4},{"damage":3,"enemies":"Snecko","floor":27,"turns":3},{"damage":19,"enemies":"downfall:FleeingMerchant","floor":28,"turns":4},{"damage":7,"enemies":"Snake Plant","floor":29,"turns":2},{"damage":12,"enemies":"Centurion and Healer","floor":30,"turns":5},{"damage":9,"enemies":"Snecko","floor":32,"turns":3},{"damage":22,"enemies":"WA_ARCHETYPE_CALM","floor":33,"turns":7},{"damage":9,"enemies":"Orb Walker","floor":36,"turns":2},{"damage":23,"enemies":"3 Shapes","floor":38,"turns":4},{"damage":37,"enemies":"Jaw Worm Horde","floor":39,"turns":3},{"damage":13,"enemies":"downfall:FleeingMerchant","floor":42,"turns":4},{"damage":9,"enemies":"downfall:FleeingMerchant","floor":43,"turns":2},{"damage":4,"enemies":"3 Darklings","floor":45,"turns":5},{"damage":1,"enemies":"Spire Growth","floor":49,"turns":3},{"damage":118,"enemies":"IC_BLOCK_ARCHETYPE","floor":50,"turns":10}],"seed_played":"-1297667681061619380","potions_obtained":[{"floor":5,"key":"AttackPotion"},{"floor":6,"key":"SpeedPotion"},{"floor":12,"key":"SteroidPotion"},{"floor":15,"key":"Block Potion"},{"floor":20,"key":"Fruit Juice"},{"floor":23,"key":"Swift Potion"},{"floor":27,"key":"SpeedPotion"},{"floor":29,"key":"Guardian:BlockOnCardUsePotion"},{"floor":33,"key":"SpeedPotion"},{"floor":38,"key":"Fire Potion"},{"floor":39,"key":"DistilledChaos"}],"is_trial":false,"path_per_floor":["R","M","M","$","M","M","T","?","R","?","R","M","E","?","M","B",null,"R","M","M","M","?","M","T","?","R","M","$","M","M","?","M","B",null,"R","M","?","M","M","R","T","$","?","?","M","$","R","?","M","B"],"character_chosen":"SLIMEBOUND","items_purchased":["Slimebound:PressTheAttack","Slimebound:SlimeSpikes","Slimebound:DivideAndConquer+1","Slimebound:Prepare","Ancient Tea Set","Torii","Slimebound:Equalize+1","Dexterity Potion"],"campfire_rested":2,"item_purchase_floors":[4,4,28,28,42,43,43,43],"current_hp_per_floor":[65,65,65,65,57,38,38,38,38,54,54,51,40,40,32,25,62,62,54,58,36,30,25,25,25,58,59,46,41,47,47,42,40,77,77,70,70,55,36,59,59,54,47,47,63,63,63,63,77,0,0,0],"gold":35,"neow_bonus":"THREE_ENEMY_KILL","is_daily":false,"chose_seed":false,"campfire_upgraded":5,"win_rate":0.0,"timestamp":1611803269,"path_taken":["R","M","M","$","M","M","T","?","R","?","R","M","E","?","M","BOSS","R","M","M","M","?","?","T","?","R","M","$","?","M","?","M","BOSS","R","M","?","M","M","R","T","$","?","?","?","$","R","?","M","BOSS"],"items_purchased_type":["Card","Card","Card","Card","Relic","Relic","Card","Potion"],"build_version":"2020-12-22","purchased_purges":1,"victory":false,"max_hp_per_floor":[65,65,65,65,65,65,65,65,65,65,65,65,65,62,62,62,62,62,62,67,67,67,67,67,67,77,77,77,77,77,77,77,77,77,77,77,77,77,77,77,77,77,77,77,77,77,77,77,77,77,77,77],"relic_stats":{"Torii":1,"counters":[27,98],"Gambling Chip":[32],"MawBank":132,"obtain_stats":[{"downfall:HeartBlessingRed":18,"Torii":43,"sneckomod:BlankCard":13,"hexamod:Sixitude":7,"downfall:HeartsMalice":0,"downfall:HeartBlessingGreen":18,"MawBank":17,"Ancient Tea Set":42,"Akabeko":41,"Slimebound:TarBlob":34,"Calling Bell":17,"downfall:HeartBlessingBlue":26,"Gambling Chip":17,"Molten Egg 2":17,"downfall:KnowingSkull":22,"Slimebound:AbsorbEndCombat":0,"Meat on the Bone":8},{"downfall:HeartBlessingRed":9,"Torii":24,"sneckomod:BlankCard":7,"hexamod:Sixitude":5,"downfall:HeartsMalice":0,"downfall:HeartBlessingGreen":9,"MawBank":9,"Ancient Tea Set":23,"Akabeko":22,"Slimebound:TarBlob":19,"Calling Bell":9,"downfall:HeartBlessingBlue":13,"Gambling Chip":9,"Molten Egg 2":9,"downfall:KnowingSkull":12,"Slimebound:AbsorbEndCombat":0,"Meat on the Bone":5},{"downfall:HeartBlessingRed":27,"Torii":80,"sneckomod:BlankCard":18,"hexamod:Sixitude":7,"downfall:HeartsMalice":0,"downfall:HeartBlessingGreen":27,"MawBank":27,"Ancient Tea Set":78,"Akabeko":74,"Slimebound:TarBlob":65,"Calling Bell":27,"downfall:HeartBlessingBlue":41,"Gambling Chip":27,"Molten Egg 2":27,"downfall:KnowingSkull":37,"Slimebound:AbsorbEndCombat":0,"Meat on the Bone":7}],"Meat on the Bone":84},"card_choices":[{"not_picked":["Slimebound:SlimeSpikes","Slimebound:SamplingLick"],"picked":"Slimebound:GoopTackle","floor":2},{"not_picked":["Slimebound:Replication","Slimebound:FinishingTackle"],"picked":"Slimebound:SlimeSpikes","floor":3},{"not_picked":["Slimebound:DivideAndConquer","Slimebound:ItLooksTasty"],"picked":"Slimebound:OozeBath","floor":4},{"not_picked":["Slimebound:FinishingTackle","Slimebound:SlimeTap"],"picked":"Slimebound:FlameTackle","floor":5},{"not_picked":["Slimebound:SplitBruiser","Slimebound:LivingWall"],"picked":"Slimebound:Repurpose","floor":6},{"not_picked":["Slimebound:FirmFortitude","Slimebound:LeechingTouch"],"picked":"Slimebound:SplitAcid","floor":12},{"not_picked":["Slimebound:BestDefense","Slimebound:SplitBruiser"],"picked":"Slimebound:SlimeTap","floor":13},{"not_picked":["Slimebound:SplitMire","Slimebound:SplitLeeching"],"picked":"Slimebound:OozeBath","floor":15},{"not_picked":["Slimebound:WasteNot","Slimebound:OneTwoCombo"],"picked":"Slimebound:Darklings","floor":16},{"not_picked":["Slimebound:HauntingLick+1","Slimebound:GoopTackle+1"],"picked":"Slimebound:ForwardTackle+1","floor":19},{"not_picked":["Slimebound:Nibble+1","Slimebound:SplitMire"],"picked":"Slimebound:RainOfGoop+1","floor":20},{"not_picked":["Slimebound:ComboTackle+1","Slimebound:ViciousTackle+1"],"picked":"Slimebound:HauntingLick+1","floor":21},{"not_picked":["Slimebound:RollThrough+1","Slimebound:LeechingTouch+1"],"picked":"Slimebound:LivingWall","floor":23},{"not_picked":["Slimebound:LeechEnergy+1","Slimebound:SplitLeeching+1"],"picked":"Slimebound:ServeAndProtect","floor":27},{"not_picked":["Slimebound:ViciousTackle+1","Slimebound:RollThrough+1"],"picked":"Slimebound:MinionMaster","floor":28},{"not_picked":["Slimebound:LeechEnergy+1","Slimebound:ViciousTackle+1"],"picked":"Slimebound:RejuvenatingLick+1","floor":29},{"not_picked":["Slimebound:LeechingTouch+1","Slimebound:Chomp+1"],"picked":"Slimebound:MegaLick","floor":30},{"not_picked":["Slimebound:Prepare","Slimebound:SplitLeeching","Slimebound:PressTheAttack+1"],"picked":"SKIP","floor":32},{"not_picked":["Slimebound:Overexert","Slimebound:DouseInSlime"],"picked":"Slimebound:Teamwork","floor":33},{"not_picked":["Slimebound:SplitAcid+1","Slimebound:ComboTackle+1","Slimebound:Grow"],"picked":"SKIP","floor":36},{"not_picked":["Slimebound:FinishingTackle+1","Slimebound:WasteNot"],"picked":"Slimebound:GoopTackle+1","floor":38},{"not_picked":["Slimebound:ItLooksTasty+1","Slimebound:FinishingTackle+1"],"picked":"Slimebound:RollThrough+1","floor":39},{"not_picked":["Slimebound:FlameTackle+1","Slimebound:Nibble+1"],"picked":"Slimebound:SplitAcid+1","floor":42},{"not_picked":["Slimebound:Recycling","Slimebound:SlimeBarrage+1"],"picked":"Slimebound:LeadByExample+1","floor":43},{"not_picked":["expansioncontent:YouAreMine","expansioncontent:Hexaburn"],"picked":"expansioncontent:Chronoboost","floor":44},{"not_picked":["Slimebound:PressTheAttack+1","Slimebound:SplitSpecialist","Slimebound:SplitAcid"],"picked":"SKIP","floor":45},{"not_picked":["Slimebound:GoopTackle+1","Slimebound:SamplingLick+1","Slimebound:DisruptingSlam+1"],"picked":"SKIP","floor":49}],"player_experience":126122,"relics_obtained":[{"floor":7,"key":"hexamod:Sixitude"},{"floor":13,"key":"sneckomod:BlankCard"},{"floor":17,"key":"MawBank"},{"floor":17,"key":"Molten Egg 2"},{"floor":17,"key":"Gambling Chip"},{"floor":41,"key":"Akabeko"}],"event_choices":[{"damage_healed":16,"gold_gain":0,"player_choice":"Healed and dodged fight","damage_taken":0,"max_hp_gain":0,"max_hp_loss":0,"event_name":"Mushrooms","floor":10,"gold_loss":0,"cards_obtained":["Parasite"]},{"cards_removed":["Parasite"],"damage_healed":0,"gold_gain":0,"player_choice":"Card Removal","damage_taken":0,"max_hp_gain":0,"max_hp_loss":0,"event_name":"The Cleric","floor":14,"gold_loss":0},{"cards_removed":["Slimebound:MinionMaster"],"damage_healed":0,"gold_gain":0,"player_choice":"Removed Power","damage_taken":0,"max_hp_gain":0,"max_hp_loss":0,"event_name":"Falling","floor":37,"gold_loss":0},{"damage_healed":0,"gold_gain":0,"player_choice":"Ignored","damage_taken":0,"max_hp_gain":0,"max_hp_loss":0,"event_name":"Mysterious Sphere","floor":48,"gold_loss":0}],"is_beta":false,"boss_relics":[{"not_picked":["Cursed Key","Astrolabe"],"picked":"Calling Bell"},{"not_picked":["Coffee Dripper","bronze:MakeshiftBattery"],"picked":"Slimebound:TarBlob"}],"items_purged_floors":[42],"is_endless":false,"potions_floor_spawned":[5,6,12,15,20,23,27,29,33,38,39,45,49],"killed_by":"IC_BLOCK_ARCHETYPE","ascension_level":0}}