{"host":"6affnl2vk6en9o4b","time":1611860665,"event":{"mods":["2.2 Compatiblity","AchievementEnabler","Aspiration","BaseMod","BetterRewards","Colored Powertips","Conspire","Downfall","Friendly Minions","Googly Eyes","Highlight Path","Hubris","Minty Spire (QoL Compilation)","Replay The Spire","StSLib","Trackpad","Unceasing Turn Reminder"],"gold_per_floor":[99,112,130,141,156,56,56,72,113,113,145,194,45,60,70,174,174,74,94,94,94,111,138,138,148,48,33,133,148,181,213,228,326,326,326,339,349,349,349,372,399,399,377,377,405,517,532,559,579,579,579,611,56,56,56,56,56,56],"floor_reached":56,"language":"ENG","playtime":4590,"items_purged":["conspire:NecroticWound","Parasite"],"score":1004,"play_id":"915b58d5-6327-478d-9284-d11d8f1b719d","local_time":"20210128190425","is_ascension_mode":false,"campfire_choices":[{"floor":1,"key":"RECALL"},{"data":"champ:Taunt","floor":6,"key":"SMITH"},{"data":"champ:Shatter","floor":18,"key":"SMITH"},{"data":"champ:ShieldWall","floor":26,"key":"SMITH"},{"data":"champ:Execute","floor":35,"key":"SMITH"},{"data":"champ:ArenaPreparation","floor":44,"key":"SMITH"},{"data":"champ:DancingMaster","floor":54,"key":"SMITH"}],"circlet_count":0,"master_deck":["champ:Strike","champ:Strike","champ:Strike","champ:Strike","champ:Defend","champ:Defend","champ:Defend","champ:Defend","champ:Execute+1","champ:Taunt+1","champ:GutPunch","champ:BringItOn","champ:SkillfulDodge","champ:Haymaker","champ:Shatter+1","Pot Of Greed","Pot Of Greed","champ:TornadoPunch+1","champ:IronFortress","champ:FancyFootwork","champ:FancyFootwork","champ:DefensiveShout","champ:FlashCut+1","Pot Of Greed","champ:TripleStrike+1","champ:BerserkersShout","champ:EnGarde","champ:Devastate+1","champ:ShieldWall+1","champ:CheapShot+1","champ:Encircle+1","hubris:Wrath","J.A.X.","champ:AdrenalArmor","champ:Duel+1","champ:PreciseThrust+1","Pot Of Greed","champ:RecklessLeap+1","champ:ArenaPreparation+1","champ:VampiricStrike+1","champ:Lariat+1","champ:StanceDance","champ:Improvising","champ:FanOfKnives+1","champ:CrookedStrike+1","Life Link","Heavy Blade+1","ReplayTheSpireMod:LeadingStrike+1","Pot Of Greed","champ:DancingMaster+1","champ:ShieldSlam","champ:HeartStrike+1","Entrench","champ:Haymaker+1","champ:CrownThrow+1","ReplayTheSpireMod:LeadingStrike+1","Pommel Strike+1"],"relics":["champ:ChampionCrown","downfall:HeartBlessingRed","ReplayTheSpireMod:TigerMarble","Molten Egg 2","Grinning Jar","trackpad:PetRock","ReplayTheSpireMod:CursedCoin","PreservedInsect","Sozu","downfall:HeartBlessingGreen","champ:FightingForDummies","champ:DefensiveTrainingManual","Replay:Bottled Steam","downfall:HeartBlessingBlue","MutagenicStrength","Red Mask","Bronze Scales","Black Star","hubris:Icosahedron","FossilizedHelix","aspiration:ChemicalBlood","hubris:DisguiseKit","Incense Burner","Ancient Tea Set","trackpad:IceCube","InkBottle","Bag of Preparation","hubris:GlazedTorus","hubris:SphereOfDissonance","trackpad:ByrdCharm","Turnip","Orrery"],"acts_visited":["Exordium","TheCity","TheBeyond","TheEnding"],"potions_floor_usage":[11,11,14,16,40],"damage_taken":[{"damage":10,"enemies":"Small Slimes","floor":2,"turns":3},{"damage":14,"enemies":"conspire:RoseBush","floor":3,"turns":5},{"damage":0,"enemies":"2 Louse","floor":4,"turns":3},{"damage":30,"enemies":"Large Slime","floor":5,"turns":7},{"damage":10,"enemies":"2 Fungi Beasts","floor":8,"turns":4},{"damage":36,"enemies":"conspire:MimicChest","floor":9,"turns":10},{"damage":37,"enemies":"3 Sentries","floor":11,"turns":5},{"damage":0,"enemies":"downfall:FleeingMerchant","floor":13,"turns":4},{"damage":13,"enemies":"Blue Slaver","floor":14,"turns":2},{"damage":8,"enemies":"Red Slaver","floor":15,"turns":2},{"damage":49,"enemies":"WA_ARCHETYPE_RETAIN","floor":16,"turns":7},{"damage":0,"enemies":"Chosen","floor":19,"turns":3},{"damage":25,"enemies":"Spheric Guardian","floor":22,"turns":3},{"damage":43,"enemies":"Gremlin Leader","floor":23,"turns":3},{"damage":10,"enemies":"Shelled Parasite and Fungi","floor":25,"turns":4},{"damage":28,"enemies":"downfall:FleeingMerchant","floor":27,"turns":4},{"damage":24,"enemies":"downfall:Augmenter","floor":28,"turns":5},{"damage":45,"enemies":"Snake Plant","floor":29,"turns":3},{"damage":18,"enemies":"Masked Bandits","floor":30,"turns":3},{"damage":0,"enemies":"Replay:Snechameleon","floor":31,"turns":4},{"damage":20,"enemies":"Chosen and Byrds","floor":32,"turns":3},{"damage":89,"enemies":"DF_ARCHETYPE_CLAW","floor":33,"turns":7},{"damage":11,"enemies":"3 Shapes","floor":36,"turns":3},{"damage":0,"enemies":"Orb Walker","floor":37,"turns":2},{"damage":15,"enemies":"downfall:FleeingMerchant","floor":40,"turns":4},{"damage":57,"enemies":"Giant Head","floor":43,"turns":6},{"damage":63,"enemies":"Nemesis","floor":45,"turns":5},{"damage":49,"enemies":"Writhing Mass","floor":46,"turns":4},{"damage":34,"enemies":"4 Shapes","floor":47,"turns":5},{"damage":28,"enemies":"Reptomancer","floor":48,"turns":7},{"damage":33,"enemies":"Sphere and 2 Shapes","floor":49,"turns":4},{"damage":72,"enemies":"SI_POISON_ARCHETYPE","floor":50,"turns":6},{"damage":24,"enemies":"downfall:CharBossMerchant","floor":52,"turns":7},{"damage":111,"enemies":"downfall:NeowBoss","floor":55,"turns":12},{"damage":63,"enemies":"downfall:NeowBossFinal","floor":56,"turns":5}],"seed_played":"-8211912531920627710","potions_obtained":[{"floor":3,"key":"Toxic Potion"},{"floor":5,"key":"champ:OpenerPotion"},{"floor":8,"key":"Fire Potion"},{"floor":15,"key":"ColorlessPotion"},{"floor":16,"key":"BlessingOfTheForge"}],"is_trial":false,"path_per_floor":["R","M","M","M","M","R","T","M","?","?","E","T","$","M","M","B",null,"R","M","?","?","M","E","T","M","R","$","?","M","?","E","M","B",null,"R","M","M","?","?","$","T","T","E","R","E","M","M","E","M","B",null,"E","$","R","B","B"],"character_chosen":"THE_CHAMP","items_purchased":["ReplayTheSpireMod:CursedCoin","PreservedInsect","champ:FancyFootwork","FossilizedHelix","champ:Improvising","champ:FanOfKnives+1","Turnip","Orrery"],"campfire_rested":0,"item_purchase_floors":[13,13,13,40,40,40,53,53],"current_hp_per_floor":[99,99,95,95,85,85,85,85,64,64,52,52,52,50,43,4,101,101,101,101,101,101,98,98,88,98,85,76,66,63,63,58,34,111,111,105,105,105,105,105,105,105,103,103,85,91,92,74,71,39,111,87,87,87,46,0,0,0],"gold":56,"neow_bonus":"TEN_PERCENT_HP_BONUS","is_daily":false,"chose_seed":false,"campfire_upgraded":6,"win_rate":0.0,"timestamp":1611860665,"path_taken":["R","M","M","M","M","R","T","M","?","?","E","?","$","M","M","BOSS","R","M","?","?","M","E","T","M","R","$","?","M","?","E","M","BOSS","R","M","M","?","?","$","T","?","E","R","E","M","M","E","M","BOSS","E","$","R","BOSS","BOSS"],"items_purchased_type":["Relic","Relic","Card","Relic","Card","Card","Relic","Relic"],"build_version":"2020-12-22","purchased_purges":2,"victory":false,"max_hp_per_floor":[99,99,99,99,99,99,99,99,99,99,99,99,99,100,101,101,101,101,101,101,101,101,101,101,101,111,111,111,111,111,111,111,111,111,111,111,111,111,111,111,111,111,111,111,111,111,111,111,111,111,111,111,108,108,108,108,108,108],"card_choices":[{"not_picked":["champ:FanOfKnives","champ:BladeFlurry"],"picked":"champ:EndlessRage","floor":2},{"not_picked":["champ:IronFortress","champ:BringItOn"],"picked":"champ:GutPunch","floor":3},{"not_picked":["champ:FocusedDefense","champ:RapidStrikes"],"picked":"champ:BringItOn","floor":4},{"not_picked":["champ:RisingSlash","champ:GladiatorStyle"],"picked":"champ:SkillfulDodge","floor":5},{"not_picked":["champ:DefensiveShout","champ:BringItOn"],"picked":"champ:Haymaker","floor":8},{"not_picked":["champ:CheapShot","champ:Haymaker"],"picked":"champ:Shatter","floor":9},{"not_picked":["champ:FlashCut+1","champ:BringItOn"],"picked":"champ:TornadoPunch+1","floor":11},{"not_picked":["champ:FancyFootwork","champ:AdrenalArmor"],"picked":"champ:IronFortress","floor":13},{"not_picked":["champ:CrownThrow+1","champ:HeartStrike+1"],"picked":"champ:DefensiveShout","floor":14},{"not_picked":["champ:Circumvent","champ:RapidStrikes+1"],"picked":"champ:FlashCut+1","floor":15},{"not_picked":["champ:Devastate+1","champ:GladiatorForm"],"picked":"champ:TripleStrike+1","floor":16},{"not_picked":["champ:Parry","champ:CalledShot"],"picked":"champ:BerserkersShout","floor":19},{"not_picked":["champ:Circumvent+1","champ:TornadoPunch+1"],"picked":"champ:EnGarde","floor":22},{"not_picked":["champ:FocusedBerserking","champ:BerserkersShout"],"picked":"champ:Devastate+1","floor":23},{"not_picked":["champ:EnGarde","champ:EnragedBash+1"],"picked":"champ:ShieldWall","floor":25},{"not_picked":["champ:FaceSlap+1","champ:FanOfKnives+1"],"picked":"champ:CheapShot+1","floor":27},{"not_picked":[],"picked":"J.A.X.","floor":28},{"not_picked":["champ:RapidStrikes+1","champ:CalledShot"],"picked":"champ:AdrenalArmor","floor":28},{"not_picked":["champ:PreemptiveStrike+1","champ:Shatter+1"],"picked":"champ:Duel+1","floor":29},{"not_picked":["champ:Haymaker+1","champ:RapidStrikes+1"],"picked":"champ:PreciseThrust+1","floor":30},{"not_picked":["champ:AdrenalArmor+1","champ:Shatter+1"],"picked":"champ:RecklessLeap+1","floor":31},{"not_picked":["champ:BladeFlurry+1","champ:FocusedDefense"],"picked":"champ:ArenaPreparation","floor":32},{"not_picked":["champ:HeavySlash+1","champ:TripleStrike+1"],"picked":"champ:VampiricStrike+1","floor":33},{"not_picked":["champ:PerfectedStrike+1","champ:GladiatorStyle","champ:Shatter+1"],"picked":"SKIP","floor":36},{"not_picked":["champ:DeathBlow+1","champ:Backstep+1"],"picked":"champ:Lariat+1","floor":37},{"not_picked":["champ:RecklessLeap+1","champ:FancyFootwork+1"],"picked":"champ:StanceDance","floor":40},{"not_picked":["champ:RapidStrikes+1","champ:PreemptiveStrike+1","Hemogenesis"],"picked":"champ:CrookedStrike+1","floor":43},{"not_picked":["champ:RecklessLeap+1","champ:FocusedDefense","champ:DefensiveShout+1"],"picked":"Life Link","floor":45},{"not_picked":["champ:Shatter+1","champ:PreciseThrust+1","champ:StanceDance+1"],"picked":"Heavy Blade","floor":46},{"not_picked":["champ:FanOfKnives+1","champ:RecklessLeap+1","champ:BringItOn"],"picked":"ReplayTheSpireMod:LeadingStrike","floor":47},{"not_picked":["champ:GutPunch+1","champ:SkillfulDodge","Warcry"],"picked":"champ:DancingMaster","floor":48},{"not_picked":["champ:SkillfulDodge+1","champ:BringItOn","Reckless Charge"],"picked":"champ:ShieldSlam","floor":49},{"not_picked":["champ:PreciseThrust+1","champ:Encircle+1","Shockwave"],"picked":"champ:HeartStrike+1","floor":52},{"not_picked":["champ:BladeFlurry+1","champ:GutPunch+1","champ:BringItOn+1"],"picked":"Entrench","floor":53},{"not_picked":["champ:HeavySlash+1","champ:PerfectedStrike+1","Sword Boomerang"],"picked":"champ:Haymaker+1","floor":53},{"not_picked":["champ:AdrenalArmor+1","champ:IgnorePain","Havoc"],"picked":"champ:CrownThrow+1","floor":53},{"not_picked":["champ:HeartStrike+1","champ:BerserkersShout+1","champ:BringItOn"],"picked":"ReplayTheSpireMod:LeadingStrike","floor":53},{"not_picked":["champ:Shatter+1","champ:Circumvent+1","champ:GutPunch+1"],"picked":"Pommel Strike","floor":53}],"player_experience":200253,"relics_obtained":[{"floor":9,"key":"ReplayTheSpireMod:TigerMarble"},{"floor":11,"key":"Grinning Jar"},{"floor":12,"key":"trackpad:PetRock"},{"floor":23,"key":"champ:DefensiveTrainingManual"},{"floor":24,"key":"Replay:Bottled Steam"},{"floor":28,"key":"MutagenicStrength"},{"floor":30,"key":"Red Mask"},{"floor":31,"key":"Bronze Scales"},{"floor":41,"key":"aspiration:ChemicalBlood"},{"floor":42,"key":"hubris:DisguiseKit"},{"floor":43,"key":"Incense Burner"},{"floor":43,"key":"Ancient Tea Set"},{"floor":45,"key":"trackpad:IceCube"},{"floor":45,"key":"InkBottle"},{"floor":48,"key":"Bag of Preparation"},{"floor":48,"key":"hubris:GlazedTorus"},{"floor":52,"key":"hubris:SphereOfDissonance"},{"floor":52,"key":"trackpad:ByrdCharm"}],"event_choices":[{"damage_healed":0,"gold_gain":0,"player_choice":"Ignored","damage_taken":0,"max_hp_gain":0,"max_hp_loss":0,"event_name":"Ghosts","floor":20,"gold_loss":0},{"damage_healed":0,"gold_gain":0,"player_choice":"Fought Bandits","damage_taken":0,"max_hp_gain":0,"max_hp_loss":0,"event_name":"Masked Bandits","floor":30,"gold_loss":0},{"damage_healed":0,"gold_gain":0,"player_choice":"Leave","damage_taken":0,"max_hp_gain":0,"max_hp_loss":0,"event_name":"conspire:Investor","floor":38,"gold_loss":0}],"is_beta":false,"boss_relics":[{"not_picked":["Empty Cage","Replay:Bronze Core"],"picked":"Sozu"},{"not_picked":["Runic Pyramid","Honey Jar"],"picked":"Black Star"}],"items_purged_floors":[13,53],"is_endless":false,"potions_floor_spawned":[3,5,8,15,16,19,22,23,28,36,37,46,47],"killed_by":"downfall:NeowBossFinal","ascension_level":0}}