{"host":"56d873i5r3uhle0q","time":1611813653,"event":{"mods":["100% Spire Juice","Act Like it!","Aspiration","BaseMod","Block Reminder","Conspire","Dota2Spire","Downfall","Gensokyo","Hermit","Hubris","Infinite Spire","Jedi Mod","Lobotomy","LobotomyExtend","Marisa????????","Marked Mod","Minty Spire (QoL Compilation)","Reliquary","Replay The Spire","StSLib","The Animator","The Bug Knight","The Cursed","The Marked","The Servant 0.9.4","everything is the same but u backflip on backflip","??????REMEMod"],"gold_per_floor":[110,129,142,11,25,25,25,36,86,86,100,25,25,25,25,123,123,135,56,156,156,171,171,204,204,204,219,233,233,233,250,250,349,349,360,360,360,375,387,415,431,431,431,447,447,463,463,474,474,474,474,474,84,111,111,111],"floor_reached":55,"language":"ENG","playtime":2305,"items_purged":[],"score":836,"play_id":"a43fdb01-c2c7-400f-a6cd-a073603b61da","local_time":"20210127230053","is_ascension_mode":false,"campfire_choices":[{"data":"Tools of the Trade","floor":6.0,"key":"SMITH"},{"data":"ReplayTheSpireMod:Shiv Toss","floor":10.0,"key":"SMITH"},{"data":"ReplayTheSpireMod:Shiv Toss","floor":13.0,"key":"SMITH"},{"floor":15.0,"key":"REST"},{"data":"Calculated Gamble","floor":23.0,"key":"SMITH"},{"data":"Storm of Steel","floor":25.0,"key":"SMITH"},{"data":"Prepared","floor":32.0,"key":"SMITH"},{"floor":42,"key":"RECALL"},{"floor":45,"key":"REST"},{"floor":49,"key":"REST"},{"floor":52,"key":"REST"}],"circlet_count":0,"master_deck":["Strike_G","Strike_G","Strike_G","Strike_G","Defend_G","Defend_G","Defend_G","Defend_G","Defend_G","Survivor","Neutralize","champ:HoldFirm+1","Tools of the Trade+1","REME_GreenPollution","ReplayTheSpireMod:Scrap Shanks+1","ReplayTheSpireMod:Shiv Toss+1","ReplayTheSpireMod:Shiv Toss+1","Infinite Blades","Storm of Steel+1","REME_GreenPollution","Calculated Gamble+1","Prepared+1","Backflip","Prepared+1","Choke","Footwork"],"relics":["Ring of the Serpent","REME_ComplimentaryCards","LetterFromLob","hubris:TenFootPole","Moonlight_r","Dota2Spire:RefresherOrb","Gambling Chip","Dota2Spire:Satanic","WristBlade","Dota2Spire:ShadowBlade","Replay:Rubber Ducky","Replay:Grab Bag","Busted Crown","Fusion Hammer","conspire:InfiniteJournal","Quantum Egg","Dota2Spire:Mjollnir","jedi:scrapmetal","Replay:Ringing Soul"],"acts_visited":["Gensokyo:Gensokyo","Gensokyo:Gensokyoer","Gensokyo:Gensokyoest","TheEnding"],"potions_floor_usage":[40,55,55],"damage_taken":[{"damage":0.0,"enemies":"Gensokyo:2_Kodama","floor":1.0,"turns":4.0},{"damage":0.0,"enemies":"Gensokyo:Python","floor":2.0,"turns":3.0},{"damage":0.0,"enemies":"Gensokyo:3_Fairies","floor":3.0,"turns":4.0},{"damage":7.0,"enemies":"Gensokyo:2_Rabbits","floor":5.0,"turns":5.0},{"damage":1.0,"enemies":"Gensokyo:LivingMonolith","floor":8.0,"turns":4.0},{"damage":8.0,"enemies":"Gensokyo:Python_and_Kodama","floor":11.0,"turns":6.0},{"damage":0.0,"enemies":"Gensokyo:Reimu","floor":16.0,"turns":5.0},{"damage":11.0,"enemies":"Gensokyo:3_Dogs","floor":18.0,"turns":4.0},{"damage":0.0,"enemies":"Gensokyo:3_Dogs","floor":20.0,"turns":6.0},{"damage":0.0,"enemies":"Gensokyo:AngelMirror","floor":22.0,"turns":4.0},{"damage":0.0,"enemies":"Gensokyo:Reisen","floor":24.0,"turns":3.0},{"damage":0.0,"enemies":"Gensokyo:Chomper_and_Gloop","floor":27.0,"turns":3.0},{"damage":0.0,"enemies":"Gensokyo:Monolith_and_Dog","floor":28.0,"turns":3.0},{"damage":0.0,"enemies":"Gensokyo:Slime_Group","floor":31.0,"turns":1.0},{"damage":6.0,"enemies":"Gensokyo:Kaguya","floor":33.0,"turns":5.0},{"damage":0,"enemies":"Gensokyo:3_Boulders","floor":35,"turns":3},{"damage":0,"enemies":"Gensokyo:AncientGuardian","floor":38,"turns":3},{"damage":0,"enemies":"Gensokyo:3_Boulders","floor":39,"turns":3},{"damage":0,"enemies":"Gensokyo:Doremy","floor":40,"turns":4},{"damage":0,"enemies":"Gensokyo:SeedOfUnknown","floor":41,"turns":3},{"damage":4,"enemies":"Gensokyo:Dusk_and_Dawn","floor":44,"turns":2},{"damage":6,"enemies":"Gensokyo:Sharpion","floor":46,"turns":3},{"damage":0,"enemies":"Gensokyo:AtlasGolem","floor":48,"turns":3},{"damage":0,"enemies":"Gensokyo:Yuyuko","floor":50,"turns":3},{"damage":0,"enemies":"Shield and Spear","floor":54,"turns":3},{"damage":74,"enemies":"The Heart","floor":55,"turns":3}],"seed_played":"-7706887412634149898","potions_obtained":[{"floor":1.0,"key":"Strength Potion"},{"floor":11.0,"key":"Dota2Spire:HealingSalve"},{"floor":20.0,"key":"SkillPotion"},{"floor":40,"key":"REME_GoldPotion"},{"floor":41,"key":"Poison Potion"}],"is_trial":false,"path_per_floor":["M","M","M","$","M","R","?","M","T","R","M","$","R","M","R","B",null,"M","$","?","?","M","R","E","R","T","M","M","?","T","M","R","B",null,"M","?","?","M","M","E","M","R","T","M","R","M","?","M","R","B",null,"R","$","E","B"],"character_chosen":"THE_SILENT","items_purchased":["ReplayTheSpireMod:Scrap Shanks","ReplayTheSpireMod:Shiv Toss","Infinite Blades","REME_GreenPollution","jedi:scrapmetal","Choke","Footwork"],"campfire_rested":4,"item_purchase_floors":[4,4,12,19,53,53,53],"current_hp_per_floor":[70,70,70,70,63,63,63,62,62,62,54,54,54,34,55,55,70,59,59,59,53,53,53,53,53,53,53,53,53,53,53,53,47,53,53,53,53,53,53,53,53,53,53,49,53,47,37,37,52,52,53,53,53,53,0,0],"gold":111,"neow_bonus":"ONE_RANDOM_RARE_CARD","is_daily":false,"chose_seed":false,"campfire_upgraded":6,"win_rate":0.0,"timestamp":1611813653,"path_taken":["M","M","?","$","?","R","?","M","T","R","M","$","R","M","R","BOSS","M","$","?","?","M","R","E","R","T","?","M","?","?","M","R","BOSS","M","?","?","M","?","E","M","R","T","M","R","M","?","M","R","BOSS","R","$","E","BOSS"],"items_purchased_type":["Card","Card","Card","Card","Relic","Card","Card"],"build_version":"2020-12-22","purchased_purges":0,"victory":false,"max_hp_per_floor":[70,70,70,70,70,70,70,70,70,70,70,70,70,70,70,70,70,70,70,70,53,53,53,53,53,53,53,53,53,53,53,53,53,53,53,53,53,53,53,53,53,53,53,53,53,53,53,53,53,53,53,53,53,53,53,53],"card_choices":[{"not_picked":["Backflip","Deadly Poison"],"picked":"REME_GreenPollution","floor":1.0},{"not_picked":["Skewer","Bane","Dodge and Roll"],"picked":"SKIP","floor":2.0},{"not_picked":["hubris:SlightOfHand","hubris:Sniper","PiercingWail"],"picked":"SKIP","floor":3.0},{"not_picked":["hubris:SlightOfHand","hubris:Sniper","PiercingWail"],"picked":"SKIP","floor":3.0},{"not_picked":["Outmaneuver","Acrobatics","jedi:acidrain"],"picked":"SKIP","floor":5.0},{"not_picked":["Expertise","Quick Slash","Poisoned Stab"],"picked":"SKIP","floor":8.0},{"not_picked":["Replay:Poison Smokescreen","hubris:Counter","hubris:SlightOfHand"],"picked":"SKIP","floor":11.0},{"not_picked":["ReplayTheSpireMod:Necrosis","A Thousand Cuts"],"picked":"Storm of Steel","floor":16.0},{"not_picked":["Terror","ReplayTheSpireMod:Tripwire+1","REME_ShadowStrike+1"],"picked":"SKIP","floor":18.0},{"not_picked":["ReplayTheSpireMod:Exploit Weakness+1","Deflect"],"picked":"Calculated Gamble","floor":22.0},{"not_picked":["Caltrops","Slice+1","Blade Dance"],"picked":"SKIP","floor":24.0},{"not_picked":["Reflex","Outmaneuver"],"picked":"Prepared","floor":27.0},{"not_picked":["Dagger Spray","Cloak And Dagger","Replay:Poison Smokescreen"],"picked":"SKIP","floor":28.0},{"not_picked":["Dagger Spray","Cloak And Dagger","Replay:Poison Smokescreen"],"picked":"SKIP","floor":28.0},{"not_picked":["Replay:Bag of Tricks","Dagger Throw+1","Flying Knee"],"picked":"SKIP","floor":31.0},{"not_picked":[],"picked":"Backflip","floor":35},{"not_picked":["Cloak And Dagger+1"],"picked":"SKIP","floor":38},{"not_picked":["Quick Slash"],"picked":"SKIP","floor":39},{"not_picked":["Dash"],"picked":"SKIP","floor":40},{"not_picked":["jedi:unstablefumes+1"],"picked":"SKIP","floor":41},{"not_picked":[],"picked":"Prepared+1","floor":44},{"not_picked":["jedi:studypoison"],"picked":"SKIP","floor":46},{"not_picked":["Endless Agony"],"picked":"SKIP","floor":48},{"not_picked":["Dodge and Roll"],"picked":"SKIP","floor":54}],"player_experience":678075,"relics_obtained":[{"floor":1.0,"key":"LetterFromLob"},{"floor":9.0,"key":"hubris:TenFootPole"},{"floor":20.0,"key":"Gambling Chip"},{"floor":20.0,"key":"Dota2Spire:Satanic"},{"floor":24.0,"key":"Dota2Spire:ShadowBlade"},{"floor":26.0,"key":"Replay:Rubber Ducky"},{"floor":40,"key":"conspire:InfiniteJournal"},{"floor":43,"key":"Quantum Egg"},{"floor":54,"key":"Replay:Ringing Soul"}],"event_choices":[],"is_beta":false,"boss_relics":[{"not_picked":["aspiration:IroncladSkillbook","Coffee Dripper"],"picked":"Dota2Spire:RefresherOrb"},{"not_picked":["reliquary:Ember","ReplayTheSpireMod:SealedPack"],"picked":"Replay:Grab Bag"},{"not_picked":["conspire:RoyalGoblet","hubris:CrackedHourglass"],"picked":"Busted Crown"},{"not_picked":["hubris:GrandSneckoEye","jedi:hotpepper"],"picked":"Fusion Hammer"},{"not_picked":["SacredBark","REME_DuelDisc"],"picked":"Ring of the Serpent"}],"items_purged_floors":[],"is_endless":false,"potions_floor_spawned":[1,11,20,27,28,38,40,41,44,46],"killed_by":"The Heart","ascension_level":0}}