{"host":"8fnghcq8tvbg6z9e","time":1611842783,"event":{"mods":["BaseMod","Downfall","Minty Spire (QoL Compilation)","Quick Restart","StSLib"],"gold_per_floor":[115,135,57,7,7,7,34,34,34,99,99,174,197,220,220,343,343,359,382,398,176,196,196,196],"floor_reached":23,"language":"ZHS","playtime":651,"items_purged":["Injury"],"score":216,"play_id":"3f436ae5-6955-41b9-88a5-c438569b4c7a","local_time":"20210128220623","is_ascension_mode":false,"campfire_choices":[{"floor":6.0,"key":"RECALL"},{"data":"Battle Trance","floor":8.0,"key":"SMITH"},{"floor":15.0,"key":"REST"}],"circlet_count":0,"master_deck":["Strike_R","Strike_R","Strike_R","Strike_R","Defend_R","Defend_R+1","Defend_R","Defend_R","Bash","Wild Strike+1","Battle Trance+1","Offering","Pommel Strike+1"],"relics":["Burning Blood","NeowsBlessing","Bronze Scales","Gremlin Horn","Paper Frog","Golden Idol","bronze:MakeshiftBattery","Lee\u0027s Waffle"],"acts_visited":["Exordium","TheCity"],"potions_floor_usage":[],"damage_taken":[{"damage":0.0,"enemies":"Jaw Worm","floor":1.0,"turns":1.0},{"damage":0.0,"enemies":"Small Slimes","floor":2.0,"turns":1.0},{"damage":0.0,"enemies":"Gremlin Nob","floor":7.0,"turns":1.0},{"damage":17.0,"enemies":"Lagavulin Event","floor":10.0,"turns":4.0},{"damage":0.0,"enemies":"2 Louse","floor":13.0,"turns":2.0},{"damage":7.0,"enemies":"Blue Slaver","floor":14.0,"turns":3.0},{"damage":65.0,"enemies":"Hexaghost","floor":16.0,"turns":9.0},{"damage":11.0,"enemies":"2 Thieves","floor":18.0,"turns":4.0},{"damage":27.0,"enemies":"Shell Parasite","floor":19.0,"turns":5.0},{"damage":26.0,"enemies":"Shelled Parasite and Fungi","floor":20.0,"turns":5.0},{"damage":19,"enemies":"Centurion and Healer","floor":22,"turns":4},{"damage":29,"enemies":"Gremlin Leader","floor":23,"turns":5}],"seed_played":"5374429562971985000","potions_obtained":[{"floor":1.0,"key":"SteroidPotion"},{"floor":2.0,"key":"Fire Potion"},{"floor":10.0,"key":"Fire Potion"},{"floor":14.0,"key":"champ:CounterPotion"},{"floor":16.0,"key":"LiquidBronze"},{"floor":18.0,"key":"Regen Potion"},{"floor":19.0,"key":"PowerPotion"}],"is_trial":false,"path_per_floor":["M","M","$","?","?","R","E","R","T","?","?","?","M","M","R","B",null,"M","M","M","$","M","E"],"character_chosen":"IRONCLAD","items_purchased":["Battle Trance","Lee\u0027s Waffle"],"campfire_rested":1,"item_purchase_floors":[3,21],"current_hp_per_floor":[80,80,80,80,64,64,70,70,70,59,59,48,54,53,77,18,80,75,54,48,87,74,45,45],"gold":196,"neow_bonus":"THREE_ENEMY_KILL","is_daily":false,"chose_seed":false,"campfire_upgraded":1,"win_rate":0.0,"timestamp":1611842783,"path_taken":["M","M","$","?","?","R","E","R","T","?","?","?","M","?","R","BOSS","M","M","M","$","M","E"],"items_purchased_type":["Card","Relic"],"build_version":"2020-12-22","purchased_purges":1,"victory":false,"max_hp_per_floor":[80,80,80,80,80,80,80,80,80,80,80,80,80,80,80,80,80,80,80,80,87,87,87,87],"card_choices":[{"not_picked":["Searing Blow","Perfected Strike","Warcry"],"picked":"SKIP","floor":1.0},{"not_picked":["Thunderclap","Iron Wave"],"picked":"Wild Strike","floor":2.0},{"not_picked":["Body Slam","Pommel Strike","Havoc"],"picked":"SKIP","floor":7.0},{"not_picked":["Cleave","Carnage","Shrug It Off"],"picked":"SKIP","floor":13.0},{"not_picked":["Bludgeon","Havoc","Entrench"],"picked":"SKIP","floor":14.0},{"not_picked":["Brutality","Demon Form"],"picked":"Offering","floor":16.0},{"not_picked":["True Grit","Warcry","Shrug It Off"],"picked":"SKIP","floor":18.0},{"not_picked":["Perfected Strike+1","Body Slam","Sword Boomerang"],"picked":"SKIP","floor":19.0},{"not_picked":["Feed","Havoc"],"picked":"Pommel Strike+1","floor":20.0},{"not_picked":["Pommel Strike+1","Flex","Sentinel"],"picked":"SKIP","floor":22}],"player_experience":193060,"relics_obtained":[{"floor":7.0,"key":"Bronze Scales"},{"floor":9.0,"key":"Gremlin Horn"}],"event_choices":[{"cards_removed":["Strike_R"],"damage_healed":0.0,"max_hp_gain":0.0,"max_hp_loss":0.0,"gold_gain":0.0,"event_name":"The Cleric","player_choice":"Card Removal","floor":4.0,"gold_loss":50.0,"damage_taken":0.0},{"damage_healed":0.0,"max_hp_gain":0.0,"max_hp_loss":0.0,"gold_gain":0.0,"event_name":"Shining Light","player_choice":"Entered Light","floor":5.0,"gold_loss":0.0,"damage_taken":16.0,"cards_upgraded":["Wild Strike","Defend_R"]},{"damage_healed":0.0,"max_hp_gain":0.0,"max_hp_loss":0.0,"gold_gain":0.0,"event_name":"Dead Adventurer","player_choice":"Searched \u00272\u0027 times","floor":10.0,"gold_loss":0.0,"damage_taken":0.0,"relics_obtained":["Paper Frog"]},{"damage_healed":0.0,"max_hp_gain":0.0,"max_hp_loss":0.0,"gold_gain":0.0,"event_name":"Golden Idol","player_choice":"Take Wound","floor":11.0,"gold_loss":0.0,"damage_taken":0.0,"relics_obtained":["Golden Idol"],"cards_obtained":["Injury"]},{"damage_healed":0.0,"max_hp_gain":0.0,"max_hp_loss":0.0,"gold_gain":75.0,"event_name":"World of Goop","player_choice":"Gather Gold","floor":12.0,"gold_loss":0.0,"damage_taken":11.0}],"is_beta":false,"boss_relics":[{"not_picked":["Snecko Eye","Runic Pyramid"],"picked":"bronze:MakeshiftBattery"}],"items_purged_floors":[21],"is_endless":false,"potions_floor_spawned":[1,2,10,14,16,18,19],"killed_by":"Gremlin Leader","ascension_level":0}}