{"host":"k5yjj86hwv5qv2gx","time":1611805579,"event":{"mods":["BaseMod","BetterRewards","Minty Spire (QoL Compilation)","StSLib"],"gold_per_floor":[109,109,109,122,146,180,216,253,289,321,356,368,380,414,426,540,552,591,612,624,271,315,354,354,396,422,422,444,484,498,498,498,602,602,623,623,655,674,1673,1704,1243,1293,1319,1362,1362,1411,1451,1465,1465,1465,1465,1465,1465,758,807,807],"floor_reached":57,"language":"ENG","playtime":3248,"items_purged":["Strike_G","Strike_G","Strike_G","Strike_G","Strike_G","Shame","Sucker Punch","Predator"],"score":4510,"play_id":"660a9818-5fc7-41bf-91a0-f59bf35a6b06","local_time":"20210127194619","is_ascension_mode":true,"campfire_choices":[{"data":"Apotheosis","floor":15,"key":"SMITH"},{"floor":24,"key":"RECALL"},{"data":"Panacea","floor":27,"key":"SMITH"},{"data":"Neutralize","floor":32,"key":"SMITH"},{"data":"Adrenaline","floor":45,"key":"SMITH"},{"data":"Night Terror","floor":49,"key":"SMITH"},{"data":"Malaise","floor":53,"key":"SMITH"}],"circlet_count":0,"master_deck":["AscendersBane","Defend_G+1","Defend_G+1","Defend_G+1","Defend_G+1","Survivor","Neutralize+1","Apotheosis+1","Footwork","PiercingWail","Quick Slash","Backflip","Discovery","Quick Slash","Dodge and Roll","Blade Dance","Backflip","Dash","Deflect","Cloak And Dagger","Slice","Malaise+1","Night Terror+1","PiercingWail","Panacea+1","Night Terror+1","Blade Dance","Adrenaline+1","Backflip","Dash","Flash of Steel","Footwork","Catalyst","Finesse","Blade Dance+1","Footwork","Discovery","Endless Agony","Dark Embrace+1"],"relics":["Ring of the Snake","Eternal Feather","Ninja Scroll","Dead Branch","Membership Card","HornCleat","Ancient Tea Set","Incense Burner","Bag of Marbles","Pear","Tough Bandages","FossilizedHelix","PreservedInsect","Bag of Preparation","Pocketwatch","MealTicket","Golden Idol","MawBank","CeramicFish","Coffee Dripper","War Paint","InkBottle","Pantograph","Pen Nib","Red Mask","Matryoshka","Mango","Kunai","Omamori","Singing Bowl","Black Star","Akabeko","Ornamental Fan","Centennial Puzzle","Boot","PrismaticShard","Meat on the Bone","Potion Belt","Juzu Bracelet","Oddly Smooth Stone","Bronze Scales","Regal Pillow","Strawberry","Torii","Mummified Hand","Medical Kit","Ginger","Du-Vu Doll","Sundial","Blue Candle"],"acts_visited":["Exordium","TheCity","TheBeyond","TheEnding"],"potions_floor_usage":[16,48,55,56,56,56,56],"damage_taken":[{"damage":0,"enemies":"Cultist","floor":1,"turns":2},{"damage":0,"enemies":"Jaw Worm","floor":4,"turns":2},{"damage":0,"enemies":"2 Louse","floor":5,"turns":2},{"damage":0,"enemies":"3 Sentries","floor":6,"turns":4},{"damage":0,"enemies":"Large Slime","floor":7,"turns":3},{"damage":0,"enemies":"Blue Slaver","floor":8,"turns":1},{"damage":0,"enemies":"Exordium Wildlife","floor":10,"turns":3},{"damage":0,"enemies":"Large Slime","floor":11,"turns":4},{"damage":0,"enemies":"2 Fungi Beasts","floor":14,"turns":2},{"damage":0,"enemies":"Slime Boss","floor":16,"turns":5},{"damage":0,"enemies":"Chosen","floor":18,"turns":2},{"damage":0,"enemies":"Masked Bandits","floor":22,"turns":3},{"damage":0,"enemies":"Book of Stabbing","floor":23,"turns":4},{"damage":0,"enemies":"Gremlin Leader","floor":25,"turns":3},{"damage":0,"enemies":"Shell Parasite","floor":28,"turns":1},{"damage":0,"enemies":"Book of Stabbing","floor":29,"turns":2},{"damage":0,"enemies":"Shelled Parasite and Fungi","floor":30,"turns":3},{"damage":0,"enemies":"Champ","floor":33,"turns":8},{"damage":0,"enemies":"3 Shapes","floor":35,"turns":4},{"damage":0,"enemies":"Orb Walker","floor":37,"turns":2},{"damage":0,"enemies":"Jaw Worm Horde","floor":38,"turns":1},{"damage":0,"enemies":"Reptomancer","floor":40,"turns":2},{"damage":0,"enemies":"Nemesis","floor":42,"turns":6},{"damage":0,"enemies":"Reptomancer","floor":44,"turns":4},{"damage":0,"enemies":"Giant Head","floor":47,"turns":4},{"damage":0,"enemies":"Spire Growth","floor":48,"turns":4},{"damage":0,"enemies":"Awakened One","floor":50,"turns":9},{"damage":0,"enemies":"Donu and Deca","floor":51,"turns":7},{"damage":0,"enemies":"Shield and Spear","floor":55,"turns":2},{"damage":0,"enemies":"The Heart","floor":56,"turns":8}],"seed_played":"-8869802712570506538","potions_obtained":[{"floor":3,"key":"CunningPotion"},{"floor":16,"key":"SmokeBomb"},{"floor":18,"key":"Poison Potion"},{"floor":29,"key":"CunningPotion"},{"floor":37,"key":"GhostInAJar"},{"floor":42,"key":"DuplicationPotion"},{"floor":55,"key":"Ancient Potion"}],"is_trial":false,"path_per_floor":["M","?","?","M","M","E","M","M","T","M","M","?","?","M","R","B",null,"M","?","T","$","?","E","R","E","T","R","M","E","M","?","R","B",null,"M","?","M","M","?","E","$","E","T","E","R","T","E","M","R","B","B",null,"R","$","E","B",null],"character_chosen":"THE_SILENT","items_purchased":["Eternal Feather","Ninja Scroll","Membership Card","HornCleat","Ancient Tea Set","Apotheosis","Footwork","Bag of Marbles","Pear","PiercingWail","Sucker Punch","Quick Slash","PreservedInsect","Bag of Preparation","Backflip","Discovery","MealTicket","Predator","CunningPotion","Pantograph","Pen Nib","Panacea","Centennial Puzzle","Boot","Dash","Flash of Steel","Footwork","PrismaticShard","Medical Kit","Ginger","Du-Vu Doll","Footwork","Discovery","Endless Agony","Fire Potion","GamblersBrew"],"campfire_rested":0,"item_purchase_floors":[0,0,0,0,0,0,0,0,0,0,0,0,0,0,0,0,0,0,0,21,21,21,41,41,41,41,41,41,54,54,54,54,54,54,54,54],"current_hp_per_floor":[28,28,28,28,28,28,28,28,28,28,28,28,2,2,14,14,55,55,55,55,69,69,69,69,83,83,83,83,85,87,87,87,87,87,89,89,89,91,91,93,93,93,93,93,93,100,100,102,102,102,102,102,102,102,102,102],"gold":807,"neow_bonus":"","is_daily":false,"chose_seed":false,"campfire_upgraded":6,"win_rate":0.0,"timestamp":1611805579,"path_taken":["M","?","?","M","M","E","M","M","T","?","M","?","?","M","R","BOSS","M","?","?","$","?","E","R","E","T","R","?","E","M","?","R","BOSS","M","?","M","M","?","E","$","E","T","E","R","?","E","M","R","BOSS","BOSS","R","$","E","BOSS"],"items_purchased_type":["Relic","Relic","Relic","Relic","Relic","Card","Card","Relic","Relic","Card","Card","Card","Relic","Relic","Card","Card","Relic","Card","Potion","Relic","Relic","Card","Relic","Relic","Card","Card","Card","Relic","Relic","Relic","Relic","Card","Card","Card","Potion","Potion"],"build_version":"2020-12-22","purchased_purges":8,"victory":true,"max_hp_per_floor":[76,69,69,69,69,69,69,69,69,69,69,69,69,69,69,69,69,69,69,69,69,69,69,69,83,83,83,83,85,87,87,87,87,87,89,89,89,91,91,93,93,93,93,93,93,100,100,102,102,102,102,102,102,102,102,102],"card_choices":[{"not_picked":["Acrobatics","Accuracy"],"picked":"Quick Slash","floor":1},{"not_picked":["Outmaneuver","PiercingWail"],"picked":"Dodge and Roll","floor":4},{"not_picked":["Caltrops","Sucker Punch"],"picked":"Blade Dance","floor":5},{"not_picked":["Setup","Prepared"],"picked":"Backflip","floor":6},{"not_picked":["Poisoned Stab","Bouncing Flask","Eviscerate"],"picked":"SKIP","floor":7},{"not_picked":["Poisoned Stab","Accuracy"],"picked":"Dash","floor":8},{"not_picked":["Sucker Punch","Deadly Poison"],"picked":"Deflect","floor":10},{"not_picked":["Prepared","Bouncing Flask"],"picked":"Cloak And Dagger","floor":11},{"not_picked":["Tactician","Underhanded Strike"],"picked":"Malaise","floor":14},{"not_picked":["Envenom","Unload"],"picked":"Night Terror","floor":16},{"not_picked":["Riddle With Holes","Sucker Punch"],"picked":"PiercingWail","floor":18},{"not_picked":["Dagger Throw","Quick Slash"],"picked":"Night Terror","floor":22},{"not_picked":["Dagger Spray","Grand Finale","Flying Knee"],"picked":"SKIP","floor":23},{"not_picked":["Riddle With Holes","Poisoned Stab"],"picked":"Flechettes+1","floor":25},{"not_picked":["Deflect","Outmaneuver"],"picked":"Blade Dance","floor":28},{"not_picked":["Deadly Poison+1","Dodge and Roll","Poisoned Stab"],"picked":"Singing Bowl","floor":29},{"not_picked":["Deflect","Grand Finale","Dodge and Roll"],"picked":"Singing Bowl","floor":30},{"not_picked":["Glass Knife","Die Die Die"],"picked":"Adrenaline","floor":33},{"not_picked":["Deflect","Poisoned Stab","PiercingWail"],"picked":"Singing Bowl","floor":35},{"not_picked":["Cloak And Dagger","Eviscerate"],"picked":"Backflip","floor":37},{"not_picked":["Deflect","Quick Slash+1","Sucker Punch+1"],"picked":"Singing Bowl","floor":38},{"not_picked":["Heel Hook","Corpse Explosion","Accuracy+1"],"picked":"Singing Bowl","floor":40},{"not_picked":["Steam+1","Flex"],"picked":"Catalyst","floor":42},{"not_picked":["Skim","Flechettes"],"picked":"Finesse","floor":44},{"not_picked":["Armaments","Dagger Spray"],"picked":"Blade Dance+1","floor":47},{"not_picked":["Pommel Strike","Dash","EmptyMind+1"],"picked":"Singing Bowl","floor":48},{"not_picked":["Prostrate","True Grit+1"],"picked":"Dark Embrace+1","floor":55}],"player_experience":1139646,"relics_obtained":[{"floor":6,"key":"MawBank"},{"floor":20,"key":"InkBottle"},{"floor":22,"key":"Red Mask"},{"floor":23,"key":"Matryoshka"},{"floor":25,"key":"Mango"},{"floor":26,"key":"Kunai"},{"floor":26,"key":"Omamori"},{"floor":29,"key":"Singing Bowl"},{"floor":40,"key":"Akabeko"},{"floor":40,"key":"Ornamental Fan"},{"floor":42,"key":"Meat on the Bone"},{"floor":42,"key":"Potion Belt"},{"floor":43,"key":"Juzu Bracelet"},{"floor":43,"key":"Oddly Smooth Stone"},{"floor":44,"key":"Bronze Scales"},{"floor":44,"key":"Regal Pillow"},{"floor":46,"key":"Strawberry"},{"floor":47,"key":"Torii"},{"floor":47,"key":"Mummified Hand"},{"floor":55,"key":"Sundial"},{"floor":55,"key":"Blue Candle"}],"event_choices":[{"damage_healed":0,"gold_gain":0,"player_choice":"Lose Max HP","damage_taken":0,"relics_obtained":["Golden Idol"],"max_hp_gain":0,"max_hp_loss":7,"event_name":"Golden Idol","floor":2,"gold_loss":0},{"damage_healed":0,"gold_gain":0,"player_choice":"Got Potions","damage_taken":0,"max_hp_gain":0,"max_hp_loss":0,"event_name":"Lab","floor":3,"gold_loss":0},{"damage_healed":0,"gold_gain":0,"cards_transformed":["Defend_G"],"player_choice":"Change","damage_taken":0,"max_hp_gain":0,"max_hp_loss":0,"event_name":"Living Wall","floor":12,"gold_loss":0,"cards_obtained":["Slice"]},{"damage_healed":0,"gold_gain":0,"player_choice":"Success","damage_taken":26,"relics_obtained":["CeramicFish"],"max_hp_gain":0,"max_hp_loss":0,"event_name":"Scrap Ooze","floor":13,"gold_loss":0},{"damage_healed":0,"gold_gain":0,"player_choice":"Stole Relic","damage_taken":0,"relics_obtained":["War Paint"],"max_hp_gain":0,"max_hp_loss":0,"event_name":"Addict","floor":19,"gold_loss":0,"cards_obtained":["Shame"]},{"damage_healed":0,"gold_gain":0,"player_choice":"Fought Bandits","damage_taken":0,"max_hp_gain":0,"max_hp_loss":0,"event_name":"Masked Bandits","floor":22,"gold_loss":0},{"damage_healed":0,"gold_gain":0,"player_choice":"Simplicity","damage_taken":0,"max_hp_gain":0,"max_hp_loss":0,"event_name":"Back to Basics","floor":31,"gold_loss":0,"cards_upgraded":["Defend_G","Defend_G","Defend_G"]},{"cards_removed":["Flechettes"],"damage_healed":0,"gold_gain":0,"player_choice":"Removed Attack","damage_taken":0,"max_hp_gain":0,"max_hp_loss":0,"event_name":"Falling","floor":36,"gold_loss":0},{"damage_healed":0,"gold_gain":999,"player_choice":"Gold","damage_taken":0,"max_hp_gain":0,"max_hp_loss":0,"event_name":"MindBloom","floor":39,"gold_loss":0,"cards_obtained":["Normality","Normality"]}],"is_beta":false,"boss_relics":[{"not_picked":["Empty Cage","Ectoplasm"],"picked":"Coffee Dripper"},{"not_picked":["WristBlade","Astrolabe"],"picked":"Black Star"}],"items_purged_floors":[0,0,0,0,0,21,41,54],"is_endless":false,"potions_floor_spawned":[5,7,8,10,16,18,25,29,37,40,42,55],"ascension_level":20}}