{"host":"sp1zv0ju5tlq9i78","time":1611807594,"event":{"mods":["2.2 Compatiblity","A Penny For Your Troubles","Act Like it!","BaseMod","Better Match","Better Note","Better Skull","Better Third Choice","CapriCore","Marked Mod","Minty Spire (QoL Compilation)","Reliquary","StSLib","The Marked","TheSurvivalist"],"gold_per_floor":[111,127,127,146,109,109,127,140,440,440,440,440],"floor_reached":11,"language":"ENG","playtime":348,"items_purged":[],"score":65,"play_id":"10bd5a43-a92d-46be-bc24-fff3a01017b0","local_time":"20210127221954","is_ascension_mode":false,"campfire_choices":[{"floor":6,"key":"RECALL"}],"circlet_count":0,"master_deck":["survmod:Strike","survmod:Strike","survmod:Strike","survmod:Defend","survmod:Defend","survmod:Defend","survmod:Defend","survmod:VersatileOffense","survmod:Sprint","survmod:ComplexMutation","survmod:FlashbangTrap","survmod:BearTrap","survmod:TrickShot","survmod:PersonalMark","survmod:MarkedFromAfar","Injury"],"relics":["survmod:InnateMutation","NeowsBlessing","Old Coin","Golden Idol"],"acts_visited":["Exordium"],"potions_floor_usage":[11],"damage_taken":[{"damage":0,"enemies":"2 Louse","floor":1,"turns":2},{"damage":0,"enemies":"Cultist","floor":2,"turns":1},{"damage":0,"enemies":"Jaw Worm","floor":4,"turns":1},{"damage":3,"enemies":"2 Fungi Beasts","floor":7,"turns":4},{"damage":0,"enemies":"Blue Slaver","floor":8,"turns":6},{"damage":53,"enemies":"Gremlin Nob","floor":11,"turns":7}],"seed_played":"6035429714914109123","potions_obtained":[{"floor":7,"key":"SkillPotion"},{"floor":8,"key":"Explosive Potion"}],"is_trial":false,"path_per_floor":["M","M","?","M","$","R","M","M","T","?","E"],"character_chosen":"THE_SURVIVOR","items_purchased":["survmod:TrickShot"],"campfire_rested":0,"item_purchase_floors":[5],"current_hp_per_floor":[50,50,50,50,50,50,47,47,47,47,0,0],"gold":440,"neow_bonus":"THREE_ENEMY_KILL","is_daily":false,"chose_seed":false,"campfire_upgraded":0,"win_rate":0.0,"timestamp":1611807594,"path_taken":["M","M","?","M","$","R","M","?","T","?","E"],"items_purchased_type":["Card"],"build_version":"2020-12-22","purchased_purges":0,"victory":false,"max_hp_per_floor":[50,50,50,50,50,50,50,50,50,50,50,50],"card_choices":[{"not_picked":["survmod:FindCover","survmod:UnfortunateEscape"],"picked":"survmod:ComplexMutation","floor":1},{"not_picked":["survmod:PenetratingShot","survmod:Hawkeye"],"picked":"survmod:FlashbangTrap","floor":2},{"not_picked":["survmod:ShrapnelTraps","survmod:FindCover"],"picked":"survmod:BearTrap","floor":4},{"not_picked":["survmod:HailOfArrows","survmod:PinningSnipe"],"picked":"survmod:PersonalMark","floor":7},{"not_picked":["survmod:LongShot","survmod:PersonalMark"],"picked":"survmod:MarkedFromAfar","floor":8}],"player_experience":287565,"relics_obtained":[{"floor":9,"key":"Old Coin"}],"event_choices":[{"cards_removed":["survmod:Strike"],"damage_healed":0,"gold_gain":0,"player_choice":"Card Removal","damage_taken":0,"max_hp_gain":0,"max_hp_loss":0,"event_name":"Wheel of Change","floor":3,"gold_loss":0},{"damage_healed":0,"gold_gain":0,"player_choice":"Take Wound","damage_taken":0,"relics_obtained":["Golden Idol"],"max_hp_gain":0,"max_hp_loss":0,"event_name":"Golden Idol","floor":10,"gold_loss":0,"cards_obtained":["Injury"]}],"is_beta":false,"boss_relics":[],"items_purged_floors":[],"is_endless":false,"potions_floor_spawned":[7,8],"killed_by":"Gremlin Nob","ascension_level":0}}