{"host":"oz4ht6ec7xzo36kd","time":1611850524,"event":{"mods":["Act Like it!","BaseMod","Friendly Minions","Marisa¡]Ãú«B¡@Å]²z¨F¡^","Minty Spire (QoL Compilation)","Remilia¡]Á¢¦Ì²ú?¡^","StSLib","The Marked","The Servant 0.9.4","WarShipGirlsR/??¤Ö¤kR mod","Youmu¡]»î¾z§¯?¡^"],"gold_per_floor":[114,114,114,128,104,104,135,135,207,157,190,190,205,224,224,224,224],"floor_reached":16,"language":"ZHT","playtime":541,"items_purged":[],"score":108,"play_id":"f052f396-6a26-4c4c-8352-df19f6353813","local_time":"20210129001524","is_ascension_mode":false,"campfire_choices":[{"floor":6,"key":"RECALL"},{"data":"theMarked:SwordAndMagic","floor":8,"key":"SMITH"},{"floor":12,"key":"REST"},{"data":"theMarked:Reabsorb","floor":15,"key":"SMITH"}],"circlet_count":0,"master_deck":["theMarked:Strike","theMarked:Strike","theMarked:Strike","theMarked:Strike","theMarked:Strike","theMarked:Defend","theMarked:Defend","theMarked:Defend","theMarked:SoldierOfQuellstein","theMarked:Toughness","theMarked:WardOff","theMarked:MagusForm","theMarked:Reabsorb+1","theMarked:SwordAndMagic+1","theMarked:ParalyzingBlade","theMarked:ChainLightning+1","theMarked:HeightenedSenses","theMarked:KeepCalmAndFight+1"],"relics":["theMarked:ArtifactOfAir","Golden Idol","Bottled Flame","Molten Egg 2","Dream Catcher"],"acts_visited":["Exordium"],"potions_floor_usage":[11,11,16],"damage_taken":[{"damage":5,"enemies":"Jaw Worm","floor":1,"turns":5},{"damage":0,"enemies":"2 Louse","floor":4,"turns":3},{"damage":19,"enemies":"Lagavulin","floor":7,"turns":7},{"damage":17,"enemies":"3 Sentries","floor":11,"turns":8},{"damage":0,"enemies":"Cultist","floor":13,"turns":3},{"damage":20,"enemies":"Exordium Thugs","floor":14,"turns":3},{"damage":15,"enemies":"Slime Boss","floor":16,"turns":4}],"seed_played":"6550381096887062913","potions_obtained":[{"floor":1,"key":"CultistPotion"},{"floor":7,"key":"DuplicationPotion"},{"floor":14,"key":"SpeedPotion"}],"is_trial":false,"path_per_floor":["M","?","?","M","$","R","E","R","T","?","E","R","M","M","R","B"],"character_chosen":"THE_DEFAULT","items_purchased":["theMarked:SwordAndMagic"],"campfire_rested":1,"item_purchase_floors":[5],"current_hp_per_floor":[65,48,48,48,48,48,29,29,29,29,12,33,33,13,13,0,0],"gold":224,"neow_bonus":"THREE_RARE_CARDS","is_daily":false,"chose_seed":false,"campfire_upgraded":2,"win_rate":0.0,"timestamp":1611850524,"path_taken":["M","?","?","?","?","R","E","R","T","?","E","R","M","M","R","BOSS"],"items_purchased_type":["Card"],"build_version":"2020-12-22","purchased_purges":0,"victory":false,"max_hp_per_floor":[70,70,70,70,70,70,70,70,70,70,70,70,70,70,70,70,70],"card_choices":[{"not_picked":["theMarked:TurnInvisible","theMarked:Snap"],"picked":"theMarked:Toughness","floor":0},{"not_picked":["theMarked:ResourceFulStrike","theMarked:Parkour"],"picked":"theMarked:WardOff","floor":1},{"not_picked":["theMarked:TwofoldDefense","theMarked:EmpowerWeapon"],"picked":"theMarked:Reabsorb","floor":4},{"not_picked":["theMarked:Parkour","theMarked:Overthink"],"picked":"theMarked:ParalyzingBlade","floor":7},{"not_picked":["theMarked:Memento","theMarked:RepellingDischarge"],"picked":"theMarked:ChainLightning+1","floor":11},{"not_picked":["theMarked:PowerFlow","theMarked:ChainLightning+1"],"picked":"theMarked:HeightenedSenses","floor":12},{"not_picked":["theMarked:Parkour+1","theMarked:HeightenedSenses","theMarked:Parry"],"picked":"SKIP","floor":13},{"not_picked":["theMarked:Electrocute+1","theMarked:Standoff"],"picked":"theMarked:KeepCalmAndFight+1","floor":14}],"player_experience":410164,"relics_obtained":[{"floor":7,"key":"Bottled Flame"},{"floor":9,"key":"Molten Egg 2"},{"floor":11,"key":"Dream Catcher"}],"event_choices":[{"damage_healed":0,"gold_gain":0,"player_choice":"Take Damage","damage_taken":17,"relics_obtained":["Golden Idol"],"max_hp_gain":0,"max_hp_loss":0,"event_name":"Golden Idol","floor":2,"gold_loss":0},{"damage_healed":0,"gold_gain":0,"cards_transformed":["theMarked:Defend"],"player_choice":"Transformed","damage_taken":0,"max_hp_gain":0,"max_hp_loss":0,"event_name":"Transmorgrifier","floor":3,"gold_loss":0,"cards_obtained":["theMarked:MagusForm"]},{"cards_removed":["Clumsy"],"damage_healed":0,"gold_gain":0,"player_choice":"Card Removal","damage_taken":0,"max_hp_gain":0,"max_hp_loss":0,"event_name":"The Cleric","floor":10,"gold_loss":50}],"is_beta":false,"boss_relics":[],"items_purged_floors":[],"is_endless":false,"potions_floor_spawned":[1,7,14],"killed_by":"Slime Boss","ascension_level":0}}