{"host":"w05x4i13f2m9joq1","time":1611796901,"event":{"mods":["Act Like it!","Bard","BaseMod","Better Altar","Better Match","Better Note","Better Sensory Stone","Better Skull","Better Third Choice","BetterRewards","CapriCore","Colored Map","Colored Powertips","Decade(???)","Defective Defect","Duelist Mod","GifTheSpireLib","Googly Eyes","Infinite Spire","Ironclad Rager","Lobotomy","LobotomyExtend","Marisa????????","Melee Mod","Minty Spire (QoL Compilation)","MostiFishMod","Rare Cards Sparkle","Replay The Spire","Spicy Shops","Spire Birthday Party","StSLib","Td1madao Mod","The Construct","The IronCluck","TheBandit","Uncapped","everything is the same but u backflip on backflip","slay the spire mod where everything is the same but ironclad has a cowboy hat"],"gold_per_floor":[113,131,141,154,154,154,164,164,164,164,164],"floor_reached":10,"language":"ENG","playtime":926,"items_purged":[],"score":60,"play_id":"faa19e3c-fb6e-48fd-9142-3693d3994690","local_time":"20210127202141","is_ascension_mode":false,"campfire_choices":[{"data":"DenO_Ax","floor":6,"key":"SMITH"},{"data":"KamenRideBlade","floor":8,"key":"SMITH"}],"circlet_count":0,"master_deck":["Decade_Attack","Decade_Attack","Decade_Attack","Decade_Attack","KamenRide+1","Decade_SpecialSkill","Decade_Defend","Decade_Defend","Decade_Defend","Decade_Defend","KamenRideDenO","DenO_Ax+1","DenO_Rod","DenO_Gun","Kiva_Swallow","KamenRideBlade+1","FormRideJack"],"relics":["Decadriver","TOEIDeficitBill","DaveBox","SynthV:TestCard","LetterFromLob","ShadowXiaoBlade","Ornamental Fan"],"acts_visited":["Exordium"],"potions_floor_usage":[],"damage_taken":[{"damage":7,"enemies":"Small Slimes","floor":1,"turns":4},{"damage":6,"enemies":"Jaw Worm","floor":2,"turns":8},{"damage":12,"enemies":"Cultist","floor":3,"turns":6},{"damage":19,"enemies":"3 Louse","floor":4,"turns":7},{"damage":0,"enemies":"Large Slime","floor":7,"turns":3},{"damage":1,"enemies":"Lagavulin","floor":10,"turns":6}],"seed_played":"-1247805778890949170","potions_obtained":[{"floor":4,"key":"Languid Potion"},{"floor":7,"key":"PowerPotion"}],"is_trial":false,"path_per_floor":["M","M","M","M","?","R","M","R","T","E"],"character_chosen":"Decade","items_purchased":[],"campfire_rested":0,"item_purchase_floors":[],"current_hp_per_floor":[63,57,45,41,49,49,62,62,62,61,61],"gold":164,"neow_bonus":"RANDOM_EVENT","is_daily":false,"chose_seed":false,"campfire_upgraded":2,"win_rate":0.0,"timestamp":1611796901,"path_taken":["M","M","M","M","?","R","M","R","T","E"],"items_purchased_type":[],"build_version":"2020-12-22","purchased_purges":0,"victory":false,"max_hp_per_floor":[70,70,70,70,70,70,70,70,70,70,70],"card_choices":[{"not_picked":["FormRide","DenO_Ax"],"picked":"KamenRideDenO","floor":1},{"not_picked":["DragShield","Decade_Dash2"],"picked":"DenO_Ax","floor":1},{"not_picked":["UnarmedAttack3","DenO_Gun","Dragreder","Blade_Beat"],"picked":"DenO_Rod","floor":2},{"not_picked":["FormRideBasshaa","Decade_Illusion","FormRideJack","UnarmedAttack1"],"picked":"DenO_Gun","floor":3},{"not_picked":["FormRideFlame","FormRideDragon","FormRideGaruru","FormRideTitan"],"picked":"Kiva_Swallow","floor":4},{"not_picked":["KamenRideDecade","AttackRide","RideBooker_Skill_1","DenO_Gun"],"picked":"KamenRideBlade","floor":7},{"not_picked":["Dragreder","DenO_Rod","Blade_Beat","Hibiki_Attack1"],"picked":"FormRideJack","floor":7}],"player_experience":145055,"relics_obtained":[{"floor":1,"key":"SynthV:TestCard"},{"floor":1,"key":"LetterFromLob"},{"floor":9,"key":"Ornamental Fan"}],"event_choices":[{"damage_healed":0,"gold_gain":0,"player_choice":"Grow","damage_taken":0,"max_hp_gain":0,"max_hp_loss":0,"event_name":"Living Wall","floor":0,"gold_loss":0,"cards_upgraded":["KamenRide"]}],"is_beta":false,"boss_relics":[],"items_purged_floors":[],"is_endless":false,"potions_floor_spawned":[4,7],"killed_by":"Lagavulin","ascension_level":0}}