{"host":"684z1xpuwaoqmmh1","time":1611850692,"event":{"mods":["BaseMod","Downfall","Hermit","Jorbs\u0027s Wanderer Trilogy","Marisa????????","Minty Spire (QoL Compilation)","Robot Space Explorer","Shade Mod","StSLib","The Bug Knight","The Cursed","The Dragon Tamer","The Hayseed","The Hierophant","The Marked","The Mystic","The Runesmith","The Senshi"],"gold_per_floor":[99,111,130,40,56,73,97,123,134,161,178,210,222,242,256,352,352,352],"floor_reached":17,"language":"ENG","playtime":1193,"items_purged":["RobotSpaceExplorer:Defend"],"score":284,"play_id":"344b920a-86d5-4400-8cac-9a79d2a19f56","local_time":"20210128181812","is_ascension_mode":true,"campfire_choices":[{"floor":1,"key":"RECALL"}],"circlet_count":0,"master_deck":["AscendersBane","RobotSpaceExplorer:Strike","RobotSpaceExplorer:Strike","RobotSpaceExplorer:Strike","RobotSpaceExplorer:Strike","RobotSpaceExplorer:Defend","RobotSpaceExplorer:Defend","RobotSpaceExplorer:Defend","RobotSpaceExplorer:Scan","RobotSpaceExplorer:MiniLasers+1","RobotSpaceExplorer:SurgingShield","RobotSpaceExplorer:JunkDive","RobotSpaceExplorer:ScrapShield","RobotSpaceExplorer:MiniBoosters","RobotSpaceExplorer:Discharger","RobotSpaceExplorer:ScrapMissile","RobotSpaceExplorer:FreezeRay","RobotSpaceExplorer:Smokescreen","RobotSpaceExplorer:Probe","RobotSpaceExplorer:FreezeRay","RobotSpaceExplorer:PlasmaMissile","RobotSpaceExplorer:LuckyStrike","RobotSpaceExplorer:ImprovisedAttack","RobotSpaceExplorer:ShockMissile"],"relics":["RobotSpaceExplorer:RoboCore","Regal Pillow","Vajra","Blue Candle","Juzu Bracelet","bronze:MakeshiftBattery"],"acts_visited":["Exordium","TheCity"],"potions_floor_usage":[8,10,12,16],"damage_taken":[{"damage":0,"enemies":"Cultist","floor":2,"turns":3},{"damage":0,"enemies":"Small Slimes","floor":3,"turns":3},{"damage":0,"enemies":"downfall:FleeingMerchant","floor":4,"turns":4},{"damage":0,"enemies":"2 Louse","floor":5,"turns":4},{"damage":4,"enemies":"Exordium Wildlife","floor":6,"turns":8},{"damage":31,"enemies":"Gremlin Nob","floor":8,"turns":5},{"damage":0,"enemies":"2 Fungi Beasts","floor":9,"turns":2},{"damage":9,"enemies":"Lagavulin","floor":10,"turns":6},{"damage":0,"enemies":"Blue Slaver","floor":11,"turns":3},{"damage":6,"enemies":"3 Sentries","floor":12,"turns":6},{"damage":7,"enemies":"Exordium Wildlife","floor":13,"turns":3},{"damage":8,"enemies":"Lots of Slimes","floor":14,"turns":4},{"damage":0,"enemies":"Gremlin Gang","floor":15,"turns":3},{"damage":1,"enemies":"Hexaghost","floor":16,"turns":7}],"seed_played":"964227197262807130","potions_obtained":[{"floor":5,"key":"RobotSpaceExplorer:RecyclePotion"},{"floor":6,"key":"SneckoOil"},{"floor":8,"key":"CultistPotion"},{"floor":9,"key":"DuplicationPotion"},{"floor":12,"key":"CultistPotion"},{"floor":14,"key":"PowerPotion"},{"floor":16,"key":"Regen Potion"}],"is_trial":false,"path_per_floor":["R","M","M","$","M","M","T","E","M","E","M","E","M","M","M","B",null],"character_chosen":"RobotSpaceExplorer","items_purchased":[],"campfire_rested":0,"item_purchase_floors":[],"current_hp_per_floor":[68,68,68,68,68,64,64,33,33,24,24,18,11,3,3,2,57,57],"gold":352,"neow_bonus":"UPGRADE_CARD","is_daily":false,"chose_seed":false,"campfire_upgraded":0,"win_rate":0.0,"timestamp":1611850692,"path_taken":["R","M","M","$","M","M","T","E","M","E","?","E","M","M","M","BOSS"],"items_purchased_type":[],"build_version":"2020-12-22","purchased_purges":1,"victory":false,"max_hp_per_floor":[75,75,75,75,75,75,75,75,75,75,75,75,75,75,75,75,75,75],"card_choices":[{"not_picked":["RobotSpaceExplorer:ImprovisedAttack","RobotSpaceExplorer:Electroshield"],"picked":"RobotSpaceExplorer:SurgingShield","floor":2},{"not_picked":["RobotSpaceExplorer:GlueSpray","RobotSpaceExplorer:Blitz"],"picked":"RobotSpaceExplorer:JunkDive","floor":3},{"not_picked":["RobotSpaceExplorer:ShockKick","RobotSpaceExplorer:Ammunition"],"picked":"RobotSpaceExplorer:ScrapShield","floor":4},{"not_picked":["RobotSpaceExplorer:ShovelStrike","RobotSpaceExplorer:GlueShot"],"picked":"RobotSpaceExplorer:MiniBoosters","floor":5},{"not_picked":["RobotSpaceExplorer:Counterblock","RobotSpaceExplorer:ShovelStrike"],"picked":"RobotSpaceExplorer:Discharger","floor":6},{"not_picked":["RobotSpaceExplorer:Pulsar","RobotSpaceExplorer:SlimeMissile"],"picked":"RobotSpaceExplorer:ScrapMissile","floor":8},{"not_picked":["RobotSpaceExplorer:StunGrenade","RobotSpaceExplorer:FranticSearch"],"picked":"RobotSpaceExplorer:FreezeRay","floor":9},{"not_picked":["RobotSpaceExplorer:StarDust","RobotSpaceExplorer:SwiftStep"],"picked":"RobotSpaceExplorer:Smokescreen","floor":10},{"not_picked":["RobotSpaceExplorer:BigMissile","RobotSpaceExplorer:FrostMissile"],"picked":"RobotSpaceExplorer:Probe","floor":11},{"not_picked":["RobotSpaceExplorer:IronShell","RobotSpaceExplorer:ScrapShield"],"picked":"RobotSpaceExplorer:FreezeRay","floor":12},{"not_picked":["RobotSpaceExplorer:ImprovisedAttack","RobotSpaceExplorer:Electroshield"],"picked":"RobotSpaceExplorer:PlasmaMissile","floor":13},{"not_picked":["RobotSpaceExplorer:MetalStrike","RobotSpaceExplorer:SurgingShield"],"picked":"RobotSpaceExplorer:LuckyStrike","floor":14},{"not_picked":["RobotSpaceExplorer:Pulsar","RobotSpaceExplorer:MakeshiftVolley"],"picked":"RobotSpaceExplorer:ImprovisedAttack","floor":15},{"not_picked":["RobotSpaceExplorer:HighVoltage","RobotSpaceExplorer:Wormhole"],"picked":"RobotSpaceExplorer:ShockMissile","floor":16}],"player_experience":2987163,"relics_obtained":[{"floor":7,"key":"Regal Pillow"},{"floor":8,"key":"Vajra"},{"floor":10,"key":"Blue Candle"},{"floor":12,"key":"Juzu Bracelet"}],"event_choices":[],"is_beta":false,"boss_relics":[{"not_picked":["Black Star","Empty Cage"],"picked":"bronze:MakeshiftBattery"}],"items_purged_floors":[4],"is_endless":false,"potions_floor_spawned":[5,6,8,9,12,14,16],"ascension_level":11}}