{"host":"na09lpbrez4gbfiz","time":1611849321,"event":{"mods":["Act Like it!","BaseMod","BetterRewards","Colored Map","Colored Powertips","DeckTracker","Googly Eyes","Highlight Path","Minty Spire (QoL Compilation)","Quick Restart","Spicy Shops","StSLib","SuperFastMode","Synergy Search"],"gold_per_floor":[115,134,134,134,148,148,177,177,256,256,283,298,298,310,310,310,310],"floor_reached":16,"language":"ENG","playtime":376,"items_purged":[],"score":171,"play_id":"e45122b7-7a5f-403f-9bca-e2af0cdf6e41","local_time":"20210128165521","is_ascension_mode":true,"campfire_choices":[{"data":"Bash","floor":6,"key":"SMITH"},{"floor":8,"key":"REST"},{"data":"Defend_R","floor":10,"key":"SMITH"},{"floor":15,"key":"REST"}],"circlet_count":0,"master_deck":["AscendersBane","Strike_R","Strike_R","Strike_R","Defend_R","Defend_R","Defend_R+1","Defend_R+1","Bash+1","True Grit+1","Inflame"],"relics":["Burning Blood","NeowsBlessing","Bag of Marbles","Bottled Lightning","Red Skull"],"acts_visited":["Exordium"],"potions_floor_usage":[7,11,16],"damage_taken":[{"damage":0,"enemies":"Small Slimes","floor":1,"turns":1},{"damage":0,"enemies":"2 Louse","floor":2,"turns":1},{"damage":0,"enemies":"Jaw Worm","floor":5,"turns":1},{"damage":40,"enemies":"3 Sentries","floor":7,"turns":14},{"damage":33,"enemies":"Lagavulin","floor":11,"turns":9},{"damage":5,"enemies":"Looter","floor":12,"turns":3},{"damage":0,"enemies":"3 Louse","floor":14,"turns":5},{"damage":65,"enemies":"Slime Boss","floor":16,"turns":9}],"seed_played":"-1845502290247254289","potions_obtained":[{"floor":2,"key":"Dexterity Potion"},{"floor":7,"key":"SteroidPotion"},{"floor":11,"key":"Strength Potion"}],"is_trial":false,"path_per_floor":["M","M","?","?","M","R","E","R","T","R","E","M","?","M","R","B"],"character_chosen":"IRONCLAD","items_purchased":[],"campfire_rested":2,"item_purchase_floors":[],"current_hp_per_floor":[78,80,73,57,63,63,29,53,53,53,26,27,27,33,57,0,0],"gold":310,"neow_bonus":"THREE_ENEMY_KILL","is_daily":false,"chose_seed":false,"campfire_upgraded":2,"win_rate":0.0,"timestamp":1611849321,"path_taken":["M","M","?","?","?","R","E","R","T","R","E","M","?","M","R","BOSS"],"items_purchased_type":[],"build_version":"2020-12-22","purchased_purges":0,"victory":false,"max_hp_per_floor":[80,80,80,80,80,80,80,80,80,80,80,80,80,80,80,80,80],"card_choices":[{"not_picked":["Armaments","Intimidate","Flex"],"picked":"SKIP","floor":1},{"not_picked":["Dark Embrace","Pommel Strike"],"picked":"True Grit","floor":2},{"not_picked":["True Grit","Wild Strike","Battle Trance"],"picked":"SKIP","floor":5},{"not_picked":["Disarm","Thunderclap","Armaments"],"picked":"SKIP","floor":7},{"not_picked":["Flame Barrier","Anger"],"picked":"Inflame","floor":11},{"not_picked":["Entrench","Wild Strike","Infernal Blade"],"picked":"SKIP","floor":12},{"not_picked":["Havoc","Power Through","Twin Strike"],"picked":"SKIP","floor":14}],"player_experience":184007,"relics_obtained":[{"floor":7,"key":"Bag of Marbles"},{"floor":9,"key":"Bottled Lightning"},{"floor":11,"key":"Red Skull"}],"event_choices":[{"cards_removed":["Strike_R"],"damage_healed":0,"gold_gain":0,"player_choice":"Card Removal","damage_taken":7,"max_hp_gain":0,"max_hp_loss":0,"event_name":"Golden Wing","floor":3,"gold_loss":0},{"damage_healed":0,"gold_gain":0,"player_choice":"Entered Light","damage_taken":16,"max_hp_gain":0,"max_hp_loss":0,"event_name":"Shining Light","floor":4,"gold_loss":0,"cards_upgraded":["Defend_R","True Grit"]},{"cards_removed":["Strike_R"],"damage_healed":0,"gold_gain":0,"player_choice":"Forget","damage_taken":0,"max_hp_gain":0,"max_hp_loss":0,"event_name":"Living Wall","floor":13,"gold_loss":0}],"is_beta":false,"boss_relics":[],"items_purged_floors":[],"is_endless":false,"potions_floor_spawned":[2,7,11],"killed_by":"Slime Boss","ascension_level":11}}