{"host":"s5d39dhq0ddhxhke","time":1611870223,"event":{"mods":["AchievementEnabler","BaseMod","Colored Map","Minty Spire (QoL Compilation)","SuperFastMode"],"gold_per_floor":[115,131,131,150,167,202,202,84,84,112,112,12,22,32,32,32,32],"floor_reached":16,"language":"ENG","playtime":612,"items_purged":["Strike_R","Pain"],"score":202,"play_id":"c55f10d2-8bc1-4c67-ae01-4dd964a1b0b0","local_time":"20210128234343","is_ascension_mode":true,"campfire_choices":[{"floor":7,"key":"REST"},{"floor":15,"key":"REST"}],"circlet_count":0,"master_deck":["AscendersBane","Strike_R","Strike_R","Strike_R","Strike_R","Defend_R","Defend_R","Defend_R","Defend_R","Bash","Pummel","Disarm","Combust","Shrug It Off","Inflame","Combust"],"relics":["SacredBark","WarpedTongs","PreservedInsect","Blue Candle","Charon\u0027s Ashes"],"acts_visited":["Exordium"],"potions_floor_usage":[6,7,10,16,16],"damage_taken":[{"damage":3,"enemies":"2 Louse","floor":1,"turns":4},{"damage":6,"enemies":"Cultist","floor":2,"turns":4},{"damage":2,"enemies":"Jaw Worm","floor":4,"turns":3},{"damage":12,"enemies":"3 Louse","floor":5,"turns":5},{"damage":32,"enemies":"Gremlin Nob","floor":6,"turns":4},{"damage":11,"enemies":"Lagavulin","floor":10,"turns":5},{"damage":15,"enemies":"Lots of Slimes","floor":13,"turns":2},{"damage":4,"enemies":"Large Slime","floor":14,"turns":4},{"damage":27,"enemies":"Slime Boss","floor":16,"turns":7}],"seed_played":"-8743620312242508929","potions_obtained":[{"floor":4,"key":"EntropicBrew"},{"floor":5,"key":"Weak Potion"},{"floor":14,"key":"Explosive Potion"}],"is_trial":false,"path_per_floor":["M","M","?","M","M","E","R","$","T","E","?","$","M","M","R","B"],"character_chosen":"IRONCLAD","items_purchased":["Inflame"],"campfire_rested":2,"item_purchase_floors":[8],"current_hp_per_floor":[65,59,59,57,45,13,35,35,35,24,24,24,9,5,27,0,0],"gold":32,"neow_bonus":"BOSS_RELIC","is_daily":false,"chose_seed":false,"campfire_upgraded":0,"win_rate":0.0,"timestamp":1611870223,"path_taken":["M","M","?","M","M","E","R","?","T","E","?","$","M","M","R","BOSS"],"items_purchased_type":["Card"],"build_version":"2020-12-22","purchased_purges":2,"victory":false,"max_hp_per_floor":[75,75,75,75,75,75,75,75,75,75,75,75,75,75,75,75,75],"card_choices":[{"not_picked":["Clothesline","Rampage"],"picked":"Pummel","floor":1},{"not_picked":["Searing Blow","Iron Wave","Seeing Red"],"picked":"SKIP","floor":2},{"not_picked":["Combust","Flex"],"picked":"Disarm","floor":4},{"not_picked":["Battle Trance","Armaments"],"picked":"Combust","floor":5},{"not_picked":["Armaments","Havoc"],"picked":"Shrug It Off","floor":6},{"not_picked":["Reckless Charge","Dual Wield","Warcry"],"picked":"SKIP","floor":10},{"not_picked":["Sword Boomerang","Dropkick"],"picked":"Combust","floor":13},{"not_picked":["Wild Strike","Thunderclap","Flex"],"picked":"SKIP","floor":14}],"player_experience":467826,"relics_obtained":[{"floor":6,"key":"PreservedInsect"},{"floor":9,"key":"Blue Candle"},{"floor":10,"key":"Charon\u0027s Ashes"}],"event_choices":[{"damage_healed":0,"gold_gain":0,"player_choice":"Rummage","damage_taken":0,"relics_obtained":["WarpedTongs"],"max_hp_gain":0,"max_hp_loss":0,"event_name":"Accursed Blacksmith","floor":3,"gold_loss":0,"cards_obtained":["Pain"]},{"damage_healed":0,"gold_gain":0,"player_choice":"Ignored","damage_taken":0,"max_hp_gain":0,"max_hp_loss":0,"event_name":"Shining Light","floor":11,"gold_loss":0}],"is_beta":false,"boss_relics":[],"items_purged_floors":[8,12],"is_endless":false,"potions_floor_spawned":[4,5,14],"killed_by":"Slime Boss","ascension_level":16}}