{"host":"v3oldak69fx1zt0p","time":1611822176,"event":{"mods":["BaseMod","Downfall","Hermit","Minty Spire (QoL Compilation)","Quick Restart","StSLib","Waifu the Spire","noobMod"],"gold_per_floor":[99,163,338,17,36,36,59,91,120,120,120,130,130,142,160,255,255,255,270,49,75,75,118,143,43,28,67,15,46,46,55,74,178,178,78,98,108,108,143,43,43,43,52,52,90,108,122,122,122,164,41,41,41,41],"floor_reached":55,"language":"ENG","playtime":3594,"items_purged":[],"score":1582,"play_id":"026de4f8-770e-4806-b8f8-141cf63ff889","local_time":"20210128022256","daily_mods":["Hoarder","Heirloom","Flight"],"is_ascension_mode":false,"campfire_choices":[{"data":"DevaForm","floor":1,"key":"SMITH"},{"data":"Echo Form","floor":6,"key":"SMITH"},{"floor":10,"key":"REST"},{"data":"Slimebound:DuplicatedForm","floor":11,"key":"SMITH"},{"data":"Demon Form","floor":18,"key":"SMITH"},{"floor":25,"key":"RECALL"},{"data":"Guardian:ConstructionForm","floor":30,"key":"SMITH"},{"data":"hermit:Determination","floor":35,"key":"SMITH"},{"data":"hermit:Determination","floor":40,"key":"SMITH"},{"data":"expansioncontent:Chronoboost","floor":44,"key":"SMITH"},{"floor":52,"key":"REST"}],"circlet_count":0,"master_deck":["Demon Form+1","Wraith Form v2","Echo Form+1","DevaForm+1","bronze:Verify","Guardian:ConstructionForm+1","Slimebound:DuplicatedForm+1","hexamod:HexaLevel","champ:GladiatorForm","hermit:Strike_Hermit","hermit:Strike_Hermit","hermit:Strike_Hermit","hermit:Strike_Hermit","hermit:Defend_Hermit","hermit:Defend_Hermit","hermit:Defend_Hermit","hermit:Snapshot","hermit:Covet","hermit:Cheat","hermit:Cheat","hermit:Cheat","Doubt","Doubt","Doubt","hermit:Coalescence","hermit:Coalescence","hermit:Coalescence","hermit:Virtue","hermit:Virtue","hermit:Virtue","hermit:SprayPray","hermit:SprayPray","hermit:SprayPray","hermit:Snipe","hermit:Snipe","hermit:Snipe","hermit:Adapt","hermit:Adapt","hermit:Adapt","hermit:ShadowCloak+1","hermit:ShadowCloak+1","hermit:ShadowCloak+1","hermit:Brawl","hermit:Brawl","hermit:Brawl","hermit:Misfire","hermit:Misfire","hermit:Misfire","hermit:Determination+1","hermit:Determination+1","hermit:Determination","hermit:Gestalt+1","hermit:Gestalt+1","hermit:Gestalt+1","hermit:FromBeyond","hermit:FromBeyond","hermit:FromBeyond","hermit:Snipe+1","hermit:Snipe+1","hermit:Snipe+1","downfall:Icky","downfall:Icky","downfall:Icky","expansioncontent:Chronoboost","expansioncontent:Chronoboost","expansioncontent:Chronoboost+1","hermit:Coalescence","hermit:Coalescence","hermit:Coalescence","hermit:Determination+1","hermit:Determination+1","hermit:Determination+1"],"relics":["hermit:ClaspedLocket","ice","FossilizedHelix","Question Card","Mummified Hand","Guardian:PocketSentry","PreservedInsect","Akabeko","CeramicFish","Letter Opener","Ornamental Fan","downfall:HeartBlessingBlue","Bottled Flame","Juzu Bracelet","OrangePellets","Happy Flower","Cursed Key","downfall:HeartBlessingRed","downfall:TeleportStone","Blood Vial","downfall:HeartBlessingGreen","Shuriken","Boot"],"acts_visited":["Exordium","TheCity","TheBeyond","TheEnding"],"potions_floor_usage":[4,5,14,23,28,29,32,33,36,45,45,53,53],"damage_taken":[{"damage":52,"enemies":"Lagavulin Event","floor":2,"turns":7},{"damage":8,"enemies":"downfall:FleeingMerchant","floor":4,"turns":4},{"damage":0,"enemies":"Cultist","floor":5,"turns":4},{"damage":13,"enemies":"Gremlin Nob","floor":8,"turns":6},{"damage":13,"enemies":"3 Sentries","floor":9,"turns":4},{"damage":0,"enemies":"Small Slimes","floor":12,"turns":1},{"damage":15,"enemies":"Jaw Worm","floor":14,"turns":2},{"damage":6,"enemies":"Red Slaver","floor":15,"turns":4},{"damage":47,"enemies":"DF_ARCHETYPE_STREAMLINE","floor":16,"turns":11},{"damage":6,"enemies":"3 Byrds","floor":19,"turns":6},{"damage":12,"enemies":"downfall:FleeingMerchant","floor":20,"turns":4},{"damage":15,"enemies":"Spheric Guardian","floor":21,"turns":3},{"damage":36,"enemies":"Gremlin Leader","floor":23,"turns":4},{"damage":0,"enemies":"downfall:FleeingMerchant","floor":26,"turns":4},{"damage":53,"enemies":"Slavers","floor":27,"turns":5},{"damage":0,"enemies":"downfall:FleeingMerchant","floor":28,"turns":1},{"damage":81,"enemies":"Gremlin Leader","floor":29,"turns":8},{"damage":6,"enemies":"Shelled Parasite and Fungi","floor":32,"turns":3},{"damage":17,"enemies":"IC_MUSHROOM_ARCHETYPE","floor":33,"turns":9},{"damage":83,"enemies":"3 Shapes","floor":36,"turns":3},{"damage":0,"enemies":"Orb Walker","floor":37,"turns":2},{"damage":0,"enemies":"Giant Head","floor":45,"turns":4},{"damage":1,"enemies":"Transient","floor":46,"turns":5},{"damage":45,"enemies":"Writhing Mass","floor":47,"turns":4},{"damage":0,"enemies":"SI_POISON_ARCHETYPE","floor":48,"turns":5},{"damage":57,"enemies":"downfall:CharBossMerchant","floor":50,"turns":8},{"damage":0,"enemies":"downfall:NeowBoss","floor":53,"turns":13},{"damage":42,"enemies":"downfall:NeowBossFinal","floor":54,"turns":8}],"seed_played":"236052956443766906","potions_obtained":[{"floor":2,"key":"Strength Potion"},{"floor":9,"key":"Regen Potion"},{"floor":27,"key":"AttackPotion"},{"floor":29,"key":"Swift Potion"},{"floor":32,"key":"BlessingOfTheForge"},{"floor":33,"key":"AttackPotion"},{"floor":36,"key":"Guardian:BlockOnCardUsePotion"},{"floor":37,"key":"SkillPotion"}],"is_trial":true,"path_per_floor":["R","?","?","$","M","R","T","E","E","R","R","M","?","M","M","B",null,"R","M","$","M","?","E","T","R","$","E","$","E","R","?","M","B",null,"R","M","M","?","T","R","?","?","?","R","E","M","M","B",null,"E","$","R","B","B",null],"character_chosen":"HERMIT","items_purchased":["Mummified Hand","ColorlessPotion","ColorlessPotion","CeramicFish","Juzu Bracelet","OrangePellets","Fruit Juice","DistilledChaos","ColorlessPotion"],"campfire_rested":2,"item_purchase_floors":[4,4,20,20,28,28,28,51,51],"current_hp_per_floor":[75,23,23,15,30,30,30,17,4,26,26,26,26,26,20,53,79,79,88,76,76,76,55,55,65,80,57,62,147,147,147,141,139,187,187,104,104,104,104,104,104,207,207,207,207,207,168,185,220,163,163,227,227,187],"gold":41,"neow_bonus":"","is_daily":false,"chose_seed":false,"campfire_upgraded":8,"win_rate":0.0,"timestamp":1611822176,"path_taken":["R","?","?","?","M","R","T","E","E","R","R","?","?","?","M","BOSS","R","M","$","?","?","E","T","R","?","E","$","E","R","?","M","BOSS","R","M","M","?","T","R","?","?","?","R","E","M","M","BOSS","E","$","R","BOSS","BOSS"],"items_purchased_type":["Relic","Potion","Potion","Relic","Relic","Relic","Potion","Potion","Potion"],"build_version":"2020-12-22","purchased_purges":0,"victory":true,"max_hp_per_floor":[75,75,75,75,75,75,75,75,75,75,75,75,75,75,75,79,79,79,116,121,122,122,130,130,140,145,153,158,171,171,171,174,187,187,187,196,197,197,197,197,197,207,207,207,208,213,218,220,220,227,227,227,233,241],"card_choices":[{"not_picked":["hermit:NoHoldsBarred","hermit:Ricochet","hermit:HighCaliber"],"picked":"hermit:Cheat","floor":2},{"not_picked":["hermit:ItchyTrigger","hermit:Dive","hermit:HighCaliber"],"picked":"hermit:Coalescence","floor":4},{"not_picked":["hermit:Coalescence","hermit:TrackingShot","hermit:WideOpen"],"picked":"hermit:Virtue","floor":5},{"not_picked":["hermit:Vantage","hermit:Glare","hermit:Gambit"],"picked":"hermit:SprayPray","floor":8},{"not_picked":["hermit:Manifest","hermit:NoHoldsBarred","hermit:SprayPray","hermit:Deadeye"],"picked":"SKIP","floor":9},{"not_picked":["hermit:PistolWhip","hermit:Vantage","hermit:WideOpen","hermit:HighCaliber"],"picked":"SKIP","floor":12},{"not_picked":["hermit:Enervate","hermit:LowProfile","hermit:Glare"],"picked":"hermit:Snipe","floor":14},{"not_picked":["hermit:Manifest","hermit:TrackingShot","hermit:Enervate","hermit:PistolWhip"],"picked":"SKIP","floor":15},{"not_picked":["hermit:Magnum","hermit:RoundhouseKick","hermit:FromBeyond"],"picked":"hermit:Adapt","floor":16},{"not_picked":["hermit:Vantage","hermit:DeadMansHand","hermit:Shortfuse+1","hermit:LowProfile"],"picked":"SKIP","floor":19},{"not_picked":["hermit:Horror","hermit:CalledShot+1","hermit:Dive","hermit:Showdown"],"picked":"SKIP","floor":20},{"not_picked":["hermit:Maintenance","hermit:Misfire","hermit:Vantage+1"],"picked":"hermit:ShadowCloak+1","floor":21},{"not_picked":["hermit:DeadMansHand","hermit:Desperado","hermit:EyeOfTheStorm"],"picked":"hermit:Brawl","floor":23},{"not_picked":["hermit:HighNoon","hermit:DeadMansHand","hermit:Grudge","hermit:Ricochet"],"picked":"SKIP","floor":26},{"not_picked":["hermit:LoneWolf","hermit:Desperado","hermit:FromBeyond"],"picked":"hermit:Misfire","floor":27},{"not_picked":["hermit:BodyArmor+1","hermit:Manifest","hermit:WideOpen","hermit:GhostlyPresence+1"],"picked":"SKIP","floor":28},{"not_picked":["hermit:Quickdraw","hermit:BodyArmor+1","hermit:Roughhouse","hermit:GoldenBullet+1"],"picked":"SKIP","floor":29},{"not_picked":["hermit:Ricochet+1","hermit:Shortfuse","hermit:Malice+1"],"picked":"hermit:Gestalt+1","floor":32},{"not_picked":["hermit:Roughhouse","hermit:Gambit","hermit:EternalForm"],"picked":"hermit:FromBeyond","floor":33},{"not_picked":["hermit:Brawl","hermit:Glare","hermit:Ricochet+1"],"picked":"hermit:Snipe+1","floor":36},{"not_picked":["hermit:Showdown+1","hermit:HighCaliber+1","hermit:Vantage+1","hermit:Headshot+1"],"picked":"SKIP","floor":37},{"not_picked":["expansioncontent:GuardianWhirl","expansioncontent:DashGenerateEvil"],"picked":"expansioncontent:Chronoboost","floor":43},{"not_picked":["hermit:Headshot","hermit:Virtue","hermit:Purgatory"],"picked":"hermit:Coalescence","floor":45},{"not_picked":["hermit:Glare","hermit:WideOpen+1","hermit:Coalescence+1","hermit:Combo"],"picked":"SKIP","floor":46},{"not_picked":["hermit:FullyLoaded+1","hermit:Desperado","hermit:Showdown","hermit:HoleUp+1"],"picked":"SKIP","floor":47},{"not_picked":["hermit:BodyArmor+1","hermit:LuckOfTheDraw+1","hermit:HighCaliber"],"picked":"hermit:Determination+1","floor":50}],"player_experience":166267,"relics_obtained":[{"floor":7,"key":"Guardian:PocketSentry"},{"floor":8,"key":"PreservedInsect"},{"floor":9,"key":"Akabeko"},{"floor":23,"key":"Ornamental Fan"},{"floor":27,"key":"Bottled Flame"},{"floor":29,"key":"Happy Flower"},{"floor":39,"key":"Blood Vial"},{"floor":45,"key":"Shuriken"},{"floor":50,"key":"Boot"}],"event_choices":[{"damage_healed":0,"gold_gain":0,"player_choice":"Ignored","damage_taken":0,"max_hp_gain":0,"max_hp_loss":0,"event_name":"NoteForYourself","floor":13,"gold_loss":0},{"damage_healed":0,"gold_gain":0,"player_choice":"Read","damage_taken":0,"max_hp_gain":0,"max_hp_loss":0,"event_name":"The Library","floor":31,"gold_loss":0,"cards_obtained":["hermit:Determination"]},{"cards_removed":["hermit:Defend_Hermit"],"damage_healed":0,"gold_gain":0,"player_choice":"Removed Skill","damage_taken":0,"max_hp_gain":0,"max_hp_loss":0,"event_name":"Falling","floor":41,"gold_loss":0},{"cards_removed":["sneckomod:SerpentMind"],"damage_healed":93,"gold_gain":0,"player_choice":"Offered Rare","damage_taken":0,"max_hp_gain":10,"max_hp_loss":0,"event_name":"Bonfire Elementals","floor":42,"gold_loss":0}],"is_beta":false,"boss_relics":[{"not_picked":["Busted Crown","Snecko Eye"],"picked":"hermit:ClaspedLocket"},{"not_picked":["Pandora\u0027s Box","Runic Dome"],"picked":"Cursed Key"}],"items_purged_floors":[],"is_endless":false,"potions_floor_spawned":[2,9,15,27,29,32,33,36,37],"ascension_level":0}}