{"host":"dcj2yvrgcvh5dl2s","time":1611806152,"event":{"mods":["BaseMod","Bestiary","Better Note","Block Reminder","Colored Powertips","Curses Come First","DeckTracker","Minty Spire (QoL Compilation)","Quick Restart","Rare Cards Sparkle","Relic Stats","StSLib"],"gold_per_floor":[112,187,198,198,348,382,382,405,430,430,474,439,145,170,170,269,269,284,284,101,115,133,133,133],"floor_reached":23,"language":"ENG","playtime":1238,"items_purged":["Doubt","Strike_R"],"score":486,"play_id":"1559d2fa-cea5-49e0-a66c-e98a9d7842e7","local_time":"20210128135552","is_ascension_mode":true,"campfire_choices":[{"data":"Bludgeon","floor":7,"key":"SMITH"},{"data":"Flex","floor":10,"key":"SMITH"},{"floor":15,"key":"REST"}],"circlet_count":0,"master_deck":["AscendersBane","Strike_R","Strike_R","Strike_R","Strike_R","Defend_R","Defend_R","Defend_R","Defend_R","Bash","Flex+1","Sword Boomerang","Bludgeon+1","Sword Boomerang","Flex","Body Slam","Impervious","Disarm","Flex","Shrug It Off","Heavy Blade","Battle Trance"],"relics":["Burning Blood","NeowsBlessing","Bloody Idol","Centennial Puzzle","Pen Nib","Sundial","Oddly Smooth Stone","Cursed Key"],"acts_visited":["Exordium","TheCity"],"potions_floor_usage":[14,14,22],"damage_taken":[{"damage":0,"enemies":"Small Slimes","floor":1,"turns":1},{"damage":0,"enemies":"2 Louse","floor":3,"turns":1},{"damage":0,"enemies":"3 Sentries","floor":6,"turns":2},{"damage":12,"enemies":"Jaw Worm","floor":8,"turns":2},{"damage":40,"enemies":"Lagavulin","floor":11,"turns":4},{"damage":9,"enemies":"2 Fungi Beasts","floor":14,"turns":2},{"damage":54,"enemies":"Hexaghost","floor":16,"turns":6},{"damage":0,"enemies":"Chosen","floor":18,"turns":3},{"damage":18,"enemies":"Shell Parasite","floor":21,"turns":4},{"damage":17,"enemies":"3 Cultists","floor":22,"turns":4},{"damage":57,"enemies":"Slavers","floor":23,"turns":5}],"seed_played":"3628355470126204466","potions_obtained":[{"floor":11,"key":"ColorlessPotion"},{"floor":14,"key":"Fruit Juice"},{"floor":16,"key":"Explosive Potion"},{"floor":21,"key":"ElixirPotion"}],"is_trial":false,"path_per_floor":["M","?","M","?","?","E","R","M","T","R","E","?","$","M","R","B",null,"M","?","$","M","M","E"],"character_chosen":"IRONCLAD","items_purchased":["Oddly Smooth Stone","Flex","Flex","Shrug It Off"],"campfire_rested":1,"item_purchase_floors":[13,13,20,20],"current_hp_per_floor":[74,63,69,68,68,68,68,62,62,62,28,45,45,47,68,20,60,66,66,66,59,53,0,0],"gold":133,"neow_bonus":"THREE_ENEMY_KILL","is_daily":false,"chose_seed":false,"campfire_upgraded":2,"win_rate":0.0,"timestamp":1611806152,"path_taken":["M","?","M","?","?","E","R","M","T","R","E","?","?","M","R","BOSS","M","?","$","M","M","E"],"items_purchased_type":["Relic","Card","Card","Card"],"build_version":"2020-12-22","purchased_purges":2,"victory":false,"max_hp_per_floor":[75,75,75,68,68,68,68,68,68,68,68,68,68,73,73,73,73,73,73,73,73,73,73,73],"relic_stats":{"Centennial Puzzle":[21],"counters":[11,34],"Sundial":[2],"Bloody Idol":10,"Pen Nib":[4],"Cursed Key":0,"obtain_stats":[{"Centennial Puzzle":6,"NeowsBlessing":0,"Golden Idol":4,"Sundial":11,"Bloody Idol":19,"Oddly Smooth Stone":13,"Pen Nib":9,"Cursed Key":17,"Burning Blood":0},{"Centennial Puzzle":3,"NeowsBlessing":0,"Golden Idol":2,"Sundial":5,"Bloody Idol":8,"Oddly Smooth Stone":5,"Pen Nib":4,"Cursed Key":7,"Burning Blood":0},{"Centennial Puzzle":4,"NeowsBlessing":0,"Golden Idol":2,"Sundial":10,"Bloody Idol":21,"Oddly Smooth Stone":10,"Pen Nib":6,"Cursed Key":18,"Burning Blood":0}],"Burning Blood":54},"card_choices":[{"not_picked":["Pommel Strike","Battle Trance"],"picked":"Flex","floor":1},{"not_picked":["Feel No Pain","Ghostly Armor"],"picked":"Sword Boomerang","floor":3},{"not_picked":["Blood for Blood","Battle Trance"],"picked":"Bludgeon","floor":6},{"not_picked":["Perfected Strike","Iron Wave","Havoc"],"picked":"SKIP","floor":8},{"not_picked":["Cleave","Wild Strike"],"picked":"Sword Boomerang","floor":11},{"not_picked":["Perfected Strike","Flame Barrier"],"picked":"Body Slam","floor":14},{"not_picked":["Demon Form","Juggernaut"],"picked":"Impervious","floor":16},{"not_picked":["Wild Strike","Twin Strike"],"picked":"Disarm","floor":18},{"not_picked":["Headbutt","Entrench"],"picked":"Heavy Blade","floor":21},{"not_picked":["Burning Pact+1","Power Through"],"picked":"Battle Trance","floor":22}],"player_experience":2271010,"relics_obtained":[{"floor":6,"key":"Centennial Puzzle"},{"floor":9,"key":"Pen Nib"},{"floor":11,"key":"Sundial"}],"event_choices":[{"damage_healed":0,"gold_gain":75,"player_choice":"Gather Gold","damage_taken":11,"max_hp_gain":0,"max_hp_loss":0,"event_name":"World of Goop","floor":2,"gold_loss":0},{"damage_healed":0,"gold_gain":0,"player_choice":"Lose Max HP","damage_taken":0,"relics_obtained":["Golden Idol"],"max_hp_gain":0,"max_hp_loss":7,"event_name":"Golden Idol","floor":4,"gold_loss":0},{"damage_healed":0,"gold_gain":150,"player_choice":"AGREE","damage_taken":0,"max_hp_gain":0,"max_hp_loss":0,"event_name":"Liars Game","floor":5,"gold_loss":0,"cards_obtained":["Doubt"]},{"damage_healed":17,"gold_gain":0,"player_choice":"Healed","damage_taken":0,"max_hp_gain":0,"max_hp_loss":0,"event_name":"The Cleric","floor":12,"gold_loss":35},{"damage_healed":0,"gold_gain":0,"player_choice":"Gave Idol","damage_taken":0,"relics_obtained":["Bloody Idol"],"max_hp_gain":0,"max_hp_loss":0,"event_name":"Forgotten Altar","floor":19,"relics_lost":["Golden Idol"],"gold_loss":0}],"is_beta":false,"boss_relics":[{"not_picked":["Sozu","Philosopher\u0027s Stone"],"picked":"Cursed Key"}],"items_purged_floors":[13,20],"is_endless":false,"potions_floor_spawned":[11,14,16,21],"killed_by":"Slavers","ascension_level":19}}