{"host":"Troy","time":1611871318,"event":{"mods":["BaseMod","Colored Map","Highlight Path","Minty Spire (QoL Compilation)","Permanent Neow"],"gold_per_floor":[112,122,122,122,138,138,165,177,202,202,228,247,261,277,277,379,379,390,390,390,404,417,431,8,39,62,89,89,105,134,152,152,250,250,261,261,261,271,284,284,312,326,326,361,374,389,399,399,399,399,399,399,30,61,61],"floor_reached":56,"language":"ENG","playtime":3558,"items_purged":["Strike_G"],"score":1365,"play_id":"84a6c55a-0fc1-4f94-90c7-6baae30daf60","local_time":"20210128170158","is_ascension_mode":false,"campfire_choices":[{"data":"Phantasmal Killer","floor":6.0,"key":"SMITH"},{"data":"Dash","floor":10.0,"key":"SMITH"},{"data":"Noxious Fumes","floor":15.0,"key":"SMITH"},{"data":"Wraith Form v2","floor":28.0,"key":"SMITH"},{"data":"Blade Dance","floor":32.0,"key":"SMITH"},{"data":"Ghostly","floor":40.0,"key":"SMITH"},{"floor":49,"key":"RECALL"},{"data":"Burst","floor":52,"key":"SMITH"}],"circlet_count":0,"master_deck":["Strike_G","Defend_G+1","Defend_G","Defend_G","Defend_G","Defend_G","Survivor+1","Neutralize","Quick Slash","Dagger Spray","Phantasmal Killer+1","Well Laid Plans","Catalyst","Dash+1","Noxious Fumes+1","Poisoned Stab","Blade Dance+1","Blade Dance","Wraith Form v2+1","Infinite Blades","Ghostly+1","Ghostly","Ghostly","Ghostly","Ghostly","Slice","Outmaneuver","Envenom","Accuracy","Backflip","Bouncing Flask+1","Acrobatics","Burst+1","Catalyst","Endless Agony+1","Escape Plan","Terror+1","Reflex","Acrobatics+1","Discovery","Tools of the Trade","Prepared"],"relics":["Black Star","Pen Nib","War Paint","Happy Flower","Mercury Hourglass","Toy Ornithopter","WristBlade","Potion Belt","Lee\u0027s Waffle","Strawberry","Bottled Flame","Bag of Marbles","Red Mask","Bag of Preparation","Nunchaku","Coffee Dripper","Tough Bandages","Lantern","Snake Skull","Orichalcum","Cauldron","Boot","Vajra"],"acts_visited":["Exordium","TheCity","TheBeyond","TheEnding"],"potions_floor_usage":[50,55,55,55],"damage_taken":[{"damage":0.0,"enemies":"2 Louse","floor":1.0,"turns":2.0},{"damage":0.0,"enemies":"Small Slimes","floor":2.0,"turns":3.0},{"damage":0.0,"enemies":"Jaw Worm","floor":5.0,"turns":3.0},{"damage":35.0,"enemies":"Gremlin Nob","floor":7.0,"turns":4.0},{"damage":7.0,"enemies":"Blue Slaver","floor":8.0,"turns":3.0},{"damage":4.0,"enemies":"3 Sentries","floor":11.0,"turns":7.0},{"damage":5.0,"enemies":"Looter","floor":12.0,"turns":3.0},{"damage":0.0,"enemies":"Exordium Wildlife","floor":13.0,"turns":2.0},{"damage":0.0,"enemies":"Lots of Slimes","floor":14.0,"turns":1.0},{"damage":11.0,"enemies":"The Guardian","floor":16.0,"turns":9.0},{"damage":5.0,"enemies":"Spheric Guardian","floor":18.0,"turns":3.0},{"damage":2.0,"enemies":"2 Thieves","floor":21.0,"turns":4.0},{"damage":3.0,"enemies":"Snake Plant","floor":22.0,"turns":5.0},{"damage":0.0,"enemies":"Snecko","floor":23.0,"turns":6.0},{"damage":1.0,"enemies":"Book of Stabbing","floor":25.0,"turns":6.0},{"damage":3.0,"enemies":"Masked Bandits","floor":27.0,"turns":5.0},{"damage":1.0,"enemies":"Cultist and Chosen","floor":29.0,"turns":4.0},{"damage":16.0,"enemies":"Slavers","floor":30.0,"turns":7.0},{"damage":1.0,"enemies":"Centurion and Healer","floor":31.0,"turns":4.0},{"damage":7.0,"enemies":"Automaton","floor":33.0,"turns":8.0},{"damage":0.0,"enemies":"3 Shapes","floor":35.0,"turns":5.0},{"damage":0.0,"enemies":"Orb Walker","floor":38.0,"turns":1.0},{"damage":2.0,"enemies":"Transient","floor":39.0,"turns":5.0},{"damage":3.0,"enemies":"Nemesis","floor":41.0,"turns":3.0},{"damage":0.0,"enemies":"Sphere and 2 Shapes","floor":42.0,"turns":5.0},{"damage":16.0,"enemies":"Reptomancer","floor":44.0,"turns":4.0},{"damage":0.0,"enemies":"Maw","floor":45.0,"turns":5.0},{"damage":0.0,"enemies":"3 Darklings","floor":46.0,"turns":3.0},{"damage":0.0,"enemies":"Jaw Worm Horde","floor":47.0,"turns":4.0},{"damage":0,"enemies":"Time Eater","floor":50,"turns":7},{"damage":0,"enemies":"Shield and Spear","floor":54,"turns":5},{"damage":42,"enemies":"The Heart","floor":55,"turns":7}],"seed_played":"5610854704701365815","potions_obtained":[{"floor":2.0,"key":"SkillPotion"},{"floor":7.0,"key":"AttackPotion"},{"floor":8.0,"key":"CunningPotion"},{"floor":12.0,"key":"SpeedPotion"},{"floor":14.0,"key":"Explosive Potion"},{"floor":16.0,"key":"EssenceOfSteel"},{"floor":21.0,"key":"Explosive Potion"},{"floor":22.0,"key":"Energy Potion"},{"floor":23.0,"key":"Ancient Potion"},{"floor":27.0,"key":"CunningPotion"},{"floor":30.0,"key":"Fire Potion"},{"floor":33.0,"key":"Poison Potion"},{"floor":35.0,"key":"Explosive Potion"},{"floor":39.0,"key":"CunningPotion"},{"floor":45.0,"key":"Fire Potion"},{"floor":46.0,"key":"GhostInAJar"},{"floor":53,"key":"GhostInAJar"},{"floor":53,"key":"SteroidPotion"},{"floor":53,"key":"SteroidPotion"}],"is_trial":false,"path_per_floor":["M","M","?","?","M","R","E","M","T","R","E","M","M","M","R","B",null,"M","?","?","M","M","M","$","E","T","?","R","M","E","M","R","B",null,"M","?","?","M","M","R","E","M","T","E","M","M","M","?","R","B",null,"R","$","E","B",null],"character_chosen":"THE_SILENT","items_purchased":["Potion Belt","Lee\u0027s Waffle","Accuracy","Block Potion","Cauldron","Tools of the Trade"],"campfire_rested":0,"item_purchase_floors":[24,24,24,24,53,53],"current_hp_per_floor":[70,70,70,63,63,63,28,21,21,21,17,12,12,17,17,16,70,65,35,31,29,26,31,47,53,53,50,50,54,38,37,37,30,54,54,54,54,54,52,52,51,51,51,38,38,38,38,38,38,43,54,54,54,54,12],"gold":61,"neow_bonus":"BOSS_RELIC","is_daily":false,"chose_seed":false,"campfire_upgraded":7,"win_rate":0.0,"timestamp":1611871318,"path_taken":["M","M","?","?","M","R","E","M","T","R","E","M","M","M","R","BOSS","M","?","?","M","M","M","?","E","T","?","R","M","E","M","R","BOSS","M","?","?","M","M","R","E","M","T","E","?","M","M","?","R","BOSS","R","$","E","BOSS"],"items_purchased_type":["Relic","Relic","Card","Potion","Relic","Card"],"build_version":"2020-12-18","purchased_purges":1,"victory":true,"max_hp_per_floor":[70,70,70,70,70,70,70,70,70,70,70,70,70,70,70,70,70,70,35,40,40,40,40,47,54,54,54,54,54,54,54,54,54,54,54,54,54,54,54,54,54,54,54,54,54,54,54,54,54,54,54,54,54,54,54],"card_choices":[{"not_picked":["Acrobatics","Escape Plan"],"picked":"Quick Slash","floor":1.0},{"not_picked":["Flechettes","Sucker Punch"],"picked":"Dagger Spray","floor":2.0},{"not_picked":["Footwork","Deflect"],"picked":"Well Laid Plans","floor":5.0},{"not_picked":["Sucker Punch","PiercingWail"],"picked":"Catalyst","floor":7.0},{"not_picked":["Bane","Tactician"],"picked":"Dash","floor":8.0},{"not_picked":["Blur","Storm of Steel"],"picked":"Noxious Fumes","floor":11.0},{"not_picked":["Bane","Quick Slash"],"picked":"Poisoned Stab","floor":12.0},{"not_picked":["Expertise","Endless Agony"],"picked":"Blade Dance","floor":13.0},{"not_picked":["Flying Knee","Unload"],"picked":"Blade Dance","floor":14.0},{"not_picked":["Night Terror","Unload"],"picked":"Wraith Form v2","floor":16.0},{"not_picked":["Cloak And Dagger","Choke+1"],"picked":"Infinite Blades","floor":18.0},{"not_picked":["Deflect","Backflip"],"picked":"Slice","floor":21.0},{"not_picked":["Quick Slash+1","Deadly Poison"],"picked":"Outmaneuver","floor":22.0},{"not_picked":["Acrobatics","Bane"],"picked":"Envenom","floor":23.0},{"not_picked":["Predator","Calculated Gamble"],"picked":"Backflip","floor":25.0},{"not_picked":["Poisoned Stab","Expertise"],"picked":"Bouncing Flask+1","floor":27.0},{"not_picked":["Flying Knee","Poisoned Stab+1","Flechettes"],"picked":"SKIP","floor":29.0},{"not_picked":["Predator","Sucker Punch","Acrobatics"],"picked":"SKIP","floor":30.0},{"not_picked":["Predator","Sucker Punch"],"picked":"Acrobatics","floor":30.0},{"not_picked":["Cloak And Dagger","Deadly Poison","Flying Knee"],"picked":"SKIP","floor":31.0},{"not_picked":["Storm of Steel","Die Die Die"],"picked":"Burst","floor":33.0},{"not_picked":["Dagger Spray+1","Dagger Throw","Riddle With Holes"],"picked":"SKIP","floor":35.0},{"not_picked":["Distraction+1","Noxious Fumes+1"],"picked":"Catalyst","floor":38.0},{"not_picked":["Deflect","PiercingWail+1"],"picked":"Endless Agony+1","floor":39.0},{"not_picked":["Dagger Spray+1","Dodge and Roll+1","Poisoned Stab+1"],"picked":"SKIP","floor":41.0},{"not_picked":["PiercingWail","Predator+1"],"picked":"Escape Plan","floor":42.0},{"not_picked":["Outmaneuver","Deflect+1"],"picked":"Terror+1","floor":44.0},{"not_picked":["Infinite Blades","PiercingWail+1"],"picked":"Reflex","floor":45.0},{"not_picked":["Backflip+1","Flying Knee"],"picked":"Acrobatics+1","floor":46.0},{"not_picked":["Eviscerate+1","Poisoned Stab","Dagger Throw"],"picked":"SKIP","floor":47.0},{"not_picked":["Purity","Metamorphosis"],"picked":"Discovery","floor":48},{"not_picked":["A Thousand Cuts","Bouncing Flask+1"],"picked":"Prepared","floor":54}],"player_experience":4097239,"relics_obtained":[{"floor":7.0,"key":"Pen Nib"},{"floor":7.0,"key":"War Paint"},{"floor":9.0,"key":"Happy Flower"},{"floor":11.0,"key":"Mercury Hourglass"},{"floor":11.0,"key":"Toy Ornithopter"},{"floor":25.0,"key":"Strawberry"},{"floor":25.0,"key":"Bottled Flame"},{"floor":26.0,"key":"Bag of Marbles"},{"floor":27.0,"key":"Red Mask"},{"floor":30.0,"key":"Bag of Preparation"},{"floor":30.0,"key":"Nunchaku"},{"floor":41.0,"key":"Tough Bandages"},{"floor":41.0,"key":"Lantern"},{"floor":44.0,"key":"Snake Skull"},{"floor":44.0,"key":"Orichalcum"},{"floor":54,"key":"Boot"},{"floor":54,"key":"Vajra"}],"event_choices":[{"damage_healed":0.0,"max_hp_gain":0.0,"max_hp_loss":0.0,"gold_gain":0.0,"cards_transformed":["Strike_G"],"event_name":"Living Wall","player_choice":"Change","floor":3.0,"gold_loss":0.0,"damage_taken":0.0,"cards_obtained":["Phantasmal Killer"]},{"cards_removed":["Strike_G"],"damage_healed":0.0,"max_hp_gain":0.0,"max_hp_loss":0.0,"gold_gain":0.0,"event_name":"Golden Wing","player_choice":"Card Removal","floor":4.0,"gold_loss":0.0,"damage_taken":7.0},{"damage_healed":0.0,"max_hp_gain":0.0,"max_hp_loss":35.0,"gold_gain":0.0,"event_name":"Ghosts","player_choice":"Became a Ghost","floor":19.0,"gold_loss":0.0,"damage_taken":0.0,"cards_obtained":["Ghostly","Ghostly","Ghostly","Ghostly","Ghostly"]},{"damage_healed":0.0,"max_hp_gain":5.0,"max_hp_loss":0.0,"gold_gain":0.0,"event_name":"Forgotten Altar","player_choice":"Shed Blood","floor":20.0,"gold_loss":0.0,"damage_taken":9.0},{"damage_healed":0.0,"max_hp_gain":0.0,"max_hp_loss":0.0,"gold_gain":0.0,"event_name":"Masked Bandits","player_choice":"Fought Bandits","floor":27.0,"gold_loss":0.0,"damage_taken":0.0},{"cards_removed":["Strike_G"],"damage_healed":0.0,"max_hp_gain":0.0,"max_hp_loss":0.0,"gold_gain":0.0,"event_name":"Falling","player_choice":"Removed Attack","floor":36.0,"gold_loss":0.0,"damage_taken":0.0},{"damage_healed":0.0,"max_hp_gain":0.0,"max_hp_loss":0.0,"gold_gain":0.0,"event_name":"SecretPortal","player_choice":"Ignored","floor":37.0,"gold_loss":0.0,"damage_taken":0.0},{"damage_healed":0,"gold_gain":0,"player_choice":"Memory 1","damage_taken":0,"max_hp_gain":0,"max_hp_loss":0,"event_name":"SensoryStone","floor":48,"gold_loss":0}],"is_beta":true,"boss_relics":[{"not_picked":["Runic Dome","Busted Crown"],"picked":"WristBlade"},{"not_picked":["Philosopher\u0027s Stone","Runic Pyramid"],"picked":"Coffee Dripper"}],"items_purged_floors":[53],"is_endless":false,"potions_floor_spawned":[2,7,8,12,14,16,21,22,23,27,30,33,35,39,45,46],"ascension_level":0}}