{"host":"vx9g5eyuglzorf3u","time":1611847507,"event":{"mods":["2.2 Compatiblity","BaseMod","DeckTracker","Keyboard Shortcuts","Minty Spire (QoL Compilation)","Relic Stats","StSLib","SuperFastMode","everything is the same but u backflip on backflip"],"gold_per_floor":[118,128,128,146,146,146,146,2,2,2,21,56,75,110,110,203,266,282,90,136,155,155,196,196,215,215,231,249,249,268,154,154,247,247,266,297,572,591,111,111,111,111,111],"floor_reached":42,"language":"KOR","playtime":1151,"items_purged":["Strike_R","Strike_R","Regret"],"score":977,"play_id":"9239f00a-67ee-453a-9e2a-cc2e41a7089e","local_time":"20210129002507","is_ascension_mode":true,"campfire_choices":[{"data":"Immolate","floor":6.0,"key":"SMITH"},{"floor":15.0,"key":"DIG"},{"floor":24.0,"key":"REST"},{"floor":29.0,"key":"DIG"},{"data":"Evolve","floor":32.0,"key":"SMITH"},{"floor":40,"key":"REST"}],"circlet_count":0,"master_deck":["AscendersBane","Strike_R","Defend_R+1","Defend_R","Defend_R+1","Defend_R","Bash","Immolate+1","Thunderclap","Dropkick","Feel No Pain","Flash of Steel","Pommel Strike","Double Tap+1","Dropkick","Fiend Fire","Shrug It Off","Fire Breathing","Battle Trance","Armaments+1","Evolve+1","Burning Pact","Warcry+1"],"relics":["Burning Blood","Golden Idol","Bag of Preparation","Sundial","CultistMask","War Paint","Shovel","The Courier","Tiny House","Boot","Centennial Puzzle","Pantograph","Eternal Feather","SacredBark","Du-Vu Doll","TungstenRod","PreservedInsect"],"acts_visited":["Exordium","TheCity","TheBeyond"],"potions_floor_usage":[],"damage_taken":[{"damage":7.0,"enemies":"Jaw Worm","floor":1.0,"turns":3.0},{"damage":0.0,"enemies":"Cultist","floor":2.0,"turns":2.0},{"damage":0.0,"enemies":"2 Louse","floor":4.0,"turns":1.0},{"damage":13.0,"enemies":"Large Slime","floor":11.0,"turns":3.0},{"damage":8.0,"enemies":"Gremlin Nob","floor":12.0,"turns":3.0},{"damage":0.0,"enemies":"Lots of Slimes","floor":13.0,"turns":2.0},{"damage":19.0,"enemies":"Lagavulin","floor":14.0,"turns":6.0},{"damage":12.0,"enemies":"Hexaghost","floor":16.0,"turns":6.0},{"damage":36.0,"enemies":"2 Thieves","floor":18.0,"turns":3.0},{"damage":16.0,"enemies":"3 Byrds","floor":21.0,"turns":4.0},{"damage":0.0,"enemies":"Slavers","floor":23.0,"turns":1.0},{"damage":6.0,"enemies":"3 Cultists","floor":25.0,"turns":3.0},{"damage":3.0,"enemies":"Centurion and Healer","floor":27.0,"turns":3.0},{"damage":21.0,"enemies":"Chosen and Byrds","floor":28.0,"turns":5.0},{"damage":0.0,"enemies":"Cultist and Chosen","floor":30.0,"turns":2.0},{"damage":72.0,"enemies":"Collector","floor":33.0,"turns":7.0},{"damage":17.0,"enemies":"3 Shapes","floor":35.0,"turns":4.0},{"damage":0.0,"enemies":"Mind Bloom Boss Battle","floor":36.0,"turns":5.0},{"damage":78,"enemies":"3 Darklings","floor":38,"turns":4},{"damage":44,"enemies":"Nemesis","floor":42,"turns":6}],"seed_played":"-8371746236141590679","potions_obtained":[{"floor":4.0,"key":"Strength Potion"},{"floor":12.0,"key":"Ancient Potion"},{"floor":16.0,"key":"SpeedPotion"},{"floor":17.0,"key":"Energy Potion"},{"floor":23.0,"key":"LiquidMemories"},{"floor":27.0,"key":"PowerPotion"},{"floor":30.0,"key":"Block Potion"}],"is_trial":false,"path_per_floor":["M","M","?","M","?","R","?","$","T","?","M","E","M","E","R","B",null,"M","$","T","M","?","E","R","M","T","M","M","R","M","$","R","B",null,"M","?","?","M","$","R","?","E"],"character_chosen":"IRONCLAD","items_purchased":["Flash of Steel","SteroidPotion","Fiend Fire","Evolve","TungstenRod","PreservedInsect"],"campfire_rested":2,"item_purchase_floors":[8,8,19,31,39,39],"current_hp_per_floor":[67,73,73,75,49,49,44,44,44,44,37,35,41,28,28,22,67,37,37,37,27,15,21,45,45,45,48,33,33,39,39,51,10,63,52,80,80,8,8,44,44,0,0],"gold":111,"neow_bonus":"ONE_RANDOM_RARE_CARD","is_daily":false,"chose_seed":false,"campfire_upgraded":2,"win_rate":0.0,"timestamp":1611847507,"path_taken":["M","M","?","?","?","R","?","$","T","?","M","E","M","E","R","BOSS","M","$","?","M","?","E","R","M","T","M","?","R","M","$","R","BOSS","M","?","?","?","$","R","?","E"],"items_purchased_type":["Card","Potion","Card","Card","Relic","Relic"],"build_version":"2020-12-22","purchased_purges":3,"victory":false,"max_hp_per_floor":[75,75,75,75,75,75,75,75,75,75,75,75,75,75,75,75,80,80,80,80,80,80,80,80,80,80,80,80,80,80,80,80,80,80,80,80,80,80,80,80,80,80,80],"relic_stats":{"counters":[20,73],"Golden Idol":124,"Eternal Feather":24,"PreservedInsect":50,"Bag of Preparation":[34],"War Paint":["Defend_R","Defend_R"],"Boot":[58],"Burning Blood":107,"Centennial Puzzle":[21],"Shovel":2,"Sundial":[18],"Pantograph":50,"obtain_stats":[{"Tiny House":17,"Golden Idol":5,"SacredBark":34,"Eternal Feather":29,"The Courier":15,"PreservedInsect":39,"Bag of Preparation":7,"War Paint":12,"Boot":20,"Burning Blood":0,"Du-Vu Doll":36,"Centennial Puzzle":23,"Shovel":14,"Sundial":9,"Pantograph":26,"CultistMask":10,"TungstenRod":39},{"Tiny House":8,"Golden Idol":3,"SacredBark":16,"Eternal Feather":14,"The Courier":7,"PreservedInsect":19,"Bag of Preparation":3,"War Paint":5,"Boot":9,"Burning Blood":0,"Du-Vu Doll":18,"Centennial Puzzle":11,"Shovel":7,"Sundial":3,"Pantograph":12,"CultistMask":3,"TungstenRod":19},{"Tiny House":26,"Golden Idol":6,"SacredBark":54,"Eternal Feather":45,"The Courier":20,"PreservedInsect":67,"Bag of Preparation":6,"War Paint":12,"Boot":29,"Burning Blood":0,"Du-Vu Doll":63,"Centennial Puzzle":34,"Shovel":20,"Sundial":6,"Pantograph":37,"CultistMask":6,"TungstenRod":67}],"TungstenRod":8},"card_choices":[{"not_picked":["Thunderclap","Entrench","Clash"],"picked":"SKIP","floor":1.0},{"not_picked":["Entrench","Clash"],"picked":"Thunderclap","floor":1.0},{"not_picked":["Flame Barrier","Searing Blow"],"picked":"Dropkick","floor":2.0},{"not_picked":["Flex","Reckless Charge"],"picked":"Feel No Pain","floor":4.0},{"not_picked":["Iron Wave","Rupture"],"picked":"Pommel Strike","floor":11.0},{"not_picked":["Cleave","Iron Wave"],"picked":"Double Tap","floor":12.0},{"not_picked":["Body Slam","Heavy Blade"],"picked":"Dropkick","floor":13.0},{"not_picked":["Shrug It Off","Armaments","Feel No Pain"],"picked":"SKIP","floor":14.0},{"not_picked":["Flame Barrier","Thunderclap","Wild Strike"],"picked":"SKIP","floor":18.0},{"not_picked":["Iron Wave","Combust"],"picked":"Shrug It Off","floor":21.0},{"not_picked":["Clash","Metallicize","Wild Strike"],"picked":"SKIP","floor":23.0},{"not_picked":["Carnage","Shrug It Off"],"picked":"Fire Breathing","floor":25.0},{"not_picked":["Armaments","Hemokinesis"],"picked":"Battle Trance","floor":27.0},{"not_picked":["Havoc+1","Impervious"],"picked":"Armaments+1","floor":28.0},{"not_picked":["Wild Strike+1","Headbutt+1","Searing Blow"],"picked":"SKIP","floor":30.0},{"not_picked":["Perfected Strike","Dropkick","Armaments+1"],"picked":"SKIP","floor":35.0},{"not_picked":["Heavy Blade","Entrench"],"picked":"Burning Pact","floor":36.0},{"not_picked":["Armaments","Pummel"],"picked":"Warcry+1","floor":38}],"player_experience":1490735,"relics_obtained":[{"floor":9.0,"key":"Sundial"},{"floor":12.0,"key":"War Paint"},{"floor":14.0,"key":"Shovel"},{"floor":15.0,"key":"The Courier"},{"floor":20.0,"key":"Boot"},{"floor":23.0,"key":"Centennial Puzzle"},{"floor":26.0,"key":"Pantograph"},{"floor":29.0,"key":"Eternal Feather"},{"floor":36.0,"key":"Du-Vu Doll"}],"event_choices":[{"cards_removed":["Strike_R"],"damage_healed":0.0,"max_hp_gain":0.0,"max_hp_loss":0.0,"gold_gain":0.0,"event_name":"Bonfire Elementals","player_choice":"Offered Basic","floor":3.0,"gold_loss":0.0,"damage_taken":0.0},{"damage_healed":0.0,"max_hp_gain":0.0,"max_hp_loss":0.0,"gold_gain":0.0,"event_name":"Golden Idol","player_choice":"Take Damage","floor":5.0,"gold_loss":0.0,"damage_taken":26.0,"relics_obtained":["Golden Idol"]},{"damage_healed":0.0,"max_hp_gain":0.0,"max_hp_loss":0.0,"gold_gain":0.0,"event_name":"Scrap Ooze","player_choice":"Success","floor":7.0,"gold_loss":0.0,"damage_taken":5.0,"relics_obtained":["Bag of Preparation"]},{"damage_healed":0.0,"max_hp_gain":0.0,"max_hp_loss":0.0,"gold_gain":0.0,"event_name":"FaceTrader","player_choice":"Trade","floor":10.0,"gold_loss":0.0,"damage_taken":0.0,"relics_obtained":["CultistMask"]},{"damage_healed":0.0,"max_hp_gain":0.0,"max_hp_loss":0.0,"gold_gain":0.0,"event_name":"Wheel of Change","player_choice":"Damaged","floor":22.0,"gold_loss":0.0,"damage_taken":12.0},{"damage_healed":0.0,"max_hp_gain":0.0,"max_hp_loss":0.0,"gold_gain":0.0,"event_name":"MindBloom","player_choice":"Fight","floor":36.0,"gold_loss":0.0,"damage_taken":0.0},{"damage_healed":0.0,"max_hp_gain":0.0,"max_hp_loss":0.0,"gold_gain":275.0,"event_name":"Golden Shrine","player_choice":"Desecrate","floor":37.0,"gold_loss":0.0,"damage_taken":0.0,"cards_obtained":["Regret"]},{"cards_removed":["Strike_R"],"damage_healed":0,"gold_gain":0,"player_choice":"Card Removal","damage_taken":0,"max_hp_gain":0,"max_hp_loss":0,"event_name":"Wheel of Change","floor":41,"gold_loss":0}],"is_beta":false,"boss_relics":[{"not_picked":["Mark of Pain","Runic Dome"],"picked":"Tiny House"},{"not_picked":["Sozu","Velvet Choker"],"picked":"SacredBark"}],"items_purged_floors":[19,31,39],"is_endless":false,"potions_floor_spawned":[4,12,13,14,16,18,23,27,30],"killed_by":"Nemesis","ascension_level":20}}