{"host":"qtqz1b21ag9kfmyj","time":1611807033,"event":{"mods":["BaseMod","Better Third Choice","Block Reminder","Hermit","Minty Spire (QoL Compilation)","StSLib","The Bug Knight","The Cursed","The Exalted","The Necromancer","The Servant 0.9.4"],"gold_per_floor":[115,128,105,125,125,125,150,150,173,25,44,59,76,92,92,190,190,176,176,191,191,47,47,80,80,80],"floor_reached":25,"language":"ENG","playtime":1495,"items_purged":[],"score":223,"play_id":"eb898184-4a4e-450a-954d-1634823e1b4f","local_time":"20210127221033","is_ascension_mode":false,"campfire_choices":[{"data":"Bromod:SeismicWave","floor":6,"key":"SMITH"},{"floor":8,"key":"REST"},{"floor":15,"key":"REST"},{"data":"Bromod:Frostbite","floor":23,"key":"SMITH"}],"circlet_count":0,"master_deck":["Bromod:Strike_Bro","Bromod:Strike_Bro","Bromod:Defend_Bro","Bromod:Defend_Bro","Bromod:Defend_Bro","Bromod:Defend_Bro","Bromod:SlashDash","Bromod:SlashDash","Bromod:SlashDash","Bromod:SteelCharge","Bromod:BloodRush","Bromod:ShatteringImpact","Bromod:SeismicWave+1","Bromod:Vitality","Bromod:RendingStrike","Bromod:ToxicFlight","Bromod:PointStrike","Bromod:BodyCount","Bromod:FinishingTouch","Bromod:Frostbite+1","Bromod:VoltaicStrike","CurseOfTheBell","Bromod:BodyCount+1","Bromod:ArchwingLauncher","Bromod:FastHands+1"],"relics":["Bromod:Ordis","Bromod:AscarisDevice","NeowsBlessing","Blood Vial","MealTicket","Calling Bell","Oddly Smooth Stone","White Beast Statue","Lizard Tail","Bromod:DecayingDragonKey","Bromod:HobbledDragonKey","Bromod:ArcaneConsequence","Vajra"],"acts_visited":["Exordium","TheCity"],"potions_floor_usage":[13,13,16,25],"damage_taken":[{"damage":0,"enemies":"Cultist","floor":1,"turns":1},{"damage":0,"enemies":"2 Louse","floor":2,"turns":1},{"damage":0,"enemies":"Jaw Worm","floor":4,"turns":1},{"damage":16,"enemies":"3 Sentries","floor":7,"turns":4},{"damage":14,"enemies":"Red Slaver","floor":11,"turns":5},{"damage":4,"enemies":"3 Louse","floor":12,"turns":5},{"damage":15,"enemies":"Gremlin Gang","floor":13,"turns":5},{"damage":9,"enemies":"2 Fungi Beasts","floor":14,"turns":3},{"damage":27,"enemies":"The Guardian","floor":16,"turns":12},{"damage":31,"enemies":"2 Thieves","floor":18,"turns":5},{"damage":61,"enemies":"Centurion and Healer","floor":20,"turns":8},{"damage":73,"enemies":"Book of Stabbing","floor":24,"turns":7},{"damage":62,"enemies":"Cultist and Chosen","floor":25,"turns":6}],"seed_played":"-367412145610670672","potions_obtained":[{"floor":4,"key":"Strength Potion"},{"floor":7,"key":"Bromod:HealthRestore"},{"floor":12,"key":"Regen Potion"},{"floor":13,"key":"Dexterity Potion"},{"floor":14,"key":"FairyPotion"},{"floor":18,"key":"Ancient Potion"},{"floor":20,"key":"Block Potion"}],"is_trial":false,"path_per_floor":["M","M","$","M","?","R","E","R","T","$","M","M","M","M","R","B",null,"M","?","M","?","$","R","E","M"],"character_chosen":"THE_EXALTED","items_purchased":["Bromod:ShatteringImpact","Bromod:ToxicFlight","Bromod:ArcaneConsequence"],"campfire_rested":2,"item_purchase_floors":[3,10,22],"current_hp_per_floor":[75,75,75,75,75,75,59,75,75,75,61,59,59,52,74,48,75,44,44,14,75,75,75,2,0,0],"gold":80,"neow_bonus":"THREE_ENEMY_KILL","is_daily":false,"chose_seed":false,"campfire_upgraded":2,"win_rate":0.0,"timestamp":1611807033,"path_taken":["M","M","$","M","?","R","E","R","T","?","M","M","M","M","R","BOSS","M","?","M","?","$","R","E","?"],"items_purchased_type":["Card","Card","Relic"],"build_version":"2020-12-22","purchased_purges":0,"victory":false,"max_hp_per_floor":[75,75,75,75,75,75,75,75,75,75,75,75,75,75,75,75,75,75,75,75,75,75,75,75,75,75],"card_choices":[{"not_picked":["Bromod:Foundry","Bromod:RelentlessCombination"],"picked":"Bromod:SteelCharge","floor":1},{"not_picked":["Bromod:SlipMagazine","Bromod:RadialBlind"],"picked":"Bromod:BloodRush","floor":2},{"not_picked":["Bromod:SteelFiber","Bromod:SpeedTrigger"],"picked":"Bromod:SeismicWave","floor":4},{"not_picked":["Bromod:SlipMagazine","Bromod:SlashDash"],"picked":"Bromod:RendingStrike","floor":7},{"not_picked":["Bromod:ShatteringImpact","Bromod:Foundry"],"picked":"Bromod:PointStrike","floor":11},{"not_picked":["Bromod:PointStrike","Bromod:RelentlessCombination"],"picked":"Bromod:BodyCount","floor":12},{"not_picked":["Bromod:Serration","Bromod:OrganShatter"],"picked":"Bromod:FinishingTouch","floor":13},{"not_picked":["Bromod:TacticalPump","Bromod:BodyCount"],"picked":"Bromod:Frostbite","floor":14},{"not_picked":["Bromod:JaggedEdge","Bromod:LifeStrike"],"picked":"Bromod:VoltaicStrike","floor":16},{"not_picked":["Bromod:FinishingTouch","Bromod:OrganShatter"],"picked":"Bromod:BodyCount+1","floor":18},{"not_picked":["Bromod:Foundry","Bromod:BodyCount"],"picked":"Bromod:ArchwingLauncher","floor":20},{"not_picked":["Bromod:SlipMagazine","Bromod:Foundry"],"picked":"Bromod:FastHands+1","floor":24}],"player_experience":147859,"relics_obtained":[{"floor":7,"key":"Blood Vial"},{"floor":9,"key":"MealTicket"},{"floor":17,"key":"Oddly Smooth Stone"},{"floor":17,"key":"White Beast Statue"},{"floor":17,"key":"Lizard Tail"},{"floor":24,"key":"Vajra"}],"event_choices":[{"damage_healed":0,"gold_gain":0,"cards_transformed":["Bromod:Strike_Bro"],"player_choice":"Transformed","damage_taken":0,"max_hp_gain":0,"max_hp_loss":0,"event_name":"Transmorgrifier","floor":5,"gold_loss":0,"cards_obtained":["Bromod:Vitality"]},{"damage_healed":61,"gold_gain":0,"player_choice":"Full Heal","damage_taken":0,"max_hp_gain":0,"max_hp_loss":0,"event_name":"Wheel of Change","floor":21,"gold_loss":0}],"is_beta":false,"boss_relics":[{"not_picked":["Velvet Choker","Tiny House"],"picked":"Calling Bell"}],"items_purged_floors":[],"is_endless":false,"potions_floor_spawned":[4,7,12,13,14,18,20,24],"killed_by":"Cultist and Chosen","ascension_level":0}}