{"host":"c52z9ixzgdjttcmx","time":1611852375,"event":{"mods":["BaseMod","Colored Powertips","Downfall","Filter the Spire","Minty Spire (QoL Compilation)","Rare Cards Sparkle","Relic Stats","StSLib"],"gold_per_floor":[114,130,280,291,46,46,100,100,100,173,244,306,306,357,357,432,432,497,497,59,96,112,171,171,207,207,207,207,251,3,3,3,80,80,118,193,235,46,46,46,109,109,161,177,202,234,274,290,290,290,290],"floor_reached":50,"language":"ENG","playtime":2709,"items_purged":["Doubt","Pain","Strike_G"],"score":925,"play_id":"89cf2068-29fc-4362-b144-57a59d0709e1","local_time":"20210128104615","is_ascension_mode":true,"campfire_choices":[{"data":"HandOfGreed","floor":6,"key":"SMITH"},{"data":"1","floor":8,"key":"LIFT"},{"floor":13,"key":"REST"},{"floor":15,"key":"REST"},{"data":"2","floor":24,"key":"LIFT"},{"floor":28,"key":"REST"},{"floor":32,"key":"REST"},{"floor":40,"key":"REST"},{"data":"3","floor":42,"key":"LIFT"},{"data":"Night Terror","floor":49,"key":"SMITH"}],"circlet_count":0,"master_deck":["AscendersBane","Strike_G","Strike_G","Strike_G","Strike_G","Defend_G","Defend_G","Defend_G","Defend_G+1","Defend_G","Survivor","Neutralize","Cloak And Dagger+1","Sucker Punch","Quick Slash","Backstab","HandOfGreed+1","Deadly Poison","Heel Hook","Escape Plan","Prepared","Die Die Die","Backstab","Footwork","Dagger Spray+1","Dodge and Roll+1","Venomology","Sucker Punch+1","Calculated Gamble","Night Terror+1","PiercingWail+1","Backflip","All Out Attack+1","Accuracy","Backflip","Dagger Spray+1","Crippling Poison","Riddle With Holes+1","Quick Slash+1","Poisoned Stab+1","Poisoned Stab+1"],"relics":["Ring of the Serpent","Girya","Unceasing Top","Odd Mushroom","Blood Vial","Busted Crown","WarpedTongs","Membership Card","Molten Egg 2","War Paint","Potion Belt","Snake Skull","Nunchaku","Happy Flower","Toy Ornithopter","Du-Vu Doll","Mummified Hand","Blue Candle","Oddly Smooth Stone","Torii","Eternal Feather"],"acts_visited":["Exordium","TheCity","TheBeyond"],"potions_floor_usage":[7,11,16,23,25,25,33,33,33,41,41,41,44,44,45,45,45,46,46,48,48,50,50,50],"damage_taken":[{"damage":0,"enemies":"2 Louse","floor":1,"turns":4},{"damage":3,"enemies":"Jaw Worm","floor":2,"turns":4},{"damage":0,"enemies":"Cultist","floor":4,"turns":4},{"damage":15,"enemies":"Lagavulin","floor":7,"turns":6},{"damage":9,"enemies":"The Mushroom Lair","floor":11,"turns":4},{"damage":3,"enemies":"Large Slime","floor":12,"turns":5},{"damage":19,"enemies":"3 Sentries","floor":14,"turns":11},{"damage":40,"enemies":"The Guardian","floor":16,"turns":12},{"damage":6,"enemies":"3 Byrds","floor":18,"turns":5},{"damage":11,"enemies":"2 Thieves","floor":21,"turns":3},{"damage":2,"enemies":"Chosen and Byrds","floor":22,"turns":3},{"damage":12,"enemies":"Gremlin Leader","floor":23,"turns":6},{"damage":10,"enemies":"Sentry and Sphere","floor":25,"turns":4},{"damage":15,"enemies":"3 Cultists","floor":29,"turns":6},{"damage":38,"enemies":"Champ","floor":33,"turns":15},{"damage":0,"enemies":"Orb Walker","floor":35,"turns":3},{"damage":23,"enemies":"2 Orb Walkers","floor":36,"turns":5},{"damage":10,"enemies":"3 Darklings","floor":37,"turns":5},{"damage":1,"enemies":"4 Shapes","floor":41,"turns":9},{"damage":17,"enemies":"Spire Growth","floor":44,"turns":5},{"damage":3,"enemies":"Mind Bloom Boss Battle","floor":45,"turns":7},{"damage":1,"enemies":"Nemesis","floor":46,"turns":5},{"damage":3,"enemies":"Sphere and 2 Shapes","floor":47,"turns":3},{"damage":9,"enemies":"Transient","floor":48,"turns":5},{"damage":77,"enemies":"Time Eater","floor":50,"turns":5}],"seed_played":"-2127651493108423679","potions_obtained":[{"floor":2,"key":"Explosive Potion"},{"floor":7,"key":"DistilledChaos"},{"floor":11,"key":"PowerPotion"},{"floor":16,"key":"Block Potion"},{"floor":23,"key":"LiquidMemories"},{"floor":25,"key":"SteroidPotion"},{"floor":29,"key":"ColorlessPotion"},{"floor":37,"key":"Dexterity Potion"},{"floor":44,"key":"Dexterity Potion"},{"floor":46,"key":"AttackPotion"}],"is_trial":false,"path_per_floor":["M","M","?","M","$","R","E","R","T","?","?","M","R","E","R","B",null,"M","?","$","M","M","E","R","M","T","?","R","M","$","T","R","B",null,"M","?","M","$","?","R","M","R","T","M","?","E","M","M","R","B"],"character_chosen":"THE_SILENT","items_purchased":["HandOfGreed","Membership Card","Footwork","Molten Egg 2","War Paint","Dagger Spray+1","Nunchaku","Happy Flower","Calculated Gamble","Mummified Hand","Accuracy","Backflip"],"campfire_rested":5,"item_purchase_floors":[5,20,20,20,20,20,30,30,30,38,38,38],"current_hp_per_floor":[59,56,56,56,56,56,41,41,41,41,32,29,48,29,48,10,52,48,48,48,39,39,29,29,21,21,15,34,21,21,21,40,19,54,56,35,27,27,22,41,57,57,57,49,63,65,63,66,66,0,0],"gold":290,"neow_bonus":"THREE_CARDS","is_daily":false,"chose_seed":false,"campfire_upgraded":2,"win_rate":0.0,"timestamp":1611852375,"path_taken":["M","M","?","M","$","R","E","R","T","?","?","M","R","E","R","BOSS","M","?","$","M","?","E","R","M","T","?","R","M","$","?","R","BOSS","M","?","M","$","?","R","M","R","T","M","?","E","M","M","R","BOSS"],"items_purchased_type":["Card","Relic","Card","Relic","Relic","Card","Relic","Relic","Card","Relic","Card","Card"],"build_version":"2020-12-22","purchased_purges":3,"victory":false,"max_hp_per_floor":[66,66,66,66,66,66,66,66,66,66,66,66,66,66,66,66,66,66,66,66,66,66,66,66,66,66,66,66,66,66,66,66,66,66,66,66,66,66,66,66,66,66,66,66,66,66,66,66,66,66,66],"relic_stats":{"Happy Flower":[22],"Torii":4,"counters":[25,144],"Blue Candle":[0],"Eternal Feather":0,"Snake Skull":[18],"War Paint":["Cloak And Dagger","Defend_G"],"WarpedTongs":[86],"Blood Vial":33,"Nunchaku":[17],"Busted Crown":32,"Mummified Hand":[13],"obtain_stats":[{"Potion Belt":23,"Girya":7,"Happy Flower":30,"Torii":45,"Blue Candle":39,"Oddly Smooth Stone":43,"Eternal Feather":46,"Snake Skull":26,"Odd Mushroom":11,"War Paint":20,"WarpedTongs":19,"Blood Vial":14,"Du-Vu Doll":36,"Nunchaku":30,"Busted Crown":17,"Mummified Hand":38,"Molten Egg 2":20,"Membership Card":20,"Unceasing Top":9,"Toy Ornithopter":31,"Ring of the Serpent":34,"Ring of the Snake":0},{"Potion Belt":12,"Girya":4,"Happy Flower":14,"Torii":21,"Blue Candle":18,"Oddly Smooth Stone":19,"Eternal Feather":22,"Snake Skull":13,"Odd Mushroom":5,"War Paint":9,"WarpedTongs":9,"Blood Vial":7,"Du-Vu Doll":17,"Nunchaku":14,"Busted Crown":8,"Mummified Hand":18,"Molten Egg 2":9,"Membership Card":9,"Unceasing Top":4,"Toy Ornithopter":14,"Ring of the Serpent":15,"Ring of the Snake":0},{"Potion Belt":67,"Girya":18,"Happy Flower":77,"Torii":126,"Blue Candle":105,"Oddly Smooth Stone":114,"Eternal Feather":131,"Snake Skull":71,"Odd Mushroom":22,"War Paint":55,"WarpedTongs":55,"Blood Vial":38,"Du-Vu Doll":100,"Nunchaku":77,"Busted Crown":50,"Mummified Hand":105,"Molten Egg 2":55,"Membership Card":55,"Unceasing Top":18,"Toy Ornithopter":77,"Ring of the Serpent":92,"Ring of the Snake":0}],"Unceasing Top":[26],"Toy Ornithopter":68},"card_choices":[{"not_picked":["Blade Dance","Quick Slash"],"picked":"Cloak And Dagger","floor":0},{"not_picked":["Cloak And Dagger","Slice"],"picked":"Sucker Punch","floor":1},{"not_picked":["Choke","Expertise"],"picked":"Quick Slash","floor":2},{"not_picked":["Heel Hook","Infinite Blades"],"picked":"Backstab","floor":4},{"not_picked":["Dodge and Roll","Endless Agony"],"picked":"Deadly Poison","floor":7},{"not_picked":["Deflect","Deadly Poison"],"picked":"Heel Hook","floor":11},{"not_picked":["Outmaneuver","Finisher"],"picked":"Escape Plan","floor":12},{"not_picked":["Flying Knee","Riddle With Holes"],"picked":"Prepared","floor":14},{"not_picked":["Wraith Form v2","Tools of the Trade"],"picked":"Die Die Die","floor":16},{"not_picked":[],"picked":"Backstab","floor":18},{"not_picked":["Outmaneuver"],"picked":"SKIP","floor":21},{"not_picked":[],"picked":"Dodge and Roll+1","floor":22},{"not_picked":[],"picked":"Venomology","floor":23},{"not_picked":[],"picked":"Sucker Punch+1","floor":25},{"not_picked":["Dodge and Roll"],"picked":"SKIP","floor":29},{"not_picked":[],"picked":"Night Terror","floor":33},{"not_picked":[],"picked":"PiercingWail+1","floor":35},{"not_picked":[],"picked":"Backflip","floor":36},{"not_picked":[],"picked":"All Out Attack+1","floor":37},{"not_picked":[],"picked":"Dagger Spray+1","floor":41},{"not_picked":[],"picked":"Crippling Poison","floor":44},{"not_picked":[],"picked":"Riddle With Holes+1","floor":45},{"not_picked":[],"picked":"Quick Slash+1","floor":46},{"not_picked":[],"picked":"Poisoned Stab+1","floor":47},{"not_picked":[],"picked":"Poisoned Stab+1","floor":48}],"player_experience":3368294,"relics_obtained":[{"floor":7,"key":"Girya"},{"floor":9,"key":"Unceasing Top"},{"floor":11,"key":"Odd Mushroom"},{"floor":14,"key":"Blood Vial"},{"floor":23,"key":"Potion Belt"},{"floor":26,"key":"Snake Skull"},{"floor":31,"key":"Toy Ornithopter"},{"floor":36,"key":"Du-Vu Doll"},{"floor":43,"key":"Oddly Smooth Stone"},{"floor":45,"key":"Torii"},{"floor":46,"key":"Eternal Feather"}],"event_choices":[{"damage_healed":0,"gold_gain":150,"player_choice":"AGREE","damage_taken":0,"max_hp_gain":0,"max_hp_loss":0,"event_name":"Liars Game","floor":3,"gold_loss":0,"cards_obtained":["Doubt"]},{"damage_healed":0,"gold_gain":73,"player_choice":"Gained Gold","damage_taken":0,"max_hp_gain":0,"max_hp_loss":0,"event_name":"Golden Wing","floor":10,"gold_loss":0},{"damage_healed":0,"gold_gain":0,"player_choice":"Fought Mushrooms","damage_taken":0,"max_hp_gain":0,"max_hp_loss":0,"event_name":"Mushrooms","floor":11,"gold_loss":0},{"damage_healed":0,"gold_gain":0,"player_choice":"Rummage","damage_taken":0,"relics_obtained":["WarpedTongs"],"max_hp_gain":0,"max_hp_loss":0,"event_name":"Accursed Blacksmith","floor":19,"gold_loss":0,"cards_obtained":["Pain"]},{"damage_healed":0,"gold_gain":0,"player_choice":"","damage_taken":6,"max_hp_gain":0,"max_hp_loss":0,"event_name":"Knowing Skull","floor":27,"potions_obtained":[],"gold_loss":0,"cards_obtained":[]},{"damage_healed":0,"gold_gain":0,"player_choice":"Fight","damage_taken":0,"max_hp_gain":0,"max_hp_loss":0,"event_name":"Mysterious Sphere","floor":36,"gold_loss":0},{"damage_healed":0,"gold_gain":0,"player_choice":"Fight","damage_taken":0,"max_hp_gain":0,"max_hp_loss":0,"event_name":"MindBloom","floor":45,"gold_loss":0}],"is_beta":false,"boss_relics":[{"not_picked":["SacredBark","Runic Pyramid"],"picked":"Busted Crown"},{"not_picked":["Runic Dome","bronze:MakeshiftBattery"],"picked":"Ring of the Serpent"}],"items_purged_floors":[5,20,30],"is_endless":false,"potions_floor_spawned":[2,7,11,16,23,25,29,37,44,46],"killed_by":"Time Eater","ascension_level":15}}