{"host":"6bsan6hkua32tfq7","time":1611870497,"event":{"mods":["BaseMod","Better Third Choice","Colored Map","Highlight Path","Minty Spire (QoL Compilation)","StSLib"],"gold_per_floor":[109,122,142,152,23,23,36,71,119,119,139,168,168,193,193,267,267,284,302,302,17,17,17,74,74,129,129,129,129,164,114,114,216,216,235,235,278,62,81,116,116,136,189,189,189,202,244,261,261,261,261],"floor_reached":50,"language":"ENG","playtime":6254,"items_purged":["Defend_G","Strike_G","Writhe","Strike_G"],"score":1135,"play_id":"09f8dbd2-0ff9-4f0e-84b0-89691d11e930","local_time":"20210128224817","is_ascension_mode":true,"campfire_choices":[{"data":"Dagger Spray","floor":6.0,"key":"SMITH"},{"floor":10.0,"key":"REST"},{"floor":13.0,"key":"REST"},{"data":"Catalyst","floor":15.0,"key":"SMITH"},{"data":"HandOfGreed","floor":23.0,"key":"SMITH"},{"floor":25.0,"key":"REST"},{"data":"Malaise","floor":27.0,"key":"SMITH"},{"data":"PiercingWail","floor":29.0,"key":"SMITH"},{"data":"Neutralize","floor":32.0,"key":"SMITH"},{"floor":41,"key":"REST"},{"floor":45,"key":"REST"},{"floor":49,"key":"REST"}],"circlet_count":0,"master_deck":["AscendersBane","Strike_G","Strike_G","Strike_G","Defend_G","Defend_G","Defend_G","Defend_G","Survivor","Neutralize+1","Crippling Poison","Dagger Spray+1","Dagger Spray","Noxious Fumes","Flying Knee","Noxious Fumes","Dagger Spray","PiercingWail+1","Catalyst+1","Escape Plan","Malaise+1","Deflect","Concentrate","HandOfGreed+1","Underhanded Strike","Dagger Spray","Acrobatics","Wraith Form v2","Catalyst","Footwork+1","Catalyst","Well Laid Plans+1","PiercingWail"],"relics":["Runic Pyramid","Regal Pillow","Dream Catcher","Pantograph","Happy Flower","Velvet Choker","MealTicket","Paper Crane","WingedGreaves","Blood Vial","Tingsha","Smiling Mask","Fusion Hammer","Orrery","Lantern"],"acts_visited":["Exordium","TheCity","TheBeyond"],"potions_floor_usage":[39,47,50,50],"damage_taken":[{"damage":2.0,"enemies":"Jaw Worm","floor":1.0,"turns":6.0},{"damage":0.0,"enemies":"Cultist","floor":2.0,"turns":4.0},{"damage":0.0,"enemies":"Small Slimes","floor":3.0,"turns":3.0},{"damage":9.0,"enemies":"2 Fungi Beasts","floor":4.0,"turns":2.0},{"damage":13.0,"enemies":"Blue Slaver","floor":7.0,"turns":3.0},{"damage":20.0,"enemies":"3 Sentries","floor":8.0,"turns":5.0},{"damage":0.0,"enemies":"3 Louse","floor":11.0,"turns":1.0},{"damage":27.0,"enemies":"Gremlin Nob","floor":12.0,"turns":4.0},{"damage":20.0,"enemies":"Lagavulin","floor":14.0,"turns":7.0},{"damage":47.0,"enemies":"The Guardian","floor":16.0,"turns":10.0},{"damage":0.0,"enemies":"3 Byrds","floor":18.0,"turns":3.0},{"damage":18.0,"enemies":"Shell Parasite","floor":19.0,"turns":5.0},{"damage":43.0,"enemies":"Gremlin Leader","floor":24.0,"turns":7.0},{"damage":19.0,"enemies":"Slavers","floor":30.0,"turns":5.0},{"damage":37.0,"enemies":"Champ","floor":33.0,"turns":15.0},{"damage":11.0,"enemies":"Orb Walker","floor":35.0,"turns":4.0},{"damage":11,"enemies":"3 Shapes","floor":37,"turns":4},{"damage":17,"enemies":"Writhing Mass","floor":39,"turns":7},{"damage":49,"enemies":"Giant Head","floor":40,"turns":10},{"damage":33,"enemies":"Transient","floor":42,"turns":6},{"damage":9,"enemies":"Maw","floor":46,"turns":7},{"damage":28,"enemies":"Sphere and 2 Shapes","floor":47,"turns":5},{"damage":0,"enemies":"Writhing Mass","floor":48,"turns":6},{"damage":84,"enemies":"Awakened One","floor":50,"turns":9}],"seed_played":"5045484031481796727","potions_obtained":[{"floor":2.0,"key":"Poison Potion"},{"floor":3.0,"key":"Explosive Potion"},{"floor":8.0,"key":"DistilledChaos"},{"floor":11.0,"key":"Dexterity Potion"},{"floor":24.0,"key":"GhostInAJar"},{"floor":30.0,"key":"ColorlessPotion"},{"floor":33.0,"key":"Fire Potion"},{"floor":37,"key":"DuplicationPotion"},{"floor":40,"key":"LiquidBronze"},{"floor":48,"key":"GamblersBrew"}],"is_trial":false,"path_per_floor":["M","M","M","M","$","R","M","E","T","R","M","E","R","E","R","B",null,"M","M","?","$","T","R","E","R","T","R","?","R","E","$","R","B",null,"M","?","M","$","M","E","R","M","T","?","R","M","M","M","R","B"],"character_chosen":"THE_SILENT","items_purchased":["Flying Knee","HandOfGreed","Orrery"],"campfire_rested":6,"item_purchase_floors":[5,21,38],"current_hp_per_floor":[57,57,57,48,48,48,35,15,15,49,49,22,56,36,36,14,53,53,35,35,50,50,50,7,41,41,41,41,41,24,39,39,29,57,48,66,55,66,49,2,36,5,5,5,39,32,6,8,42,0,0],"gold":261,"neow_bonus":"BOSS_RELIC","is_daily":false,"chose_seed":false,"campfire_upgraded":6,"win_rate":0.0,"timestamp":1611870497,"path_taken":["M","M","M","M","$","R","M","E","T","R","M","E","R","E","R","BOSS","M","M","?","$","?","R","E","R","T","R","?","R","E","$","R","BOSS","M","?","M","$","?","E","R","M","T","?","R","M","M","M","R","BOSS"],"items_purchased_type":["Card","Card","Relic"],"build_version":"2020-12-22","purchased_purges":4,"victory":false,"max_hp_per_floor":[66,66,66,66,66,66,66,66,66,66,66,66,66,66,66,66,66,66,66,66,66,66,66,66,66,66,66,66,66,66,66,66,66,66,66,66,66,66,66,66,66,66,66,66,66,66,66,66,66,66,66],"card_choices":[{"not_picked":["Blade Dance","Predator"],"picked":"Crippling Poison","floor":1.0},{"not_picked":["Dagger Throw","Blur"],"picked":"Dagger Spray","floor":2.0},{"not_picked":["Dagger Throw","After Image"],"picked":"Dagger Spray","floor":3.0},{"not_picked":["Eviscerate","Expertise"],"picked":"Noxious Fumes","floor":4.0},{"not_picked":["Dodge and Roll","Cloak And Dagger"],"picked":"Flechettes","floor":7.0},{"not_picked":["Poisoned Stab","Well Laid Plans"],"picked":"Noxious Fumes","floor":8.0},{"not_picked":["Bane","Poisoned Stab"],"picked":"Dagger Spray","floor":10.0},{"not_picked":["Dodge and Roll","Deadly Poison"],"picked":"PiercingWail","floor":11.0},{"not_picked":["Backflip","Acrobatics","Caltrops"],"picked":"SKIP","floor":12.0},{"not_picked":["PiercingWail","Underhanded Strike"],"picked":"Catalyst","floor":13.0},{"not_picked":["Blur","Backflip"],"picked":"Escape Plan","floor":14.0},{"not_picked":["Venomology","Unload"],"picked":"Malaise","floor":16.0},{"not_picked":["Accuracy","Dodge and Roll"],"picked":"Deflect","floor":18.0},{"not_picked":["Flying Knee","Quick Slash"],"picked":"Concentrate","floor":19.0},{"not_picked":["Bane","Expertise"],"picked":"Underhanded Strike","floor":24.0},{"not_picked":["Blur","Skewer"],"picked":"Dagger Spray","floor":25.0},{"not_picked":["Outmaneuver+1","Poisoned Stab"],"picked":"Acrobatics","floor":30.0},{"not_picked":["Die Die Die","A Thousand Cuts"],"picked":"Wraith Form v2","floor":33.0},{"not_picked":["Sucker Punch+1","Expertise","Deflect"],"picked":"SKIP","floor":35},{"not_picked":["Backflip","All Out Attack","Sucker Punch+1"],"picked":"SKIP","floor":37},{"not_picked":["Dodge and Roll","Distraction"],"picked":"Catalyst","floor":38},{"not_picked":["Escape Plan","Skewer"],"picked":"Footwork+1","floor":38},{"not_picked":["Cloak And Dagger","Acrobatics","Bane"],"picked":"SKIP","floor":39},{"not_picked":["Grand Finale","Expertise","Cloak And Dagger"],"picked":"SKIP","floor":40},{"not_picked":["Outmaneuver","Dagger Throw+1"],"picked":"Catalyst","floor":41},{"not_picked":["Tactician","Bane","Flying Knee"],"picked":"SKIP","floor":42},{"not_picked":["Riddle With Holes","Choke+1","Escape Plan+1"],"picked":"SKIP","floor":46},{"not_picked":["Riddle With Holes","Dagger Throw+1","Bullet Time"],"picked":"SKIP","floor":47},{"not_picked":["Noxious Fumes","Dagger Spray+1"],"picked":"Well Laid Plans+1","floor":48},{"not_picked":["Skewer","Deflect"],"picked":"PiercingWail","floor":49}],"player_experience":5331447,"relics_obtained":[{"floor":8.0,"key":"Regal Pillow"},{"floor":9.0,"key":"Dream Catcher"},{"floor":12.0,"key":"Pantograph"},{"floor":14.0,"key":"Happy Flower"},{"floor":20.0,"key":"MealTicket"},{"floor":22.0,"key":"Paper Crane"},{"floor":24.0,"key":"WingedGreaves"},{"floor":26.0,"key":"Blood Vial"},{"floor":30.0,"key":"Smiling Mask"},{"floor":40,"key":"Lantern"}],"event_choices":[{"damage_healed":0.0,"max_hp_gain":0.0,"max_hp_loss":0.0,"gold_gain":0.0,"event_name":"Wheel of Change","player_choice":"Relic","floor":20.0,"gold_loss":0.0,"damage_taken":0.0},{"damage_healed":0.0,"max_hp_gain":0.0,"max_hp_loss":0.0,"gold_gain":0.0,"event_name":"The Mausoleum","player_choice":"Opened","floor":28.0,"gold_loss":0.0,"damage_taken":0.0,"relics_obtained":["Tingsha"],"cards_obtained":["Writhe"]},{"cards_removed":["Flechettes"],"damage_healed":18,"gold_gain":0,"player_choice":"Offered Uncommon","damage_taken":0,"max_hp_gain":0,"max_hp_loss":0,"event_name":"Bonfire Elementals","floor":36,"gold_loss":0},{"damage_healed":0,"gold_gain":0,"player_choice":"Memory 1","damage_taken":0,"max_hp_gain":0,"max_hp_loss":0,"event_name":"SensoryStone","floor":44,"gold_loss":0}],"is_beta":false,"boss_relics":[{"not_picked":["SlaversCollar","WristBlade"],"picked":"Velvet Choker"},{"not_picked":["Cursed Key","Black Star"],"picked":"Fusion Hammer"}],"items_purged_floors":[5,21,31,38],"is_endless":false,"potions_floor_spawned":[2,3,8,11,14,24,30,33,37,40,48],"killed_by":"Awakened One","ascension_level":20}}