{"host":"ptk1shuto3uimndw","time":1611859117,"event":{"mods":["AchievementEnabler","BaseMod","Bestiary","Colored Map","Colored Powertips","Curses Come First","Minty Spire (QoL Compilation)","Quick Restart","Rare Cards Sparkle","Relic Stats","StSLib","Uncapped"],"gold_per_floor":[113,113,63,80,80,105,105,120,120,131,34,44,44,79,79,180,180,194,194,207,219,134,134,159,159],"floor_reached":24,"language":"ENG","playtime":508,"items_purged":[],"score":295,"play_id":"6639c30f-1305-41c6-adf6-85da7c3279e5","local_time":"20210128193837","is_ascension_mode":true,"campfire_choices":[{"data":"FlurryOfBlows","floor":7,"key":"SMITH"},{"data":"MasterReality","floor":13,"key":"SMITH"},{"data":"Eruption","floor":15,"key":"SMITH"},{"data":"FlurryOfBlows","floor":23,"key":"SMITH"}],"circlet_count":0,"master_deck":["Strike_P+1","Strike_P+1","Defend_P","Defend_P","Defend_P","Defend_P","Eruption+1","Vigilance","FlurryOfBlows+1","ReachHeaven","ClearTheMind","WheelKick","MasterReality+1","Evaluate","MentalFortress","EmptyFist","Wish","FlurryOfBlows+1","MentalFortress","InnerPeace","Meditate"],"relics":["Coffee Dripper","Darkstone Periapt","Bronze Scales","Gremlin Horn","Runic Pyramid","Orichalcum"],"acts_visited":["Exordium","TheCity"],"potions_floor_usage":[],"damage_taken":[{"damage":0,"enemies":"Jaw Worm","floor":1,"turns":4},{"damage":0,"enemies":"Small Slimes","floor":4,"turns":2},{"damage":0,"enemies":"Lagavulin","floor":6,"turns":3},{"damage":0,"enemies":"Cultist","floor":8,"turns":2},{"damage":0,"enemies":"3 Louse","floor":10,"turns":3},{"damage":8,"enemies":"Red Slaver","floor":12,"turns":3},{"damage":4,"enemies":"3 Sentries","floor":14,"turns":5},{"damage":0,"enemies":"Slime Boss","floor":16,"turns":4},{"damage":5,"enemies":"Chosen","floor":18,"turns":3},{"damage":0,"enemies":"Spheric Guardian","floor":20,"turns":2},{"damage":32,"enemies":"Snake Plant","floor":21,"turns":3},{"damage":0,"enemies":"Centurion and Healer","floor":24,"turns":2}],"seed_played":"1353027202691885798","potions_obtained":[{"floor":10,"key":"GamblersBrew"},{"floor":14,"key":"Dexterity Potion"}],"is_trial":false,"path_per_floor":["M","?","?","M","?","E","R","M","T","M","$","M","R","E","R","B",null,"M","?","M","M","?","R","M"],"character_chosen":"WATCHER","items_purchased":["Evaluate","MentalFortress"],"campfire_rested":0,"item_purchase_floors":[11,11],"current_hp_per_floor":[72,58,58,58,58,58,58,58,58,58,58,50,50,46,46,46,72,67,67,67,35,35,35,35,35],"gold":159,"neow_bonus":"BOSS_RELIC","is_daily":false,"chose_seed":false,"campfire_upgraded":4,"win_rate":0.0,"timestamp":1611859117,"path_taken":["M","?","?","M","?","E","R","?","T","M","?","M","R","E","R","BOSS","M","?","?","M","?","R","M"],"items_purchased_type":["Card","Card"],"build_version":"2020-12-22","purchased_purges":0,"victory":false,"max_hp_per_floor":[72,72,72,72,72,72,72,72,72,72,72,72,72,72,72,72,72,72,72,72,72,72,72,72,72],"relic_stats":{"Darkstone Periapt":0,"Gremlin Horn":[1,1],"counters":[12,36],"Bronze Scales":[51],"Orichalcum":[6],"obtain_stats":[{"Darkstone Periapt":6,"Gremlin Horn":14,"Bronze Scales":9,"Coffee Dripper":0,"PureWater":0,"Orichalcum":22,"Runic Pyramid":17},{"Darkstone Periapt":3,"Gremlin Horn":7,"Bronze Scales":4,"Coffee Dripper":0,"PureWater":0,"Orichalcum":11,"Runic Pyramid":8},{"Darkstone Periapt":9,"Gremlin Horn":22,"Bronze Scales":11,"Coffee Dripper":0,"PureWater":0,"Orichalcum":34,"Runic Pyramid":26}]},"card_choices":[{"not_picked":["PathToVictory","LikeWater"],"picked":"FlurryOfBlows","floor":1},{"not_picked":["WreathOfFlame","Halt"],"picked":"ReachHeaven","floor":4},{"not_picked":["Wallop","SashWhip"],"picked":"ClearTheMind","floor":6},{"not_picked":["WaveOfTheHand","Pray"],"picked":"WheelKick","floor":8},{"not_picked":["Meditate","Weave"],"picked":"MasterReality","floor":10},{"not_picked":["Prostrate","SashWhip","PathToVictory"],"picked":"SKIP","floor":12},{"not_picked":["BowlingBash","EmptyBody"],"picked":"EmptyFist","floor":14},{"not_picked":["DevaForm","Brilliance"],"picked":"Wish","floor":16},{"not_picked":["Nirvana","CarveReality"],"picked":"FlurryOfBlows","floor":18},{"not_picked":["Halt","WheelKick"],"picked":"InnerPeace","floor":20},{"not_picked":["WaveOfTheHand+1","WindmillStrike"],"picked":"Meditate","floor":21}],"player_experience":231328,"relics_obtained":[{"floor":6,"key":"Darkstone Periapt"},{"floor":9,"key":"Bronze Scales"},{"floor":14,"key":"Gremlin Horn"}],"event_choices":[{"damage_healed":0,"gold_gain":0,"player_choice":"Entered Light","damage_taken":14,"max_hp_gain":0,"max_hp_loss":0,"event_name":"Shining Light","floor":2,"gold_loss":0,"cards_upgraded":["Strike_P","Strike_P"]},{"cards_removed":["Strike_P"],"damage_healed":0,"gold_gain":0,"player_choice":"Card Removal","damage_taken":0,"max_hp_gain":0,"max_hp_loss":0,"event_name":"The Cleric","floor":3,"gold_loss":50},{"cards_removed":["Strike_P"],"damage_healed":0,"gold_gain":0,"player_choice":"Forget","damage_taken":0,"max_hp_gain":0,"max_hp_loss":0,"event_name":"Living Wall","floor":5,"gold_loss":0},{"damage_healed":0,"gold_gain":0,"player_choice":"Copied","damage_taken":0,"max_hp_gain":0,"max_hp_loss":0,"event_name":"Duplicator","floor":19,"gold_loss":0,"cards_obtained":["MentalFortress"]},{"damage_healed":0,"gold_gain":0,"player_choice":"Obtained Relic","damage_taken":0,"relics_obtained":["Orichalcum"],"max_hp_gain":0,"max_hp_loss":0,"event_name":"Addict","floor":22,"gold_loss":85}],"is_beta":false,"boss_relics":[{"not_picked":["Fusion Hammer","Ectoplasm"],"picked":"Runic Pyramid"}],"items_purged_floors":[],"is_endless":false,"potions_floor_spawned":[10,14],"killed_by":"Centurion and Healer","ascension_level":1}}