{"host":"fr3ip57hl52y255p","time":1611827393,"event":{"mods":["Act Like it!","Arknights The Spire","BaseMod","Challenge The Spire","Colored Powertips","Downfall","Good Game Mod","Luminous","Mari Mod (Legacy)","Mari\u0027s V1 Patch","Minty Spire (QoL Compilation)","READ ME - Guardian Mod","Relic Filter Mod","Relic Stats","StSLib","The Cursed","The Hierophant","[GremlinLeader]The Maniac"],"gold_per_floor":[114,124,199,149,165,165,90,109,132,132,132,132,143,170,170,274,274,289,389,87,115,28,28,28,28,28,28,38,38,55,68,68,163,163,180,180,455,471,496,496,496,496],"floor_reached":41,"language":"ZHS","playtime":3201,"items_purged":["TheCursedMod:Defend_TheCursed"],"score":689,"play_id":"97c28bf8-97f9-46e3-9206-50a84e4c49d4","local_time":"20210128174953","is_ascension_mode":true,"campfire_choices":[{"data":"TheCursedMod:DemonicPact","floor":6.0,"key":"SMITH"},{"data":"TheCursedMod:CleanUpWorkshop","floor":10.0,"key":"SMITH"},{"data":"TheCursedMod:SpitefulPlan","floor":12.0,"key":"SMITH"},{"data":"TheCursedMod:Stretching","floor":15.0,"key":"SMITH"},{"data":"TheCursedMod:Strike_TheCursed","floor":23.0,"key":"PURGE"},{"data":"TheCursedMod:CircleOfAmplification","floor":25.0,"key":"SMITH"},{"data":"TheCursedMod:ManaCirculation","floor":27.0,"key":"SMITH"},{"data":"TheCursedMod:Defend_TheCursed","floor":29.0,"key":"PURGE"},{"floor":32.0,"key":"REST"},{"data":"TheCursedMod:Defend_TheCursed","floor":40.0,"key":"PURGE"}],"circlet_count":0,"master_deck":["TheCursedMod:Strike_TheCursed","TheCursedMod:Defend_TheCursed","TheCursedMod:CursedWand","TheCursedMod:CleanUpWorkshop+1","TheCursedMod:Dregs","TheCursedMod:DemonicPact+1","TheCursedMod:ReleasedStrength","TheCursedMod:SpitefulPlan+1","TheCursedMod:ManaCirculation+1","TheCursedMod:Stretching+1","TheCursedMod:CircleOfAbyss","TheCursedMod:CircleOfAmplification+1","Clumsy","Regret","TheCursedMod:EmpowerCircles","Enlightenment","TheCursedMod:CursedShiv","TheCursedMod:CollectTribute","downfall:Icky","Doubt","TheCursedMod:Grudge+1","TheCursedMod:LuckyCharm+1","Regret"],"relics":["TheCursedMod:BlackMagic101","REME:ComplimentaryCards","Oddly Smooth Stone","Singing Bowl","Bronze Scales","TheCursedMod:FourLeafCloverCharm","Du-Vu Doll","Peace Pipe","Red Mask","Meat on the Bone","Astrolabe","Blood Vial"],"acts_visited":["Exordium","TheCity","TheBeyond"],"potions_floor_usage":[41,41],"damage_taken":[{"damage":1.0,"enemies":"Jaw Worm","floor":1.0,"turns":4.0},{"damage":0.0,"enemies":"Small Slimes","floor":2.0,"turns":3.0},{"damage":8.0,"enemies":"Cultist","floor":5.0,"turns":5.0},{"damage":12.0,"enemies":"Exordium Thugs","floor":8.0,"turns":6.0},{"damage":4.0,"enemies":"Looter","floor":13.0,"turns":4.0},{"damage":9.0,"enemies":"Lagavulin","floor":14.0,"turns":8.0},{"damage":25.0,"enemies":"Slime Boss","floor":16.0,"turns":9.0},{"damage":12.0,"enemies":"Spheric Guardian","floor":18.0,"turns":6.0},{"damage":26.0,"enemies":"Masked Bandits","floor":21.0,"turns":6.0},{"damage":22.0,"enemies":"Chosen","floor":28.0,"turns":5.0},{"damage":27.0,"enemies":"Centurion and Healer","floor":30.0,"turns":7.0},{"damage":10.0,"enemies":"Snake Plant","floor":31.0,"turns":4.0},{"damage":29.0,"enemies":"Automaton","floor":33.0,"turns":7.0},{"damage":20.0,"enemies":"3 Darklings","floor":35.0,"turns":5.0},{"damage":14.0,"enemies":"Orb Walker","floor":38.0,"turns":4.0},{"damage":42,"enemies":"Nemesis","floor":41,"turns":9}],"seed_played":"-4245635690990934322","potions_obtained":[{"floor":8.0,"key":"SkillPotion"},{"floor":13.0,"key":"FearPotion"},{"floor":14.0,"key":"CultistPotion"},{"floor":16.0,"key":"Fruit Juice"},{"floor":18.0,"key":"Swift Potion"},{"floor":24.0,"key":"EntropicBrew"},{"floor":24.0,"key":"Weak Potion"},{"floor":28.0,"key":"Energy Potion"},{"floor":33.0,"key":"CultistPotion"}],"is_trial":false,"path_per_floor":["M","M","?","?","M","R","$","M","T","R","T","R","M","E","R","B",null,"M","?","$","?","$","R","?","R","T","R","M","R","M","M","R","B",null,"M","?","?","M","T","R","E"],"character_chosen":"THE_CURSED","items_purchased":["Peace Pipe","Enlightenment"],"campfire_rested":1,"item_purchase_floors":[20,22],"current_hp_per_floor":[74,74,63,63,55,55,55,43,43,43,43,43,39,30,30,5,75,63,73,73,47,47,47,47,47,47,47,37,37,22,26,52,37,89,69,69,69,57,57,57,17,17],"gold":496,"neow_bonus":"ONE_RANDOM_RARE_CARD","is_daily":false,"chose_seed":false,"campfire_upgraded":6,"win_rate":0.0,"timestamp":1611827393,"path_taken":["M","M","?","?","M","R","$","M","T","R","?","R","M","E","R","BOSS","M","?","$","?","$","R","?","R","T","R","?","R","M","M","R","BOSS","M","?","?","?","?","R","E"],"items_purchased_type":["Relic","Card"],"build_version":"2020-12-22","purchased_purges":1,"victory":false,"max_hp_per_floor":[75,75,75,75,75,75,75,75,75,75,75,75,75,75,75,75,75,75,85,85,85,85,85,85,85,85,85,85,85,85,87,87,89,89,89,89,89,91,91,91,91,91],"relic_stats":{"Peace Pipe":6,"Blood Vial":2,"Singing Bowl":6,"counters":[16,92],"Bronze Scales":[132],"Astrolabe":["downfall:Icky","Doubt","TheCursedMod:Grudge"],"obtain_stats":[{"Du-Vu Doll":19,"Peace Pipe":20,"Blood Vial":39,"TheCursedMod:BlackMagic101":0,"REME:ComplimentaryCards":0,"TheCursedMod:FourLeafCloverCharm":17,"Singing Bowl":11,"Bronze Scales":14,"Astrolabe":34,"Oddly Smooth Stone":9,"Red Mask":21,"Meat on the Bone":26},{"Du-Vu Doll":8,"Peace Pipe":8,"Blood Vial":15,"TheCursedMod:BlackMagic101":0,"REME:ComplimentaryCards":0,"TheCursedMod:FourLeafCloverCharm":7,"Singing Bowl":4,"Bronze Scales":6,"Astrolabe":13,"Oddly Smooth Stone":4,"Red Mask":9,"Meat on the Bone":9},{"Du-Vu Doll":45,"Peace Pipe":45,"Blood Vial":83,"TheCursedMod:BlackMagic101":0,"REME:ComplimentaryCards":0,"TheCursedMod:FourLeafCloverCharm":39,"Singing Bowl":18,"Bronze Scales":30,"Astrolabe":74,"Oddly Smooth Stone":18,"Red Mask":51,"Meat on the Bone":51}],"Meat on the Bone":48},"card_choices":[{"not_picked":["TheCursedMod:Stigma","TheCursedMod:TacticalStrike"],"picked":"TheCursedMod:ReleasedStrength","floor":1.0},{"not_picked":["TheCursedMod:Stigma","TheCursedMod:RavingStaff"],"picked":"TheCursedMod:SpitefulPlan","floor":2.0},{"not_picked":["TheCursedMod:SpreadPlague","TheCursedMod:Torture","TheCursedMod:Wield"],"picked":"SKIP","floor":5.0},{"not_picked":["TheCursedMod:SpitefulStrike","TheCursedMod:SoulCrush","TheCursedMod:CursedArmor"],"picked":"SKIP","floor":8.0},{"not_picked":["TheCursedMod:VitalStrike","TheCursedMod:CursedBlade"],"picked":"TheCursedMod:Stretching","floor":13.0},{"not_picked":["TheCursedMod:Stigma","TheCursedMod:HellfireBreathing"],"picked":"TheCursedMod:StunningStrike","floor":14.0},{"not_picked":["TheCursedMod:VoidForm","TheCursedMod:StunningStrike"],"picked":"TheCursedMod:CircleOfAbyss","floor":16.0},{"not_picked":["TheCursedMod:FleshFromBone","TheCursedMod:CircleOfFlame"],"picked":"TheCursedMod:CircleOfAmplification","floor":18.0},{"not_picked":["TheCursedMod:RapidMovement","TheCursedMod:CursedMace"],"picked":"TheCursedMod:EmpowerCircles","floor":21.0},{"not_picked":["TheCursedMod:Stretching","TheCursedMod:SmokeScreen"],"picked":"TheCursedMod:CursedShiv","floor":28.0},{"not_picked":["TheCursedMod:CursedAmulet","TheCursedMod:FuryStrike"],"picked":"TheCursedMod:CollectTribute","floor":30.0},{"not_picked":["TheCursedMod:HellsGateOpen","TheCursedMod:Torture+1","TheCursedMod:SpitefulPlan"],"picked":"Singing Bowl","floor":31.0},{"not_picked":["TheCursedMod:CursedRelics","TheCursedMod:AntiAging","TheCursedMod:ForbiddenAlchemy"],"picked":"Singing Bowl","floor":33.0},{"not_picked":["TheCursedMod:Grudge","TheCursedMod:SurpriseAttack+1"],"picked":"TheCursedMod:LuckyCharm+1","floor":35.0},{"not_picked":["TheCursedMod:Obscuration+1","TheCursedMod:RavingStaff+1","TheCursedMod:Torture+1"],"picked":"Singing Bowl","floor":38.0}],"player_experience":186177,"relics_obtained":[{"floor":9.0,"key":"Oddly Smooth Stone"},{"floor":11.0,"key":"Singing Bowl"},{"floor":14.0,"key":"Bronze Scales"},{"floor":21.0,"key":"Red Mask"},{"floor":26.0,"key":"Meat on the Bone"},{"floor":39.0,"key":"Blood Vial"}],"event_choices":[{"damage_healed":0.0,"max_hp_gain":0.0,"max_hp_loss":0.0,"gold_gain":75.0,"event_name":"World of Goop","player_choice":"Gather Gold","floor":3.0,"gold_loss":0.0,"damage_taken":11.0},{"cards_removed":["TheCursedMod:Strike_TheCursed"],"damage_healed":0.0,"max_hp_gain":0.0,"max_hp_loss":0.0,"gold_gain":0.0,"event_name":"The Cleric","player_choice":"Card Removal","floor":4.0,"gold_loss":50.0,"damage_taken":0.0},{"damage_healed":0.0,"max_hp_gain":0.0,"max_hp_loss":0.0,"gold_gain":0.0,"event_name":"Masked Bandits","player_choice":"Fought Bandits","floor":21.0,"gold_loss":0.0,"damage_taken":0.0},{"damage_healed":0.0,"max_hp_gain":0.0,"max_hp_loss":0.0,"gold_gain":0.0,"event_name":"Lab","player_choice":"Got Potions","floor":24.0,"gold_loss":0.0,"damage_taken":0.0},{"cards_removed":["TheCursedMod:Strike_TheCursed"],"damage_healed":0.0,"max_hp_gain":0.0,"max_hp_loss":0.0,"gold_gain":0.0,"event_name":"Falling","player_choice":"Removed Attack","floor":36.0,"gold_loss":0.0,"damage_taken":0.0},{"damage_healed":0.0,"max_hp_gain":0.0,"max_hp_loss":0.0,"gold_gain":275.0,"event_name":"Golden Shrine","player_choice":"Desecrate","floor":37.0,"gold_loss":0.0,"damage_taken":0.0,"cards_obtained":["Regret"]}],"is_beta":false,"boss_relics":[{"not_picked":["MariMod:MariFestivalBadge","SacredBark"],"picked":"TheCursedMod:FourLeafCloverCharm"},{"not_picked":["bronze:MakeshiftBattery","Calling Bell"],"picked":"Astrolabe"}],"items_purged_floors":[7],"is_endless":false,"potions_floor_spawned":[8,13,14,16,18,28,33],"killed_by":"Nemesis","ascension_level":1}}