{"host":"y89x8uui45kcjy42","time":1611793149,"event":{"mods":["2.2 Compatiblity","BaseMod","CapriCore","Colored Map","Colored Powertips","Custom Start","Friendly Minions","Keyboard Shortcuts","Marisa£¨Ùöéë¡¡Øª×âÞÞ£©","Minty Spire (QoL Compilation)","Relic Stats","Slay the Relics Exporter","StSLib","SuperFastMode","Uncapped"],"gold_per_floor":[119,139,139,155,3,3,3,3,3,41,72,72,103,103,103,234,234,250,250,250,263,263,263,263,298,324,353,104,104,104,27,27,131,131,142,153,153,203,53,53,53,53,108,108,134,134,168,185,185,185,185,185,84,110,110],"floor_reached":56,"language":"KOR","playtime":1801,"items_purged":["UpSweep"],"score":2002,"play_id":"36f51451-ecbc-4bcb-b780-cf147a8715b9","local_time":"20210128091909","is_ascension_mode":true,"campfire_choices":[{"data":"EscapeVelocity","floor":6,"key":"SMITH"},{"data":"SprinkleStarSeal","floor":7,"key":"SMITH"},{"data":"EnergyFlow","floor":8,"key":"SMITH"},{"data":"FairyDestructionRay","floor":12,"key":"SMITH"},{"data":"BlazeAway","floor":15,"key":"SMITH"},{"data":"ShootingEcho","floor":23,"key":"SMITH"},{"data":"MagicChant","floor":24,"key":"SMITH"},{"data":"AbsoluteMagnitude","floor":29,"key":"SMITH"},{"data":"BlazingStar","floor":30,"key":"SMITH"},{"data":"EnergyFlow","floor":32,"key":"SMITH"},{"floor":40,"key":"RECALL"},{"data":"Orbital","floor":41,"key":"SMITH"},{"data":"ChargingUp","floor":42,"key":"SMITH"},{"data":"MillisecondPulsars","floor":49,"key":"SMITH"}],"circlet_count":0,"master_deck":["AscendersBane","MasterSpark+1","FairyDestructionRay+1","BlazeAway+1","EnergyFlow+1","SprinkleStarSeal+1","EscapeVelocity+1","MillisecondPulsars+1","BlazingStar+1","MagicChant+1","ShootingEcho+1","ChargingUp+1","AbsoluteMagnitude+1","Flash of Steel+1","EnergyFlow+1","AbsoluteMagnitude+1","Orbital+1"],"relics":["BewitchedHakkero","Vajra","Oddly Smooth Stone","Bag of Preparation","HolyWater","Bloody Idol","Paper Crane","Ornamental Fan","Incense Burner","TungstenRod","Coffee Dripper","Potion Belt","Omamori","HornCleat","Toy Ornithopter","Smiling Mask","ClockworkSouvenir","Coffee Dripper","CatCart","WingedGreaves","Whetstone","Potion Belt","Nunchaku","War Paint","Ginger"],"acts_visited":["Exordium","TheCity","TheBeyond","TheEnding"],"potions_floor_usage":[38,38,55,55,55],"damage_taken":[{"damage":0,"enemies":"Jaw Worm","floor":1,"turns":2},{"damage":0,"enemies":"Small Slimes","floor":2,"turns":2},{"damage":0,"enemies":"2 Louse","floor":4,"turns":2},{"damage":34,"enemies":"3 Sentries","floor":10,"turns":8},{"damage":5,"enemies":"Gremlin Nob","floor":11,"turns":3},{"damage":18,"enemies":"3 Sentries","floor":13,"turns":3},{"damage":0,"enemies":"Slime Boss","floor":16,"turns":4},{"damage":0,"enemies":"3 Byrds","floor":18,"turns":3},{"damage":5,"enemies":"Chosen","floor":21,"turns":3},{"damage":9,"enemies":"Slavers","floor":25,"turns":4},{"damage":0,"enemies":"Book of Stabbing","floor":27,"turns":3},{"damage":0,"enemies":"Collector","floor":33,"turns":3},{"damage":0,"enemies":"3 Darklings","floor":35,"turns":2},{"damage":23,"enemies":"3 Shapes","floor":36,"turns":3},{"damage":0,"enemies":"Orin","floor":38,"turns":6},{"damage":23,"enemies":"Nemesis","floor":45,"turns":5},{"damage":0,"enemies":"Reptomancer","floor":47,"turns":3},{"damage":0,"enemies":"Sphere and 2 Shapes","floor":48,"turns":1},{"damage":80,"enemies":"Awakened One","floor":50,"turns":5},{"damage":6,"enemies":"Shield and Spear","floor":54,"turns":3},{"damage":58,"enemies":"The Heart","floor":55,"turns":7}],"seed_played":"2769943848919731800","potions_obtained":[{"floor":4,"key":"Strength Potion"},{"floor":11,"key":"EssenceOfSteel"},{"floor":16,"key":"PowerPotion"},{"floor":18,"key":"Ancient Potion"},{"floor":47,"key":"Weak Potion"}],"is_trial":false,"path_per_floor":["M","M","?","M","$","R","R","R","T","E","E","R","E","?","R","B",null,"M","?","?","M","?","R","R","E","T","E","$","R","R","$","R","B",null,"M","M","?","?","$","R","R","R","T","?","E","$","E","M","R","B",null,"R","$","E","B",null],"character_chosen":"MARISA","items_purchased":["EscapeVelocity","ChargingUp","AbsoluteMagnitude","Flash of Steel","EnergyFlow","StarNLove","Block Potion","Dexterity Potion","SpeedPotion"],"campfire_rested":0,"item_purchase_floors":[5,28,28,28,31,39,39,53,53],"current_hp_per_floor":[68,68,50,50,50,50,50,50,50,16,11,11,67,61,61,61,72,72,72,72,72,72,72,72,68,73,75,75,75,75,75,75,75,75,75,57,57,71,71,71,71,71,71,71,53,53,58,63,63,53,67,67,67,66,18],"gold":110,"neow_bonus":"THREE_CARDS","is_daily":false,"chose_seed":false,"campfire_upgraded":13,"win_rate":0.0,"timestamp":1611793149,"path_taken":["M","M","?","M","$","R","R","R","T","E","E","R","E","?","R","BOSS","M","?","?","M","?","R","R","E","T","E","$","R","R","?","R","BOSS","M","M","?","?","$","R","R","R","T","?","E","$","E","?","R","BOSS","R","$","E","BOSS"],"items_purchased_type":["Card","Card","Card","Card","Card","Potion","Potion","Potion","Potion"],"build_version":"2020-12-22","purchased_purges":1,"victory":true,"max_hp_per_floor":[75,75,75,75,75,75,75,75,75,75,75,75,75,75,75,75,75,75,75,75,75,75,75,75,75,75,75,75,75,75,75,75,75,75,75,75,71,71,71,71,71,71,71,71,71,71,71,71,71,71,71,71,71,71,71],"relic_stats":{"Nunchaku":[6],"counters":[21,75],"Ornamental Fan":[124],"Bloody Idol":46,"Bag of Preparation":[42],"Whetstone":["Strike_MRS","MasterSpark","AbsoluteMagnitude","Flash of Steel"],"Ginger":[2],"War Paint":[],"Smiling Mask":25,"obtain_stats":[{"Vajra":0,"Bag of Preparation":0,"Incense Burner":11,"Whetstone":26,"Ginger":54,"Smiling Mask":27,"ClockworkSouvenir":31,"Nunchaku":45,"HornCleat":22,"WingedGreaves":4,"BewitchedHakkero":0,"Potion Belt":18,"Golden Idol":3,"Oddly Smooth Stone":0,"Omamori":22,"Paper Crane":4,"War Paint":47,"Ornamental Fan":10,"Bloody Idol":19,"HolyWater":0,"Coffee Dripper":17,"MiniHakkero":0,"CatCart":38,"TungstenRod":13,"Toy Ornithopter":25},{"Vajra":0,"Bag of Preparation":0,"Incense Burner":5,"Whetstone":10,"Ginger":20,"Smiling Mask":11,"ClockworkSouvenir":11,"Nunchaku":16,"HornCleat":9,"WingedGreaves":3,"BewitchedHakkero":0,"Potion Belt":8,"Golden Idol":2,"Oddly Smooth Stone":0,"Omamori":9,"Paper Crane":3,"War Paint":17,"Ornamental Fan":4,"Bloody Idol":8,"HolyWater":0,"Coffee Dripper":7,"MiniHakkero":0,"CatCart":15,"TungstenRod":6,"Toy Ornithopter":10},{"Vajra":0,"Bag of Preparation":0,"Incense Burner":17,"Whetstone":34,"Ginger":68,"Smiling Mask":37,"ClockworkSouvenir":37,"Nunchaku":56,"HornCleat":30,"WingedGreaves":6,"BewitchedHakkero":0,"Potion Belt":27,"Golden Idol":4,"Oddly Smooth Stone":0,"Omamori":30,"Paper Crane":6,"War Paint":59,"Ornamental Fan":14,"Bloody Idol":27,"HolyWater":0,"Coffee Dripper":24,"MiniHakkero":0,"CatCart":51,"TungstenRod":20,"Toy Ornithopter":34}],"TungstenRod":77,"Toy Ornithopter":20},"card_choices":[{"not_picked":["MysteriousBeam","MilkyWay"],"picked":"FairyDestructionRay","floor":0},{"not_picked":["GalacticHalo","NonDirectionalLaser"],"picked":"BlazeAway","floor":1},{"not_picked":["FairyDestructionRay","Acceleration"],"picked":"EnergyFlow","floor":2},{"not_picked":["Singularity","MysteriousBeam"],"picked":"SprinkleStarSeal","floor":4},{"not_picked":["PowerUp","GalacticHalo","AsteroidBelt"],"picked":"SKIP","floor":10},{"not_picked":["NonDirectionalLaser","AsteroidBelt"],"picked":"MillisecondPulsars","floor":11},{"not_picked":["GrandCross","BigCrunch","Acceleration"],"picked":"SKIP","floor":13},{"not_picked":["UltimateShortwave","TreasureHunter"],"picked":"BlazingStar","floor":16},{"not_picked":["DoubleSpark+1","UnstableBomb"],"picked":"MagicChant","floor":18},{"not_picked":["DC","DeepEcoloBomb"],"picked":"ShootingEcho","floor":21},{"not_picked":["Acceleration","MysteriousBeam","AlicesGift"],"picked":"SKIP","floor":25},{"not_picked":["GalacticHalo","DeepEcoloBomb","6A"],"picked":"SKIP","floor":27},{"not_picked":["EscapeVelocity","MillisecondPulsars"],"picked":"AbsoluteMagnitude","floor":33},{"not_picked":["WitchOfGreed+1","UnstableBomb"],"picked":"Orbital","floor":35},{"not_picked":["LuminesStrike+1","MysteriousBeam+1","DeepEcoloBomb"],"picked":"SKIP","floor":36},{"not_picked":["GrandCross+1","ManaRampage","FairyDestructionRay"],"picked":"SKIP","floor":45},{"not_picked":["ShootingEcho+1","DC","GrandCross"],"picked":"SKIP","floor":47},{"not_picked":["ChargeUpSpray+1","GrandCross+1","SprinkleStarSeal"],"picked":"SKIP","floor":48},{"not_picked":["GalacticHalo+1","SporeBomb","MilkyWay+1"],"picked":"SKIP","floor":54}],"player_experience":723569,"relics_obtained":[{"floor":10,"key":"Ornamental Fan"},{"floor":11,"key":"Incense Burner"},{"floor":13,"key":"TungstenRod"},{"floor":25,"key":"Toy Ornithopter"},{"floor":26,"key":"Whetstone"},{"floor":27,"key":"Smiling Mask"},{"floor":38,"key":"CatCart"},{"floor":43,"key":"Potion Belt"},{"floor":45,"key":"Nunchaku"},{"floor":47,"key":"War Paint"},{"floor":54,"key":"Ginger"}],"event_choices":[{"damage_healed":0,"gold_gain":0,"player_choice":"Take Damage","damage_taken":18,"relics_obtained":["Golden Idol"],"max_hp_gain":0,"max_hp_loss":0,"event_name":"Golden Idol","floor":3,"gold_loss":0},{"cards_removed":["Strike_MRS"],"damage_healed":0,"gold_gain":0,"player_choice":"Card Removal","damage_taken":7,"max_hp_gain":0,"max_hp_loss":0,"event_name":"Golden Wing","floor":14,"gold_loss":0},{"damage_healed":0,"gold_gain":0,"player_choice":"Gave Idol","damage_taken":0,"relics_obtained":["Bloody Idol"],"max_hp_gain":0,"max_hp_loss":0,"event_name":"Forgotten Altar","floor":19,"relics_lost":["Golden Idol"],"gold_loss":0},{"damage_healed":0,"gold_gain":0,"player_choice":"Ignored","damage_taken":0,"max_hp_gain":0,"max_hp_loss":0,"event_name":"Ghosts","floor":20,"gold_loss":0},{"damage_healed":0,"gold_gain":0,"player_choice":"Opened","damage_taken":0,"relics_obtained":["HornCleat"],"max_hp_gain":0,"max_hp_loss":0,"event_name":"The Mausoleum","floor":22,"gold_loss":0},{"damage_healed":0,"gold_gain":0,"player_choice":"Max HP","damage_taken":0,"max_hp_gain":0,"max_hp_loss":4,"event_name":"Winding Halls","floor":37,"gold_loss":0},{"damage_healed":0,"gold_gain":0,"player_choice":"Fight","damage_taken":0,"max_hp_gain":0,"max_hp_loss":0,"event_name":"OrinTheCat","floor":38,"gold_loss":0},{"damage_healed":0,"gold_gain":0,"player_choice":"Ignored","damage_taken":0,"max_hp_gain":0,"max_hp_loss":0,"event_name":"SecretPortal","floor":44,"gold_loss":0}],"is_beta":false,"boss_relics":[{"not_picked":["Runic Pyramid","Calling Bell"],"picked":"Coffee Dripper"},{"not_picked":["Sozu","Pandora\u0027s Box","Runic Dome"]}],"items_purged_floors":[31],"is_endless":false,"potions_floor_spawned":[4,11,16,18,47],"ascension_level":10}}