{"host":"0ueeacaatm8t6jyh","time":1611836129,"event":{"mods":["AchievementEnabler","BaseMod","Colored Powertips","Minty Spire (QoL Compilation)","Quick Restart","Rare Cards Sparkle","Shop Mod","StSLib"],"gold_per_floor":[112,31,31,31,31,49,49,93,108,133,211,247,287,336,336,360,360,459,459,504,504,504,429,429,429,429],"floor_reached":25,"language":"ZHS","playtime":559,"items_purged":[],"score":540,"play_id":"813628e9-4ba4-4b7a-9403-af873bd2e0d4","local_time":"20210128201529","is_ascension_mode":true,"campfire_choices":[{"data":"Eruption","floor":7.0,"key":"SMITH"},{"floor":15.0,"key":"REST"},{"data":"MentalFortress","floor":17.0,"key":"SMITH"}],"circlet_count":0,"master_deck":["AscendersBane","Defend_P","Eruption+1","Vigilance","WheelKick","WheelKick","Halt","Wish","MentalFortress+1","DeusExMachina","InnerPeace+1","Bite","Bite","Bite","Bite","Bite"],"relics":["HolyWater","NeowsBlessing","Golden Idol","Torii","Lantern","InkBottle","Centennial Puzzle"],"acts_visited":["Exordium","TheCity"],"potions_floor_usage":[],"damage_taken":[{"damage":0.0,"enemies":"Jaw Worm","floor":1.0,"turns":1.0},{"damage":0.0,"enemies":"Small Slimes","floor":6.0,"turns":1.0},{"damage":0.0,"enemies":"Lagavulin","floor":8.0,"turns":2.0},{"damage":0.0,"enemies":"Cultist","floor":9.0,"turns":2.0},{"damage":0.0,"enemies":"3 Louse","floor":10.0,"turns":2.0},{"damage":29.0,"enemies":"Gremlin Nob","floor":12.0,"turns":4.0},{"damage":7.0,"enemies":"2 Fungi Beasts","floor":13.0,"turns":3.0},{"damage":0.0,"enemies":"Large Slime","floor":14.0,"turns":4.0},{"damage":1.0,"enemies":"Exordium Thugs","floor":16.0,"turns":4.0},{"damage":0.0,"enemies":"Slime Boss","floor":18.0,"turns":8.0},{"damage":31.0,"enemies":"2 Thieves","floor":20.0,"turns":5.0},{"damage":45,"enemies":"Book of Stabbing","floor":25,"turns":4}],"seed_played":"1977063285719106138","potions_obtained":[{"floor":1.0,"key":"SpeedPotion"},{"floor":8.0,"key":"CultistPotion"},{"floor":9.0,"key":"Fire Potion"},{"floor":13.0,"key":"Swift Potion"}],"is_trial":false,"path_per_floor":["M","$","?","?","?","M","R","E","M","M","T","E","M","M","R","M","R","B",null,"M","?","?","?","?","E"],"character_chosen":"WATCHER","items_purchased":["WheelKick"],"campfire_rested":1,"item_purchase_floors":[2],"current_hp_per_floor":[61,61,61,61,61,61,61,61,61,61,61,32,25,25,43,42,42,42,57,26,26,26,26,26,0,0],"gold":429,"neow_bonus":"THREE_ENEMY_KILL","is_daily":false,"chose_seed":false,"campfire_upgraded":2,"win_rate":0.0,"timestamp":1611836129,"path_taken":["M","$","?","?","?","M","R","E","?","M","T","E","M","M","R","M","R","BOSS","M","?","?","?","?","E"],"items_purchased_type":["Card"],"build_version":"2020-12-22","purchased_purges":0,"victory":false,"max_hp_per_floor":[68,68,68,62,62,62,62,62,62,62,62,62,62,62,62,62,62,62,62,62,43,43,43,43,43,43],"card_choices":[{"not_picked":["WaveOfTheHand","CutThroughFate","FollowUp"],"picked":"SKIP","floor":1.0},{"not_picked":["CrushJoints","ThirdEye"],"picked":"Halt","floor":6.0},{"not_picked":["Swivel","SashWhip","JustLucky"],"picked":"SKIP","floor":8.0},{"not_picked":["Consecrate","CutThroughFate"],"picked":"Wish","floor":9.0},{"not_picked":["FlyingSleeves","ForeignInfluence","ReachHeaven"],"picked":"SKIP","floor":10.0},{"not_picked":["BowlingBash","CarveReality"],"picked":"MentalFortress","floor":12.0},{"not_picked":["WreathOfFlame","SandsOfTime","Sanctity"],"picked":"SKIP","floor":13.0},{"not_picked":["Prostrate","Crescendo","Wireheading"],"picked":"SKIP","floor":14.0},{"not_picked":["FlyingSleeves","JustLucky","CrushJoints"],"picked":"SKIP","floor":16.0},{"not_picked":["Judgement","Wish"],"picked":"DeusExMachina","floor":18.0},{"not_picked":["EmptyFist","JustLucky"],"picked":"InnerPeace+1","floor":20.0}],"player_experience":482288,"relics_obtained":[{"floor":8.0,"key":"Lantern"},{"floor":11.0,"key":"InkBottle"},{"floor":12.0,"key":"Centennial Puzzle"}],"event_choices":[{"damage_healed":0.0,"max_hp_gain":0.0,"max_hp_loss":0.0,"gold_gain":0.0,"cards_transformed":["Defend_P"],"event_name":"Living Wall","player_choice":"Change","floor":3.0,"gold_loss":0.0,"damage_taken":0.0,"cards_obtained":["WheelKick"]},{"damage_healed":0.0,"max_hp_gain":0.0,"max_hp_loss":6.0,"gold_gain":0.0,"event_name":"Golden Idol","player_choice":"Lose Max HP","floor":4.0,"gold_loss":0.0,"damage_taken":0.0,"relics_obtained":["Golden Idol"]},{"damage_healed":0.0,"max_hp_gain":0.0,"max_hp_loss":0.0,"gold_gain":0.0,"event_name":"WeMeetAgain","player_choice":"Gave Potion","floor":5.0,"gold_loss":0.0,"damage_taken":0.0,"relics_obtained":["Torii"]},{"damage_healed":0.0,"max_hp_gain":0.0,"max_hp_loss":19.0,"gold_gain":0.0,"event_name":"Vampires","player_choice":"Became a vampire","floor":21.0,"gold_loss":0.0,"damage_taken":0.0,"cards_obtained":["Bite","Bite","Bite","Bite","Bite"]},{"cards_removed":["Defend_P"],"damage_healed":0.0,"max_hp_gain":0.0,"max_hp_loss":0.0,"gold_gain":0.0,"event_name":"Back to Basics","player_choice":"Elegance","floor":22.0,"gold_loss":0.0,"damage_taken":0.0},{"cards_removed":["Defend_P"],"damage_healed":0.0,"max_hp_gain":0.0,"max_hp_loss":0.0,"gold_gain":0.0,"event_name":"Beggar","player_choice":"Gave Gold","floor":23.0,"gold_loss":75.0,"damage_taken":0.0},{"damage_healed":0,"gold_gain":0,"player_choice":"Ignored","damage_taken":0,"max_hp_gain":0,"max_hp_loss":0,"event_name":"The Mausoleum","floor":24,"gold_loss":0}],"is_beta":false,"boss_relics":[{"not_picked":["Busted Crown","Tiny House"],"picked":"HolyWater"}],"items_purged_floors":[],"is_endless":false,"potions_floor_spawned":[1,8,9,13],"killed_by":"Book of Stabbing","ascension_level":16}}