{"host":"vyiqbz5w606ur92t","time":1611802593,"event":{"mods":["BaseMod","Downfall","Minty Spire (QoL Compilation)","StSLib"],"gold_per_floor":[99,109,123,123,108,108,134,164,241,241,285,304,340,340,374,501,501,401,428,455,664,202,236,269,314,214,331,371,402,411,438,464,590,617,617,341,369,378,387,387,396,415,448,510,410,453,473,488,507,507,507,533,132,141,141,141],"floor_reached":57,"language":"ENG","playtime":8456,"items_purged":["downfall:Haunted","downfall:Bewildered","downfall:Malfunctioning"],"score":1359,"play_id":"3eea1782-86bd-4613-a14f-7330f85aca45","local_time":"20210128025633","is_ascension_mode":false,"campfire_choices":[{"data":"hexamod:Float","floor":1,"key":"SMITH"},{"floor":18,"key":"RECALL"},{"data":"hexamod:ForkedFlame","floor":26,"key":"SMITH"},{"floor":30,"key":"REST"},{"data":"hexamod:HeatShield","floor":35,"key":"SMITH"},{"data":"hexamod:RetreatToShadows","floor":40,"key":"SMITH"},{"data":"hexamod:SpectralAdrenaline","floor":45,"key":"SMITH"},{"floor":54,"key":"REST"}],"circlet_count":0,"master_deck":["hexamod:Strike+1","hexamod:Strike+1","hexamod:Defend","hexamod:Defend","hexamod:Defend","hexamod:Sear","hexamod:Float+1","hexamod:PhantomFireball","hexamod:SpectersWail","hexamod:FastForward+1","hexamod:InspiringFlames","hexamod:ExtraCrispy","hexamod:SoulSteal+1","hexamod:StepThrough","hexamod:RetreatToShadows+1","hexamod:AdvancingGuard","hexamod:DynamicBlow+1","hexamod:RadiantFlame","hexamod:ThermalTransfer","hexamod:ForkedFlame+1","hexamod:TimeOfNeed","hexamod:FlamesFromBeyond","hexamod:SpectralAdrenaline+1","hexamod:VolcanoVisage","hexamod:RecurringNightmare","hexamod:Rewind+1","hexamod:HeatShield+1","hexamod:FlamesFromBeyond+1","hexamod:GhostflameInferno","hexamod:NecessarySacrifice+1","hexamod:SearingWound+1","hexamod:Hexaguard","hexamod:RainOfEmbers+1","hexamod:TimeWarp","hexamod:GhostflameBarrier+1","hexamod:RecurringNightmare+1","hexamod:HeatMetal+1","expansioncontent:QuickStudy","hexamod:BurningTouch+1","Decay","expansioncontent:YouAreMine","Regret","hexamod:ThermalTransfer+1","expansioncontent:PrepareCrush","hexamod:EmpoweredFlame","hexamod:Firestarter+1","hexamod:NightmareGuise+1","hexamod:CatchUp+1","hexamod:AdvancingGuard","hexamod:ShieldOfDarkness","hexamod:HauntingEcho","hexamod:ShieldOfDarkness"],"relics":["hexamod:SpiritBrand","Pear","CeramicFish","Juzu Bracelet","Dream Catcher","Vajra","Cursed Key","downfall:HeartBlessingGreen","Medical Kit","Kunai","hexamod:MatchstickCase","downfall:HeartBlessingRed","Du-Vu Doll","White Beast Statue","Gremlin Horn","Astrolabe","Membership Card","hexamod:TheBrokenSeal","Centennial Puzzle","Calipers","downfall:HeartBlessingBlue","Potion Belt","Strawberry","Mummified Hand","Shuriken","Toolbox"],"acts_visited":["Exordium","TheCity","TheBeyond","TheEnding"],"potions_floor_usage":[16,16,28,28,31,31,32,33,33,36,37,37,37,37,37,37,37,42,43,50,50,55,55,55,56],"damage_taken":[{"damage":0,"enemies":"Cultist","floor":2,"turns":3},{"damage":0,"enemies":"Small Slimes","floor":3,"turns":2},{"damage":0,"enemies":"downfall:FleeingMerchant","floor":5,"turns":4},{"damage":1,"enemies":"Jaw Worm","floor":8,"turns":3},{"damage":11,"enemies":"3 Sentries","floor":9,"turns":7},{"damage":33,"enemies":"Gremlin Nob","floor":11,"turns":6},{"damage":2,"enemies":"3 Louse","floor":13,"turns":4},{"damage":8,"enemies":"Large Slime","floor":15,"turns":6},{"damage":39,"enemies":"DF_ARCHETYPE_STREAMLINE","floor":16,"turns":10},{"damage":48,"enemies":"3 Byrds","floor":19,"turns":5},{"damage":5,"enemies":"Chosen","floor":20,"turns":3},{"damage":0,"enemies":"downfall:FleeingMerchant","floor":22,"turns":4},{"damage":0,"enemies":"Snecko","floor":23,"turns":5},{"damage":5,"enemies":"Cultist and Chosen","floor":25,"turns":4},{"damage":14,"enemies":"IC_STATUS_ARCHETYPE","floor":27,"turns":5},{"damage":17,"enemies":"Slavers","floor":28,"turns":4},{"damage":7,"enemies":"Centurion and Healer","floor":29,"turns":7},{"damage":0,"enemies":"Snecko","floor":31,"turns":4},{"damage":3,"enemies":"3 Cultists","floor":32,"turns":4},{"damage":23,"enemies":"WA_ARCHETYPE_CALM","floor":33,"turns":9},{"damage":6,"enemies":"downfall:FleeingMerchant","floor":36,"turns":4},{"damage":10,"enemies":"Orb Walker","floor":37,"turns":6},{"damage":52,"enemies":"3 Darklings","floor":42,"turns":5},{"damage":45,"enemies":"Nemesis","floor":43,"turns":9},{"damage":2,"enemies":"downfall:FleeingMerchant","floor":44,"turns":4},{"damage":31,"enemies":"Giant Head","floor":46,"turns":7},{"damage":4,"enemies":"4 Shapes","floor":47,"turns":4},{"damage":0,"enemies":"Sphere and 2 Shapes","floor":48,"turns":3},{"damage":0,"enemies":"Writhing Mass","floor":49,"turns":3},{"damage":75,"enemies":"IC_BLOCK_ARCHETYPE","floor":50,"turns":11},{"damage":137,"enemies":"downfall:CharBossMerchant","floor":52,"turns":10},{"damage":5,"enemies":"downfall:NeowBoss","floor":55,"turns":16},{"damage":64,"enemies":"downfall:NeowBossFinal","floor":56,"turns":10}],"seed_played":"-8046949723821850146","potions_obtained":[{"floor":9,"key":"sneckomod:MuddlingPotion"},{"floor":13,"key":"hexamod:DoubleChargePotion"},{"floor":13,"key":"champ:CounterPotion"},{"floor":15,"key":"Guardian:BlockOnCardUsePotion"},{"floor":15,"key":"hexamod:InfernoChargePotion"},{"floor":16,"key":"Explosive Potion"},{"floor":16,"key":"DuplicationPotion"},{"floor":19,"key":"ColorlessPotion"},{"floor":28,"key":"SpeedPotion"},{"floor":29,"key":"hexamod:EctoCoolerPotion"},{"floor":31,"key":"Strength Potion"},{"floor":31,"key":"hexamod:SoulburnPotion"},{"floor":32,"key":"EssenceOfSteel"},{"floor":33,"key":"EntropicBrew"},{"floor":33,"key":"Dexterity Potion"},{"floor":36,"key":"Block Potion"},{"floor":37,"key":"Fruit Juice"},{"floor":42,"key":"SteroidPotion"},{"floor":43,"key":"LiquidBronze"},{"floor":46,"key":"Dexterity Potion"},{"floor":47,"key":"GamblersBrew"},{"floor":52,"key":"BlessingOfTheForge"}],"is_trial":false,"path_per_floor":["R","M","M","T","$","?","T","M","?","?","E","?","M","T","M","B",null,"R","M","M","?","$","M","T","M","R","?","E","M","R","M","M","B",null,"R","$","M","?","?","R","T","M","E","?","R","E","M","M","M","B",null,"E","$","R","B","B",null],"character_chosen":"THE_SPIRIT","items_purchased":["Medical Kit","Kunai","Membership Card","expansioncontent:QuickStudy","Calipers","expansioncontent:PrepareCrush","hexamod:EmpoweredFlame","Mummified Hand","Shuriken","Toolbox","hexamod:AdvancingGuard","hexamod:ShieldOfDarkness","hexamod:HauntingEcho","hexamod:EctoCoolerPotion","SkillPotion"],"campfire_rested":2,"item_purchase_floors":[22,22,36,36,44,44,44,53,53,53,53,53,53,53,53],"current_hp_per_floor":[77,77,77,87,87,87,87,86,75,80,47,40,45,45,44,5,92,92,51,46,46,46,46,46,48,48,34,17,17,44,51,55,39,92,92,92,89,89,89,89,89,49,107,105,115,84,80,80,80,5,117,37,37,74,69,5],"gold":141,"neow_bonus":"TEN_PERCENT_HP_BONUS","is_daily":false,"chose_seed":false,"campfire_upgraded":5,"win_rate":0.0,"timestamp":1611802593,"path_taken":["R","M","M","?","$","?","T","?","?","?","E","?","M","?","M","BOSS","R","M","M","?","$","M","T","M","R","?","E","M","R","M","M","BOSS","R","$","M","?","?","R","T","M","E","?","R","E","M","M","M","BOSS","E","$","R","BOSS","BOSS"],"items_purchased_type":["Relic","Relic","Relic","Card","Relic","Card","Card","Relic","Relic","Relic","Card","Card","Card","Potion","Potion"],"build_version":"2020-12-22","purchased_purges":3,"victory":true,"max_hp_per_floor":[77,77,77,87,87,87,87,87,87,92,92,92,92,92,92,92,92,92,92,92,92,92,92,92,92,92,92,92,92,92,92,92,92,92,92,92,92,92,92,92,92,97,107,107,117,117,117,117,117,117,117,124,124,124,124,124],"card_choices":[{"not_picked":["hexamod:NightmareStrike","hexamod:CatchUp"],"picked":"hexamod:PhantomFireball","floor":2},{"not_picked":["hexamod:HeatMetal","hexamod:SpectralAdrenaline"],"picked":"hexamod:ThirdSeal","floor":3},{"not_picked":["hexamod:HeatCrush","hexamod:NightmareStrike"],"picked":"hexamod:SpectersWail","floor":5},{"not_picked":["hexamod:RecurringNightmare","hexamod:HauntingEcho"],"picked":"hexamod:FastForward","floor":5},{"not_picked":["hexamod:BacktrackSmack","hexamod:HauntingEcho"],"picked":"hexamod:InspiringFlames","floor":8},{"not_picked":["hexamod:CatchUp","hexamod:ThirdSeal"],"picked":"hexamod:ExtraCrispy","floor":8},{"not_picked":["hexamod:BacktrackSmack","hexamod:Hexaguard"],"picked":"hexamod:SoulSteal","floor":9},{"not_picked":["hexamod:SwordOfDarkness","hexamod:ShieldOfDarkness"],"picked":"hexamod:StepThrough","floor":9},{"not_picked":["hexamod:HeatShield","hexamod:BurningTouch"],"picked":"hexamod:RetreatToShadows","floor":11},{"not_picked":["hexamod:HauntingEcho","hexamod:BurningTouch"],"picked":"hexamod:AdvancingGuard","floor":11},{"not_picked":["hexamod:GhostOfSpirePast","hexamod:Firestarter"],"picked":"hexamod:DynamicBlow","floor":13},{"not_picked":["hexamod:SpectralAdrenaline","hexamod:SwordOfDarkness"],"picked":"hexamod:RadiantFlame","floor":13},{"not_picked":["hexamod:FirstSeal","hexamod:Firestarter"],"picked":"hexamod:ThermalTransfer","floor":15},{"not_picked":["hexamod:WildfireWeapon","hexamod:TimeOfNeed"],"picked":"hexamod:ForkedFlame","floor":16},{"not_picked":["hexamod:UnleashSpirits","hexamod:GhostflameInferno"],"picked":"hexamod:TimeOfNeed","floor":16},{"not_picked":["hexamod:SpectersWail","hexamod:SoulSteal"],"picked":"hexamod:FlamesFromBeyond","floor":19},{"not_picked":["hexamod:AdvancingGuard","hexamod:GhostflameBarrier+1"],"picked":"hexamod:SpectralAdrenaline","floor":20},{"not_picked":["hexamod:GhostShield+1","hexamod:NightmareGuise+1"],"picked":"hexamod:VolcanoVisage","floor":22},{"not_picked":["hexamod:ThermalTransfer","hexamod:BacktrackSmack","hexamod:RainOfEmbers"],"picked":"SKIP","floor":22},{"not_picked":["hexamod:SpectralAdrenaline","hexamod:HauntingEcho"],"picked":"hexamod:RecurringNightmare","floor":23},{"not_picked":["hexamod:PhantomCloak","hexamod:NightmareStrike"],"picked":"hexamod:Rewind","floor":25},{"not_picked":["hexamod:GhostLash+1","hexamod:Firestarter"],"picked":"hexamod:HeatShield","floor":25},{"not_picked":["hexamod:BacktrackSmack+1","hexamod:BurningTouch"],"picked":"hexamod:FlamesFromBeyond+1","floor":27},{"not_picked":["hexamod:GhostOfSpirePast","hexamod:InspiringFlames"],"picked":"hexamod:GhostflameInferno","floor":28},{"not_picked":["hexamod:GhostLash","hexamod:StepThrough"],"picked":"hexamod:NecessarySacrifice+1","floor":29},{"not_picked":["hexamod:Firestarter","hexamod:SpectersWail","hexamod:FlamesFromBeyond"],"picked":"SKIP","floor":29},{"not_picked":["hexamod:GhostOfSpirePast+1","hexamod:GhostflameBarrier"],"picked":"hexamod:SearingWound","floor":30},{"not_picked":["hexamod:BacktrackSmack","hexamod:ThermalTransfer"],"picked":"hexamod:Hexaguard","floor":31},{"not_picked":["hexamod:ThermalTransfer+1","hexamod:BacktrackSmack+1"],"picked":"hexamod:RainOfEmbers+1","floor":32},{"not_picked":["hexamod:ExtraCrispy","hexamod:SpectralAdrenaline","hexamod:Firestarter"],"picked":"SKIP","floor":32},{"not_picked":["hexamod:GiftsFromTheDead","hexamod:HexaLevel"],"picked":"hexamod:FifthSeal","floor":33},{"not_picked":["hexamod:GiftsFromTheDead","hexamod:TimeOfNeed"],"picked":"hexamod:TimeWarp","floor":33},{"not_picked":["hexamod:FourthSeal","hexamod:SecondSeal"],"picked":"hexamod:SixthSeal","floor":36},{"not_picked":["hexamod:ShieldOfDarkness","hexamod:PhantomCloak","hexamod:GhostOfSpirePast"],"picked":"SKIP","floor":36},{"not_picked":["hexamod:PhantomCloak","hexamod:GhostLash"],"picked":"hexamod:BurningTouch+1","floor":37},{"not_picked":["hexamod:NightmareStrike+1","hexamod:GhostLash+1","hexamod:ThermalTransfer"],"picked":"SKIP","floor":37},{"not_picked":["expansioncontent:InvincibleStrength","expansioncontent:Chronoboost"],"picked":"expansioncontent:YouAreMine","floor":39},{"not_picked":["hexamod:HeatShield","hexamod:RadiantFlame+1"],"picked":"hexamod:ThermalTransfer+1","floor":42},{"not_picked":["hexamod:HeatCrush","hexamod:EmpoweredFlame","hexamod:FourthSeal"],"picked":"SKIP","floor":43},{"not_picked":["hexamod:GhostOfSpireFuture+1","hexamod:BurningTouch+1","hexamod:HauntingEcho"],"picked":"SKIP","floor":44},{"not_picked":["hexamod:GhostflameBarrier","hexamod:RadiantFlame+1"],"picked":"hexamod:Firestarter+1","floor":46},{"not_picked":["hexamod:SwordOfDarkness","hexamod:Hexaguard"],"picked":"hexamod:NightmareGuise+1","floor":47},{"not_picked":["hexamod:GhostShield+1","hexamod:NecessarySacrifice+1","hexamod:EmpoweredFlame"],"picked":"SKIP","floor":48},{"not_picked":["hexamod:PhantomFireball","hexamod:AdvancingGuard"],"picked":"hexamod:CatchUp+1","floor":49},{"not_picked":["hexamod:HeatMetal","hexamod:RadiantFlame+1","hexamod:Firestarter"],"picked":"SKIP","floor":52},{"not_picked":["hexamod:ThirdSeal","hexamod:GhostLash+1"],"picked":"hexamod:ShieldOfDarkness","floor":54}],"player_experience":1136262,"relics_obtained":[{"floor":4,"key":"Pear"},{"floor":7,"key":"CeramicFish"},{"floor":11,"key":"Dream Catcher"},{"floor":14,"key":"Vajra"},{"floor":24,"key":"hexamod:MatchstickCase"},{"floor":27,"key":"Du-Vu Doll"},{"floor":27,"key":"White Beast Statue"},{"floor":28,"key":"Gremlin Horn"},{"floor":43,"key":"Centennial Puzzle"},{"floor":46,"key":"Potion Belt"},{"floor":52,"key":"Strawberry"}],"event_choices":[{"damage_healed":0,"gold_gain":0,"player_choice":"Donut","damage_taken":0,"max_hp_gain":5,"max_hp_loss":0,"event_name":"Big Fish","floor":10,"gold_loss":0}],"is_beta":false,"boss_relics":[{"not_picked":["Philosopher\u0027s Stone","SacredBark"],"picked":"Cursed Key"},{"not_picked":["bronze:MakeshiftBattery","hexamod:UnbrokenSoul"],"picked":"Astrolabe"}],"items_purged_floors":[22,36,44],"is_endless":false,"potions_floor_spawned":[9,13,15,16,20,23,25,28,29,31,32,33,36,37,42,43,44,46,47,48,49,52],"ascension_level":0}}