{"host":"pf47v7h0307523iy","time":1611857720,"event":{"mods":["BaseMod","Minty Spire (QoL Compilation)","Relic Stats"],"gold_per_floor":[114,114,189,189,214,214,258,258,282,294,327,339,16,60,60,60,60],"floor_reached":16,"language":"ENG","playtime":341,"items_purged":[],"score":262,"play_id":"a5985bdb-ed56-4d5c-b33f-daf297924e25","local_time":"20210128201520","is_ascension_mode":true,"campfire_choices":[{"data":"Deadly Poison","floor":6,"key":"SMITH"},{"data":"Backflip","floor":8,"key":"SMITH"},{"data":"Bullet Time","floor":10,"key":"SMITH"},{"data":"Catalyst","floor":15,"key":"SMITH"}],"circlet_count":0,"master_deck":["AscendersBane","Strike_G","Strike_G","Strike_G","Strike_G","Defend_G","Defend_G","Defend_G","Defend_G","Defend_G","Survivor","Neutralize","Deadly Poison+1","Backflip+1","Bullet Time+1","Adrenaline","Catalyst+1"],"relics":["Ring of the Snake","NeowsBlessing","Golden Idol","Tiny Chest","MawBank","Art of War","Pantograph"],"acts_visited":["Exordium"],"potions_floor_usage":[16,16],"damage_taken":[{"damage":0,"enemies":"Small Slimes","floor":1,"turns":1},{"damage":0,"enemies":"2 Louse","floor":5,"turns":1},{"damage":0,"enemies":"3 Sentries","floor":7,"turns":1},{"damage":0,"enemies":"Jaw Worm","floor":11,"turns":5},{"damage":19,"enemies":"Lagavulin","floor":14,"turns":6},{"damage":45,"enemies":"Slime Boss","floor":16,"turns":8}],"seed_played":"-7730352911274963704","potions_obtained":[{"floor":11,"key":"Explosive Potion"},{"floor":14,"key":"Swift Potion"}],"is_trial":false,"path_per_floor":["M","?","?","?","M","R","E","R","T","R","M","?","$","E","R","B"],"character_chosen":"THE_SILENT","items_purchased":["Art of War","Adrenaline"],"campfire_rested":0,"item_purchase_floors":[13,13],"current_hp_per_floor":[59,52,41,41,41,41,41,41,41,41,41,38,38,19,19,0,0],"gold":60,"neow_bonus":"THREE_ENEMY_KILL","is_daily":false,"chose_seed":false,"campfire_upgraded":4,"win_rate":0.0,"timestamp":1611857720,"path_taken":["M","?","?","?","M","R","E","R","T","R","?","?","?","E","R","BOSS"],"items_purchased_type":["Relic","Card"],"build_version":"2020-12-22","purchased_purges":0,"victory":false,"max_hp_per_floor":[66,66,66,60,60,60,60,60,60,60,60,60,60,60,60,60,60],"relic_stats":{"counters":[6,22],"Golden Idol":27,"Pantograph":25,"Tiny Chest":0,"Art of War":[3],"MawBank":48,"obtain_stats":[{"NeowsBlessing":0,"Golden Idol":4,"Pantograph":14,"Tiny Chest":7,"Art of War":13,"MawBank":9,"Ring of the Snake":0},{"NeowsBlessing":0,"Golden Idol":1,"Pantograph":5,"Tiny Chest":3,"Art of War":4,"MawBank":3,"Ring of the Snake":0},{"NeowsBlessing":0,"Golden Idol":1,"Pantograph":14,"Tiny Chest":3,"Art of War":8,"MawBank":3,"Ring of the Snake":0}],"Ring of the Snake":[12]},"card_choices":[{"not_picked":["Quick Slash","Dodge and Roll"],"picked":"Deadly Poison","floor":1},{"not_picked":["Acrobatics","Phantasmal Killer"],"picked":"Backflip","floor":5},{"not_picked":["Outmaneuver","Deflect"],"picked":"Bullet Time","floor":7},{"not_picked":["Prepared","Choke","Heel Hook"],"picked":"SKIP","floor":11},{"not_picked":["Deadly Poison","Skewer"],"picked":"Catalyst","floor":14}],"player_experience":1710671,"relics_obtained":[{"floor":7,"key":"Tiny Chest"},{"floor":9,"key":"MawBank"},{"floor":14,"key":"Pantograph"}],"event_choices":[{"cards_removed":["Strike_G"],"damage_healed":0,"gold_gain":0,"player_choice":"Card Removal","damage_taken":7,"max_hp_gain":0,"max_hp_loss":0,"event_name":"Golden Wing","floor":2,"gold_loss":0},{"damage_healed":0,"gold_gain":75,"player_choice":"Gather Gold","damage_taken":11,"max_hp_gain":0,"max_hp_loss":0,"event_name":"World of Goop","floor":3,"gold_loss":0},{"damage_healed":0,"gold_gain":0,"player_choice":"Lose Max HP","damage_taken":0,"relics_obtained":["Golden Idol"],"max_hp_gain":0,"max_hp_loss":6,"event_name":"Golden Idol","floor":4,"gold_loss":0},{"damage_healed":0,"gold_gain":0,"player_choice":"Bought 0 Potions","damage_taken":0,"max_hp_gain":0,"max_hp_loss":0,"event_name":"The Woman in Blue","floor":12,"gold_loss":0}],"is_beta":false,"boss_relics":[],"items_purged_floors":[],"is_endless":false,"potions_floor_spawned":[11,14],"killed_by":"Slime Boss","ascension_level":20}}