{"host":"owox7x4ngjt9htcc","time":1611825690,"event":{"mods":["BaseMod","Colored Map","DeckTracker","Keyboard Shortcuts","Minty Spire (QoL Compilation)","SuperFastMode"],"gold_per_floor":[144,189,234,279,324,324,35,80,130,175,220,220,265,355,355,655,655,700,745,47,92,137,137,227,227,227,317,362,452,452,76,76,376,376,421,466,466,19,88,178,178,268,293,338,338,14,14,59,59,59],"floor_reached":51,"language":"KOR","playtime":1253,"items_purged":["FollowUp","CutThroughFate","CutThroughFate"],"score":946,"play_id":"5f15c8f3-8039-4aae-8f1a-991250c8528d","local_time":"20210128182130","daily_mods":["Draft","Purple Cards","Midas"],"is_ascension_mode":false,"campfire_choices":[{"floor":6.0,"key":"REST"},{"floor":15.0,"key":"REST"},{"floor":23,"key":"DIG"},{"floor":25,"key":"REST"},{"floor":30,"key":"DIG"},{"floor":32,"key":"DIG"},{"floor":41,"key":"DIG"},{"floor":47,"key":"DIG"},{"floor":49,"key":"DIG"}],"circlet_count":0,"master_deck":["EmptyFist","Gash","Conserve Battery","PathToVictory","Cold Snap","Beam Cell","Ball Lightning","PathToVictory","Coolheaded","EmptyFist","Self Repair","TalkToTheHand+1","Glacier","Aggregate","FearNoEvil","Gash","Apotheosis+1","FTL","Prostrate","Defragment","Defragment","FlurryOfBlows","Echo Form","Barrage+1","Undo+1","Leap","Storm","Defragment","Consecrate","PathToVictory+1","Seek","ThirdEye","Wish","Prostrate","Prostrate","Evaluate+1","Defragment"],"relics":["Cracked Core","Bag of Marbles","Regal Pillow","Sundial","Inserter","Unceasing Top","Shovel","Eternal Feather","StrikeDummy","Symbiotic Virus","Ornamental Fan","DataDisk","Bottled Flame","Bottled Lightning","Molten Egg 2","Fusion Hammer","TheAbacus","Whetstone","Turnip","Centennial Puzzle","HornCleat","Mercury Hourglass","Vajra","Blue Candle","Calipers","InkBottle"],"acts_visited":["Exordium","TheCity","TheBeyond"],"potions_floor_usage":[27,44,50,50],"damage_taken":[{"damage":0.0,"enemies":"Cultist","floor":1.0,"turns":2.0},{"damage":9.0,"enemies":"Jaw Worm","floor":2.0,"turns":2.0},{"damage":4.0,"enemies":"Small Slimes","floor":3.0,"turns":3.0},{"damage":8.0,"enemies":"3 Louse","floor":4.0,"turns":2.0},{"damage":2.0,"enemies":"2 Fungi Beasts","floor":5.0,"turns":2.0},{"damage":0.0,"enemies":"Exordium Thugs","floor":8.0,"turns":3.0},{"damage":4.0,"enemies":"Blue Slaver","floor":10.0,"turns":2.0},{"damage":13.0,"enemies":"Exordium Wildlife","floor":11.0,"turns":3.0},{"damage":1.0,"enemies":"Looter","floor":13.0,"turns":3.0},{"damage":4.0,"enemies":"Gremlin Nob","floor":14.0,"turns":3.0},{"damage":5.0,"enemies":"Slime Boss","floor":16.0,"turns":6.0},{"damage":36.0,"enemies":"2 Thieves","floor":18.0,"turns":4.0},{"damage":7.0,"enemies":"Chosen","floor":19.0,"turns":4.0},{"damage":0.0,"enemies":"Snecko","floor":21.0,"turns":5.0},{"damage":22,"enemies":"Sentry and Sphere","floor":22,"turns":4},{"damage":37,"enemies":"Book of Stabbing","floor":24,"turns":5},{"damage":43,"enemies":"Slavers","floor":27,"turns":5},{"damage":2,"enemies":"Cultist and Chosen","floor":28,"turns":5},{"damage":12,"enemies":"Gremlin Leader","floor":29,"turns":6},{"damage":31,"enemies":"Automaton","floor":33,"turns":8},{"damage":0,"enemies":"Orb Walker","floor":35,"turns":2},{"damage":4,"enemies":"3 Darklings","floor":36,"turns":4},{"damage":43,"enemies":"2 Orb Walkers","floor":39,"turns":6},{"damage":27,"enemies":"Nemesis","floor":40,"turns":7},{"damage":0,"enemies":"Giant Head","floor":42,"turns":5},{"damage":0,"enemies":"Jaw Worm Horde","floor":44,"turns":3},{"damage":10,"enemies":"Sphere and 2 Shapes","floor":48,"turns":5},{"damage":42,"enemies":"Time Eater","floor":50,"turns":7}],"seed_played":"9192803745042345800","potions_obtained":[{"floor":2.0,"key":"GamblersBrew"},{"floor":3.0,"key":"Ancient Potion"},{"floor":10.0,"key":"Ancient Potion"},{"floor":16.0,"key":"FearPotion"},{"floor":19.0,"key":"Dexterity Potion"},{"floor":27,"key":"FocusPotion"}],"is_trial":false,"path_per_floor":["M","M","M","M","M","R","$","M","T","M","M","?","M","E","R","B",null,"M","M","$","M","M","R","E","R","T","E","M","E","R","$","R","B",null,"M","M","?","$","?","E","R","E","T","M","?","$","R","M","R","B",null],"character_chosen":"DEFECT","items_purchased":["Apotheosis","FTL","Prostrate","Unceasing Top","Shovel","Leap","Bottled Lightning","ThirdEye","TheAbacus","Prostrate","Whetstone","Defragment","Blue Candle"],"campfire_rested":3,"item_purchase_floors":[7,7,7,20,20,20,31,31,38,38,38,46,46],"current_hp_per_floor":[75,66,69,61,59,75,75,75,75,71,65,65,71,67,75,75,75,49,52,52,62,50,50,20,75,75,39,44,42,60,60,75,44,75,75,71,71,71,38,21,42,52,52,62,62,62,75,75,75,43],"gold":59,"neow_bonus":"","is_daily":true,"chose_seed":false,"campfire_upgraded":0,"win_rate":0.0,"timestamp":1611825690,"path_taken":["M","M","?","M","M","R","$","M","T","M","M","?","M","E","R","BOSS","M","M","$","M","M","R","E","R","T","E","?","E","R","$","R","BOSS","M","M","?","$","?","E","R","E","T","M","?","$","R","M","R","BOSS"],"items_purchased_type":["Card","Card","Card","Relic","Relic","Card","Relic","Card","Relic","Card","Relic","Card","Relic"],"build_version":"2020-12-22","purchased_purges":3,"victory":true,"max_hp_per_floor":[75,75,75,75,75,75,75,75,75,75,75,75,75,75,75,75,75,75,75,75,75,75,75,75,75,75,75,75,75,75,75,75,75,75,75,75,75,75,75,75,75,75,75,75,75,75,75,75,75,75],"card_choices":[{"not_picked":["BattleHymn","FlyingSleeves"],"picked":"EmptyFist","floor":0.0},{"not_picked":["Static Discharge","Worship"],"picked":"CutThroughFate","floor":0.0},{"not_picked":["Halt","EmptyBody"],"picked":"Gash","floor":0.0},{"not_picked":["Redo","Rebound"],"picked":"Conserve Battery","floor":0.0},{"not_picked":["Consume","Hologram"],"picked":"CutThroughFate","floor":0.0},{"not_picked":["FollowUp","Turbo"],"picked":"PathToVictory","floor":0.0},{"not_picked":["CrushJoints","Study"],"picked":"Cold Snap","floor":0.0},{"not_picked":["Perseverance","Rebound"],"picked":"Beam Cell","floor":0.0},{"not_picked":["CrushJoints","Consume"],"picked":"FollowUp","floor":0.0},{"not_picked":["Rip and Tear","Consecrate"],"picked":"Ball Lightning","floor":0.0},{"not_picked":["SashWhip","Prostrate"],"picked":"PathToVictory","floor":0.0},{"not_picked":["Hologram","InnerPeace"],"picked":"Coolheaded","floor":0.0},{"not_picked":["Halt","CrushJoints"],"picked":"EmptyFist","floor":0.0},{"not_picked":["SandsOfTime","Scrape"],"picked":"Self Repair","floor":0.0},{"not_picked":["Collect","Turbo"],"picked":"TalkToTheHand","floor":0.0},{"not_picked":["Ball Lightning","SashWhip"],"picked":"Glacier","floor":1.0},{"not_picked":["EmptyBody","WindmillStrike"],"picked":"Aggregate","floor":2.0},{"not_picked":["Steam Power","Consume"],"picked":"FearNoEvil","floor":3.0},{"not_picked":["Rebound","EmptyBody"],"picked":"FlurryOfBlows","floor":4.0},{"not_picked":["Coolheaded","EmptyBody"],"picked":"Gash","floor":5.0},{"not_picked":["Compile Driver","JustLucky"],"picked":"Defragment","floor":8.0},{"not_picked":["Steam","Cold Snap"],"picked":"Defragment","floor":10.0},{"not_picked":["Rebound","Wallop"],"picked":"FlurryOfBlows","floor":11.0},{"not_picked":["Stack","SashWhip","Halt"],"picked":"SKIP","floor":13.0},{"not_picked":["EmptyBody","Adaptation","Multi-Cast"],"picked":"SKIP","floor":14.0},{"not_picked":["Hyperbeam","Wish"],"picked":"Echo Form","floor":16.0},{"not_picked":["Compile Driver","Collect+1"],"picked":"Barrage","floor":18.0},{"not_picked":["Steam Power","Gash+1"],"picked":"Undo+1","floor":19.0},{"not_picked":["Barrage+1","Protect","Hologram"],"picked":"SKIP","floor":21.0},{"not_picked":["FlyingSleeves","Wireheading+1"],"picked":"Storm","floor":22},{"not_picked":["Glacier+1","FollowUp"],"picked":"Defragment","floor":24},{"not_picked":["Conserve Battery","SashWhip"],"picked":"Consecrate","floor":27},{"not_picked":["Reprogram","CrushJoints"],"picked":"PathToVictory+1","floor":28},{"not_picked":["Crescendo","Wallop"],"picked":"Seek","floor":29},{"not_picked":["Meteor Strike+1","Reboot"],"picked":"Wish","floor":33},{"not_picked":["Sweeping Beam+1","ThirdEye+1"],"picked":"Prostrate","floor":35},{"not_picked":["Rip and Tear+1","Redo","Genetic Algorithm+1"],"picked":"SKIP","floor":36},{"not_picked":["Conclude+1","Steam","Cold Snap+1"],"picked":"SKIP","floor":40},{"not_picked":["CutThroughFate+1","Hologram+1"],"picked":"Evaluate+1","floor":42},{"not_picked":["Reinforced Body+1","BowlingBash+1","Rebound+1"],"picked":"SKIP","floor":44},{"not_picked":["Rebound+1","Meteor Strike+1","FlurryOfBlows+1"],"picked":"SKIP","floor":48}],"player_experience":902203,"relics_obtained":[{"floor":9.0,"key":"Bag of Marbles"},{"floor":14.0,"key":"Sundial"},{"floor":23,"key":"Eternal Feather"},{"floor":24,"key":"StrikeDummy"},{"floor":26,"key":"Symbiotic Virus"},{"floor":27,"key":"Ornamental Fan"},{"floor":29,"key":"DataDisk"},{"floor":30,"key":"Bottled Flame"},{"floor":32,"key":"Molten Egg 2"},{"floor":39,"key":"Turnip"},{"floor":40,"key":"Centennial Puzzle"},{"floor":41,"key":"HornCleat"},{"floor":42,"key":"Mercury Hourglass"},{"floor":43,"key":"Vajra"},{"floor":47,"key":"Calipers"},{"floor":49,"key":"InkBottle"}],"event_choices":[{"damage_healed":0.0,"max_hp_gain":0.0,"max_hp_loss":0.0,"gold_gain":0.0,"event_name":"WeMeetAgain","player_choice":"Gave Potion","floor":12.0,"gold_loss":0.0,"damage_taken":0.0,"relics_obtained":["Regal Pillow"]},{"cards_removed":["FlurryOfBlows"],"damage_healed":0,"gold_gain":0,"player_choice":"Removed Attack","damage_taken":0,"max_hp_gain":0,"max_hp_loss":0,"event_name":"Falling","floor":37,"gold_loss":0},{"damage_healed":0,"gold_gain":0,"player_choice":"Fight","damage_taken":0,"max_hp_gain":0,"max_hp_loss":0,"event_name":"Mysterious Sphere","floor":39,"gold_loss":0},{"damage_healed":0,"gold_gain":0,"player_choice":"Upgraded","damage_taken":0,"max_hp_gain":0,"max_hp_loss":0,"event_name":"Upgrade Shrine","floor":45,"gold_loss":0,"cards_upgraded":["Apotheosis"]}],"is_beta":false,"boss_relics":[{"not_picked":["Runic Dome","Astrolabe"],"picked":"Inserter"},{"not_picked":["Calling Bell","Philosopher\u0027s Stone"],"picked":"Fusion Hammer"}],"items_purged_floors":[20,31,38],"is_endless":false,"potions_floor_spawned":[2,3,10,11,16,19,21,22,27,39,40],"ascension_level":0}}