{"host":"70jy76jvzy076wi7","time":1611851704,"event":{"mods":["Act Like it!","BaseMod","Better Third Choice","BetterRewards","Energized Spire","Gensokyo","GungeonMod","GungeonMod Extend","Hallownest","Infinite Spire","Library of Ruina","Library of Ruina Extra","Lobotomy","LobotomyExtend","Minty Spire (QoL Compilation)","Pale of the Ancients","Permanent Neow","Replay The Spire","Spicy Shops","StSLib"],"gold_per_floor":[111,128,128,128,128,162,162,162,208,208,208,234,234,264,264,369,369,385,84,84,94,113,140,140,140,214,214,240,252,252,252,252,353,353,369,383,396,446,464,489,489,505,505,539,539,574,588,599,599,599,599],"floor_reached":52,"language":"ZHS","playtime":3043,"items_purged":["BodiesMountain"],"score":1143,"play_id":"c1253b00-e29d-4794-a9a3-b7c163557af5","local_time":"20210129003504","is_ascension_mode":true,"campfire_choices":[{"floor":8.0,"key":"REST"},{"data":"RagingStorm","floor":11.0,"key":"SMITH"},{"data":"RagingStorm","floor":15.0,"key":"SMITH"},{"data":"ExtractFuel","floor":25.0,"key":"SMITH"},{"data":"Quickness","floor":27.0,"key":"SMITH"},{"data":"Suppress","floor":30.0,"key":"SMITH"},{"data":"ReplayTheSpireMod:??????????????????????","floor":32.0,"key":"SMITH"},{"data":"RepressedFlesh","floor":41.0,"key":"SMITH"}],"circlet_count":0,"master_deck":["BlueStar","DespairKnight","QueenOfHatred","LongBird","LightDefense","LightAttack","LightAttack","LightAttack","LightDefense","LightDefense","ChargeAndCover","FocusedStrikes+1","Commandeering+1","VoidDream","RagingStorm+1","Quickness","ReadyUp","RedShoes","GrazeTheGrass","RagingStorm+1","MindCrush","Commandeering","Deflect_lor","Quickness+1","ExtractFuel+1","SteelKnuckles+1","Suppress+1","ReplayTheSpireMod:??????????????????????+1","RepressedFlesh+1","DaringDecision","BattleCommand","RulesOfTheBackstreets+1","SharpNails+1","UnforgettableMelody","RagingStorm","FleshFillet"],"relics":["PageOfLibrarian","CogitoBucket","RabbitCall","LetterFromLob","Onion Ring","PageOfQueenBee","Pet Ghost","Gaze_r","TheSmile_r","PageOfUniverseFragment","Tiny Chest","DemoExt:Clone","AspirationHeart","Oddly Smooth Stone","Justitia_r","ReplayTheSpireMod:Shallot","PageOfForsakenMurderer","SolemnVow_r","AdjustmentMirror","energizedSpire:DeadBattery","InTheNameOfLoveAndHate_r","infinitespire:CursedDice","AtMidnight","Gremlin Food","infinitespire:PuzzleCube","Mirror","Replay:Bottled Flurry","infinitespire:EmpoweringShard","SwordSharpenedByTears_r","SoundOfStar_r"],"acts_visited":["Exordium","TheCity","TheBeyond"],"potions_floor_usage":[50],"damage_taken":[{"damage":0.0,"enemies":"2 Louse","floor":1.0,"turns":2.0},{"damage":6.0,"enemies":"Jaw Worm","floor":2.0,"turns":2.0},{"damage":1.0,"enemies":"Small Slimes","floor":5.0,"turns":3.0},{"damage":0.0,"enemies":"Lagavulin","floor":6.0,"turns":4.0},{"damage":14.0,"enemies":"2 Fungi Beasts","floor":7.0,"turns":4.0},{"damage":8.0,"enemies":"Large Slime","floor":10.0,"turns":5.0},{"damage":4.0,"enemies":"3 Sentries","floor":12.0,"turns":6.0},{"damage":0.0,"enemies":"Gremlin Nob","floor":14.0,"turns":2.0},{"damage":8.0,"enemies":"Fading Forest","floor":16.0,"turns":8.0},{"damage":4.0,"enemies":"Shell Parasite","floor":18.0,"turns":4.0},{"damage":0.0,"enemies":"3 Byrds","floor":21.0,"turns":1.0},{"damage":7.0,"enemies":"Snake Plant","floor":22.0,"turns":4.0},{"damage":1.0,"enemies":"Gremlin Leader","floor":23.0,"turns":3.0},{"damage":0.0,"enemies":"Slavers","floor":28.0,"turns":1.0},{"damage":0.0,"enemies":"3 Cultists","floor":29.0,"turns":2.0},{"damage":34.0,"enemies":"KingOfGreed","floor":33.0,"turns":5.0},{"damage":0.0,"enemies":"Orb Walker","floor":35.0,"turns":2.0},{"damage":0.0,"enemies":"3 Darklings","floor":36.0,"turns":2.0},{"damage":0.0,"enemies":"4 Shapes","floor":37.0,"turns":2.0},{"damage":0.0,"enemies":"Mind Bloom Boss Battle","floor":38.0,"turns":2.0},{"damage":2.0,"enemies":"Maw","floor":39.0,"turns":2.0},{"damage":0.0,"enemies":"Reptomancer","floor":40.0,"turns":2.0},{"damage":0.0,"enemies":"3 Darklings","floor":42.0,"turns":1.0},{"damage":3,"enemies":"Giant Head","floor":44,"turns":4},{"damage":0,"enemies":"R_Hoarder","floor":46,"turns":4},{"damage":0,"enemies":"Jaw Worm Horde","floor":47,"turns":3},{"damage":2,"enemies":"Spire Growth","floor":48,"turns":2},{"damage":90,"enemies":"Awakened One","floor":50,"turns":7}],"seed_played":"-4494456530908497257","potions_obtained":[{"floor":6.0,"key":"DemoMod:LeadSkinPotion"},{"floor":12.0,"key":"Death Potion"},{"floor":14.0,"key":"Elixir"},{"floor":33.0,"key":"infinitespire:BlackPotion"},{"floor":37.0,"key":"PowerPotion"}],"is_trial":false,"path_per_floor":["M","M","?","T","M","E","M","R","T","M","R","E","?","E","R","B",null,"M","$","?","M","M","E","?","R","T","R","E","M","R","AVR","R","B",null,"M","M","M","?","M","E","R","M","T","E","T","E","M","M","R","B",null,null],"character_chosen":"Librarian","items_purchased":["Deflect_lor","Oddly Smooth Stone"],"campfire_rested":1,"item_purchase_floors":[19,19],"current_hp_per_floor":[60,54,37,37,36,36,22,47,47,39,39,35,35,42,42,52,84,94,94,94,94,87,94,94,94,94,94,94,94,94,94,94,63,94,94,94,98,98,96,98,98,98,98,98,98,98,98,96,96,16,16],"gold":599,"neow_bonus":"","is_daily":false,"chose_seed":false,"campfire_upgraded":7,"win_rate":0.0,"timestamp":1611851704,"path_taken":["M","M","?","?","M","E","M","R","T","M","R","E","?","E","R","BOSS","M","$","?","M","M","E","?","R","T","R","E","M","R","AVR","R","BOSS","M","M","M","?","M","E","R","M","T","E","?","E","M","M","R","BOSS"],"items_purchased_type":["Card","Relic"],"build_version":"2020-12-22","purchased_purges":1,"victory":true,"max_hp_per_floor":[84,84,84,84,84,84,84,84,84,84,84,84,84,84,84,84,84,94,94,94,94,94,94,94,94,94,94,94,94,94,94,94,94,94,94,101,98,98,98,98,98,98,98,98,98,98,98,98,98,98,98],"card_choices":[{"not_picked":["MeatLantern","PunishingBird"],"picked":"BodiesMountain","floor":1.0},{"not_picked":["SharpSwipe","Fence","SerpentSwordTechnique","SharpenedBlade","DarkCloud","PinpointShot","HighKick","VioletBlade"],"picked":"Commandeering","floor":1.0},{"not_picked":["QueenBee","OldLady"],"picked":"VoidDream","floor":2.0},{"not_picked":["GuidanceOfTheGears","EndlessBattle","Thrust","SmokingPipe","DefenseOrder","YouOnlyLiveOnce","SuppressingShot","HighKick"],"picked":"RagingStorm","floor":2.0},{"not_picked":["CherryBlossoms","Murderer","Porccubus"],"picked":"Singing Bowl","floor":5.0},{"not_picked":["ProselytesBlade","ForcefulGesture","Feast","MultiBlock","LossOfSenses","Marionette","SteelKnuckles","WildCard"],"picked":"Quickness","floor":5.0},{"not_picked":["WallGazer","CherryBlossoms"],"picked":"LongBird","floor":6.0},{"not_picked":["Pound","SkitterAway","FleetFootsteps","EnergyShield","Reload","Unlock1","Wallop_lor","Rewind"],"picked":"ReadyUp","floor":6.0},{"not_picked":["PunishingBird","OSAHOGD","ShyLook"],"picked":"Singing Bowl","floor":7.0},{"not_picked":["MHz","Wellcheers"],"picked":"RedShoes","floor":7.0},{"not_picked":["YouOnlyLiveOnce","RatsGuideToSurvival","SnakesPrey","Reload","DarkCloud","Diversion","EndlessBattle","ViolentFlame"],"picked":"GrazeTheGrass","floor":7.0},{"not_picked":["UniverseFragment","OldLady","SpiderBud"],"picked":"Singing Bowl","floor":12.0},{"not_picked":["ForcefulGesture","RapidGashes","WillBeTasty","DarkCloud","EmotionalTurbulence","ScatteringSlash","MindWhip","AGoldenOpportunity"],"picked":"RagingStorm","floor":12.0},{"not_picked":["FairyFestival","Bloodbath","Variant"],"picked":"Singing Bowl","floor":14.0},{"not_picked":["Multislash","DesperateStruggle","DefenseOrder","BackAttack","UpbeatPerformance","Parry2","ClassAndRespect","TieShanKao","LawAndOrder"],"picked":"SKIP","floor":14.0},{"not_picked":["QueenBee","WallGazer","Freischutz"],"picked":"Singing Bowl","floor":16.0},{"not_picked":["WillProduceFineSilk","Punishment"],"picked":"MindCrush","floor":16.0},{"not_picked":["WhitesApple","NothingThere","DreamingCurrent"],"picked":"Singing Bowl","floor":18.0},{"not_picked":["Outburst","FierceCharge","TasteMyFlamingBat","SturdyDefense","SpearedSweep+1","SharpNails","PinpointShot","BackAttack"],"picked":"Commandeering","floor":18.0},{"not_picked":["GalaxyChild","CherryBlossoms","OldLady"],"picked":"Singing Bowl","floor":21.0},{"not_picked":["UniverseFragment","MHz"],"picked":"BlueStar","floor":21.0},{"not_picked":["ForcefulGesture","Standoff","StrikeDown+1","SnakesPrey","UnavoidableGaze","EmotionalTurbulence","UpbeatPerformance","MultiHit","ViolentFlame+1"],"picked":"SKIP","floor":21.0},{"not_picked":["Woodsman","DreamingCurrent","MeatLantern"],"picked":"Singing Bowl","floor":22.0},{"not_picked":["LaLuna","CherryBlossoms"],"picked":"Funeral","floor":22.0},{"not_picked":["ClassAndRespect","SuppressingShot+1","Parry2","Wallop_lor+1","TieShanKao","CutIn","ShockRound","Unlock1"],"picked":"ExtractFuel","floor":22.0},{"not_picked":["PunishingBird","BigBird","HeroicMonk"],"picked":"Singing Bowl","floor":23.0},{"not_picked":["SnakeSlit+1","ICanCookAnything","DarkCloud","LawAndOrder","CookingPrep","HandleRequest","GrazeTheGrass","Tailoring+1"],"picked":"SteelKnuckles+1","floor":23.0},{"not_picked":["WhitesApple","CrumblingArmor","FairyFestival"],"picked":"Singing Bowl","floor":28.0},{"not_picked":["Parry2","Overpower+1","GuidanceOfTheGears","Preparation","Wallop_lor","BlowItUp","LawAndOrder+1","IllEndYou","Reload"],"picked":"SKIP","floor":28.0},{"not_picked":["OSAHOGD","FieryBird"],"picked":"QueenOfHatred","floor":29.0},{"not_picked":["StayCalm","Quickness","FeatherShield","PuppetBlockade+1","GrazeTheGrass","Reload","SpearedSweep+1","Brawl"],"picked":"Suppress","floor":29.0},{"not_picked":["ShyLook","SilentOrchestra"],"picked":"Mercenary","floor":33.0},{"not_picked":["Punishment","ScratchThat"],"picked":"RepressedFlesh","floor":33.0},{"not_picked":["Woodsman","Rudolta","FieryBird"],"picked":"Singing Bowl","floor":35.0},{"not_picked":["StructuralAnalysis","AutonomousRush+1","Parry","BladeWhirl","Pound","Thrust","SuppressingShot","WillBeTasty+1","SetFire"],"picked":"SKIP","floor":35.0},{"not_picked":["Rudolta","WhitesApple","ShyLook"],"picked":"Singing Bowl","floor":36.0},{"not_picked":["Brawl","FleetEdge+1","Standoff+1","StrongStrike","GuidanceOfTheGears+1","HandleRequest+1","HighKick+1","SunsetBlade","SharpSwipe+1"],"picked":"SKIP","floor":36.0},{"not_picked":["Rudolta","SingingMachine","BodiesMountain"],"picked":"Singing Bowl","floor":37.0},{"not_picked":["Unlock1+1","InhaleSmoke","MindWhip","Wallop_lor+1","GatherIntel","GreatSerpentsImpact","ToOvercomeCrisis","SturdyDefense+1"],"picked":"DaringDecision","floor":37.0},{"not_picked":["Porccubus","LittlePrince"],"picked":"DespairKnight","floor":38.0},{"not_picked":["SingingMachine","Scarecrow","OSAHOGD"],"picked":"Singing Bowl","floor":39.0},{"not_picked":["Leap_lor+1","Eject","WillOfThePrescript+1","ViolentFlame+1","WaitUp","PinpointShot","Laceration+1","WillProduceFineSilk"],"picked":"BattleCommand","floor":39.0},{"not_picked":["Yin","Wellcheers","MeatLantern"],"picked":"Singing Bowl","floor":40.0},{"not_picked":["Feast","EnergyCycle+1","FrontalAssault","Commandeering","Wallop_lor","SerpentSwordTechnique","GrazeTheGrass+1","SinglePointStab+1"],"picked":"RulesOfTheBackstreets+1","floor":40.0},{"not_picked":["WillOfThePrescript","GrazeTheGrass","Quickness","Unlock1+1","Multislash+1","SuppressingShot+1","MultiHit","FrontalAssault+1"],"picked":"SharpNails+1","floor":42},{"not_picked":["Rudolta","BigBird","BodiesMountain"],"picked":"Singing Bowl","floor":44},{"not_picked":["LossOfSenses","SunsetBlade","UnavoidableGaze+1","HandleRequest","Ripple","Pound","AsThePrescriptOrders+1","GuardingStance+1"],"picked":"UnforgettableMelody","floor":44},{"not_picked":["LaLuna","MeatLantern","Alriune"],"picked":"Singing Bowl","floor":46},{"not_picked":["Diversion+1","FlamingDragonFist","Parry2","GrazeTheGrass+1","ViolentFlame+1","Faith","ChargeUp","SmokingPipe+1","EnergyStrike"],"picked":"SKIP","floor":46},{"not_picked":["LaLuna","BigBadWolf","Laetitia"],"picked":"Singing Bowl","floor":47},{"not_picked":["SturdyDefense+1","SinglePointStab","SuppressingShot+1","AbsorbImpact+1","YourShield","Rewind+1","Preparation","Tailoring"],"picked":"RagingStorm","floor":47},{"not_picked":["NakedNest","Mercenary","DreamingCurrent"],"picked":"Singing Bowl","floor":48},{"not_picked":["FaintMemories","EndlessBattle+1","QuickSuppression+1","WillOfThePrescript","StructuralAnalysis","FleetFootsteps","Parry+1","Mutilate","Unlock1+1"],"picked":"SKIP","floor":48}],"player_experience":1732664,"relics_obtained":[{"floor":1.0,"key":"LetterFromLob"},{"floor":4.0,"key":"Onion Ring"},{"floor":6.0,"key":"PageOfQueenBee"},{"floor":9.0,"key":"Pet Ghost"},{"floor":12.0,"key":"PageOfUniverseFragment"},{"floor":14.0,"key":"Tiny Chest"},{"floor":23.0,"key":"ReplayTheSpireMod:Shallot"},{"floor":28.0,"key":"PageOfForsakenMurderer"},{"floor":38.0,"key":"infinitespire:CursedDice"},{"floor":39.0,"key":"AtMidnight"},{"floor":40.0,"key":"Gremlin Food"},{"floor":43,"key":"infinitespire:PuzzleCube"},{"floor":44,"key":"Mirror"},{"floor":45,"key":"Replay:Bottled Flurry"},{"floor":46,"key":"infinitespire:EmpoweringShard"}],"event_choices":[{"damage_healed":54.0,"max_hp_gain":0.0,"max_hp_loss":84.0,"gold_gain":0.0,"event_name":"betterThird:BetterShining","player_choice":"Upgrade","floor":3.0,"gold_loss":0.0,"damage_taken":17.0,"cards_upgraded":["Commandeering","FocusedStrikes"]},{"damage_healed":0.0,"max_hp_gain":0.0,"max_hp_loss":0.0,"gold_gain":0.0,"event_name":"The Library","player_choice":"Read","floor":20.0,"gold_loss":0.0,"damage_taken":0.0,"cards_obtained":["Quickness"]},{"damage_healed":0.0,"max_hp_gain":0.0,"max_hp_loss":0.0,"gold_gain":0.0,"event_name":"MindBloom","player_choice":"Fight","floor":38.0,"gold_loss":0.0,"damage_taken":0.0}],"is_beta":false,"boss_relics":[{"not_picked":["energizedSpire:RedRose","Replay:Ancient Bell"],"picked":"DemoExt:Clone"},{"not_picked":["Busted Crown","PageOfBlackSwan"],"picked":"energizedSpire:DeadBattery"}],"items_purged_floors":[19],"is_endless":false,"potions_floor_spawned":[6,10,12,14,16,22,29,33,37,38,39,42],"ascension_level":1}}