{"host":"w7hgcz29911qf98n","time":1611796226,"event":{"mods":["BaseMod","Colored Powertips","Minty Spire (QoL Compilation)","Rare Cards Sparkle","Relic Stats","SuperFastMode","Synergy Search"],"gold_per_floor":[109,127,127,141,154,154,168,168,195,212,212,5,22,37,37,134,134,148,148,67,82,6,36,55,55,55],"floor_reached":25,"language":"ENG","playtime":1180,"items_purged":[],"score":217,"play_id":"2d58be5a-7ce5-4ae2-8755-866ae2912833","local_time":"20210127201026","is_ascension_mode":false,"campfire_choices":[{"data":"Electrodynamics","floor":6,"key":"SMITH"},{"floor":8,"key":"REST"},{"data":"Stack","floor":11,"key":"SMITH"},{"floor":15,"key":"REST"}],"circlet_count":0,"master_deck":["Strike_B","Strike_B","Strike_B","Strike_B","Defend_B","Defend_B","Defend_B","Defend_B","Zap","Dualcast+1","Undo","BootSequence","Decay","Coolheaded","Electrodynamics+1","Gash","Stack+1","Barrage","Conserve Battery","Core Surge","Sweeping Beam","Conserve Battery","Biased Cognition","CurseOfTheBell","Streamline","Static Discharge","Rebound","Double Energy","Gash+1"],"relics":["Cracked Core","NeowsBlessing","Strawberry","Calling Bell","Pen Nib","InkBottle","Torii","Nunchaku"],"acts_visited":["Exordium","TheCity"],"potions_floor_usage":[16,16,16,23,25],"damage_taken":[{"damage":0,"enemies":"Jaw Worm","floor":1,"turns":1},{"damage":0,"enemies":"Cultist","floor":2,"turns":1},{"damage":0,"enemies":"Small Slimes","floor":4,"turns":1},{"damage":4,"enemies":"2 Fungi Beasts","floor":5,"turns":3},{"damage":3,"enemies":"Exordium Wildlife","floor":7,"turns":3},{"damage":3,"enemies":"Looter","floor":10,"turns":4},{"damage":11,"enemies":"Blue Slaver","floor":13,"turns":3},{"damage":8,"enemies":"Exordium Thugs","floor":14,"turns":3},{"damage":55,"enemies":"The Guardian","floor":16,"turns":19},{"damage":1,"enemies":"Shell Parasite","floor":18,"turns":7},{"damage":8,"enemies":"2 Thieves","floor":21,"turns":4},{"damage":55,"enemies":"Book of Stabbing","floor":23,"turns":7},{"damage":16,"enemies":"Snake Plant","floor":24,"turns":3},{"damage":13,"enemies":"Snecko","floor":25,"turns":3}],"seed_played":"-7792540312236241871","potions_obtained":[{"floor":4,"key":"LiquidMemories"},{"floor":5,"key":"BlessingOfTheForge"},{"floor":7,"key":"Dexterity Potion"},{"floor":23,"key":"FearPotion"}],"is_trial":false,"path_per_floor":["M","M","?","M","M","R","M","R","T","M","R","$","M","M","R","B",null,"M","?","$","M","$","E","M","M"],"character_chosen":"DEFECT","items_purchased":["Barrage","Conserve Battery","Core Surge","Static Discharge","EssenceOfSteel"],"campfire_rested":2,"item_purchase_floors":[12,12,12,20,22],"current_hp_per_floor":[75,75,75,75,71,71,68,75,82,79,79,79,68,60,82,27,82,81,81,81,73,73,18,2,0,0],"gold":55,"neow_bonus":"THREE_ENEMY_KILL","is_daily":false,"chose_seed":false,"campfire_upgraded":2,"win_rate":0.0,"timestamp":1611796226,"path_taken":["M","M","?","?","M","R","?","R","T","M","R","$","M","M","R","BOSS","M","?","$","?","?","E","M","M"],"items_purchased_type":["Card","Card","Card","Card","Potion"],"build_version":"2020-12-22","purchased_purges":0,"victory":false,"max_hp_per_floor":[75,75,75,75,75,75,75,75,82,82,82,82,82,82,82,82,82,82,82,82,82,82,82,82,82,82],"relic_stats":{"Nunchaku":[0],"Torii":8,"counters":[14,62],"Pen Nib":[3],"obtain_stats":[{"Calling Bell":17,"Nunchaku":23,"NeowsBlessing":0,"Torii":17,"Strawberry":9,"Pen Nib":17,"Cracked Core":0,"InkBottle":17},{"Calling Bell":9,"Nunchaku":12,"NeowsBlessing":0,"Torii":9,"Strawberry":5,"Pen Nib":9,"Cracked Core":0,"InkBottle":9},{"Calling Bell":38,"Nunchaku":56,"NeowsBlessing":0,"Torii":38,"Strawberry":9,"Pen Nib":38,"Cracked Core":0,"InkBottle":38}],"InkBottle":[7]},"card_choices":[{"not_picked":["Leap","Steam"],"picked":"Undo","floor":1},{"not_picked":["Force Field","Conserve Battery"],"picked":"BootSequence","floor":2},{"not_picked":["Skim","Hologram"],"picked":"Coolheaded","floor":4},{"not_picked":["Gash","Go for the Eyes"],"picked":"Electrodynamics","floor":5},{"not_picked":["Ball Lightning","Fusion"],"picked":"Gash","floor":7},{"not_picked":["Leap","Steam"],"picked":"Stack","floor":10},{"not_picked":["Conserve Battery","Steam"],"picked":"Sweeping Beam","floor":13},{"not_picked":["Blizzard","Hologram"],"picked":"Conserve Battery","floor":14},{"not_picked":["Seek","Electrodynamics"],"picked":"Biased Cognition","floor":16},{"not_picked":["Redo","Reprogram"],"picked":"Streamline","floor":18},{"not_picked":["Tempest","Consume+1"],"picked":"Rebound","floor":21},{"not_picked":["Rebound+1","Hello World+1"],"picked":"Double Energy","floor":23},{"not_picked":["White Noise","Reprogram"],"picked":"Gash+1","floor":24}],"player_experience":47616,"relics_obtained":[{"floor":9,"key":"Strawberry"},{"floor":17,"key":"Pen Nib"},{"floor":17,"key":"InkBottle"},{"floor":17,"key":"Torii"},{"floor":23,"key":"Nunchaku"}],"event_choices":[{"damage_healed":0,"gold_gain":0,"player_choice":"Cursed","damage_taken":0,"max_hp_gain":0,"max_hp_loss":0,"event_name":"Wheel of Change","floor":3,"gold_loss":0,"cards_obtained":["Decay"]},{"damage_healed":0,"gold_gain":0,"player_choice":"Forge","damage_taken":0,"max_hp_gain":0,"max_hp_loss":0,"event_name":"Accursed Blacksmith","floor":19,"gold_loss":0,"cards_upgraded":["Dualcast"]}],"is_beta":false,"boss_relics":[{"not_picked":["FrozenCore","Black Star"],"picked":"Calling Bell"}],"items_purged_floors":[],"is_endless":false,"potions_floor_spawned":[4,5,7,23],"killed_by":"Snecko","ascension_level":0}}