{"host":"xkmvu47k9fdstweo","time":1611871702,"event":{"mods":["BaseMod","Colored Map","Conspire","HololiveMod","Hubris","Minty Spire (QoL Compilation)","Quick Restart","Shop Mod","StSLib","The Wild Card"],"gold_per_floor":[83,33,33,52,72,72,101,101,128,128,156,184,203,44,44,148,148,165,165,183,183,204,204,225,270,341,341,341,170,199,226,226,331,331,356,356,356,394,428,466,320,362,362,362,385,0,12,12,12,27],"floor_reached":51,"language":"ENG","playtime":1814,"items_purged":[],"score":1056,"play_id":"06dcc435-0e68-4d36-b4c7-a7ff54f033b9","local_time":"20210128170822","is_ascension_mode":true,"campfire_choices":[{"data":"Hololive_CocoNews","floor":6,"key":"SMITH"},{"data":"Hololive_CallYozoraMel","floor":8,"key":"SMITH"},{"data":"Hololive_IdolExercise","floor":15,"key":"SMITH"},{"data":"Hololive_RevenueBasedLive","floor":23,"key":"SMITH"},{"data":"Hololive_CallAkiRosenthal","floor":28,"key":"SMITH"},{"data":"Hololive_HuntDinosaur","floor":32,"key":"SMITH"},{"data":"Hololive_FlyingPonyTail","floor":49,"key":"SMITH"}],"circlet_count":0,"master_deck":["Hololive_ILoveYou","Hololive_CallYozoraMel+1","Hololive_CallMoonaHoshinova+1","Hololive_CallOkamiMio","Hololive_CallMinatoAqua","Hololive_CocoNews+1","Hololive_CocoNews+1","Hololive_CallShiranuiFlare","Hololive_FlyingPonyTail+1","Hololive_RevenueBasedLive+1","Hololive_RevenueBasedLive+1","Hololive_CallAkiRosenthal+1","Hololive_IdolExercise+1","Hololive_DDD","Hololive_CocoNews+1","Hololive_Breathe","conspire:Banana+1","Hololive_Rebound+1","Hololive_CallOzoraSubaru","Hololive_CallShirakamiFubuki","Hololive_StrengthChampion","Hololive_CallInugamiKorone","Hololive_HuntDinosaur+1","Hololive_WolfAndLamb","Hololive_Psychosis+1","Hololive_CallFriendA","Hololive_CallArtia","Hololive_Nanodesu","Hololive_Psychosis+1","Hololive_CallDoris+1","Parasite","Hololive_Teleport+1"],"relics":["Hololive_TheStar","Vajra","hubris:ToyBattleship","Hololive_FriedShrimpLion","Bronze Scales","Empty Cage","Centennial Puzzle","Letter Opener","War Paint","Velvet Choker","Incense Burner","Bird Faced Urn","PreservedInsect","Potion Belt","hubris:SlimyHat","Singing Bowl","Red Mask"],"acts_visited":["Exordium","TheCity","TheBeyond"],"potions_floor_usage":[16,16,40],"damage_taken":[{"damage":0,"enemies":"conspire:RoseBush","floor":1,"turns":2},{"damage":0,"enemies":"Cultist","floor":4,"turns":2},{"damage":0,"enemies":"Small Slimes","floor":5,"turns":2},{"damage":0,"enemies":"Gremlin Nob","floor":7,"turns":3},{"damage":0,"enemies":"3 Sentries","floor":11,"turns":4},{"damage":0,"enemies":"conspire:MimicChest","floor":12,"turns":4},{"damage":0,"enemies":"3 Louse","floor":13,"turns":2},{"damage":0,"enemies":"Hexaghost","floor":16,"turns":3},{"damage":5,"enemies":"2 Thieves","floor":18,"turns":4},{"damage":0,"enemies":"Shell Parasite","floor":20,"turns":3},{"damage":0,"enemies":"3 Cultists","floor":22,"turns":4},{"damage":1,"enemies":"Centurion and Healer","floor":24,"turns":6},{"damage":0,"enemies":"conspire:Head Lice","floor":25,"turns":8},{"damage":0,"enemies":"Shelled Parasite and Fungi","floor":30,"turns":4},{"damage":0,"enemies":"Cultist and Chosen","floor":31,"turns":4},{"damage":0,"enemies":"conspire:MysteriousRune","floor":33,"turns":5},{"damage":0,"enemies":"3 Shapes","floor":35,"turns":3},{"damage":0,"enemies":"3 Darklings","floor":38,"turns":4},{"damage":0,"enemies":"4 Shapes","floor":39,"turns":4},{"damage":0,"enemies":"Nemesis","floor":40,"turns":5},{"damage":0,"enemies":"Giant Head","floor":42,"turns":5},{"damage":0,"enemies":"Transient","floor":45,"turns":5},{"damage":0,"enemies":"Writhing Mass","floor":47,"turns":3},{"damage":24,"enemies":"conspire:OrnateMirror","floor":50,"turns":7}],"seed_played":"-1375056639687644450","potions_obtained":[{"floor":1,"key":"DistilledChaos"},{"floor":7,"key":"EntropicBrew"},{"floor":22,"key":"DuplicationPotion"},{"floor":33,"key":"Energy Potion"},{"floor":47,"key":"PowerPotion"}],"is_trial":false,"path_per_floor":["M","?","?","M","M","R","E","R","T","?","E","?","M","$","R","B",null,"M","?","M","?","M","R","M","E","T","?","R","$","M","M","R","B",null,"M","T","?","M","M","E","$","E","T","T","M","?","M","?","R","B",null],"character_chosen":"Hololive_HololiveCharacter","items_purchased":["Hololive_IdolExercise","War Paint","Hololive_StrengthChampion","PreservedInsect"],"campfire_rested":0,"item_purchase_floors":[14,29,29,41],"current_hp_per_floor":[35,35,35,35,35,35,35,35,35,35,35,35,35,35,35,35,35,35,35,35,35,36,36,37,38,38,38,38,38,40,42,42,44,44,44,44,44,46,48,48,48,50,50,50,52,52,54,56,56,34],"gold":27,"neow_bonus":"UPGRADE_CARD","is_daily":false,"chose_seed":false,"campfire_upgraded":7,"win_rate":0.0,"timestamp":1611871702,"path_taken":["M","?","?","?","M","R","E","R","T","?","E","?","M","$","R","BOSS","M","?","M","?","M","R","?","E","T","?","R","$","?","?","R","BOSS","M","?","?","M","?","E","$","E","T","?","M","?","M","?","R","BOSS"],"items_purchased_type":["Card","Relic","Card","Relic"],"build_version":"2020-12-22","purchased_purges":0,"victory":true,"max_hp_per_floor":[35,35,35,35,35,35,35,35,35,35,35,35,35,35,35,35,35,35,35,35,35,36,36,37,38,38,38,38,38,40,42,42,44,44,44,44,44,46,48,48,48,50,50,50,52,52,54,56,56,58],"card_choices":[{"not_picked":["Hololive_StrengthChampion","Hololive_Psychosis","Hololive_RevenueBasedLive"],"picked":"Hololive_CocoNews","floor":1},{"not_picked":["Hololive_StrengthChampion","Hololive_CallSakuraMiko","Hololive_Breathe"],"picked":"Hololive_CocoNews","floor":4},{"not_picked":["Hololive_CallYozoraMel","Hololive_Trident","Hololive_LuckPotion"],"picked":"Hololive_CallShiranuiFlare","floor":5},{"not_picked":["Hololive_Drill","Hololive_DiamondStrike","Hololive_LuckPotion"],"picked":"Hololive_FlyingPonyTail","floor":7},{"not_picked":["Hololive_Sequa","Hololive_Trident","Hololive_FlyingPonyTail"],"picked":"Hololive_RevenueBasedLive","floor":11},{"not_picked":["Hololive_StrengthChampion","Hololive_Sequa","Hololive_OvertimeWork"],"picked":"Hololive_RevenueBasedLive","floor":12},{"not_picked":["Hololive_Breathe","Hololive_CallAkaiHaato","Hololive_CallYuzukiChoco"],"picked":"Hololive_CallAkiRosenthal","floor":13},{"not_picked":["Hololive_OpenUp","Hololive_StarCraft","Hololive_AWSL"],"picked":"Hololive_DDD","floor":16},{"not_picked":["Hololive_RevenueBasedLive+1","Hololive_CallOzoraSubaru","Hololive_SoulCatcher"],"picked":"Hololive_CocoNews+1","floor":18},{"not_picked":["Hololive_SummonFox","Hololive_Psychosis+1","Hololive_Rebound"],"picked":"Hololive_Breathe","floor":20},{"not_picked":["Hololive_FlyingPonyTail","Hololive_Psychosis","Hololive_OvertimeWork"],"picked":"Hololive_Rebound+1","floor":22},{"not_picked":["Hololive_DevilCharm","Hololive_Trident","Hololive_FlyingPonyTail+1"],"picked":"Hololive_CallOzoraSubaru","floor":24},{"not_picked":["Hololive_Watashimo","Hololive_CallYogiri+1","Hololive_ManjiGathering+1","Hololive_DDD"],"picked":"SKIP","floor":25},{"not_picked":["Hololive_Rebound","Hololive_CallNatsuiroMatsuri+1","Hololive_SummonFox"],"picked":"Hololive_CallInugamiKorone","floor":30},{"not_picked":["Hololive_Sequa+1","Hololive_Rebound","Hololive_RevenueBasedLive"],"picked":"Hololive_HuntDinosaur","floor":31},{"not_picked":["Hololive_OpenUp","Hololive_FlareMind","Hololive_HighAtkLowDef"],"picked":"Hololive_WolfAndLamb","floor":33},{"not_picked":["Hololive_CocoNews+1","Hololive_Breathe","Hololive_Spy"],"picked":"Hololive_Psychosis+1","floor":35},{"not_picked":["Hololive_CallUsadaPekora+1","Hololive_StrengthChampion","Hololive_DiamondStrike"],"picked":"Hololive_CallFriendA","floor":38},{"not_picked":["Hololive_StrengthChampion+1","Hololive_RevenueBasedLive","Hololive_CallTokoyamiTowa"],"picked":"Hololive_CallArtia","floor":39},{"not_picked":["Hololive_Rebound","Hololive_Watashimo","Hololive_OvertimeWork+1"],"picked":"Hololive_Nanodesu","floor":40},{"not_picked":["Hololive_HuntDinosaur+1","Hololive_Trident","Hololive_OvertimeWork"],"picked":"Hololive_Psychosis+1","floor":42},{"not_picked":["Hololive_OvertimeWork","Hololive_FlyingPonyTail+1","Hololive_Drill+1"],"picked":"Hololive_CallDoris+1","floor":45},{"not_picked":["Hololive_Sequa+1","Hololive_FlyingPonyTail+1","Hololive_CallHoshimachiSuisei"],"picked":"Hololive_Teleport+1","floor":47},{"not_picked":["Swift Strike","Dramatic Entrance","Mind Blast","Finesse"],"picked":"Singing Bowl","floor":48}],"player_experience":314063,"relics_obtained":[{"floor":7,"key":"Vajra"},{"floor":9,"key":"hubris:ToyBattleship"},{"floor":11,"key":"Hololive_FriedShrimpLion"},{"floor":12,"key":"Bronze Scales"},{"floor":25,"key":"Centennial Puzzle"},{"floor":26,"key":"Letter Opener"},{"floor":36,"key":"Incense Burner"},{"floor":40,"key":"Bird Faced Urn"},{"floor":42,"key":"Potion Belt"},{"floor":43,"key":"hubris:SlimyHat"},{"floor":44,"key":"Singing Bowl"}],"event_choices":[{"cards_removed":["Hololive_Strike"],"damage_healed":0,"gold_gain":0,"player_choice":"Card Removal","damage_taken":0,"max_hp_gain":0,"max_hp_loss":0,"event_name":"The Cleric","floor":2,"gold_loss":50},{"damage_healed":0,"gold_gain":0,"player_choice":"Upgraded","damage_taken":0,"max_hp_gain":0,"max_hp_loss":0,"event_name":"Upgrade Shrine","floor":3,"gold_loss":0,"cards_upgraded":["Hololive_CocoNews"]},{"damage_healed":0,"gold_gain":0,"player_choice":"Leave","damage_taken":0,"max_hp_gain":0,"max_hp_loss":0,"event_name":"conspire:Investor","floor":10,"gold_loss":0},{"cards_removed":["Hololive_Defend"],"damage_healed":0,"gold_gain":0,"player_choice":"Elegance","damage_taken":0,"max_hp_gain":0,"max_hp_loss":0,"event_name":"Back to Basics","floor":19,"gold_loss":0},{"damage_healed":0,"gold_gain":0,"player_choice":"1 cards matched","damage_taken":0,"max_hp_gain":0,"max_hp_loss":0,"event_name":"Match and Keep!","floor":21,"gold_loss":0,"cards_obtained":["conspire:Banana"]},{"damage_healed":0,"gold_gain":0,"player_choice":"Read","damage_taken":0,"max_hp_gain":0,"max_hp_loss":0,"event_name":"The Library","floor":27,"gold_loss":0,"cards_obtained":["Hololive_CallShirakamiFubuki"]},{"cards_removed":["Hololive_CallMoonaHoshinova"],"damage_healed":0,"gold_gain":0,"player_choice":"Offered Uncommon","damage_taken":0,"max_hp_gain":0,"max_hp_loss":0,"event_name":"Bonfire Elementals","floor":37,"gold_loss":0},{"damage_healed":0,"gold_gain":0,"player_choice":"Paid","damage_taken":0,"relics_obtained":["Red Mask"],"max_hp_gain":0,"max_hp_loss":0,"event_name":"Tomb of Lord Red Mask","floor":46,"gold_loss":385},{"damage_healed":0,"gold_gain":0,"player_choice":"Memory 1","damage_taken":0,"max_hp_gain":0,"max_hp_loss":0,"event_name":"SensoryStone","floor":48,"gold_loss":0}],"is_beta":false,"boss_relics":[{"not_picked":["Astrolabe","Tiny House"],"picked":"Empty Cage"},{"not_picked":["conspire:SpecialSausage","Pandora\u0027s Box"],"picked":"Velvet Choker"}],"items_purged_floors":[],"is_endless":false,"potions_floor_spawned":[1,7,16,22,31,33,38,47],"ascension_level":1}}