{"host":"sc0o2qwpf9j16a4i","time":1611852526,"event":{"mods":["AchievementEnabler","BaseMod","BetterRewards","Block Reminder","Colored Map","Colored Powertips","Custom Start","Highlight Path","Minty Spire (QoL Compilation)","Relic Stats"],"gold_per_floor":[115,40,56,56,331,364,375,408,484,514,689,23,48,67,67,172,172,192,192,192,192,212,237,237,266,320,354,4,32,67,79,91,198,210,241,269,49,49,271,296,346,381,381,410,410,410,429,446,446,446],"floor_reached":51,"language":"ENG","playtime":2226,"items_purged":["Jack Of All Trades","Regret","Doubt"],"score":1085,"play_id":"f5e811b4-7a37-46ec-a154-76a72588133f","local_time":"20210128184846","daily_mods":["Allstar","Diverse","Elite Swarm"],"is_ascension_mode":false,"campfire_choices":[{"data":"Wraith Form v2","floor":15,"key":"SMITH"},{"data":"Wraith Form v2","floor":24,"key":"SMITH"},{"data":"Demon Form","floor":32,"key":"SMITH"},{"data":"Demon Form","floor":46,"key":"SMITH"},{"data":"Seek","floor":49,"key":"SMITH"}],"circlet_count":0,"master_deck":["Strike_R","Strike_R","Strike_R","Strike_R","Defend_R+1","Defend_R","Defend_R","Defend_R+1","Bash","PanicButton","Jack Of All Trades","Discovery","Master of Strategy+1","SandsOfTime","Protect","Burst","Conserve Battery","Reaper","Wraith Form v2+1","Well Laid Plans","Wraith Form v2+1","ThirdEye+1","WindmillStrike","Ghostly","Ghostly","Ghostly","Ghostly","Ghostly","Shockwave","Impervious","Immolate+1","Decay","Malaise","Recycle","Demon Form+1","Doubt","Seek+1","Demon Form+1","Doubt","Echo Form"],"relics":["Burning Blood","WingedGreaves","Vajra","The Courier","Red Skull","Singing Bowl","Eternal Feather","Strange Spoon","StoneCalendar","Cursed Key","MutagenicStrength","Oddly Smooth Stone","Molten Egg 2","War Paint","White Beast Statue","Orrery","Bag of Preparation","Red Mask","MawBank","Mercury Hourglass","Runic Pyramid","Lee\u0027s Waffle","PreservedInsect","Happy Flower","Magic Flower","Question Card","Letter Opener","Meat on the Bone"],"acts_visited":["Exordium","TheCity","TheBeyond"],"potions_floor_usage":[10,16,23,29,30,33,33,35,42,50,50,50],"damage_taken":[{"damage":6,"enemies":"Jaw Worm","floor":1,"turns":4},{"damage":2,"enemies":"2 Louse","floor":3,"turns":3},{"damage":31,"enemies":"Gremlin Nob","floor":6,"turns":5},{"damage":0,"enemies":"Small Slimes","floor":7,"turns":3},{"damage":13,"enemies":"3 Sentries","floor":8,"turns":12},{"damage":11,"enemies":"Lagavulin","floor":10,"turns":6},{"damage":13,"enemies":"Gremlin Nob","floor":13,"turns":4},{"damage":2,"enemies":"Looter","floor":14,"turns":5},{"damage":21,"enemies":"The Guardian","floor":16,"turns":16},{"damage":6,"enemies":"Chosen","floor":18,"turns":7},{"damage":5,"enemies":"Spheric Guardian","floor":22,"turns":8},{"damage":5,"enemies":"Book of Stabbing","floor":23,"turns":7},{"damage":6,"enemies":"Gremlin Leader","floor":25,"turns":10},{"damage":1,"enemies":"Book of Stabbing","floor":27,"turns":7},{"damage":0,"enemies":"Masked Bandits","floor":29,"turns":2},{"damage":0,"enemies":"Gremlin Leader","floor":30,"turns":7},{"damage":3,"enemies":"Automaton","floor":33,"turns":11},{"damage":5,"enemies":"3 Shapes","floor":35,"turns":7},{"damage":1,"enemies":"Orb Walker","floor":36,"turns":5},{"damage":0,"enemies":"Reptomancer","floor":40,"turns":6},{"damage":0,"enemies":"2 Orb Walkers","floor":41,"turns":8},{"damage":3,"enemies":"Nemesis","floor":42,"turns":5},{"damage":3,"enemies":"Reptomancer","floor":44,"turns":6},{"damage":0,"enemies":"Sphere and 2 Shapes","floor":47,"turns":4},{"damage":7,"enemies":"3 Darklings","floor":48,"turns":5},{"damage":12,"enemies":"Time Eater","floor":50,"turns":9}],"seed_played":"-7831650590914387878","potions_obtained":[{"floor":7,"key":"BlessingOfTheForge"},{"floor":10,"key":"Dexterity Potion"},{"floor":14,"key":"GamblersBrew"},{"floor":16,"key":"ElixirPotion"},{"floor":18,"key":"SkillPotion"},{"floor":25,"key":"DuplicationPotion"},{"floor":29,"key":"DistilledChaos"},{"floor":30,"key":"BloodPotion"},{"floor":33,"key":"Block Potion"},{"floor":35,"key":"CultistPotion"},{"floor":36,"key":"Energy Potion"},{"floor":40,"key":"Weak Potion"},{"floor":41,"key":"Strength Potion"},{"floor":42,"key":"AttackPotion"}],"is_trial":true,"path_per_floor":["M","$","M","?","?","E","M","E","T","E","?","$","E","M","R","B",null,"M","?","?","?","M","E","R","E","T","E","$","?","E","T","R","B",null,"M","M","$","?","?","E","?","E","T","E","?","R","M","M","R","B",null],"character_chosen":"IRONCLAD","items_purchased":["Singing Bowl","Eternal Feather","Strange Spoon","Well Laid Plans","Orrery","Bag of Preparation","Lee\u0027s Waffle","PreservedInsect"],"campfire_rested":0,"item_purchase_floors":[12,12,12,12,28,28,37,37],"current_hp_per_floor":[80,80,80,64,64,39,45,38,38,39,39,39,32,36,48,38,82,82,82,41,41,41,41,41,41,41,43,49,51,51,51,51,51,51,53,55,62,62,62,64,66,66,66,66,63,63,65,67,67,67],"gold":446,"neow_bonus":"","is_daily":false,"chose_seed":false,"campfire_upgraded":5,"win_rate":0.0,"timestamp":1611852526,"path_taken":["M","$","M","?","?","E","?","E","T","E","?","$","E","M","R","BOSS","M","?","?","?","?","E","R","E","T","E","$","?","E","?","R","BOSS","M","M","$","?","?","E","?","E","T","E","?","R","?","M","R","BOSS"],"items_purchased_type":["Relic","Relic","Relic","Card","Relic","Relic","Relic","Relic"],"build_version":"2020-12-22","purchased_purges":3,"victory":true,"max_hp_per_floor":[80,80,80,80,80,80,80,80,80,80,80,80,80,80,80,82,82,82,82,41,41,41,41,41,41,41,43,49,51,51,51,51,51,51,53,55,62,62,62,64,66,66,66,66,63,63,65,67,67,67],"relic_stats":{"Lee\u0027s Waffle":7,"Singing Bowl":24,"Happy Flower":[12],"counters":[26,170],"Magic Flower":[0],"Eternal Feather":12,"StoneCalendar":[430],"PreservedInsect":166,"Bag of Preparation":[24],"Letter Opener":[50],"War Paint":["ThirdEye","Defend_R"],"Cursed Key":3,"MawBank":84,"Question Card":3,"Burning Blood":66,"Mercury Hourglass":[312],"Strange Spoon":[93],"obtain_stats":[{"Singing Bowl":12,"Vajra":8,"Magic Flower":41,"StoneCalendar":13,"Bag of Preparation":28,"Cursed Key":17,"Burning Blood":0,"WingedGreaves":6,"Red Mask":29,"Red Skull":10,"Runic Pyramid":34,"Lee\u0027s Waffle":37,"Happy Flower":40,"Oddly Smooth Stone":23,"Eternal Feather":12,"The Courier":9,"PreservedInsect":37,"Letter Opener":43,"War Paint":26,"MawBank":30,"Question Card":42,"White Beast Statue":27,"Mercury Hourglass":31,"Strange Spoon":12,"MutagenicStrength":21,"Orrery":28,"Molten Egg 2":25,"Meat on the Bone":44},{"Singing Bowl":6,"Vajra":5,"Magic Flower":21,"StoneCalendar":7,"Bag of Preparation":14,"Cursed Key":9,"Burning Blood":0,"WingedGreaves":3,"Red Mask":15,"Red Skull":6,"Runic Pyramid":17,"Lee\u0027s Waffle":19,"Happy Flower":20,"Oddly Smooth Stone":12,"Eternal Feather":6,"The Courier":5,"PreservedInsect":19,"Letter Opener":22,"War Paint":13,"MawBank":16,"Question Card":22,"White Beast Statue":14,"Mercury Hourglass":16,"Strange Spoon":6,"MutagenicStrength":10,"Orrery":14,"Molten Egg 2":13,"Meat on the Bone":23},{"Singing Bowl":33,"Vajra":27,"Magic Flower":142,"StoneCalendar":37,"Bag of Preparation":97,"Cursed Key":58,"Burning Blood":0,"WingedGreaves":12,"Red Mask":99,"Red Skull":33,"Runic Pyramid":117,"Lee\u0027s Waffle":129,"Happy Flower":135,"Oddly Smooth Stone":80,"Eternal Feather":33,"The Courier":27,"PreservedInsect":129,"Letter Opener":147,"War Paint":90,"MawBank":106,"Question Card":147,"White Beast Statue":97,"Mercury Hourglass":106,"Strange Spoon":33,"MutagenicStrength":65,"Orrery":97,"Molten Egg 2":90,"Meat on the Bone":153}],"Meat on the Bone":0},"card_choices":[{"not_picked":["Leap","Cold Snap"],"picked":"SandsOfTime","floor":1},{"not_picked":["Slice","Flying Knee"],"picked":"Protect","floor":3},{"not_picked":["Rainbow","Fission"],"picked":"Burst","floor":6},{"not_picked":["CrushJoints","EmptyFist"],"picked":"Conserve Battery","floor":7},{"not_picked":["Exhume","Corruption"],"picked":"Reaper","floor":8},{"not_picked":["Multi-Cast","Die Die Die"],"picked":"Wraith Form v2","floor":10},{"not_picked":["Buffer","LessonLearned"],"picked":"Wraith Form v2","floor":13},{"not_picked":["Cloak And Dagger","Beam Cell"],"picked":"ThirdEye","floor":14},{"not_picked":["Grand Finale","Berserk","Electrodynamics"],"picked":"Singing Bowl","floor":16},{"not_picked":["BowlingBash","Outmaneuver"],"picked":"WindmillStrike","floor":18},{"not_picked":["JustLucky","Outmaneuver"],"picked":"Shockwave","floor":22},{"not_picked":["Storm of Steel","Machine Learning"],"picked":"Impervious","floor":23},{"not_picked":["Juggernaut","Electrodynamics"],"picked":"Immolate+1","floor":25},{"not_picked":["Glass Knife+1","Devotion","Reboot"],"picked":"Singing Bowl","floor":27},{"not_picked":["FollowUp+1","Prostrate","SashWhip+1"],"picked":"Singing Bowl","floor":28},{"not_picked":["Fasting2+1","Infernal Blade","Hologram"],"picked":"Singing Bowl","floor":28},{"not_picked":["Clash+1","Blur"],"picked":"Malaise","floor":28},{"not_picked":["CrushJoints+1","Barrage+1","Reprogram"],"picked":"Singing Bowl","floor":28},{"not_picked":["Beam Cell+1","Cold Snap+1"],"picked":"Recycle","floor":28},{"not_picked":["Compile Driver+1","Indignation+1","Bane+1"],"picked":"Singing Bowl","floor":29},{"not_picked":["Scrawl","Brutality"],"picked":"Demon Form","floor":30},{"not_picked":["Fission","Unload+1"],"picked":"Seek","floor":33},{"not_picked":["Turbo+1","Anger+1","Bane+1"],"picked":"Singing Bowl","floor":35},{"not_picked":["Underhanded Strike+1","Choke+1","Outmaneuver+1"],"picked":"Singing Bowl","floor":36},{"not_picked":["Offering","ConjureBlade","Venomology"],"picked":"Singing Bowl","floor":40},{"not_picked":["Caltrops+1","BattleHymn+1","Bane+1"],"picked":"Singing Bowl","floor":41},{"not_picked":["Scrawl","Grand Finale+1"],"picked":"Demon Form","floor":42},{"not_picked":["Doppelganger","Demon Form","Scrawl"],"picked":"Echo Form","floor":44},{"not_picked":["Tantrum+1","Accuracy+1","Wild Strike+1","Sentinel+1"],"picked":"Singing Bowl","floor":47},{"not_picked":["ThirdEye","Acrobatics","Thunderclap+1","WheelKick+1"],"picked":"Singing Bowl","floor":48}],"player_experience":1030673,"relics_obtained":[{"floor":6,"key":"WingedGreaves"},{"floor":8,"key":"Vajra"},{"floor":9,"key":"The Courier"},{"floor":10,"key":"Red Skull"},{"floor":13,"key":"StoneCalendar"},{"floor":23,"key":"Oddly Smooth Stone"},{"floor":25,"key":"Molten Egg 2"},{"floor":26,"key":"War Paint"},{"floor":27,"key":"White Beast Statue"},{"floor":29,"key":"Red Mask"},{"floor":30,"key":"MawBank"},{"floor":31,"key":"Mercury Hourglass"},{"floor":40,"key":"Happy Flower"},{"floor":41,"key":"Magic Flower"},{"floor":42,"key":"Question Card"},{"floor":43,"key":"Letter Opener"},{"floor":44,"key":"Meat on the Bone"}],"event_choices":[{"damage_healed":0,"gold_gain":0,"player_choice":"Entered Light","damage_taken":16,"max_hp_gain":0,"max_hp_loss":0,"event_name":"Shining Light","floor":4,"gold_loss":0,"cards_upgraded":["Defend_R","Master of Strategy"]},{"damage_healed":0,"gold_gain":275,"player_choice":"Desecrate","damage_taken":0,"max_hp_gain":0,"max_hp_loss":0,"event_name":"Golden Shrine","floor":5,"gold_loss":0,"cards_obtained":["Regret"]},{"damage_healed":0,"gold_gain":175,"player_choice":"AGREE","damage_taken":0,"max_hp_gain":0,"max_hp_loss":0,"event_name":"Liars Game","floor":11,"gold_loss":0,"cards_obtained":["Doubt"]},{"damage_healed":0,"gold_gain":0,"player_choice":"Ignored","damage_taken":0,"max_hp_gain":0,"max_hp_loss":0,"event_name":"Beggar","floor":19,"gold_loss":0},{"damage_healed":0,"gold_gain":0,"player_choice":"Became a Ghost","damage_taken":0,"max_hp_gain":0,"max_hp_loss":41,"event_name":"Ghosts","floor":20,"gold_loss":0,"cards_obtained":["Ghostly","Ghostly","Ghostly","Ghostly","Ghostly"]},{"damage_healed":0,"gold_gain":0,"player_choice":"Inject Mutagens","damage_taken":0,"relics_obtained":["MutagenicStrength"],"max_hp_gain":0,"max_hp_loss":0,"event_name":"Drug Dealer","floor":21,"gold_loss":0},{"damage_healed":0,"gold_gain":0,"player_choice":"Fought Bandits","damage_taken":0,"max_hp_gain":0,"max_hp_loss":0,"event_name":"Masked Bandits","floor":29,"gold_loss":0},{"cards_removed":["Strike_R"],"damage_healed":0,"gold_gain":0,"player_choice":"Removed Attack","damage_taken":0,"max_hp_gain":0,"max_hp_loss":0,"event_name":"Falling","floor":38,"gold_loss":0},{"damage_healed":0,"gold_gain":222,"player_choice":"Wore Mask","damage_taken":0,"max_hp_gain":0,"max_hp_loss":0,"event_name":"Tomb of Lord Red Mask","floor":39,"gold_loss":0},{"damage_healed":0,"gold_gain":0,"player_choice":"Fight","damage_taken":0,"max_hp_gain":0,"max_hp_loss":0,"event_name":"Mysterious Sphere","floor":41,"gold_loss":0},{"damage_healed":0,"gold_gain":0,"player_choice":"Max HP","damage_taken":0,"max_hp_gain":0,"max_hp_loss":3,"event_name":"Winding Halls","floor":45,"gold_loss":0}],"is_beta":false,"boss_relics":[{"not_picked":["Velvet Choker","Astrolabe"],"picked":"Cursed Key"},{"not_picked":["Pandora\u0027s Box","Mark of Pain"],"picked":"Runic Pyramid"}],"items_purged_floors":[2,12,28],"is_endless":false,"potions_floor_spawned":[7,10,14,16,18,25,29,30,33,35,36,40,41,42,44,47,48],"ascension_level":0}}