{"host":"7k2a2omxz3voj5ax","time":1611840913,"event":{"mods":["BaseMod","Marisa£¨ìFÓê¡¡Ä§ÀíÉ³£©","Minty Spire (QoL Compilation)","Quick Restart","Spicy Shops","StSLib","Starting Relic: Pandora\u0027s Box","Yakumo Yukari mod","¡¾ÒÅÎï¿¨ÅÆ¡¿REMEMod","óô»ðÖ¸ÄÏ"],"gold_per_floor":[118,134,84,94,111,138,138,165,165,194,204,204,16,16,45,45,159,159,186,59,71,90,111,210,324,113,172,172,172,211,234,71,71,79,79],"floor_reached":34,"language":"ZHS","playtime":1359,"items_purged":["UnstableBomb","LuminesStrike","MysteriousBeam","DeepEcoloBomb","UpSweep"],"score":374,"play_id":"86d0ccf7-dc7d-426a-9ee1-2b59328c6fa5","local_time":"20210128223513","is_ascension_mode":false,"campfire_choices":[{"data":"BlazeAway","floor":12.0,"key":"SMITH"},{"data":"PowerUp","floor":14.0,"key":"SMITH"},{"data":"UltimateShortwave","floor":16.0,"key":"SMITH"}],"circlet_count":0,"master_deck":["Acceleration","Singularity","6A","PowerUp+1","Human_Monster_Realm_purple+1","BlazeAway+1","Singularity","UltimateShortwave+1","SatelliteIllusion","MilkyWay","Robbery"],"relics":["MiniHakkero","REME_ComplimentaryCards","NeowsBlessing","CeramicFish","Boot","Membership Card","SlaversCollar","TheAbacus","REME_LimitBreaker","Calipers","Bird Faced Urn","Bottled Flame","Ornamental Fan","Mango"],"acts_visited":["Exordium","TheCity"],"potions_floor_usage":[],"damage_taken":[{"damage":0.0,"enemies":"Jaw Worm","floor":1.0,"turns":1.0},{"damage":0.0,"enemies":"Cultist","floor":2.0,"turns":1.0},{"damage":0.0,"enemies":"2 Louse","floor":4.0,"turns":1.0},{"damage":0.0,"enemies":"2 Fungi Beasts","floor":5.0,"turns":2.0},{"damage":0.0,"enemies":"Lagavulin","floor":6.0,"turns":4.0},{"damage":8.0,"enemies":"Gremlin Nob","floor":8.0,"turns":3.0},{"damage":7.0,"enemies":"3 Louse","floor":10.0,"turns":2.0},{"damage":7.0,"enemies":"Looter","floor":11.0,"turns":2.0},{"damage":10.0,"enemies":"Large Slime","floor":15.0,"turns":3.0},{"damage":6.0,"enemies":"The Guardian","floor":17.0,"turns":5.0},{"damage":5.0,"enemies":"Shell Parasite","floor":19.0,"turns":3.0},{"damage":14.0,"enemies":"Chosen","floor":21.0,"turns":5.0},{"damage":23.0,"enemies":"Snecko","floor":22.0,"turns":6.0},{"damage":7.0,"enemies":"Centurion and Healer","floor":23.0,"turns":4.0},{"damage":11.0,"enemies":"Book of Stabbing","floor":25.0,"turns":3.0},{"damage":0.0,"enemies":"Gremlin Leader","floor":27.0,"turns":4.0},{"damage":11.0,"enemies":"Slavers","floor":30.0,"turns":5.0},{"damage":17.0,"enemies":"Snake Plant","floor":31.0,"turns":4.0},{"damage":18,"enemies":"3 Cultists","floor":34,"turns":2}],"seed_played":"-8033884716971734160","potions_obtained":[{"floor":2.0,"key":"Weak Potion"},{"floor":5.0,"key":"Strength Potion"},{"floor":15.0,"key":"EntropicBrew"},{"floor":17.0,"key":"FearPotion"},{"floor":23.0,"key":"Ancient Potion"},{"floor":30.0,"key":"GamblersBrew"}],"is_trial":false,"path_per_floor":["M","M","?","M","M","E","?","E","T","M","M","R","$","R","M","R","B",null,"M","$","M","M","M","?","E","R","E","T","?","E","M","R","?","M"],"character_chosen":"MARISA","items_purchased":["Membership Card","TheAbacus","Calipers"],"campfire_rested":0,"item_purchase_floors":[13,20,26],"current_hp_per_floor":[75,75,75,75,75,75,75,67,67,60,53,53,53,53,43,43,37,75,70,70,56,33,26,26,15,15,15,15,15,22,9,9,9,0,0],"gold":79,"neow_bonus":"THREE_ENEMY_KILL","is_daily":false,"chose_seed":false,"campfire_upgraded":3,"win_rate":0.0,"timestamp":1611840913,"path_taken":["M","M","?","M","M","E","?","E","T","M","?","R","?","R","M","R","BOSS","M","$","M","M","M","?","E","R","E","T","?","E","M","R","?","M"],"items_purchased_type":["Relic","Relic","Relic"],"build_version":"2020-12-22","purchased_purges":5,"victory":false,"max_hp_per_floor":[75,75,75,75,75,75,75,75,75,75,75,75,75,75,75,75,75,75,75,75,75,75,75,75,75,75,75,75,75,89,89,89,89,89,89],"card_choices":[{"not_picked":["MilkyWay","DoubleSpark","WitchLeyline"],"picked":"SKIP","floor":1.0},{"not_picked":["MilkyWay","DoubleSpark","WitchLeyline"],"picked":"SKIP","floor":1.0},{"not_picked":["IllusionStar","EnergyFlow"],"picked":"BlazeAway","floor":2.0},{"not_picked":["StarBarrage","DoubleSpark","StarDustReverie"],"picked":"SKIP","floor":4.0},{"not_picked":["6A","PropBag","IllusionStar"],"picked":"SKIP","floor":5.0},{"not_picked":["6A","DarkMatter","OpenUniverse"],"picked":"SKIP","floor":6.0},{"not_picked":["WitchOfGreed","ShootingEcho","6A"],"picked":"SKIP","floor":8.0},{"not_picked":["DC","GalacticHalo"],"picked":"Singularity","floor":10.0},{"not_picked":["WitchOfGreed","ShootingEcho","ChargingUp"],"picked":"SKIP","floor":11.0},{"not_picked":["Acceleration","AsteroidBelt"],"picked":"UltimateShortwave","floor":15.0},{"not_picked":["MaximisePower","BigCrunch"],"picked":"SatelliteIllusion","floor":17.0},{"not_picked":["Acceleration","IllusionStar"],"picked":"MilkyWay","floor":19.0},{"not_picked":["SporeBomb","GalacticHalo","GravityBeat"],"picked":"SKIP","floor":21.0},{"not_picked":["GasGiant","TreasureHunter","DarkSpark"],"picked":"SKIP","floor":22.0},{"not_picked":["NonDirectionalLaser","AsteroidBelt","Robbery"],"picked":"SKIP","floor":23.0},{"not_picked":["NonDirectionalLaser","AsteroidBelt"],"picked":"Robbery","floor":23.0},{"not_picked":["SporeBomb","AsteroidBelt+1","ChargeUpSpray+1"],"picked":"SKIP","floor":25.0},{"not_picked":["PulseMagic","MagicAbsorber+1","PowerUp"],"picked":"SKIP","floor":27.0},{"not_picked":["GravityBeat","ManaRampage","6A"],"picked":"SKIP","floor":30.0},{"not_picked":["PulseMagic","MilkyWay+1","EnergyRecoil+1"],"picked":"SKIP","floor":31.0}],"player_experience":265957,"relics_obtained":[{"floor":6.0,"key":"CeramicFish"},{"floor":8.0,"key":"Boot"},{"floor":25.0,"key":"REME_LimitBreaker"},{"floor":27.0,"key":"Bird Faced Urn"},{"floor":28.0,"key":"Bottled Flame"},{"floor":30.0,"key":"Mango"}],"event_choices":[{"cards_removed":["MasterSpark"],"damage_healed":0.0,"max_hp_gain":0.0,"max_hp_loss":0.0,"gold_gain":0.0,"event_name":"The Cleric","player_choice":"Card Removal","floor":3.0,"gold_loss":50.0,"damage_taken":0.0},{"damage_healed":0.0,"max_hp_gain":0.0,"max_hp_loss":0.0,"gold_gain":0.0,"event_name":"Accursed Blacksmith","player_choice":"Forge","floor":7.0,"gold_loss":0.0,"damage_taken":0.0,"cards_upgraded":["Human_Monster_Realm_purple"]},{"damage_healed":0.0,"max_hp_gain":0.0,"max_hp_loss":0.0,"gold_gain":99.0,"event_name":"Nest","player_choice":"Stole From Cult","floor":24.0,"gold_loss":0.0,"damage_taken":0.0},{"damage_healed":0.0,"max_hp_gain":0.0,"max_hp_loss":0.0,"gold_gain":0.0,"event_name":"The Mausoleum","player_choice":"Opened","floor":29.0,"gold_loss":0.0,"damage_taken":0.0,"relics_obtained":["Ornamental Fan"]},{"damage_healed":0.0,"max_hp_gain":0.0,"max_hp_loss":0.0,"gold_gain":0.0,"event_name":"Vampires","player_choice":"Ignored","floor":33.0,"gold_loss":0.0,"damage_taken":0.0}],"is_beta":false,"boss_relics":[{"not_picked":["Philosopher\u0027s Stone","Snecko Eye"],"picked":"SlaversCollar"}],"items_purged_floors":[13,20,26,32,32],"is_endless":false,"potions_floor_spawned":[2,5,15,17,21,23,30],"killed_by":"3 Cultists","ascension_level":0}}