{"host":"qxeepl7ydvsgmfdb","time":1611839223,"event":{"mods":["AchievementEnabler","BaseMod","Colored Powertips","Minty Spire (QoL Compilation)","Quick Restart","slay the spire mod where everything is the same but ironclad has a cowboy hat"],"gold_per_floor":[114,134,134,134,134,37,72,96,96,96,96,108,108,283,283,387,387,400,33,33,33,52,86,86,105,151,151,3,20,20,20,20,123,123,139,152,1,1,21,47,47,72,108,137,175,187,43,58,58,58,58],"floor_reached":50,"language":"ENG","playtime":2728,"items_purged":["Doubt"],"score":541,"play_id":"68b4f547-4fcf-4a41-8097-3059c90a45b7","local_time":"20210128080702","is_ascension_mode":false,"campfire_choices":[{"floor":11.0,"key":"RECALL"},{"data":"Cloak And Dagger","floor":13.0,"key":"SMITH"},{"data":"Terror","floor":15.0,"key":"SMITH"},{"floor":24.0,"key":"REST"},{"data":"Infinite Blades","floor":27.0,"key":"SMITH"},{"floor":32.0,"key":"REST"},{"floor":46.0,"key":"REST"},{"floor":49.0,"key":"REST"}],"circlet_count":0,"master_deck":["Strike_G+1","Strike_G","Strike_G","Strike_G","Strike_G","Defend_G","Defend_G","Defend_G","Defend_G+1","Defend_G","Survivor","Neutralize","Poisoned Stab","Distraction+1","Dagger Spray","Terror+1","Cloak And Dagger+1","Accuracy","PiercingWail","Die Die Die","Footwork+1","Deflect","Slice+1","Deadly Poison","Shame","Writhe","Venomology","Poisoned Stab+1","After Image"],"relics":["Ring of the Snake","NeowsBlessing","Bottled Lightning","Odd Mushroom","Meat on the Bone","Ornamental Fan","WristBlade","Kunai","MutagenicStrength","Matryoshka","Potion Belt","Pen Nib","CaptainsWheel","Orichalcum","SacredBark","Snake Skull","Letter Opener","MawBank","Pantograph","Dream Catcher","Bronze Scales"],"acts_visited":["Exordium","TheCity","TheBeyond"],"potions_floor_usage":[50,50],"damage_taken":[{"damage":0.0,"enemies":"Cultist","floor":1.0,"turns":1.0},{"damage":0.0,"enemies":"Jaw Worm","floor":2.0,"turns":1.0},{"damage":0.0,"enemies":"Lagavulin","floor":7.0,"turns":2.0},{"damage":6.0,"enemies":"The Mushroom Lair","floor":8.0,"turns":2.0},{"damage":0.0,"enemies":"Small Slimes","floor":12.0,"turns":3.0},{"damage":31.0,"enemies":"Slime Boss","floor":16.0,"turns":12.0},{"damage":20.0,"enemies":"Spheric Guardian","floor":18.0,"turns":4.0},{"damage":19.0,"enemies":"2 Thieves","floor":22.0,"turns":4.0},{"damage":35.0,"enemies":"Book of Stabbing","floor":23.0,"turns":6.0},{"damage":9.0,"enemies":"Chosen and Byrds","floor":25.0,"turns":5.0},{"damage":0.0,"enemies":"Snake Plant","floor":29.0,"turns":2.0},{"damage":37.0,"enemies":"Collector","floor":33.0,"turns":8.0},{"damage":0.0,"enemies":"3 Shapes","floor":35.0,"turns":1.0},{"damage":1.0,"enemies":"Orb Walker","floor":36.0,"turns":3.0},{"damage":6.0,"enemies":"Jaw Worm Horde","floor":39.0,"turns":4.0},{"damage":8.0,"enemies":"Reptomancer","floor":40.0,"turns":6.0},{"damage":27.0,"enemies":"3 Darklings","floor":42.0,"turns":4.0},{"damage":34.0,"enemies":"Maw","floor":44.0,"turns":7.0},{"damage":6.0,"enemies":"Giant Head","floor":45.0,"turns":8.0},{"damage":10.0,"enemies":"4 Shapes","floor":48.0,"turns":11.0},{"damage":125,"enemies":"Time Eater","floor":50,"turns":15}],"seed_played":"-7707313202317792765","potions_obtained":[{"floor":1.0,"key":"ColorlessPotion"},{"floor":7.0,"key":"Fire Potion"},{"floor":12.0,"key":"EntropicBrew"},{"floor":23.0,"key":"SteroidPotion"},{"floor":36.0,"key":"Block Potion"},{"floor":39.0,"key":"Block Potion"},{"floor":42.0,"key":"Energy Potion"},{"floor":45.0,"key":"EntropicBrew"}],"is_trial":false,"path_per_floor":["M","M","$","?","?","$","E","?","T","T","R","M","R","?","R","B",null,"M","$","?","?","M","E","R","M","T","R","$","M","?","?","R","B",null,"M","M","$","?","M","E","?","M","T","M","E","R","$","M","R","B"],"character_chosen":"THE_SILENT","items_purchased":["Dagger Spray","Terror","Kunai","Infinite Blades","Pen Nib","Snake Skull","Bronze Scales"],"campfire_rested":4,"item_purchase_floors":[6,6,19,19,28,37,47],"current_hp_per_floor":[70,70,70,70,56,56,56,50,50,50,50,50,50,50,50,31,70,50,50,50,50,43,20,41,44,44,44,44,44,44,44,65,40,70,70,69,69,69,63,55,55,40,40,18,24,45,45,47,68,0,0],"gold":58,"neow_bonus":"THREE_ENEMY_KILL","is_daily":false,"chose_seed":false,"campfire_upgraded":3,"win_rate":0.0,"timestamp":1611839222,"path_taken":["M","?","$","?","?","$","E","?","T","?","R","M","R","?","R","BOSS","M","$","?","?","M","E","R","M","T","R","?","M","?","?","R","BOSS","M","M","$","?","M","E","?","M","T","?","E","R","$","M","R","BOSS"],"items_purchased_type":["Card","Card","Relic","Card","Relic","Relic","Relic"],"build_version":"2020-12-22","purchased_purges":1,"victory":false,"max_hp_per_floor":[70,70,70,70,70,70,70,70,70,70,70,70,70,70,70,70,70,70,70,70,70,70,70,70,70,70,70,70,70,70,70,70,70,70,70,70,70,70,70,70,70,70,70,70,70,70,70,70,70,70,70],"card_choices":[{"not_picked":["Riddle With Holes","Well Laid Plans"],"picked":"Poisoned Stab","floor":1.0},{"not_picked":["Acrobatics","Expertise"],"picked":"Distraction","floor":2.0},{"not_picked":["Escape Plan","Crippling Poison"],"picked":"Cloak And Dagger","floor":7.0},{"not_picked":["Dagger Spray","Eviscerate"],"picked":"Accuracy","floor":8.0},{"not_picked":["Prepared","Sucker Punch"],"picked":"PiercingWail","floor":12.0},{"not_picked":["Bullet Time","Adrenaline"],"picked":"Die Die Die","floor":16.0},{"not_picked":["Quick Slash","Sucker Punch"],"picked":"Footwork+1","floor":18.0},{"not_picked":["Dagger Throw","Footwork"],"picked":"Deflect","floor":22.0},{"not_picked":["Bane","Flying Knee"],"picked":"Slice+1","floor":23.0},{"not_picked":["Dash+1","Skewer","Underhanded Strike+1"],"picked":"SKIP","floor":25.0},{"not_picked":["Flechettes","Masterful Stab+1"],"picked":"Deadly Poison","floor":29.0},{"not_picked":["Phantasmal Killer","Grand Finale"],"picked":"Venomology","floor":33.0},{"not_picked":["Well Laid Plans","All Out Attack+1","Expertise+1"],"picked":"SKIP","floor":35.0},{"not_picked":["Expertise","Predator+1"],"picked":"Poisoned Stab+1","floor":36.0},{"not_picked":["Cloak And Dagger+1","Caltrops","Acrobatics"],"picked":"SKIP","floor":39.0},{"not_picked":["Dagger Spray","Prepared","Catalyst+1"],"picked":"SKIP","floor":40.0},{"not_picked":["Dodge and Roll","Quick Slash","Catalyst"],"picked":"SKIP","floor":42.0},{"not_picked":["Prepared+1","Deflect","Dagger Throw"],"picked":"SKIP","floor":44.0},{"not_picked":["Terror+1","Poisoned Stab+1","Crippling Poison+1"],"picked":"SKIP","floor":45.0},{"not_picked":["Cloak And Dagger+1","Footwork+1"],"picked":"After Image","floor":46.0},{"not_picked":["Deadly Poison","Flechettes","Crippling Poison"],"picked":"SKIP","floor":48.0}],"player_experience":243765,"relics_obtained":[{"floor":7.0,"key":"Bottled Lightning"},{"floor":8.0,"key":"Odd Mushroom"},{"floor":9.0,"key":"Meat on the Bone"},{"floor":10.0,"key":"Ornamental Fan"},{"floor":23.0,"key":"Matryoshka"},{"floor":26.0,"key":"Potion Belt"},{"floor":40.0,"key":"Letter Opener"},{"floor":43.0,"key":"Pantograph"},{"floor":45.0,"key":"Dream Catcher"}],"event_choices":[{"damage_healed":0.0,"max_hp_gain":0.0,"max_hp_loss":0.0,"gold_gain":0.0,"event_name":"Living Wall","player_choice":"Grow","floor":4.0,"gold_loss":0.0,"damage_taken":0.0,"cards_upgraded":["Distraction"]},{"damage_healed":0.0,"max_hp_gain":0.0,"max_hp_loss":0.0,"gold_gain":0.0,"event_name":"Shining Light","player_choice":"Entered Light","floor":5.0,"gold_loss":0.0,"damage_taken":14.0,"cards_upgraded":["Strike_G","Defend_G"]},{"damage_healed":0.0,"max_hp_gain":0.0,"max_hp_loss":0.0,"gold_gain":0.0,"event_name":"Mushrooms","player_choice":"Fought Mushrooms","floor":8.0,"gold_loss":0.0,"damage_taken":0.0},{"damage_healed":0.0,"max_hp_gain":0.0,"max_hp_loss":0.0,"gold_gain":175.0,"event_name":"Liars Game","player_choice":"AGREE","floor":14.0,"gold_loss":0.0,"damage_taken":0.0,"cards_obtained":["Doubt"]},{"damage_healed":0.0,"max_hp_gain":0.0,"max_hp_loss":0.0,"gold_gain":0.0,"event_name":"Drug Dealer","player_choice":"Inject Mutagens","floor":20.0,"gold_loss":0.0,"damage_taken":0.0,"relics_obtained":["MutagenicStrength"]},{"damage_healed":0.0,"max_hp_gain":0.0,"max_hp_loss":0.0,"gold_gain":0.0,"event_name":"Ghosts","player_choice":"Ignored","floor":21.0,"gold_loss":0.0,"damage_taken":0.0},{"damage_healed":0.0,"max_hp_gain":0.0,"max_hp_loss":0.0,"gold_gain":0.0,"event_name":"Addict","player_choice":"Stole Relic","floor":30.0,"gold_loss":0.0,"damage_taken":0.0,"relics_obtained":["CaptainsWheel"],"cards_obtained":["Shame"]},{"damage_healed":0.0,"max_hp_gain":0.0,"max_hp_loss":0.0,"gold_gain":0.0,"event_name":"The Mausoleum","player_choice":"Opened","floor":31.0,"gold_loss":0.0,"damage_taken":0.0,"relics_obtained":["Orichalcum"],"cards_obtained":["Writhe"]},{"damage_healed":0.0,"max_hp_gain":0.0,"max_hp_loss":0.0,"gold_gain":0.0,"event_name":"SensoryStone","player_choice":"Memory 1","floor":38.0,"gold_loss":0.0,"damage_taken":0.0},{"cards_removed":["Infinite Blades"],"damage_healed":0.0,"max_hp_gain":0.0,"max_hp_loss":0.0,"gold_gain":0.0,"event_name":"WeMeetAgain","player_choice":"Gave Card","floor":41.0,"gold_loss":0.0,"damage_taken":0.0,"relics_obtained":["MawBank"]}],"is_beta":false,"boss_relics":[{"not_picked":["Calling Bell","Coffee Dripper"],"picked":"WristBlade"},{"not_picked":["Busted Crown","Ring of the Serpent"],"picked":"SacredBark"}],"items_purged_floors":[19],"is_endless":false,"potions_floor_spawned":[1,7,12,23,25,36,39,42,45],"killed_by":"Time Eater","ascension_level":0}}