{"host":"dt8tt9y5uobrbn6j","time":1611825824,"event":{"mods":["Act Like it!","BaseMod","Better Third Choice","BetterRewards","Card Forge","Colored Powertips","Conspire","Gensokyo","Mimic Mod","Minty Spire (QoL Compilation)","Quick Restart","Relic Stats","Retaliation","Shop Mod","StSLib","The Bug Knight","The Jungle","[IsaacMod]ÒÔÈö¼âËþ","óô»ðÖ¸ÄÏ"],"gold_per_floor":[115,131,143,161,161,197,215,226,252,293,318,453,453,481,555,689,689,724,724,765,1433,1483,1515,1532,1563,1563,1952,2004,1864,1873,1935,1979,2058,2058,2069,2069,2119,2157,2172,1560,1560,1403,1491,1140,1140,1140,1158,1183,1214,1214,1282,1315,1348,1375,1600,1628,1628,1628,1655,1664,1697,1733,1900,1900,1900,1900,1900,1942,2001,2001],"floor_reached":57,"language":"ZHS","playtime":4790,"items_purged":["Strike_P","Strike_P","Strike_P","CrushJoints+1","BettingIsNotGood","Shame","Defend_P","SuicideKing","Doubt","Gensokyo:Shovel","Vigilance"],"score":4697,"play_id":"741975e9-2db0-4728-8e81-6f383e029008","local_time":"20210128172344","is_ascension_mode":true,"campfire_choices":[{"floor":44.0,"key":"RECALL"}],"circlet_count":2,"master_deck":["AscendersBane","Defend_P+1","Vault","Meditate+1","Apotheosis+1","SpiritShield","Gensokyo:HouraiInAPot+1","SignatureMove","Secret Technique+1","Scrawl+1","Acrobatics+1","Reboot+1","Gensokyo:GreaterSplit","Recycle+1","PanicButton+1","Purity+1","Barricade"],"relics":["PureWater","Hammer of Thor","Seething Fire","Anvil of the Gods","HushsDoor","Singing Bowl","PrismaticShard","Toy Ornithopter","Medical Kit","OrangePellets","Chemical X","conspire:TreasureMap","Lantern","Membership Card","Pocketwatch","SteamSale","CeramicFish","Tiny Chest","TheBean","Lizard Tail","NineVolt","MerchantsRug","Ginger","Anchor","TungstenRod","Chaos","The Courier","Kunai","TheBible","DoctorsRemote","conspire:SeveredTorchhead","BookofShadows","Philosopher\u0027s Stone","Blue Candle","PokeGo","Shuriken","conspire:SlowCooker","Bronze Scales","HollowMod:LifeEnderRelic","conspire:Flyswatter","Habit","Black Star","EdensBlessing","Eternal Feather","Shuriken","conspire:TopHat","ClockworkSouvenir","Incense Burner","HollowMod:StagPassRelic","Ornamental Fan","Letter Opener","SharpPlug","PreservedInsect","GoldenEye","Meat on the Bone","conspire:RoyalGoblet","D6","Art of War","HollowMod:PaleOreRelic","MealTicket","Peace Pipe","Pantograph","BookOfRevelations","Fusion Hammer","conspire:Dentures","GuppysTail","Lee\u0027s Waffle","Dream Catcher","BelialBook","theJungle:SneckoAutograph","Calipers","Orrery","Girya","CaptainsWheel","Prayer Wheel","BloodBag","TuHaoJin","HornCleat","Akabeko","TheAbacus","Pear","Question Card","Du-Vu Doll","Toxic Egg 2","Oddly Smooth Stone","conspire:BottledYoYo","BFFS","StoneCalendar","Matryoshka","Bag of Preparation","Ancient Tea Set","White Beast Statue","ChampionBelt","Bottled Lightning","Cursed Key","PunchingBag","GnawedLeaf","conspire:Boomerang","StrikeDummy","D4","conspire:SpecialSausage","SacredBark","Gremlin Horn","Frozen Eye","Yang","Juzu Bracelet","Circlet","Bag of Preparation","Bag of Marbles","War Paint","Leech","conspire:RoyalGoblet","Damaru","Regal Pillow"],"acts_visited":["Exordium","Exordium","Gensokyo:Gensokyoest","TheEnding"],"potions_floor_usage":[56,56,56,56,56,56,56,56],"damage_taken":[{"damage":2.0,"enemies":"2 Louse","floor":1.0,"turns":4.0},{"damage":3.0,"enemies":"conspire:RoseBush","floor":2.0,"turns":4.0},{"damage":7.0,"enemies":"Cultist","floor":3.0,"turns":4.0},{"damage":0.0,"enemies":"Looter","floor":4.0,"turns":1.0},{"damage":0.0,"enemies":"3 Sentries","floor":6.0,"turns":3.0},{"damage":6.0,"enemies":"Blue Slaver","floor":7.0,"turns":8.0},{"damage":16.0,"enemies":"Exordium Wildlife","floor":8.0,"turns":6.0},{"damage":6.0,"enemies":"Gremlin Nob","floor":10.0,"turns":3.0},{"damage":8.0,"enemies":"Large Slime","floor":11.0,"turns":3.0},{"damage":0.0,"enemies":"HollowMod:MossKnight","floor":14.0,"turns":2.0},{"damage":6.0,"enemies":"Hexaghost","floor":16.0,"turns":5.0},{"damage":5.0,"enemies":"theJungle:5_Spyders","floor":18.0,"turns":7.0},{"damage":4.0,"enemies":"theJungle:MUSHROOMGANG","floor":20.0,"turns":5.0},{"damage":0.0,"enemies":"theJungle:MamaSnecko","floor":23.0,"turns":3.0},{"damage":0.0,"enemies":"theJungle:Snecko_Cultist_And_Trap","floor":24.0,"turns":3.0},{"damage":5.0,"enemies":"theJungle:2_Phrogs","floor":25.0,"turns":3.0},{"damage":0.0,"enemies":"theJungle:Cassacara","floor":31.0,"turns":2.0},{"damage":0.0,"enemies":"theJungle:QueenSpyder","floor":33.0,"turns":2.0},{"damage":0.0,"enemies":"Gensokyo:AncientGuardian","floor":35.0,"turns":3.0},{"damage":0.0,"enemies":"Gensokyo:3_Bats","floor":38.0,"turns":2.0},{"damage":0.0,"enemies":"Gensokyo:Dusk_and_Dawn","floor":39.0,"turns":3.0},{"damage":0.0,"enemies":"Gensokyo:Kasen","floor":48.0,"turns":2.0},{"damage":0.0,"enemies":"Giant Head","floor":35.0,"turns":3.0},{"damage":0.0,"enemies":"Nemesis","floor":37.0,"turns":1.0},{"damage":0.0,"enemies":"Reptomancer","floor":38.0,"turns":1.0},{"damage":0.0,"enemies":"Giant Head","floor":39.0,"turns":3.0},{"damage":0.0,"enemies":"Nemesis","floor":40.0,"turns":2.0},{"damage":0.0,"enemies":"Giant Head","floor":42.0,"turns":2.0},{"damage":0.0,"enemies":"Reptomancer","floor":45.0,"turns":1.0},{"damage":0.0,"enemies":"Giant Head","floor":47.0,"turns":2.0},{"damage":0.0,"enemies":"Nemesis","floor":48.0,"turns":1.0},{"damage":0.0,"enemies":"Time Eater","floor":50.0,"turns":3.0},{"damage":0.0,"enemies":"Awakened One","floor":51.0,"turns":3.0},{"damage":0.0,"enemies":"Shield and Spear","floor":55.0,"turns":1.0},{"damage":0,"enemies":"Delirium","floor":56,"turns":28}],"seed_played":"-4143364947189687394","potions_obtained":[{"floor":1.0,"key":"Swift Potion"},{"floor":3.0,"key":"Swift Potion"},{"floor":4.0,"key":"ColorlessPotion"},{"floor":7.0,"key":"DistilledChaos"},{"floor":11.0,"key":"Weak Potion"},{"floor":14.0,"key":"DistilledChaos"},{"floor":20.0,"key":"LiquidMemories"},{"floor":25.0,"key":"BlessingOfTheForge"},{"floor":33.0,"key":"BlessingOfTheForge"},{"floor":37.0,"key":"SpeedPotion"},{"floor":39.0,"key":"PowerPotion"}],"is_trial":false,"path_per_floor":["M","M","M","M","?","E","M","M","T","E","M","R","?","E","R","B",null,"M","?","M","$","?","E","M","E","T","R","T","R","?","E","R","B",null,"M","?","$","M","M","R","?","R","T","COS","T","?","?","E","M","?","M","M","M","E","R","E","MIM","R","E","$","M","E","R","B","B",null,"R","$","E","B",null],"character_chosen":"WATCHER","items_purchased":["Singing Bowl","PrismaticShard","Toy Ornithopter","FearNoEvil","Potion Belt","Vault","Collect","Medical Kit","Bomb","OrangePellets","Chemical X","Meditate","conspire:TreasureMap","Lantern","Membership Card","Pocketwatch","Bomb","Lizard Tail","NineVolt","conspire:DecoderRing","MerchantsRug","SpeedPotion","Energy Potion","Dexterity Potion","SignatureMove","Anchor","TungstenRod","Chaos","Explosive Potion","Block Potion","EntropicBrew","conspire:GiftBox","Kunai","HolyWater","Busted Crown","TheBible","MagicMushroom","DoctorsRemote","conspire:SeveredTorchhead","BookofShadows","Philosopher\u0027s Stone","Blue Candle","PokeGo","Shuriken","conspire:SlowCooker","Bronze Scales","HollowMod:LifeEnderRelic","conspire:Flyswatter","Habit","Black Star","EdensBlessing","Mango","Eternal Feather","Shuriken","Empty Cage","StancePotion","Ancient Potion","LiquidBronze","Energy Potion","SkillPotion","DistilledChaos","SpeedPotion","Ancient Potion","SteroidPotion","Fire Potion","Block Potion","Ancient Potion","conspire:TopHat","ClockworkSouvenir","Incense Burner","HollowMod:StagPassRelic","Ornamental Fan","Letter Opener","SharpPlug","PreservedInsect","Astrolabe","GoldenEye","Meat on the Bone","conspire:RoyalGoblet","D6","Art of War","Calling Bell","SuicideKing","DistilledChaos","SpeedPotion","DistilledChaos","Regen Potion","Ancient Potion","ColorlessPotion","PowerPotion","Ancient Potion","Fire Potion","Strength Potion","SmokeBomb","Weak Potion","DuplicationPotion","Strength Potion","Fruit Juice","GamblersBrew","Ancient Potion","DistilledChaos","LiquidMemories","BlessingOfTheForge","PowerPotion","SteroidPotion","SkillPotion","DistilledChaos","Energy Potion","BottledMiracle","Strength Potion","Fire Potion","BottledMiracle","SmokeBomb","ColorlessPotion","Energy Potion","AttackPotion","CultistPotion","conspire:TimeTravelPotion","FearPotion","Energy Potion","FearPotion","Energy Potion","Explosive Potion","DDmod:CleansePotion","BlessingOfTheForge","Block Potion","EssenceOfSteel","BlessingOfTheForge","Regen Potion","BlessingOfTheForge","DDmod:CleansePotion","AttackPotion","DuplicationPotion","Energy Potion","BlessingOfTheForge","DuplicationPotion","SkillPotion","StancePotion","Regen Potion","BlessingOfTheForge","PowerPotion","SneckoOil","Weak Potion","PowerPotion","EntropicBrew","EssenceOfSteel","LiquidBronze","Strength Potion","Ambrosia","EntropicBrew","Lee\u0027s Waffle","Dream Catcher","BelialBook","SkillPotion","CultistPotion","Girya","CaptainsWheel","BloodDonationMachine","Prayer Wheel","Strength Potion","SteroidPotion","Ancient Potion","Energy Potion","Energy Potion","Swift Potion","Tiny House","HornCleat","Akabeko","TheAbacus","Pear","Question Card","Du-Vu Doll","Toxic Egg 2","Oddly Smooth Stone","conspire:BottledYoYo","BFFS","StoneCalendar","Matryoshka","PillsDrop","Bag of Preparation","Ancient Tea Set","White Beast Statue","ChampionBelt","Bottled Lightning","Cursed Key","Calling Bell","conspire:Boomerang","Velvet Choker","StrikeDummy","D4","conspire:SpecialSausage","SacredBark","Gremlin Horn","Frozen Eye","Yang","Juzu Bracelet","Ambrosia","GamblersBrew","DuplicationPotion","PanicButton+1","Purity+1"],"campfire_rested":0,"item_purchase_floors":[0,0,0,0,0,0,0,0,0,0,0,0,0,0,0,0,0,12,12,12,12,12,12,12,12,15,15,15,15,15,15,21,21,21,21,21,21,21,21,21,21,21,21,21,21,21,21,21,21,21,21,21,21,21,21,21,21,21,21,21,21,21,21,21,21,21,21,21,21,21,21,21,21,21,21,21,21,21,21,21,21,21,27,27,27,27,27,27,27,27,27,27,27,27,27,27,27,27,27,27,27,27,27,27,27,27,27,27,27,27,27,29,29,29,29,29,29,29,29,29,29,29,29,29,29,29,29,29,29,29,29,29,29,29,29,29,29,29,29,29,29,29,29,29,29,29,29,29,29,29,29,29,29,29,29,32,32,32,32,32,32,32,32,32,32,37,37,37,37,37,37,37,37,37,37,37,37,37,37,37,37,37,37,37,37,37,40,40,40,40,40,42,42,42,42,42,41,41,54,54,54],"current_hp_per_floor":[24,23,23,30,30,35,51,42,42,38,30,30,25,42,42,36,72,79,72,88,111,90,93,96,94,94,113,113,129,129,137,143,146,146,150,150,174,174,178,178,178,178,178,178,178,183,183,185,187,187,191,193,195,197,197,199,199,199,201,201,203,203,203,203,203,203,203,203,207,207],"gold":2001,"neow_bonus":"","is_daily":false,"chose_seed":false,"campfire_upgraded":0,"win_rate":0.0,"timestamp":1611825824,"path_taken":["M","M","M","M","?","E","M","?","T","E","M","R","?","E","R","BOSS","M","?","M","$","?","E","M","E","T","R","?","R","?","E","R","BOSS","M","?","$","M","M","R","?","R","T","COS","?","?","?","E","M","?","M","M","M","E","R","E","MIM","R","E","$","M","E","R","BOSS","BOSS","R","$","E","BOSS"],"items_purchased_type":["Relic","Relic","Relic","Card","Relic","Card","Card","Relic","Card","Relic","Relic","Card","Relic","Relic","Relic","Relic","Card","Relic","Relic","Relic","Relic","Potion","Potion","Potion","Card","Relic","Relic","Card","Potion","Potion","Potion","Relic","Relic","Relic","Relic","Relic","Relic","Relic","Relic","Relic","Relic","Relic","Relic","Relic","Relic","Relic","Relic","Relic","Relic","Relic","Relic","Relic","Relic","Relic","Relic","Potion","Potion","Potion","Potion","Potion","Potion","Potion","Potion","Potion","Potion","Potion","Potion","Relic","Relic","Relic","Relic","Relic","Relic","Relic","Relic","Relic","Relic","Relic","Relic","Relic","Relic","Relic","Card","Potion","Potion","Potion","Potion","Potion","Potion","Potion","Potion","Potion","Potion","Potion","Potion","Potion","Potion","Potion","Potion","Potion","Potion","Potion","Potion","Potion","Potion","Potion","Potion","Potion","Potion","Potion","Potion","Potion","Potion","Potion","Potion","Potion","Potion","Potion","Potion","Potion","Potion","Potion","Potion","Potion","Potion","Potion","Potion","Potion","Potion","Potion","Potion","Potion","Potion","Potion","Potion","Potion","Potion","Potion","Potion","Potion","Potion","Potion","Potion","Potion","Potion","Potion","Potion","Potion","Potion","Potion","Relic","Relic","Relic","Potion","Potion","Relic","Relic","Relic","Relic","Potion","Potion","Potion","Potion","Potion","Potion","Relic","Relic","Relic","Relic","Relic","Relic","Relic","Relic","Relic","Relic","Relic","Relic","Relic","Relic","Relic","Relic","Relic","Relic","Relic","Relic","Relic","Relic","Relic","Relic","Relic","Relic","Relic","Relic","Relic","Relic","Relic","Potion","Potion","Potion","Card","Card"],"build_version":"2020-12-22","purchased_purges":11,"victory":true,"max_hp_per_floor":[70,72,74,76,76,76,78,80,80,82,82,82,82,84,84,84,84,86,86,88,111,111,113,115,117,117,122,122,129,129,137,144,146,146,150,150,174,174,178,178,178,178,178,178,178,183,183,185,187,187,191,193,195,197,197,199,199,199,201,201,203,203,203,203,203,203,203,203,207,207],"relic_stats":{"Regal Pillow":0,"Singing Bowl":72,"Gremlin Horn":[9,9],"CeramicFish":198,"StoneCalendar":[52],"Yang":[162],"Bag of Preparation":[56],"Juzu Bracelet":1,"Ginger":[9],"Cursed Key":1,"Lizard Tail":0,"Dream Catcher":0,"TheAbacus":[474],"Pantograph":1,"Tiny Chest":2,"MealTicket":0,"Prayer Wheel":3,"Chemical X":[13],"Kunai":[41],"Lee\u0027s Waffle":7,"counters":[35,129],"Blue Candle":[13],"Eternal Feather":18,"PreservedInsect":1119,"Letter Opener":[392],"War Paint":["Meditate","Gensokyo:HouraiInAPot","Secret Technique","Defend_P"],"Medical Kit":[12],"GoldenEye":[0],"Question Card":29,"Peace Pipe":0,"OrangePellets":[15],"Shuriken":[82],"Ornamental Fan":[164],"Bronze Scales":[123],"Black Star":14,"Art of War":[6],"obtain_stats":[{"Ginger":14,"BFFS":37,"Leech":40,"conspire:GlowingRock":43,"TheBean":10,"MealTicket":21,"Fusion Hammer":25,"TuHaoJin":34,"Kunai":21,"HollowMod:PaleOreRelic":21,"KeepersGift":0,"MerchantsRug":12,"conspire:TreasureMap":0,"BookofShadows":21,"Pear":37,"PunchingBag":37,"Blue Candle":21,"BelialBook":29,"Velvet Choker":40,"Eternal Feather":21,"SteamSale":3,"BloodBag":32,"Akabeko":37,"conspire:BottledYoYo":37,"HushsDoor":0,"StrikeDummy":40,"conspire:Flyswatter":21,"BloodDonationMachine":32,"GuppysTail":28,"Lantern":0,"Regal Pillow":48,"Singing Bowl":0,"GnawedLeaf":37,"StoneCalendar":37,"Bag of Preparation":37,"Ancient Tea Set":37,"Cursed Key":37,"PokeGo":21,"Matryoshka":37,"Chemical X":0,"Potion Belt":0,"Lee\u0027s Waffle":29,"Circlet":46,"Damaru":45,"The Courier":17,"PreservedInsect":21,"Seething Fire":0,"GoldenEye":21,"Habit":21,"D4":40,"D6":21,"Busted Crown":21,"TheBible":21,"Ornamental Fan":21,"MagicMushroom":21,"Orrery":31,"Art of War":21,"Bottled Lightning":37,"Toy Ornithopter":0,"Chaos":15,"Calipers":31,"Tiny House":37,"NineVolt":12,"conspire:RoyalGoblet":21,"Gremlin Horn":42,"CeramicFish":6,"Hammer of Thor":0,"HollowMod:StagPassRelic":21,"conspire:SeveredTorchhead":21,"Lizard Tail":12,"theJungle:SneckoAutograph":30,"HornCleat":37,"conspire:DecoderRing":12,"Strawberry":37,"Philosopher\u0027s Stone":21,"Prayer Wheel":32,"Toxic Egg 2":37,"conspire:Dentures":25,"Girya":32,"Astrolabe":21,"BookOfRevelations":23,"Oddly Smooth Stone":37,"conspire:SlowCooker":21,"conspire:Boomerang":40,"Letter Opener":21,"War Paint":37,"Question Card":37,"Du-Vu Doll":37,"OrangePellets":0,"conspire:GiftBox":21,"Anvil of the Gods":0,"Shuriken":21,"Bronze Scales":21,"ForgetMeNow":48,"Black Star":21,"EdensBlessing":21,"Pocketwatch":0,"Meat on the Bone":21,"SacredBark":42,"SharpPlug":21,"Mango":21,"conspire:SpecialSausage":40,"Yang":42,"Incense Burner":21,"Juzu Bracelet":42,"PrismaticShard":0,"Empty Cage":21,"conspire:TopHat":21,"ClockworkSouvenir":21,"Frozen Eye":42,"Dream Catcher":29,"TheAbacus":37,"ChampionBelt":37,"Pantograph":23,"PillsDrop":37,"Tiny Chest":9,"DoctorsRemote":21,"HollowMod:LifeEnderRelic":21,"Medical Kit":0,"White Beast Statue":37,"Calling Bell":21,"Peace Pipe":21,"Anchor":15,"CaptainsWheel":32,"HolyWater":21,"Bag of Marbles":35,"Membership Card":0,"PureWater":0,"TungstenRod":15},{"Ginger":10,"BFFS":19,"Leech":27,"conspire:GlowingRock":21,"TheBean":8,"MealTicket":13,"Fusion Hammer":16,"TuHaoJin":18,"Kunai":13,"HollowMod:PaleOreRelic":13,"KeepersGift":0,"MerchantsRug":9,"conspire:TreasureMap":0,"BookofShadows":13,"Pear":19,"PunchingBag":19,"Blue Candle":13,"BelialBook":16,"Velvet Choker":21,"Eternal Feather":13,"SteamSale":3,"BloodBag":17,"Akabeko":19,"conspire:BottledYoYo":19,"HushsDoor":0,"StrikeDummy":21,"conspire:Flyswatter":13,"BloodDonationMachine":17,"GuppysTail":16,"Lantern":0,"Regal Pillow":31,"Singing Bowl":0,"GnawedLeaf":19,"StoneCalendar":19,"Bag of Preparation":19,"Ancient Tea Set":19,"Cursed Key":19,"PokeGo":13,"Matryoshka":19,"Chemical X":0,"Potion Belt":0,"Lee\u0027s Waffle":16,"Circlet":21,"Damaru":29,"The Courier":11,"PreservedInsect":13,"Seething Fire":0,"GoldenEye":13,"Habit":13,"D4":21,"D6":13,"Busted Crown":13,"TheBible":13,"Ornamental Fan":13,"MagicMushroom":13,"Orrery":17,"Art of War":13,"Bottled Lightning":19,"Toy Ornithopter":0,"Chaos":10,"Calipers":17,"Tiny House":19,"NineVolt":9,"conspire:RoyalGoblet":13,"Gremlin Horn":21,"CeramicFish":5,"Hammer of Thor":0,"HollowMod:StagPassRelic":13,"conspire:SeveredTorchhead":13,"Lizard Tail":9,"theJungle:SneckoAutograph":16,"HornCleat":19,"conspire:DecoderRing":9,"Strawberry":19,"Philosopher\u0027s Stone":13,"Prayer Wheel":17,"Toxic Egg 2":19,"conspire:Dentures":16,"Girya":17,"Astrolabe":13,"BookOfRevelations":14,"Oddly Smooth Stone":19,"conspire:SlowCooker":13,"conspire:Boomerang":21,"Letter Opener":13,"War Paint":24,"Question Card":19,"Du-Vu Doll":19,"OrangePellets":0,"conspire:GiftBox":13,"Anvil of the Gods":0,"Shuriken":13,"Bronze Scales":13,"ForgetMeNow":22,"Black Star":13,"EdensBlessing":13,"Pocketwatch":0,"Meat on the Bone":13,"SacredBark":21,"SharpPlug":13,"Mango":13,"conspire:SpecialSausage":21,"Yang":21,"Incense Burner":13,"Juzu Bracelet":21,"PrismaticShard":0,"Empty Cage":13,"conspire:TopHat":13,"ClockworkSouvenir":13,"Frozen Eye":21,"Dream Catcher":16,"TheAbacus":19,"ChampionBelt":19,"Pantograph":14,"PillsDrop":19,"Tiny Chest":7,"DoctorsRemote":13,"HollowMod:LifeEnderRelic":13,"Medical Kit":0,"White Beast Statue":19,"Calling Bell":13,"Peace Pipe":13,"Anchor":10,"CaptainsWheel":17,"HolyWater":13,"Bag of Marbles":23,"Membership Card":0,"PureWater":0,"TungstenRod":10},{"Ginger":38,"BFFS":71,"Leech":88,"conspire:GlowingRock":76,"TheBean":33,"MealTicket":55,"Fusion Hammer":64,"TuHaoJin":68,"Kunai":55,"HollowMod:PaleOreRelic":55,"KeepersGift":0,"MerchantsRug":36,"conspire:TreasureMap":0,"BookofShadows":55,"Pear":71,"PunchingBag":71,"Blue Candle":55,"BelialBook":64,"Velvet Choker":76,"Eternal Feather":55,"SteamSale":9,"BloodBag":66,"Akabeko":71,"conspire:BottledYoYo":71,"HushsDoor":0,"StrikeDummy":76,"conspire:Flyswatter":55,"BloodDonationMachine":66,"GuppysTail":64,"Lantern":0,"Regal Pillow":94,"Singing Bowl":0,"GnawedLeaf":71,"StoneCalendar":71,"Bag of Preparation":71,"Ancient Tea Set":71,"Cursed Key":71,"PokeGo":55,"Matryoshka":71,"Chemical X":0,"Potion Belt":0,"Lee\u0027s Waffle":64,"Circlet":76,"Damaru":91,"The Courier":43,"PreservedInsect":55,"Seething Fire":0,"GoldenEye":55,"Habit":55,"D4":76,"D6":55,"Busted Crown":55,"TheBible":55,"Ornamental Fan":55,"MagicMushroom":55,"Orrery":66,"Art of War":55,"Bottled Lightning":71,"Toy Ornithopter":0,"Chaos":38,"Calipers":66,"Tiny House":71,"NineVolt":36,"conspire:RoyalGoblet":55,"Gremlin Horn":76,"CeramicFish":16,"Hammer of Thor":0,"HollowMod:StagPassRelic":55,"conspire:SeveredTorchhead":55,"Lizard Tail":36,"theJungle:SneckoAutograph":64,"HornCleat":71,"conspire:DecoderRing":36,"Strawberry":71,"Philosopher\u0027s Stone":55,"Prayer Wheel":66,"Toxic Egg 2":71,"conspire:Dentures":64,"Girya":66,"Astrolabe":55,"BookOfRevelations":58,"Oddly Smooth Stone":71,"conspire:SlowCooker":55,"conspire:Boomerang":76,"Letter Opener":55,"War Paint":82,"Question Card":71,"Du-Vu Doll":71,"OrangePellets":0,"conspire:GiftBox":55,"Anvil of the Gods":0,"Shuriken":55,"Bronze Scales":55,"ForgetMeNow":78,"Black Star":55,"EdensBlessing":55,"Pocketwatch":0,"Meat on the Bone":55,"SacredBark":76,"SharpPlug":55,"Mango":55,"conspire:SpecialSausage":76,"Yang":76,"Incense Burner":55,"Juzu Bracelet":76,"PrismaticShard":0,"Empty Cage":55,"conspire:TopHat":55,"ClockworkSouvenir":55,"Frozen Eye":76,"Dream Catcher":64,"TheAbacus":71,"ChampionBelt":71,"Pantograph":58,"PillsDrop":71,"Tiny Chest":30,"DoctorsRemote":55,"HollowMod:LifeEnderRelic":55,"Medical Kit":0,"White Beast Statue":71,"Calling Bell":55,"Peace Pipe":55,"Anchor":38,"CaptainsWheel":66,"HolyWater":55,"Bag of Marbles":81,"Membership Card":0,"PureWater":0,"TungstenRod":38}],"Toy Ornithopter":30,"TungstenRod":24,"Pocketwatch":[80],"Meat on the Bone":0},"card_choices":[{"not_picked":[],"picked":"BettingIsNotGood","floor":0.0},{"not_picked":["Ball Lightning","HollowMod:SoulEater","Masterful Stab"],"picked":"Singing Bowl","floor":1.0},{"not_picked":["Forethought","SandsOfTime","Twin Strike"],"picked":"Singing Bowl","floor":2.0},{"not_picked":["HollowMod:DungDefenderAura","Intimidate","Quick Slash"],"picked":"Singing Bowl","floor":3.0},{"not_picked":["Stack","conspire:Rain","Heavy Blade"],"picked":"Singing Bowl","floor":4.0},{"not_picked":["Tempest","HollowMod:LifebloodCocoon"],"picked":"SpiritShield","floor":6.0},{"not_picked":["Accuracy","Crescendo","DDmod:UnstoppableAttack"],"picked":"Singing Bowl","floor":7.0},{"not_picked":["Dodge and Roll","Steam","Sweeping Beam"],"picked":"Singing Bowl","floor":8.0},{"not_picked":["Infinite Blades","HollowMod:SharpenedNail","HollowMod:ShadowDash"],"picked":"Singing Bowl","floor":10.0},{"not_picked":["HollowMod:SoulSplash","FlyingSleeves"],"picked":"Gensokyo:HouraiInAPot","floor":11.0},{"not_picked":["HollowMod:QuirrelsAssistance","Coolheaded","HollowMod:DashSlash"],"picked":"Singing Bowl","floor":14.0},{"not_picked":["Die Die Die","Rainbow"],"picked":"Secret Technique","floor":16.0},{"not_picked":["CrushJoints","FollowUp","HollowMod:WraithStrike"],"picked":"Singing Bowl","floor":18.0},{"not_picked":["HollowMod:SoulStrike+1","Redo+1","Loop"],"picked":"Singing Bowl","floor":20.0},{"not_picked":["MasterReality","Alpha","ConjureBlade"],"picked":"Singing Bowl","floor":21.0},{"not_picked":["Deadly Poison"],"picked":"Singing Bowl","floor":23.0},{"not_picked":["Bomb"],"picked":"Singing Bowl","floor":24.0},{"not_picked":["Dual Wield"],"picked":"Singing Bowl","floor":25.0},{"not_picked":["Dodge and Roll","HollowMod:CornifersMapStart","DDmod:UnstoppableAttack"],"picked":"Singing Bowl","floor":31.0},{"not_picked":["HollowMod:SharpenedNail","HollowMod:InfectedCysts","DDmod:SpikeInjectionSkill"],"picked":"Singing Bowl","floor":31.0},{"not_picked":["Limit Break","Inflame","Gensokyo:BrilliantDragonBullet"],"picked":"Singing Bowl","floor":31.0},{"not_picked":["Ball Lightning","EmptyBody+1","Barrage"],"picked":"Singing Bowl","floor":31.0},{"not_picked":["Limit Break","Bludgeon","Feed"],"picked":"Singing Bowl","floor":33.0},{"not_picked":["Distribution","Flex","Heavy Blade"],"picked":"Singing Bowl","floor":35.0},{"not_picked":["HollowMod:InfectionAssault+1","DDmod:EasePowerCard","FlurryOfBlows"],"picked":"Singing Bowl","floor":35.0},{"not_picked":["DDmod:CallousedSkill","HollowMod:SharpenedNail","HollowMod:NewJinnsSoul"],"picked":"Singing Bowl","floor":37.0},{"not_picked":["HollowMod:DreamGate+1","Deadly Poison+1","Warcry+1"],"picked":"Acrobatics+1","floor":38.0},{"not_picked":["Flex+1","LikeWater+1","Sword Boomerang"],"picked":"Reboot+1","floor":38.0},{"not_picked":["TalkToTheHand","Reckless Charge+1","HollowMod:SharpenedNail","Pommel Strike+1"],"picked":"Singing Bowl","floor":39.0},{"not_picked":["ReachHeaven","Swivel+1","Sucker Punch","Clothesline"],"picked":"Singing Bowl","floor":39.0},{"not_picked":["DDmod:MulticlassingSkill+1","Cloak And Dagger+1","Flying Knee+1","Evolve"],"picked":"Singing Bowl","floor":48.0},{"not_picked":["Armaments+1","Clothesline+1","Conserve Battery+1","conspire:Banana+1"],"picked":"Singing Bowl","floor":35.0},{"not_picked":["Flex+1","HollowMod:InfectionAssault+1","CutThroughFate+1","Hologram+1"],"picked":"Singing Bowl","floor":37.0},{"not_picked":["HollowMod:DashSlash+1","BattleHymn+1","Conserve Battery+1","Ball Lightning"],"picked":"Singing Bowl","floor":37.0},{"not_picked":["Doppelganger+1","Discovery+1","Gensokyo:MorningMist+1","Wallop"],"picked":"Singing Bowl","floor":38.0},{"not_picked":["Headbutt+1","Double Energy+1","Flame Barrier+1","Consume+1"],"picked":"Singing Bowl","floor":39.0},{"not_picked":["Compile Driver+1","Heavy Blade","Ghostly Armor+1","BettingIsNotGood+1"],"picked":"Singing Bowl","floor":40.0},{"not_picked":["Compile Driver","CutThroughFate","Worship+1","Tempest+1"],"picked":"Singing Bowl","floor":42.0},{"not_picked":["DDmod:SpikeInjectionSkill+1","HollowMod:WraithStrike","Shockwave+1","HollowMod:BlackTendrils+1"],"picked":"Singing Bowl","floor":45.0},{"not_picked":["Pommel Strike","Doom and Gloom+1","HollowMod:SoulSplash+1","BattleHymn+1"],"picked":"Singing Bowl","floor":47.0},{"not_picked":["Body Slam","HollowMod:VengefulVoid+1","HollowMod:CloakDash+1"],"picked":"Recycle+1","floor":48.0},{"not_picked":["Coolheaded+1","Barrage","Warcry+1","HollowMod:FallenFury"],"picked":"Singing Bowl","floor":55.0},{"not_picked":["CutThroughFate","Defragment","Malaise+1","Force Field+1"],"picked":"Singing Bowl","floor":55.0}],"player_experience":862857,"relics_obtained":[{"floor":6.0,"key":"CeramicFish"},{"floor":9.0,"key":"Tiny Chest"},{"floor":10.0,"key":"TheBean"},{"floor":14.0,"key":"Ginger"},{"floor":21.0,"key":"HollowMod:PaleOreRelic"},{"floor":21.0,"key":"MealTicket"},{"floor":21.0,"key":"Peace Pipe"},{"floor":23.0,"key":"Pantograph"},{"floor":23.0,"key":"BookOfRevelations"},{"floor":25.0,"key":"Fusion Hammer"},{"floor":25.0,"key":"conspire:Dentures"},{"floor":28.0,"key":"GuppysTail"},{"floor":31.0,"key":"Calipers"},{"floor":31.0,"key":"Orrery"},{"floor":37.0,"key":"PunchingBag"},{"floor":37.0,"key":"GnawedLeaf"},{"floor":37.0,"key":"Strawberry"},{"floor":43.0,"key":"conspire:GlowingRock"},{"floor":48.0,"key":"ForgetMeNow"},{"floor":35.0,"key":"Bag of Marbles"},{"floor":37.0,"key":"War Paint"},{"floor":37.0,"key":"War Paint"},{"floor":40.0,"key":"Leech"},{"floor":42.0,"key":"conspire:RoyalGoblet"},{"floor":45.0,"key":"Damaru"},{"floor":48.0,"key":"Regal Pillow"}],"event_choices":[{"damage_healed":30.0,"max_hp_gain":0.0,"max_hp_loss":76.0,"gold_gain":0.0,"event_name":"betterThird:BetterShining","player_choice":"Embrace","floor":5.0,"gold_loss":0.0,"damage_taken":0.0},{"damage_healed":0.0,"max_hp_gain":0.0,"max_hp_loss":0.0,"gold_gain":0.0,"event_name":"conspire:Investor","player_choice":"Leave","floor":13.0,"gold_loss":0.0,"damage_taken":0.0},{"cards_removed":["Collect"],"damage_healed":0.0,"max_hp_gain":0.0,"max_hp_loss":0.0,"gold_gain":0.0,"event_name":"Falling","player_choice":"Removed Skill","floor":36.0,"gold_loss":0.0,"damage_taken":0.0}],"is_beta":false,"boss_relics":[{"not_picked":["Orichalcum","GuppysHead"],"picked":"The Courier"},{"not_picked":[]},{"not_picked":["BlankCard","Void"],"picked":"TuHaoJin"},{"not_picked":[]}],"items_purged_floors":[12,15,21,27,29,32,37,42,41,46,54],"is_endless":false,"potions_floor_spawned":[1,3,4,7,11,14,20,25,33,38,39,48,35,37,38,39,40,42,45,47,48,55],"ascension_level":20}}