{"host":"yx5rao87132cy5xq","time":1611856202,"event":{"mods":["2.2 Compatiblity","AchievementEnabler","BaseMod","Bestiary","Colored Map","Colored Powertips","Minty Spire (QoL Compilation)","Quick Restart","Relic Stats","Slay-I","SuperFastMode"],"gold_per_floor":[115,126,198,198,213,240,315,315,315,315,315,315,335,362,362,459,459,469,469,492,492,505,505,522,522,522],"floor_reached":25,"language":"ENG","playtime":1367,"items_purged":[],"score":334,"play_id":"8406385f-cdb8-4cd6-923a-0649c25ad717","local_time":"20210128185002","is_ascension_mode":true,"campfire_choices":[{"floor":8,"key":"REST"},{"floor":10,"key":"REST"},{"data":"Armaments","floor":12,"key":"SMITH"},{"data":"Armaments","floor":15,"key":"SMITH"},{"floor":23,"key":"REST"}],"circlet_count":0,"master_deck":["AscendersBane","Strike_R","Strike_R","Strike_R","Strike_R","Defend_R","Defend_R","Defend_R","Defend_R","Bash+1","Perfected Strike+1","Flex","Disarm","Armaments+1","Armaments+1","Double Tap","Impervious","Disarm","Power Through","Iron Wave","Iron Wave"],"relics":["Burning Blood","FossilizedHelix","Turnip","Potion Belt","SlaversCollar","Dream Catcher"],"acts_visited":["Exordium","TheCity"],"potions_floor_usage":[25,25],"damage_taken":[{"damage":13,"enemies":"Jaw Worm","floor":1,"turns":4},{"damage":2,"enemies":"2 Louse","floor":2,"turns":3},{"damage":0,"enemies":"Cultist","floor":5,"turns":3},{"damage":45,"enemies":"3 Sentries","floor":6,"turns":9},{"damage":7,"enemies":"Exordium Wildlife","floor":13,"turns":5},{"damage":20,"enemies":"Gremlin Nob","floor":14,"turns":5},{"damage":33,"enemies":"Hexaghost","floor":16,"turns":11},{"damage":29,"enemies":"Shell Parasite","floor":18,"turns":7},{"damage":12,"enemies":"Chosen","floor":22,"turns":8},{"damage":28,"enemies":"Snecko","floor":24,"turns":10},{"damage":33,"enemies":"Gremlin Leader","floor":25,"turns":8}],"seed_played":"4967810072149337009","potions_obtained":[{"floor":13,"key":"HeartOfIron"},{"floor":16,"key":"Dexterity Potion"},{"floor":18,"key":"Weak Potion"},{"floor":24,"key":"Strength Potion"}],"is_trial":false,"path_per_floor":["M","M","?","?","M","E","?","R","T","R","?","R","M","E","R","B",null,"M","?","T","?","M","R","M","E"],"character_chosen":"IRONCLAD","items_purchased":[],"campfire_rested":3,"item_purchase_floors":[],"current_hp_per_floor":[65,69,69,69,75,36,25,49,49,73,73,73,72,58,58,31,68,45,30,30,30,24,49,27,0,0],"gold":522,"neow_bonus":"UPGRADE_CARD","is_daily":false,"chose_seed":false,"campfire_upgraded":2,"win_rate":0.0,"timestamp":1611856202,"path_taken":["M","M","?","?","?","E","?","R","T","R","?","R","M","E","R","BOSS","M","?","?","?","M","R","M","E"],"items_purchased_type":[],"build_version":"2020-12-22","purchased_purges":0,"victory":false,"max_hp_per_floor":[80,80,80,80,80,80,80,80,80,80,80,80,80,80,80,80,80,80,85,85,85,85,85,85,85,85],"relic_stats":{"Dream Catcher":1,"counters":[11,73],"Turnip":[4],"obtain_stats":[{"Potion Belt":14,"SlaversCollar":17,"Dream Catcher":20,"Turnip":9,"Burning Blood":0,"FossilizedHelix":6},{"Potion Belt":6,"SlaversCollar":7,"Dream Catcher":8,"Turnip":4,"Burning Blood":0,"FossilizedHelix":4},{"Potion Belt":29,"SlaversCollar":40,"Dream Catcher":47,"Turnip":19,"Burning Blood":0,"FossilizedHelix":19}],"Burning Blood":60},"card_choices":[{"not_picked":["Clothesline","Havoc"],"picked":"Perfected Strike","floor":1},{"not_picked":["Rupture","Clash"],"picked":"Flex","floor":2},{"not_picked":["Evolve","Thunderclap"],"picked":"Disarm","floor":5},{"not_picked":["Headbutt","Pummel"],"picked":"Armaments","floor":6},{"not_picked":["Searing Blow","Pommel Strike"],"picked":"Armaments","floor":13},{"not_picked":["Cleave","Sword Boomerang"],"picked":"Double Tap","floor":14},{"not_picked":["Demon Form","Juggernaut"],"picked":"Impervious","floor":16},{"not_picked":["Thunderclap","Blood for Blood"],"picked":"Disarm","floor":18},{"not_picked":["Heavy Blade","Clash"],"picked":"Power Through","floor":22},{"not_picked":["Anger","Sword Boomerang"],"picked":"Iron Wave","floor":23},{"not_picked":["Clothesline","Cleave"],"picked":"Iron Wave","floor":24}],"player_experience":871845,"relics_obtained":[{"floor":6,"key":"FossilizedHelix"},{"floor":9,"key":"Turnip"},{"floor":14,"key":"Potion Belt"},{"floor":20,"key":"Dream Catcher"}],"event_choices":[{"damage_healed":0,"gold_gain":72,"player_choice":"Gained Gold","damage_taken":0,"max_hp_gain":0,"max_hp_loss":0,"event_name":"Golden Wing","floor":3,"gold_loss":0},{"damage_healed":0,"gold_gain":0,"player_choice":"Upgraded","damage_taken":0,"max_hp_gain":0,"max_hp_loss":0,"event_name":"Upgrade Shrine","floor":4,"gold_loss":0,"cards_upgraded":["Perfected Strike"]},{"damage_healed":0,"gold_gain":75,"player_choice":"Gather Gold","damage_taken":11,"max_hp_gain":0,"max_hp_loss":0,"event_name":"World of Goop","floor":7,"gold_loss":0},{"damage_healed":0,"gold_gain":0,"player_choice":"Ignored","damage_taken":0,"max_hp_gain":0,"max_hp_loss":0,"event_name":"Liars Game","floor":11,"gold_loss":0},{"damage_healed":0,"gold_gain":0,"player_choice":"Shed Blood","damage_taken":20,"max_hp_gain":5,"max_hp_loss":0,"event_name":"Forgotten Altar","floor":19,"gold_loss":0},{"cards_removed":["Strike_R"],"damage_healed":0,"gold_gain":0,"player_choice":"Purged","damage_taken":0,"max_hp_gain":0,"max_hp_loss":0,"event_name":"Purifier","floor":21,"gold_loss":0}],"is_beta":false,"boss_relics":[{"not_picked":["Runic Pyramid","Tiny House"],"picked":"SlaversCollar"}],"items_purged_floors":[],"is_endless":false,"potions_floor_spawned":[13,16,18,24],"killed_by":"Gremlin Leader","ascension_level":12}}