{"host":"jhy70w0yh8dayqay","time":1611834434,"event":{"mods":["AchievementEnabler","BaseMod","Colored Map","Colored Powertips","DeckTracker","Minty Spire (QoL Compilation)","Permanent Neow","SuperFastMode"],"gold_per_floor":[125,156,168,255,278,322,345,376,411,423,463,475,500,539,551,563,563],"floor_reached":16,"language":"KOR","playtime":707,"items_purged":[],"score":177,"play_id":"c23e8b7a-2f05-4c06-af30-d5827659a85d","local_time":"20210128204714","is_ascension_mode":true,"campfire_choices":[{"data":"EmptyFist","floor":10,"key":"SMITH"},{"floor":12,"key":"REST"},{"floor":15,"key":"REST"}],"circlet_count":0,"master_deck":["Strike_P","Strike_P","Strike_P","Strike_P","Defend_P","Defend_P","Defend_P+1","Defend_P+1","Eruption+1","Vigilance","FollowUp","EmptyFist+1","Brilliance","Prostrate","Sanctity","Perseverance","Blasphemy","WheelKick"],"relics":["PureWater","MawBank","Toy Ornithopter","Lantern","Dream Catcher","War Paint"],"acts_visited":["Exordium"],"potions_floor_usage":[6,7,14],"damage_taken":[{"damage":2,"enemies":"Cultist","floor":1,"turns":3},{"damage":2,"enemies":"Jaw Worm","floor":2,"turns":3},{"damage":0,"enemies":"Small Slimes","floor":5,"turns":3},{"damage":12,"enemies":"3 Sentries","floor":6,"turns":4},{"damage":5,"enemies":"Gremlin Gang","floor":7,"turns":4},{"damage":0,"enemies":"2 Fungi Beasts","floor":8,"turns":3},{"damage":10,"enemies":"Gremlin Nob","floor":11,"turns":3},{"damage":13,"enemies":"3 Louse","floor":13,"turns":4},{"damage":2,"enemies":"3 Sentries","floor":14,"turns":4},{"damage":21,"enemies":"The Guardian","floor":16,"turns":12}],"seed_played":"5401919833823053578","potions_obtained":[{"floor":2,"key":"AttackPotion"},{"floor":6,"key":"Block Potion"},{"floor":7,"key":"Explosive Potion"},{"floor":11,"key":"SpeedPotion"},{"floor":14,"key":"StancePotion"}],"is_trial":false,"path_per_floor":["M","M","?","?","M","E","M","M","T","R","E","R","M","E","R","B"],"character_chosen":"WATCHER","items_purchased":[],"campfire_rested":2,"item_purchase_floors":[],"current_hp_per_floor":[63,61,61,54,54,42,42,42,42,42,32,53,40,43,64,43,43],"gold":563,"neow_bonus":"RANDOM_COMMON_RELIC","is_daily":false,"chose_seed":false,"campfire_upgraded":1,"win_rate":0.0,"timestamp":1611834434,"path_taken":["M","M","?","?","?","E","M","M","T","R","E","R","M","E","R","BOSS"],"items_purchased_type":[],"build_version":"2020-12-22","purchased_purges":0,"victory":false,"max_hp_per_floor":[72,72,72,72,72,72,72,72,72,72,72,72,72,72,72,72,72],"card_choices":[{"not_picked":["CutThroughFate","JustLucky"],"picked":"FollowUp","floor":1},{"not_picked":["BowlingBash","Vengeance"],"picked":"EmptyFist","floor":2},{"not_picked":["Nirvana","Study","PathToVictory"],"picked":"SKIP","floor":5},{"not_picked":["CarveReality","FollowUp"],"picked":"Brilliance","floor":6},{"not_picked":["EmptyBody","JustLucky"],"picked":"Prostrate","floor":7},{"not_picked":["Protect","Halt","CrushJoints"],"picked":"SKIP","floor":8},{"not_picked":["FollowUp","PathToVictory","Swivel"],"picked":"SKIP","floor":11},{"not_picked":["PathToVictory","Fasting2"],"picked":"Sanctity","floor":12},{"not_picked":["BattleHymn","EmptyBody"],"picked":"Perseverance","floor":13},{"not_picked":["Sanctity","EmptyFist"],"picked":"Blasphemy","floor":14},{"not_picked":["FlyingSleeves","SashWhip"],"picked":"WheelKick","floor":15}],"player_experience":435937,"relics_obtained":[{"floor":6,"key":"Toy Ornithopter"},{"floor":9,"key":"Lantern"},{"floor":11,"key":"Dream Catcher"},{"floor":14,"key":"War Paint"}],"event_choices":[{"damage_healed":0,"gold_gain":0,"player_choice":"Grow","damage_taken":0,"max_hp_gain":0,"max_hp_loss":0,"event_name":"Living Wall","floor":3,"gold_loss":0,"cards_upgraded":["Eruption"]},{"damage_healed":0,"gold_gain":75,"player_choice":"Touch","damage_taken":7,"max_hp_gain":0,"max_hp_loss":0,"event_name":"FaceTrader","floor":4,"gold_loss":0}],"is_beta":false,"boss_relics":[],"items_purged_floors":[],"is_endless":false,"potions_floor_spawned":[2,6,7,11,14],"killed_by":"The Guardian","ascension_level":9}}