{"host":"ijtzdp8x8o2bpzki","time":1611845250,"event":{"mods":["AchievementEnabler","BaseMod","Colored Map","Colored Powertips","DeckTracker","Minty Spire (QoL Compilation)"],"gold_per_floor":[111,21,121,135,14,40,40,74,100,100,117,192,192,209,209,306,306,316,168,168,168,168],"floor_reached":21,"language":"ENG","playtime":856,"items_purged":["Strike_G","Eviscerate"],"score":213,"play_id":"4091d589-f1f4-43f7-a472-0b105d39f2cb","local_time":"20210128174730","is_ascension_mode":true,"campfire_choices":[{"data":"Noxious Fumes","floor":7.0,"key":"SMITH"},{"floor":13.0,"key":"REST"},{"floor":15.0,"key":"REST"}],"circlet_count":0,"master_deck":["Survivor","Neutralize","Prepared","Noxious Fumes+1","Dagger Throw","Catalyst","PiercingWail","Setup","Concentrate","Burst","Endless Agony","Blade Dance","Bane","Backflip","Sucker Punch","Calculated Gamble","Leg Sweep","Backflip","Expertise","Backflip","Necronomicurse"],"relics":["Ring of the Snake","Strawberry","Art of War","Oddly Smooth Stone","Pandora\u0027s Box","Necronomicon"],"acts_visited":["Exordium","TheCity"],"potions_floor_usage":[],"damage_taken":[{"damage":4.0,"enemies":"Jaw Worm","floor":1.0,"turns":4.0},{"damage":0.0,"enemies":"Cultist","floor":4.0,"turns":5.0},{"damage":17.0,"enemies":"Lagavulin","floor":6.0,"turns":10.0},{"damage":26.0,"enemies":"3 Sentries","floor":8.0,"turns":7.0},{"damage":5.0,"enemies":"Small Slimes","floor":11.0,"turns":4.0},{"damage":0.0,"enemies":"2 Fungi Beasts","floor":14.0,"turns":4.0},{"damage":11.0,"enemies":"The Guardian","floor":16.0,"turns":11.0},{"damage":29.0,"enemies":"3 Byrds","floor":18.0,"turns":5.0},{"damage":0,"enemies":"Chosen","floor":21,"turns":1}],"seed_played":"-717211153306474904","potions_obtained":[{"floor":4.0,"key":"Dexterity Potion"},{"floor":8.0,"key":"DuplicationPotion"},{"floor":11.0,"key":"FearPotion"},{"floor":14.0,"key":"AttackPotion"},{"floor":18.0,"key":"PowerPotion"}],"is_trial":false,"path_per_floor":["M","$","?","M","$","E","R","E","T","?","M","?","R","M","R","B",null,"M","$","?","M"],"character_chosen":"THE_SILENT","items_purchased":["Noxious Fumes","Dagger Throw","PiercingWail","Backflip"],"campfire_rested":2,"item_purchase_floors":[2,2,5,19],"current_hp_per_floor":[73,73,73,73,73,63,63,37,37,37,32,21,46,46,71,60,84,55,55,39,39,39],"gold":168,"neow_bonus":"TEN_PERCENT_HP_BONUS","is_daily":false,"chose_seed":false,"campfire_upgraded":1,"win_rate":0.0,"timestamp":1611845250,"path_taken":["M","$","?","M","?","E","R","E","T","?","?","?","R","M","R","BOSS","M","$","?","M"],"items_purchased_type":["Card","Card","Card","Card"],"build_version":"2020-12-22","purchased_purges":2,"victory":false,"max_hp_per_floor":[77,77,77,77,77,84,84,84,84,84,84,84,84,84,84,84,84,84,84,84,84,84],"card_choices":[{"not_picked":["Reflex","Bane"],"picked":"Prepared","floor":1.0},{"not_picked":["Prepared","Crippling Poison"],"picked":"Catalyst","floor":4.0},{"not_picked":["Distraction","Acrobatics"],"picked":"Setup","floor":6.0},{"not_picked":["Heel Hook","Dagger Spray"],"picked":"Concentrate","floor":8.0},{"not_picked":["Calculated Gamble","Sucker Punch","Cloak And Dagger"],"picked":"SKIP","floor":11.0},{"not_picked":["Dagger Spray","Heel Hook","Setup"],"picked":"SKIP","floor":14.0},{"not_picked":["Storm of Steel","Phantasmal Killer"],"picked":"Burst","floor":16.0},{"not_picked":["Distraction","Choke"],"picked":"Expertise","floor":18.0}],"player_experience":86917,"relics_obtained":[{"floor":6.0,"key":"Strawberry"},{"floor":8.0,"key":"Art of War"},{"floor":9.0,"key":"Oddly Smooth Stone"},{"floor":20.0,"key":"Necronomicon"}],"event_choices":[{"damage_healed":0.0,"max_hp_gain":0.0,"max_hp_loss":0.0,"gold_gain":100.0,"event_name":"Golden Shrine","player_choice":"Pray","floor":3.0,"gold_loss":0.0,"damage_taken":0.0},{"damage_healed":0.0,"max_hp_gain":0.0,"max_hp_loss":0.0,"gold_gain":0.0,"event_name":"Shining Light","player_choice":"Ignored","floor":10.0,"gold_loss":0.0,"damage_taken":0.0},{"damage_healed":0.0,"max_hp_gain":0.0,"max_hp_loss":0.0,"gold_gain":75.0,"event_name":"World of Goop","player_choice":"Gather Gold","floor":12.0,"gold_loss":0.0,"damage_taken":11.0},{"damage_healed":0.0,"max_hp_gain":0.0,"max_hp_loss":0.0,"gold_gain":0.0,"event_name":"Cursed Tome","player_choice":"Obtained Book","floor":20.0,"gold_loss":0.0,"damage_taken":16.0}],"is_beta":false,"boss_relics":[{"not_picked":["Empty Cage","Snecko Eye"],"picked":"Pandora\u0027s Box"}],"items_purged_floors":[5,19],"is_endless":false,"potions_floor_spawned":[4,8,11,14,18],"killed_by":"Chosen","ascension_level":3}}