{"host":"rwmcmr2m88k7tuzm","time":1611875768,"event":{"mods":["BaseMod","BetterRewards","Conspire","Downfall","Hubris","Infinite Spire","Minty Spire (QoL Compilation)","Quick Restart","Replay The Spire","Shop Mod","StSLib","SuperFastMode"],"gold_per_floor":[111,137,137,137,148,177,191,206,230,230,263,263,17,28,28,125,125,135,135,50,50,65,65,82,109,134,134,134,153,153,169,169,269,269,283,0,11,11,61,61,92,92,92,102,117,117,117,131,131,227,227,237,187,87,102,114,132,132,142,142,153,153,153,153,148,148,129,129],"floor_reached":67,"language":"ENG","playtime":1691,"items_purged":["hubris:Lust","Strike_R"],"score":957,"play_id":"122a5b62-51c1-4e4f-8d97-99516a5c4ea3","local_time":"20210128231608","is_ascension_mode":false,"campfire_choices":[{"data":"Replay:Dark Deal","floor":10,"key":"SMITH"},{"data":"ReplayTheSpireMod:Limb From Limb","floor":12,"key":"SMITH"},{"data":"Flash of Steel","floor":15,"key":"SMITH"},{"data":"Offering","floor":23,"key":"SMITH"},{"data":"Pot Of Greed","floor":28,"key":"SMITH"},{"floor":30,"key":"REST"},{"data":"Pummel","floor":32,"key":"SMITH"},{"floor":40,"key":"REST"},{"data":"infinitespire:Starlight","floor":47,"key":"SMITH"},{"data":"infinitespire:Punishment","floor":49,"key":"SMITH"},{"data":"Demon Form","floor":64,"key":"SMITH"},{"data":"Pot Of Greed","floor":66,"key":"SMITH"}],"circlet_count":0,"master_deck":["Strike_R","Strike_R","Strike_R","Defend_R","Defend_R","Defend_R","Bash","Replay:Dark Deal+1","Flash of Steel+1","Flex","Flex","Offering+1","Dropkick","Shrug It Off","Flex","ReplayTheSpireMod:Limb From Limb+1","Thunderclap","Shrug It Off","Demon Form+1","Pummel+1","ReplayTheSpireMod:Muscle Training","Pot Of Greed+1","Pot Of Greed","Pot Of Greed+1","Pummel+1","Bludgeon","Rampage+1","infinitespire:Starlight+1","infinitespire:Punishment+1","hubris:StunningStrike","Flex","Dropkick+1","Demon Form+1","Inflame"],"relics":["Burning Blood","Anchor","ClockworkSouvenir","infinitespire:Joker Card","ReplayTheSpireMod:CursedCoin","Pen Nib","Mummified Hand","Red Skull","conspire:TopHat","Toy Ornithopter","SlaversCollar","Oddly Smooth Stone","Blood Vial","Grinning Jar","hubris:ScarierMask","Red Mask","Blue Candle","infinitespire:Lychee Nut","Garlic","Molten Egg 2","hubris:BottledRain","hubris:Towel","hubris:TenFootPole","hubris:SphereOfDissonance","Singing Bowl","hubris:Icosahedron"],"acts_visited":["Exordium","TheCity","TheBeyond","Exordium"],"potions_floor_usage":[6,6,6,11,25,44,50,50,50],"damage_taken":[{"damage":4,"enemies":"2 Louse","floor":1,"turns":4},{"damage":0,"enemies":"conspire:MimicChest","floor":2,"turns":2},{"damage":0,"enemies":"Jaw Worm","floor":5,"turns":3},{"damage":12,"enemies":"Lagavulin","floor":6,"turns":3},{"damage":6,"enemies":"Small Slimes","floor":7,"turns":1},{"damage":3,"enemies":"Red Slaver","floor":8,"turns":4},{"damage":0,"enemies":"Gremlin Nob","floor":11,"turns":2},{"damage":1,"enemies":"Exordium Wildlife","floor":14,"turns":3},{"damage":40,"enemies":"Hexaghost","floor":16,"turns":4},{"damage":6,"enemies":"Chosen","floor":18,"turns":2},{"damage":2,"enemies":"Shell Parasite","floor":22,"turns":3},{"damage":18,"enemies":"Centurion and Healer","floor":24,"turns":4},{"damage":20,"enemies":"Nightmare","floor":25,"turns":4},{"damage":25,"enemies":"3 Cultists","floor":29,"turns":5},{"damage":8,"enemies":"Chosen and Byrds","floor":31,"turns":3},{"damage":31,"enemies":"conspire:MysteriousRune","floor":33,"turns":6},{"damage":1,"enemies":"Orb Walker","floor":35,"turns":2},{"damage":9,"enemies":"3 Shapes","floor":37,"turns":3},{"damage":36,"enemies":"Mind Bloom Boss Battle","floor":39,"turns":3},{"damage":61,"enemies":"Reptomancer","floor":41,"turns":3},{"damage":11,"enemies":"Maw","floor":44,"turns":5},{"damage":0,"enemies":"Sphere and 2 Shapes","floor":45,"turns":2},{"damage":0,"enemies":"3 Darklings","floor":48,"turns":1},{"damage":43,"enemies":"hubris:GrandSnecko","floor":50,"turns":6},{"damage":0,"enemies":"2 Louse","floor":52,"turns":1},{"damage":0,"enemies":"Small Slimes","floor":55,"turns":2},{"damage":0,"enemies":"Cultist","floor":56,"turns":2},{"damage":6,"enemies":"3 Sentries","floor":57,"turns":2},{"damage":6,"enemies":"Exordium Wildlife","floor":59,"turns":1},{"damage":6,"enemies":"Lots of Slimes","floor":61,"turns":2},{"damage":0,"enemies":"Large Slime","floor":65,"turns":2},{"damage":67,"enemies":"Hexaghost","floor":67,"turns":3}],"seed_played":"-3700671852634156016","potions_obtained":[{"floor":4,"key":"Elixir"},{"floor":4,"key":"Energy Potion"},{"floor":4,"key":"hexamod:SoulburnPotion"},{"floor":5,"key":"DistilledChaos"},{"floor":6,"key":"BloodPotion"},{"floor":7,"key":"Weak Potion"},{"floor":18,"key":"Adrenaline Potion"},{"floor":24,"key":"Reflective Coating"},{"floor":33,"key":"Reflective Coating"},{"floor":41,"key":"FearPotion"},{"floor":45,"key":"LiquidBronze"},{"floor":55,"key":"Toxic Potion"},{"floor":59,"key":"Weak Potion"},{"floor":61,"key":"SneckoOil"}],"is_trial":false,"path_per_floor":["M","?","?","?","M","E","M","M","T","R","E","R","$","M","R","B",null,"M","?","?","$","M","R","M","NM","T","?","R","M","R","M","R","B",null,"M","?","M","AVR","?","R","E","T","T","M","M","?","R","M","R","B",null,"M","?","$","M","M","E","?","M","T","M","AVR","?","R","M","R","B"],"character_chosen":"IRONCLAD","items_purchased":["Anchor","ClockworkSouvenir","infinitespire:Joker Card","ReplayTheSpireMod:CursedCoin","Replay:Dark Deal","Flash of Steel","Flex","Toy Ornithopter","Thunderclap","Shrug It Off"],"campfire_rested":2,"item_purchase_floors":[0,0,0,0,0,0,0,13,13,13],"current_hp_per_floor":[46,52,57,57,73,67,67,70,70,70,76,76,76,81,81,47,85,85,85,85,85,85,85,73,64,64,64,64,47,72,72,72,49,85,85,85,82,82,54,63,9,9,9,39,50,50,50,58,58,63,63,63,63,63,63,63,63,60,62,62,63,63,63,63,65,65,0,0],"gold":129,"neow_bonus":"","is_daily":false,"chose_seed":false,"campfire_upgraded":10,"win_rate":0.0,"timestamp":1611875768,"path_taken":["M","?","?","?","M","E","?","M","T","R","E","R","$","M","R","BOSS","M","?","?","?","M","R","?","NM","T","?","R","M","R","M","R","BOSS","M","?","M","AVR","?","R","E","?","T","?","M","?","R","M","R","BOSS","M","?","$","M","M","E","?","M","T","M","AVR","?","R","M","R","BOSS"],"items_purchased_type":["Relic","Relic","Relic","Relic","Card","Card","Card","Relic","Card","Card"],"build_version":"2020-12-22","purchased_purges":2,"victory":false,"max_hp_per_floor":[80,80,85,85,85,85,85,85,85,85,85,85,85,85,85,85,85,85,85,85,85,85,85,85,85,85,85,85,85,85,85,85,85,85,85,85,85,85,63,63,63,63,63,63,63,63,63,63,63,63,63,63,63,63,63,63,63,63,63,63,63,63,63,63,65,65,65,65],"card_choices":[{"not_picked":["Run Through","Havoc"],"picked":"Flex","floor":1},{"not_picked":["Heavy Blade","Pummel"],"picked":"Offering","floor":5},{"not_picked":["Thunderclap","Armaments"],"picked":"Dropkick","floor":6},{"not_picked":["Anger","Rupture"],"picked":"Shrug It Off","floor":7},{"not_picked":["Iron Wave","ReplayTheSpireMod:Strike From Hell"],"picked":"Flex","floor":8},{"not_picked":["Sever Soul","Pummel"],"picked":"ReplayTheSpireMod:Limb From Limb","floor":11},{"not_picked":["Shrug It Off","Wild Strike","Havoc"],"picked":"SKIP","floor":14},{"not_picked":["Replay:Many Hands","Barricade"],"picked":"Demon Form","floor":16},{"not_picked":["Pommel Strike","True Grit","Defy Death"],"picked":"SKIP","floor":18},{"not_picked":["Pommel Strike","Defy Death","Sentinel"],"picked":"SKIP","floor":22},{"not_picked":["Replay:Undeath\u0027s Touch","Anger+1"],"picked":"Pummel","floor":24},{"not_picked":["ReplayReversal","conspire:Charge+1"],"picked":"ReplayTheSpireMod:Muscle Training","floor":25},{"not_picked":["ReplayTheSpireMod:Stacked","Bloodletting"],"picked":"Pummel+1","floor":29},{"not_picked":["Sever Soul","Clothesline","Headbutt+1"],"picked":"SKIP","floor":31},{"not_picked":["Limit Break","Eclipse"],"picked":"Bludgeon","floor":33},{"not_picked":["ReplayTheSpireMod:Muscle Training","Shrug It Off+1","Replay:Undeath\u0027s Touch+1"],"picked":"SKIP","floor":35},{"not_picked":["Wild Strike+1","ReplayTheSpireMod:Strike From Hell+1"],"picked":"Rampage+1","floor":37},{"not_picked":["True Grit+1","Power Through+1"],"picked":"hubris:StunningStrike","floor":41},{"not_picked":["Havoc+1","ReplayTheSpireMod:Muscle Training"],"picked":"Flex","floor":44},{"not_picked":["Heavy Blade+1","hubris:ReadiedAction","ReplayTheSpireMod:Strike From Hell+1"],"picked":"SKIP","floor":45},{"not_picked":["Wild Strike+1","Clash+1"],"picked":"Dropkick+1","floor":48},{"not_picked":["Juggernaut","Demonic Infusion"],"picked":"Demon Form","floor":50},{"not_picked":["Perfected Strike+1","Armaments","ReplayTheSpireMod:Strike From Hell+1"],"picked":"SKIP","floor":52},{"not_picked":["Havoc","Heavy Blade+1"],"picked":"Inflame","floor":55},{"not_picked":["Sword Boomerang+1","ReplayTheSpireMod:Limb From Limb+1","infinitespire:OneForAll+1"],"picked":"SKIP","floor":56},{"not_picked":["Whirlwind+1","Thunderclap+1","Inflame"],"picked":"SKIP","floor":57},{"not_picked":["Ghostly Armor","Metallicize","Run Through+1"],"picked":"SKIP","floor":59},{"not_picked":["Heavy Blade+1","Pommel Strike+1","ReplayTheSpireMod:Stacked"],"picked":"SKIP","floor":61},{"not_picked":["Clothesline+1","True Grit","ReplayTheSpireMod:Strike From Hell+1"],"picked":"Singing Bowl","floor":65}],"player_experience":167810,"relics_obtained":[{"floor":2,"key":"Pen Nib"},{"floor":6,"key":"Mummified Hand"},{"floor":9,"key":"Red Skull"},{"floor":11,"key":"conspire:TopHat"},{"floor":25,"key":"Blood Vial"},{"floor":26,"key":"Grinning Jar"},{"floor":39,"key":"infinitespire:Lychee Nut"},{"floor":41,"key":"Garlic"},{"floor":42,"key":"Molten Egg 2"},{"floor":43,"key":"hubris:BottledRain"},{"floor":57,"key":"hubris:TenFootPole"},{"floor":60,"key":"hubris:SphereOfDissonance"}],"event_choices":[{"damage_healed":0,"gold_gain":0,"player_choice":"Donut","damage_taken":0,"max_hp_gain":5,"max_hp_loss":0,"event_name":"Big Fish","floor":3,"gold_loss":0},{"damage_healed":0,"gold_gain":0,"player_choice":"Got Potions","damage_taken":0,"max_hp_gain":0,"max_hp_loss":0,"event_name":"Lab","floor":4,"gold_loss":0},{"damage_healed":0,"gold_gain":0,"player_choice":"Obtained Relic","damage_taken":0,"relics_obtained":["Oddly Smooth Stone"],"max_hp_gain":0,"max_hp_loss":0,"event_name":"Addict","floor":20,"gold_loss":85},{"damage_healed":0,"gold_gain":0,"player_choice":"Leave","damage_taken":0,"max_hp_gain":0,"max_hp_loss":0,"event_name":"conspire:Investor","floor":27,"gold_loss":0},{"damage_healed":0,"gold_gain":0,"player_choice":"Paid","damage_taken":0,"relics_obtained":["Red Mask"],"max_hp_gain":0,"max_hp_loss":0,"event_name":"Tomb of Lord Red Mask","floor":36,"gold_loss":283},{"damage_healed":0,"gold_gain":0,"player_choice":"Fight","damage_taken":0,"max_hp_gain":0,"max_hp_loss":0,"event_name":"MindBloom","floor":39,"gold_loss":0},{"cards_removed":["Strike_R"],"damage_healed":0,"gold_gain":0,"player_choice":"Card Removal","damage_taken":0,"max_hp_gain":0,"max_hp_loss":0,"event_name":"The Cleric","floor":53,"gold_loss":50},{"cards_removed":["Defend_R"],"damage_healed":0,"gold_gain":0,"player_choice":"Card Removal","damage_taken":7,"max_hp_gain":0,"max_hp_loss":0,"event_name":"Golden Wing","floor":58,"gold_loss":0}],"is_beta":false,"boss_relics":[{"not_picked":["Replay:Ancient Bell","Snecko Eye"],"picked":"SlaversCollar"},{"not_picked":["infinitespire:Burning Sword","Astrolabe"],"picked":"hubris:ScarierMask"},{"not_picked":["Coffee Dripper","hubris:CrackedHourglass","Replay:Drink Me"]}],"items_purged_floors":[0,54],"is_endless":true,"potions_floor_spawned":[5,6,7,18,24,33,37,41,45,55,59,61],"killed_by":"Hexaghost","ascension_level":0}}