{"host":"56d873i5r3uhle0q","time":1611800390,"event":{"mods":["100% Spire Juice","Act Like it!","Aspiration","BaseMod","Block Reminder","Conspire","Dota2Spire","Downfall","Gensokyo","Hermit","Hubris","Infinite Spire","Jedi Mod","Lobotomy","LobotomyExtend","Marisa????????","Marked Mod","Minty Spire (QoL Compilation)","Reliquary","Replay The Spire","StSLib","The Animator","The Bug Knight","The Cursed","The Marked","The Servant 0.9.4","everything is the same but u backflip on backflip","??????REMEMod"],"gold_per_floor":[110,73,73,73,83,117,137,137,190,190,156,156,166,176,176,275,275,285,0,10,10,30,30,44,44,68,68,115,133,133,153,153,254,254,264,284,300,300,318,318,318,318,342,362,379,379,379,379,379,379],"floor_reached":51,"language":"ENG","playtime":2412,"items_purged":[],"score":749,"play_id":"c17c8a87-65ef-4ad6-99d7-7f5772478019","local_time":"20210127191950","is_ascension_mode":false,"campfire_choices":[{"data":"hermit:Maintenance","floor":8,"key":"SMITH"},{"data":"hermit:HighCaliber","floor":10,"key":"SMITH"},{"data":"hermit:Showdown","floor":12,"key":"SMITH"},{"floor":15,"key":"REST"},{"floor":23,"key":"REST"},{"floor":25,"key":"REST"},{"floor":27,"key":"REST"},{"floor":30,"key":"REST"},{"floor":32,"key":"REST"},{"floor":40,"key":"REST"},{"floor":42,"key":"REST"},{"floor":46,"key":"REST"},{"floor":49,"key":"REST"}],"circlet_count":0,"master_deck":["hermit:Strike_Hermit","hermit:Strike_Hermit","hermit:Strike_Hermit+1","hermit:Strike_Hermit+1","hermit:Defend_Hermit+1","hermit:Defend_Hermit","hermit:Defend_Hermit","hermit:Defend_Hermit","hermit:Snapshot","hermit:Covet","REME_BattleFury","hermit:HighCaliber+1","hermit:Maintenance+1","hermit:LoneWolf","hermit:Showdown+1","hermit:FromBeyond","hermit:Determination","hermit:TakeCover+1","Escape Plan","Gensokyo:MedicineKit"],"relics":["hermit:Momento","REME_ComplimentaryCards","Dota2Spire:MagicBottle","Omamori","Fusion Hammer","Blood Vial","infinitespire:FocusingShard","aspiration:SilentSkillbook","Anchor","Replay:Rubber Ducky"],"acts_visited":["Gensokyo:Gensokyo","Gensokyo:Gensokyoer","Gensokyo:Gensokyoest"],"potions_floor_usage":[29,29,31,50,50,50,50],"damage_taken":[{"damage":7,"enemies":"Gensokyo:Gryphon","floor":1,"turns":4},{"damage":0,"enemies":"Gensokyo:Python","floor":5,"turns":2},{"damage":14,"enemies":"Gensokyo:Aya","floor":6,"turns":4},{"damage":7,"enemies":"Gensokyo:2_Kodama","floor":7,"turns":3},{"damage":4,"enemies":"Gensokyo:VengefulSpirit","floor":13,"turns":3},{"damage":6,"enemies":"Gensokyo:Python_and_Kodama","floor":14,"turns":4},{"damage":14,"enemies":"Gensokyo:Yukari","floor":16,"turns":5},{"damage":5,"enemies":"Gensokyo:Chomper","floor":18,"turns":3},{"damage":9,"enemies":"Gensokyo:AngelMirror","floor":20,"turns":2},{"damage":18,"enemies":"Gensokyo:Wraith","floor":22,"turns":4},{"damage":50,"enemies":"Gensokyo:Swordslinger","floor":24,"turns":4},{"damage":27,"enemies":"Gensokyo:Slime_Group","floor":29,"turns":4},{"damage":26,"enemies":"Gensokyo:Wraith","floor":31,"turns":5},{"damage":36,"enemies":"Gensokyo:Eiki","floor":33,"turns":11},{"damage":20,"enemies":"Gensokyo:AncientGuardian","floor":35,"turns":4},{"damage":2,"enemies":"Gensokyo:3_Bats","floor":36,"turns":5},{"damage":22,"enemies":"Gensokyo:SeedOfUnknown","floor":37,"turns":5},{"damage":23,"enemies":"Gensokyo:3_Boulders","floor":39,"turns":6},{"damage":43,"enemies":"Gensokyo:Rafflesia","floor":44,"turns":6},{"damage":23,"enemies":"Gensokyo:Dusk_and_Dawn","floor":45,"turns":7},{"damage":46,"enemies":"Gensokyo:Shinki","floor":50,"turns":13}],"seed_played":"-5484792515608605728","potions_obtained":[{"floor":6,"key":"ColorlessPotion"},{"floor":7,"key":"Weak Potion"},{"floor":13,"key":"Adrenaline Potion"},{"floor":29,"key":"EntropicBrew"},{"floor":31,"key":"REME_GoldPotion"},{"floor":33,"key":"jedi:tentaclejuice"}],"is_trial":false,"path_per_floor":["M","COS","?","?","M","E","M","R","T","R","$","R","M","M","R","B",null,"M","?","M","$","M","R","M","R","T","R","?","M","R","M","R","B",null,"M","M","M","$","M","R","?","R","T","M","M","R","?","AVR","R","B",null],"character_chosen":"HERMIT","items_purchased":["hermit:Showdown"],"campfire_rested":10,"item_purchase_floors":[11],"current_hp_per_floor":[68,68,68,75,75,61,54,54,54,54,54,54,50,47,69,61,75,70,70,61,61,43,65,15,37,37,59,29,4,26,14,36,20,75,55,55,35,35,14,36,36,58,58,23,2,24,24,24,46,14],"gold":379,"neow_bonus":"THREE_CARDS","is_daily":false,"chose_seed":false,"campfire_upgraded":3,"win_rate":0.0,"timestamp":1611800390,"path_taken":["M","COS","?","?","M","E","?","R","T","R","$","R","M","?","R","BOSS","M","?","M","$","M","R","M","R","T","R","?","?","R","M","R","BOSS","M","?","M","$","?","R","?","R","T","M","M","R","?","AVR","R","BOSS"],"items_purchased_type":["Card"],"build_version":"2020-12-22","purchased_purges":0,"victory":true,"max_hp_per_floor":[75,75,75,75,75,75,75,75,75,75,75,75,75,75,75,75,75,75,75,75,75,75,75,75,75,75,75,75,75,75,75,75,75,75,75,75,75,75,75,75,75,75,75,75,75,75,75,75,75,75],"card_choices":[{"not_picked":["hermit:Manifest","hermit:FlashPowder"],"picked":"hermit:HighCaliber","floor":0},{"not_picked":["hermit:SprayPray","hermit:Roulette"],"picked":"hermit:Maintenance","floor":1},{"not_picked":["hermit:Coalescence","hermit:Enervate"],"picked":"hermit:LoneWolf","floor":5},{"not_picked":["hermit:SprayPray+1","hermit:Adapt+1","hermit:CalledShot+1"],"picked":"SKIP","floor":5},{"not_picked":["hermit:ShadowCloak","hermit:WideOpen","hermit:Gambit"],"picked":"SKIP","floor":6},{"not_picked":["hermit:TrackingShot","hermit:Coalescence","hermit:Vantage"],"picked":"SKIP","floor":7},{"not_picked":["hermit:CalledShot","hermit:Headshot","hermit:Horror"],"picked":"SKIP","floor":13},{"not_picked":["hermit:Enervate","hermit:GhostlyPresence","hermit:Vantage"],"picked":"SKIP","floor":14},{"not_picked":["hermit:HeroicBravado","hermit:EternalForm"],"picked":"hermit:FromBeyond","floor":16},{"not_picked":["hermit:Spite","hermit:HoleUp","hermit:TakeAim"],"picked":"SKIP","floor":18},{"not_picked":["hermit:HoleUp","hermit:Glare+1","hermit:Spite"],"picked":"SKIP","floor":20},{"not_picked":["hermit:Cheat+1","hermit:TrackingShot+1"],"picked":"hermit:Determination","floor":22},{"not_picked":["hermit:TrackingShot+1","hermit:Headshot+1","hermit:Cheat+1"],"picked":"SKIP","floor":24},{"not_picked":["hermit:Roulette","hermit:Enervate"],"picked":"hermit:TakeCover+1","floor":29},{"not_picked":["hermit:Vantage","hermit:Quickdraw","hermit:Midnight"],"picked":"SKIP","floor":31},{"not_picked":["hermit:Combo+1","hermit:Cheat","hermit:CalledShot+1","Masterful Stab+1"],"picked":"SKIP","floor":35},{"not_picked":["hermit:ItchyTrigger+1","hermit:Headshot+1","hermit:Vantage","Replay:Poison Smokescreen"],"picked":"SKIP","floor":36},{"not_picked":["Terror+1","hermit:LowProfile+1","Flying Knee+1","jedi:unstablefumes"],"picked":"SKIP","floor":37},{"not_picked":["hermit:Misfire","Endless Agony+1","hermit:SprayPray"],"picked":"Escape Plan","floor":39},{"not_picked":["Die Die Die","Predator+1","hermit:HighCaliber","hermit:ShadowCloak"],"picked":"SKIP","floor":44},{"not_picked":["jedi:collectorvenom","Riddle With Holes","Poisoned Stab+1","Quick Slash+1"],"picked":"SKIP","floor":45}],"player_experience":666430,"relics_obtained":[{"floor":6,"key":"Dota2Spire:MagicBottle"},{"floor":9,"key":"Omamori"},{"floor":26,"key":"Blood Vial"},{"floor":28,"key":"infinitespire:FocusingShard"},{"floor":43,"key":"Anchor"}],"event_choices":[{"damage_healed":0,"gold_gain":0,"player_choice":"Leave","damage_taken":0,"max_hp_gain":0,"max_hp_loss":0,"event_name":"conspire:Investor","floor":3,"gold_loss":0}],"is_beta":false,"boss_relics":[{"not_picked":["reliquary:KinkedSpring","jedi:hotpepper"],"picked":"Fusion Hammer"},{"not_picked":["Honey Jar","hermit:DentedPlate"],"picked":"aspiration:SilentSkillbook"}],"items_purged_floors":[],"is_endless":false,"potions_floor_spawned":[6,7,13,14,24,29,31,33,36,45],"ascension_level":0}}