{"host":"c52z9ixzgdjttcmx","time":1611849653,"event":{"mods":["BaseMod","Colored Powertips","Downfall","Filter the Spire","Minty Spire (QoL Compilation)","Rare Cards Sparkle","Relic Stats","StSLib"],"gold_per_floor":[116,135,147,147,26,26,53,53,53,88,88,105,124,124,124,124,124],"floor_reached":16,"language":"ENG","playtime":544,"items_purged":[],"score":193,"play_id":"b332bf5a-026a-4ec3-a718-b9e1b301c860","local_time":"20210128100053","is_ascension_mode":true,"campfire_choices":[{"floor":6,"key":"REST"},{"floor":8,"key":"REST"},{"data":"Doppelganger","floor":11,"key":"SMITH"},{"floor":15,"key":"REST"}],"circlet_count":0,"master_deck":["AscendersBane","Strike_G+1","Strike_G","Strike_G","Defend_G","Defend_G","Defend_G","Defend_G","Defend_G","Survivor","Neutralize","All Out Attack+1","Blade Dance","Leg Sweep","Terror","Noxious Fumes","Dash","Distraction","Doppelganger+1","Cloak And Dagger","PiercingWail"],"relics":["Ring of the Snake","Frozen Egg 2","Bottled Lightning","Tiny Chest"],"acts_visited":["Exordium"],"potions_floor_usage":[10,16],"damage_taken":[{"damage":5,"enemies":"2 Louse","floor":1,"turns":3},{"damage":7,"enemies":"Small Slimes","floor":2,"turns":4},{"damage":0,"enemies":"Cultist","floor":3,"turns":4},{"damage":22,"enemies":"Gremlin Nob","floor":7,"turns":4},{"damage":16,"enemies":"3 Sentries","floor":10,"turns":6},{"damage":0,"enemies":"2 Fungi Beasts","floor":12,"turns":3},{"damage":9,"enemies":"Exordium Thugs","floor":13,"turns":6},{"damage":32,"enemies":"Slime Boss","floor":16,"turns":9}],"seed_played":"8447830405173280789","potions_obtained":[{"floor":7,"key":"hexamod:SoulburnPotion"},{"floor":10,"key":"hexamod:SoulburnPotion"}],"is_trial":false,"path_per_floor":["M","M","M","?","$","R","E","R","T","E","R","M","M","?","R","B"],"character_chosen":"THE_SILENT","items_purchased":["Noxious Fumes","Dash"],"campfire_rested":3,"item_purchase_floors":[5,5],"current_hp_per_floor":[54,47,47,27,27,46,24,43,43,27,27,27,18,11,30,0,0],"gold":124,"neow_bonus":"TRANSFORM_CARD","is_daily":false,"chose_seed":false,"campfire_upgraded":1,"win_rate":0.0,"timestamp":1611849653,"path_taken":["M","M","M","?","$","R","E","R","T","E","R","M","M","?","R","BOSS"],"items_purchased_type":["Card","Card"],"build_version":"2020-12-22","purchased_purges":0,"victory":false,"max_hp_per_floor":[66,66,66,66,66,66,66,66,66,66,66,66,66,66,66,66,66],"relic_stats":{"counters":[8,39],"Tiny Chest":0,"obtain_stats":[{"Tiny Chest":10,"Bottled Lightning":9,"Frozen Egg 2":7,"Ring of the Snake":0},{"Tiny Chest":5,"Bottled Lightning":4,"Frozen Egg 2":4,"Ring of the Snake":0},{"Tiny Chest":21,"Bottled Lightning":15,"Frozen Egg 2":15,"Ring of the Snake":0}],"Ring of the Snake":[16]},"card_choices":[{"not_picked":["Dodge and Roll","Accuracy"],"picked":"Blade Dance","floor":1},{"not_picked":["Underhanded Strike","Predator"],"picked":"Leg Sweep","floor":2},{"not_picked":["Slice","Blur"],"picked":"Terror","floor":3},{"not_picked":["Underhanded Strike","Blade Dance"],"picked":"Distraction","floor":7},{"not_picked":["Escape Plan","Deadly Poison"],"picked":"Doppelganger","floor":10},{"not_picked":["Acrobatics","Skewer"],"picked":"Cloak And Dagger","floor":12},{"not_picked":["Blade Dance","Calculated Gamble"],"picked":"PiercingWail","floor":13}],"player_experience":3367750,"relics_obtained":[{"floor":7,"key":"Frozen Egg 2"},{"floor":9,"key":"Bottled Lightning"},{"floor":10,"key":"Tiny Chest"}],"event_choices":[{"damage_healed":0,"gold_gain":0,"player_choice":"Entered Light","damage_taken":20,"max_hp_gain":0,"max_hp_loss":0,"event_name":"Shining Light","floor":4,"gold_loss":0,"cards_upgraded":["Strike_G","All Out Attack"]},{"cards_removed":["Strike_G"],"damage_healed":0,"gold_gain":0,"player_choice":"Card Removal","damage_taken":7,"max_hp_gain":0,"max_hp_loss":0,"event_name":"Golden Wing","floor":14,"gold_loss":0}],"is_beta":false,"boss_relics":[],"items_purged_floors":[],"is_endless":false,"potions_floor_spawned":[7,10],"killed_by":"Slime Boss","ascension_level":15}}