{"host":"cxn6tbf67hppzwy1","time":1611806311,"event":{"mods":["BaseMod","Minty Spire (QoL Compilation)","MostiFishMod","Replay The Spire","Shop Mod","StSLib","Waifu the Spire","[IsaacMod]ÒÔÈö¼âËþ","¡¾ÒÅÎï¿¨ÅÆ¡¿REMEMod"],"gold_per_floor":[112,112,37,48,48,81,81,137,160,160,206,206,206,206,251,409,409,542,542,572,572,572],"floor_reached":21,"language":"ZHS","playtime":608,"items_purged":["Strike_P","Strike_P"],"score":576,"play_id":"4305bde3-3088-4854-91e2-a548316a6d03","local_time":"20210128115831","is_ascension_mode":true,"campfire_choices":[{"data":"Wish","floor":7.0,"key":"SMITH"},{"data":"Eruption","floor":10.0,"key":"SMITH"},{"data":"Prostrate","floor":17.0,"key":"SMITH"}],"circlet_count":0,"master_deck":["Strike_P","Strike_P","Defend_P","Defend_P","Defend_P","Defend_P","Eruption+1","Vigilance","Brilliance","Wish+1","Prostrate+1","MostiFishMod:DisColor","ForeignInfluence"],"relics":["PureWater","REME_ComplimentaryCards","DaveBox","HushsDoor","SynthV","GuppysHead","NeowsBlessing","SynthV:TestCard","Bronze Scales","Sundial","BookOfRevelations","Pet Ghost","ChampionBelt","SatanicBible"],"acts_visited":["Exordium","TheCity"],"potions_floor_usage":[18,20],"damage_taken":[{"damage":0.0,"enemies":"Small Slimes","floor":1.0,"turns":1.0},{"damage":0.0,"enemies":"Jaw Worm","floor":4.0,"turns":1.0},{"damage":0.0,"enemies":"3 Sentries","floor":6.0,"turns":2.0},{"damage":26.0,"enemies":"Gremlin Nob","floor":8.0,"turns":3.0},{"damage":1.0,"enemies":"2 Louse","floor":11.0,"turns":3.0},{"damage":3.0,"enemies":"Blue Slaver","floor":15.0,"turns":4.0},{"damage":25.0,"enemies":"3 Sentries","floor":16.0,"turns":5.0},{"damage":0,"enemies":"Slime Boss","floor":18,"turns":4},{"damage":2,"enemies":"Book of Stabbing","floor":20,"turns":3},{"damage":99999999,"enemies":"REME_1_Revenger","floor":21,"turns":2}],"seed_played":"-1316205623829441522","potions_obtained":[{"floor":6.0,"key":"SpeedPotion"},{"floor":8.0,"key":"Strength Potion"},{"floor":15.0,"key":"SmokeBomb"},{"floor":16.0,"key":"DistilledChaos"}],"is_trial":false,"path_per_floor":["M","?","$","M","?","E","R","E","T","R","M","?","PTL","PTL","M","E","R","B",null,"M","M"],"character_chosen":"WATCHER","items_purchased":["SatanicBible","ForeignInfluence"],"campfire_rested":0,"item_purchase_floors":[19,19],"current_hp_per_floor":[65,65,65,65,65,65,65,39,39,39,38,38,38,38,35,10,10,10,43,41,0,0],"gold":572,"neow_bonus":"THREE_ENEMY_KILL","is_daily":false,"chose_seed":false,"campfire_upgraded":3,"win_rate":0.0,"timestamp":1611806311,"path_taken":["M","?","$","M","?","E","R","E","T","R","M","?","PTL","PTL","M","E","R","BOSS","M","M"],"items_purchased_type":["Relic","Card"],"build_version":"2020-12-22","purchased_purges":2,"victory":false,"max_hp_per_floor":[72,72,72,72,72,72,72,72,72,72,72,72,72,72,72,72,72,72,54,54,54,54],"card_choices":[{"not_picked":["BowlingBash","FlyingSleeves","Meditate"],"picked":"SKIP","floor":1.0},{"not_picked":["Consecrate","JustLucky","Replay:BluntJabs","MentalFortress"],"picked":"Bomb","floor":4.0},{"not_picked":["SandsOfTime","Sanctity","Evaluate","Collect"],"picked":"Wish","floor":6.0},{"not_picked":["Replay:AllIn","MostiFishMod:PathToVictory","WheelKick","CrushJoints","CutThroughFate"],"picked":"SKIP","floor":8.0},{"not_picked":["Crescendo","Perseverance","InnerPeace","Protect","MostiFishMod:Clarity"],"picked":"SKIP","floor":11.0},{"not_picked":["Halt","EmptyFist","Worship","Wallop","Replay:ManipulateFuture"],"picked":"SKIP","floor":15.0},{"not_picked":["Meditate","Perseverance","MostiFishMod:Unraveling","EmptyFist"],"picked":"Prostrate","floor":16.0},{"not_picked":["MostiFishMod:ScryFuture","ConjureBlade","MostiFishMod:OutWit","Brilliance"],"picked":"MostiFishMod:DisColor","floor":18}],"player_experience":48955,"relics_obtained":[{"floor":1.0,"key":"SynthV:TestCard"},{"floor":6.0,"key":"Bronze Scales"},{"floor":8.0,"key":"Sundial"},{"floor":9.0,"key":"BookOfRevelations"},{"floor":16.0,"key":"Pet Ghost"}],"event_choices":[{"damage_healed":0.0,"max_hp_gain":0.0,"max_hp_loss":0.0,"gold_gain":0.0,"event_name":"Liars Game","player_choice":"Ignored","floor":5.0,"gold_loss":0.0,"damage_taken":0.0},{"damage_healed":0.0,"max_hp_gain":0.0,"max_hp_loss":0.0,"gold_gain":0.0,"event_name":"The Woman in Blue","player_choice":"Bought 0 Potions","floor":12.0,"gold_loss":0.0,"damage_taken":0.0}],"is_beta":false,"boss_relics":[{"not_picked":["Kintsugi","GuanYuAspect"],"picked":"ChampionBelt"},{"not_picked":[]}],"items_purged_floors":[3,19],"is_endless":false,"potions_floor_spawned":[6,8,15,16],"killed_by":"REME_1_Revenger","ascension_level":20}}