{"host":"8b9ba58w9pmbqmpe","time":1611849308,"event":{"mods":["BaseMod","Downfall","Minty Spire (QoL Compilation)","StSLib"],"gold_per_floor":[99,119,119,138,138,155,206,206,224,236,253,8,8,8,20,20,40,50,151,151,51,71,83,103,103,116,136,136,149,149,182,199,214,114,114,132,147,250,250,250,269,269,6,18,18,18,121,137,137,137,137,148,176,76,76,76,76,76,76],"floor_reached":57,"language":"ENG","playtime":5236,"items_purged":["downfall:Haunted","downfall:Malfunctioning","downfall:Bewildered"],"score":906,"play_id":"2b4382f1-f55c-41f9-974f-efe12be397c6","local_time":"20210128165508","is_ascension_mode":false,"campfire_choices":[{"floor":1,"key":"RECALL"},{"data":"bronze:DigitalCarnage","floor":14,"key":"SMITH"},{"floor":16,"key":"REST"},{"data":"bronze:DigitalCarnage","floor":21,"key":"SMITH"},{"floor":34,"key":"REST"},{"data":"bronze:SpaghettiCode","floor":40,"key":"SMITH"},{"data":"bronze:GetLatest","floor":45,"key":"SMITH"},{"data":"bronze:Goto","floor":49,"key":"SMITH"},{"data":"bronze:Defend","floor":51,"key":"SMITH"},{"floor":54,"key":"REST"}],"circlet_count":0,"master_deck":["bronze:Strike","bronze:Strike","bronze:Strike","bronze:Strike","bronze:Defend","bronze:Defend","bronze:Defend","bronze:Defend+1","bronze:Replicate","bronze:Goto+1","bronze:Repair","bronze:DigitalCarnage+1","bronze:DigitalCarnage+1","Injury","Clumsy","Decay","bronze:Branch+1","bronze:BitShift","bronze:Overheat+1","bronze:Virus+1","bronze:BugBarrage+1","bronze:CleanCode","bronze:FineTuning","bronze:Repulsor+1","bronze:FineTuning","bronze:ForLoop+1","Decay","Decay","bronze:WhirlingStrike+1","Decay","bronze:GetLatest+1","bronze:Overload+1","bronze:SpaghettiCode+1","downfall:Malfunctioning","Shame","bronze:FindAndReplace"],"relics":["bronze:BronzeCore","downfall:ExtraCursedKey","Molten Egg 2","HandDrill","downfall:ShatteredFragment","bronze:MakeshiftBattery","downfall:HeartBlessingBlue","sneckomod:BabySnecko","Singing Bowl","MutagenicStrength","bronze:SilverBullet","downfall:HeartBlessingRed","bronze:CableSpool","Busted Crown","Orichalcum","Eternal Feather","Gambling Chip","downfall:HeartBlessingGreen"],"acts_visited":["Exordium","TheCity","TheBeyond","TheEnding"],"potions_floor_usage":[12,23,24,31,38,52,52,53,53,53],"damage_taken":[{"damage":2,"enemies":"Small Slimes","floor":2,"turns":4},{"damage":8,"enemies":"Jaw Worm","floor":4,"turns":4},{"damage":3,"enemies":"2 Louse","floor":6,"turns":3},{"damage":5,"enemies":"Exordium Wildlife","floor":9,"turns":4},{"damage":10,"enemies":"Gremlin Gang","floor":10,"turns":5},{"damage":0,"enemies":"Blue Slaver","floor":11,"turns":1},{"damage":0,"enemies":"downfall:FleeingMerchant","floor":12,"turns":4},{"damage":6,"enemies":"Large Slime","floor":15,"turns":3},{"damage":11,"enemies":"Lots of Slimes","floor":17,"turns":2},{"damage":2,"enemies":"Blue Slaver","floor":18,"turns":2},{"damage":34,"enemies":"IC_STATUS_ARCHETYPE","floor":19,"turns":5},{"damage":4,"enemies":"Chosen","floor":22,"turns":4},{"damage":6,"enemies":"Shelled Parasite and Fungi","floor":23,"turns":2},{"damage":10,"enemies":"Centurion and Healer","floor":24,"turns":3},{"damage":0,"enemies":"Snecko","floor":26,"turns":1},{"damage":24,"enemies":"Cultist and Chosen","floor":27,"turns":6},{"damage":10,"enemies":"Sentry and Sphere","floor":29,"turns":3},{"damage":12,"enemies":"Book of Stabbing","floor":31,"turns":3},{"damage":3,"enemies":"Chosen and Byrds","floor":32,"turns":4},{"damage":0,"enemies":"3 Cultists","floor":33,"turns":2},{"damage":0,"enemies":"Centurion and Healer","floor":36,"turns":2},{"damage":7,"enemies":"Sentry and Sphere","floor":37,"turns":3},{"damage":15,"enemies":"WA_ARCHETYPE_CALM","floor":38,"turns":4},{"damage":7,"enemies":"Orb Walker","floor":41,"turns":2},{"damage":12,"enemies":"downfall:FleeingMerchant","floor":43,"turns":4},{"damage":0,"enemies":"3 Darklings","floor":44,"turns":1},{"damage":0,"enemies":"downfall:FleeingMerchant","floor":47,"turns":1},{"damage":18,"enemies":"4 Shapes","floor":48,"turns":2},{"damage":4,"enemies":"Sphere and 2 Shapes","floor":52,"turns":3},{"damage":78,"enemies":"Nemesis","floor":53,"turns":5},{"damage":33,"enemies":"DF_ARCHETYPE_ORBS","floor":55,"turns":3},{"damage":138,"enemies":"downfall:CharBossMerchant","floor":57,"turns":6}],"seed_played":"503050074748292335","potions_obtained":[{"floor":6,"key":"EssenceOfSteel"},{"floor":9,"key":"bronze:CleanCodePotion"},{"floor":10,"key":"DuplicationPotion"},{"floor":17,"key":"Ancient Potion"},{"floor":19,"key":"FearPotion"},{"floor":27,"key":"Swift Potion"},{"floor":29,"key":"Weak Potion"},{"floor":33,"key":"bronze:CleanCodePotion"},{"floor":52,"key":"Explosive Potion"}],"is_trial":false,"path_per_floor":["R","M","?","M","?","M","T","T","M","M","M","$","?","R","M","R","M","M","B",null,"R","M","M","M","?","M","M","T","M","?","E","M","M","R","T","M","M","B",null,"R","M","?","$","M","R","T","$","M","R","?","R","M","E","R","B",null,"E"],"character_chosen":"THE_AUTOMATON","items_purchased":["HandDrill","Orichalcum","EntropicBrew"],"campfire_rested":3,"item_purchase_floors":[12,43,47],"current_hp_per_floor":[77,75,75,74,74,71,71,71,66,56,56,63,42,42,36,59,48,46,19,77,87,87,81,71,71,71,56,56,48,48,43,49,51,78,78,78,71,56,93,93,88,88,92,94,94,94,96,80,80,80,101,99,27,79,46,105,0,0,0],"gold":76,"neow_bonus":"TEN_PERCENT_HP_BONUS","is_daily":false,"chose_seed":false,"campfire_upgraded":6,"win_rate":0.0,"timestamp":1611849308,"path_taken":["R","M","?","M","?","M","T","T","M","M","M","$","?","R","?","R","M","M","BOSS","R","M","?","M","?","M","M","T","M","?","E","M","M","R","?","M","M","BOSS","R","M","?","$","M","R","T","$","?","R","?","R","M","E","R","BOSS","E"],"items_purchased_type":["Relic","Relic","Potion"],"build_version":"2020-12-22","purchased_purges":3,"victory":false,"max_hp_per_floor":[77,77,77,77,77,77,77,77,77,77,77,77,77,77,77,77,77,77,77,77,87,87,87,87,87,87,87,87,89,89,89,91,93,93,93,93,93,93,93,93,95,95,97,99,99,99,101,103,103,103,103,105,105,105,105,105,105,105,105],"card_choices":[{"not_picked":["bronze:DelayedGuard","bronze:BronzeOrb"],"picked":"bronze:Repair","floor":2},{"not_picked":["bronze:Return","bronze:DelayedGuard"],"picked":"bronze:DigitalCarnage","floor":4},{"not_picked":["bronze:Invalidate","bronze:OilSpill"],"picked":"bronze:DigitalCarnage","floor":6},{"not_picked":["bronze:ForceShield","bronze:WildBeam+1"],"picked":"bronze:Branch+1","floor":9},{"not_picked":["bronze:BuggyMess","bronze:WhirlingStrike+1"],"picked":"bronze:BitShift","floor":10},{"not_picked":["bronze:Branch+1","bronze:Frontload"],"picked":"bronze:Overheat+1","floor":11},{"not_picked":["bronze:Turbo","bronze:OilSpill+1"],"picked":"bronze:Virus+1","floor":12},{"not_picked":["bronze:Deprecate","bronze:Shield","bronze:CutThrough+1"],"picked":"SKIP","floor":15},{"not_picked":["bronze:CutThrough+1","bronze:WildBeam+1","bronze:Iterate+1"],"picked":"SKIP","floor":17},{"not_picked":["bronze:Shield","bronze:BitShift"],"picked":"bronze:BugBarrage+1","floor":18},{"not_picked":["bronze:Assembly","bronze:ThunderWave+1"],"picked":"bronze:CleanCode","floor":19},{"not_picked":["bronze:DelayedGuard","bronze:Shield"],"picked":"bronze:FineTuning","floor":22},{"not_picked":["bronze:Safeguard","bronze:Turbo"],"picked":"bronze:Repulsor+1","floor":23},{"not_picked":["bronze:ItsAFeature+1","bronze:BugBarrage+1"],"picked":"bronze:FineTuning","floor":24},{"not_picked":["bronze:Repair+1","bronze:Deprecate+1","bronze:BronzeArmor"],"picked":"SKIP","floor":26},{"not_picked":["bronze:DigitalCarnage+1","bronze:BitShift"],"picked":"bronze:ForLoop+1","floor":27},{"not_picked":["bronze:Overheat+1","bronze:OilSpill+1","bronze:Deprecate"],"picked":"Singing Bowl","floor":29},{"not_picked":["bronze:DigitalCarnage+1","bronze:FineTuning"],"picked":"bronze:WhirlingStrike+1","floor":31},{"not_picked":["bronze:Return","bronze:BugBarrage+1","bronze:ForceShield+1"],"picked":"Singing Bowl","floor":32},{"not_picked":["bronze:BugBarrage+1","bronze:CutThrough+1","bronze:Virus+1"],"picked":"Singing Bowl","floor":33},{"not_picked":["bronze:Deprecate","bronze:BronzeOrb+1"],"picked":"bronze:GetLatest","floor":36},{"not_picked":["bronze:CloningBeam+1","bronze:WhirlingStrike+1"],"picked":"bronze:Overload+1","floor":37},{"not_picked":["bronze:Mutator","bronze:Format"],"picked":"bronze:SpaghettiCode","floor":38},{"not_picked":["bronze:BuggyMess"],"picked":"Singing Bowl","floor":41},{"not_picked":["bronze:Deprecate"],"picked":"Singing Bowl","floor":43},{"not_picked":["bronze:Branch+1"],"picked":"Singing Bowl","floor":44},{"not_picked":["bronze:OilSpill+1"],"picked":"Singing Bowl","floor":47},{"not_picked":["bronze:Iterate+1"],"picked":"Singing Bowl","floor":48},{"not_picked":["bronze:BugBarrage+1"],"picked":"Singing Bowl","floor":52},{"not_picked":[],"picked":"bronze:FindAndReplace","floor":53}],"player_experience":279122,"relics_obtained":[{"floor":8,"key":"Molten Egg 2"},{"floor":28,"key":"Singing Bowl"},{"floor":31,"key":"bronze:SilverBullet"},{"floor":35,"key":"bronze:CableSpool"},{"floor":50,"key":"Eternal Feather"},{"floor":53,"key":"Gambling Chip"}],"event_choices":[{"damage_healed":0,"gold_gain":0,"player_choice":"Inject Mutagens","damage_taken":0,"relics_obtained":["MutagenicStrength"],"max_hp_gain":0,"max_hp_loss":0,"event_name":"Drug Dealer","floor":30,"gold_loss":0}],"is_beta":false,"boss_relics":[{"not_picked":["Black Star","Pandora\u0027s Box"],"picked":"bronze:MakeshiftBattery"},{"not_picked":["Runic Dome","SlaversCollar"],"picked":"Busted Crown"}],"items_purged_floors":[12,43,47],"is_endless":false,"potions_floor_spawned":[6,9,10,17,19,27,29,33,36,37,48,52],"killed_by":"downfall:CharBossMerchant","ascension_level":0}}