{"host":"x3688v8yj57o2b0e","time":1611794991,"event":{"mods":["BaseMod","Minty Spire (QoL Compilation)"],"gold_per_floor":[110,121,121,67,67,95,110,60,60,60,60],"floor_reached":10,"language":"ENG","playtime":975,"items_purged":[],"score":66,"play_id":"4d57f450-62cd-4ab3-9764-37a9ea65fedf","local_time":"20210127194951","is_ascension_mode":false,"campfire_choices":[],"circlet_count":0,"master_deck":["Strike_B","Defend_B","Defend_B","Defend_B","Zap","Dualcast","Turbo+1","Echo Form+1","Stack","Conserve Battery","Compile Driver","Cold Snap+1","Core Surge+1"],"relics":["Astrolabe","Molten Egg 2","Du-Vu Doll"],"acts_visited":["Exordium"],"potions_floor_usage":[],"damage_taken":[{"damage":10,"enemies":"Small Slimes","floor":1,"turns":4},{"damage":9,"enemies":"2 Louse","floor":2,"turns":3},{"damage":33,"enemies":"3 Sentries","floor":6,"turns":7},{"damage":5,"enemies":"Jaw Worm","floor":7,"turns":4},{"damage":27,"enemies":"Gremlin Nob","floor":10,"turns":4}],"seed_played":"-4329456394618615093","potions_obtained":[{"floor":2,"key":"EntropicBrew"},{"floor":6,"key":"ColorlessPotion"}],"is_trial":false,"path_per_floor":["M","M","?","$","?","E","M","?","T","E"],"character_chosen":"DEFECT","items_purchased":["Compile Driver"],"campfire_rested":0,"item_purchase_floors":[4],"current_hp_per_floor":[65,56,61,61,61,28,23,23,23,0,0],"gold":60,"neow_bonus":"BOSS_RELIC","is_daily":false,"chose_seed":false,"campfire_upgraded":0,"win_rate":0.0,"timestamp":1611794991,"path_taken":["M","M","?","$","?","E","M","?","T","E"],"items_purchased_type":["Card"],"build_version":"2020-12-22","purchased_purges":0,"victory":false,"max_hp_per_floor":[75,75,80,80,80,80,80,80,80,80,80],"card_choices":[{"not_picked":["Leap","Rebound"],"picked":"Stack","floor":1},{"not_picked":["FTL","Barrage"],"picked":"Conserve Battery","floor":2},{"not_picked":["Stack","Rip and Tear+1"],"picked":"Cold Snap+1","floor":6},{"not_picked":["Storm","Rip and Tear+1"],"picked":"Core Surge+1","floor":7}],"player_experience":155102,"relics_obtained":[{"floor":6,"key":"Molten Egg 2"},{"floor":9,"key":"Du-Vu Doll"}],"event_choices":[{"damage_healed":0,"gold_gain":0,"player_choice":"Donut","damage_taken":0,"max_hp_gain":5,"max_hp_loss":0,"event_name":"Big Fish","floor":3,"gold_loss":0},{"cards_removed":["Defend_B"],"damage_healed":0,"gold_gain":0,"player_choice":"Forget","damage_taken":0,"max_hp_gain":0,"max_hp_loss":0,"event_name":"Living Wall","floor":5,"gold_loss":0},{"cards_removed":["Hello World"],"damage_healed":0,"gold_gain":0,"player_choice":"Card Removal","damage_taken":0,"max_hp_gain":0,"max_hp_loss":0,"event_name":"The Cleric","floor":8,"gold_loss":50}],"is_beta":false,"boss_relics":[],"items_purged_floors":[],"is_endless":false,"potions_floor_spawned":[2,6],"killed_by":"Gremlin Nob","ascension_level":0}}