{"host":"3fsg94jzvcky9b5u","time":1611858573,"event":{"mods":["2.2 Compatiblity","AchievementEnabler","BaseMod","Better Third Choice","BetterRewards","Colored Powertips","Downfall","Hermit","MarisaÅiñ∂âJÅ@ñÇóùçπÅj","Minty Spire (QoL Compilation)","Rare Cards Sparkle","Shop Mod","StSLib","The Cursed","The Disciple","The Hierophant","The Servant 0.9.4"],"gold_per_floor":[115,115,290,15,34,34,109,19,45,79,91,91,139,159,159,255,255,273,71,71,84,84,84,84,84,84,84,84],"floor_reached":27,"language":"ENG","playtime":1128,"items_purged":["Doubt"],"score":232,"play_id":"758c132a-9104-4339-abb0-01347d8130cd","local_time":"20210129022933","is_ascension_mode":false,"campfire_choices":[{"data":"Starlight","floor":6,"key":"SMITH"},{"floor":15,"key":"REST"},{"floor":23,"key":"REST"},{"floor":25,"key":"REST"}],"circlet_count":0,"master_deck":["Strike_S","Strike_S","Strike_S+1","Strike_S","Defend_S","Defend_S","Defend_S","Defend_S","KidneyShot","Exchange","Potential+1","Rearm","Starlight+1","SilverBlades","ShatteredReality","Misdirection","BottledTime","Burn","DancingSilver","LightFlow","TimeWarp","BottledTime","Slimebound:CheckThePlaybook","downfall:Icky","TimeWarp"],"relics":["Uniform","NeowsBlessing","Anchor","Whetstone","Regal Pillow","MealTicket","MysterySword","Orichalcum","Blue Candle","betterThird:NestCultRelic","Bottled Tornado"],"acts_visited":["Exordium","TheCity"],"potions_floor_usage":[],"damage_taken":[{"damage":0,"enemies":"Jaw Worm","floor":1,"turns":1},{"damage":0,"enemies":"Small Slimes","floor":5,"turns":1},{"damage":0,"enemies":"3 Sentries","floor":10,"turns":2},{"damage":0,"enemies":"2 Louse","floor":11,"turns":1},{"damage":0,"enemies":"Exordium Wildlife","floor":14,"turns":2},{"damage":56,"enemies":"Slime Boss","floor":16,"turns":10},{"damage":41,"enemies":"2 Thieves","floor":18,"turns":4},{"damage":18,"enemies":"Shell Parasite","floor":21,"turns":4},{"damage":81,"enemies":"Sentry and Sphere","floor":27,"turns":5}],"seed_played":"-8431435958505169852","potions_obtained":[{"floor":10,"key":"Explosive Potion"},{"floor":14,"key":"Block Potion"},{"floor":16,"key":"Block Potion"}],"is_trial":false,"path_per_floor":["M","?","?","$","M","R","?","$","T","E","M","?","T","M","R","B",null,"M","$","?","M","?","R","?","R","T","M"],"character_chosen":"THE_SERVANT","items_purchased":["Anchor","Rearm","SilverBlades","ShatteredReality","Orichalcum","BottledTime"],"campfire_rested":3,"item_purchase_floors":[4,4,8,8,19,19],"current_hp_per_floor":[65,70,70,70,70,70,59,59,59,59,59,59,59,59,70,14,70,29,44,44,26,21,57,57,70,70,0,0],"gold":84,"neow_bonus":"THREE_ENEMY_KILL","is_daily":false,"chose_seed":false,"campfire_upgraded":1,"win_rate":0.0,"timestamp":1611858573,"path_taken":["M","?","?","$","M","R","?","$","T","E","M","?","?","?","R","BOSS","M","$","?","M","?","R","?","R","T","M"],"items_purchased_type":["Relic","Card","Card","Card","Relic","Card"],"build_version":"2020-12-22","purchased_purges":1,"victory":false,"max_hp_per_floor":[65,70,70,70,70,70,70,70,70,70,70,70,70,70,70,70,70,70,70,70,70,70,70,70,70,70,70,70],"card_choices":[{"not_picked":["Spin","Snipe"],"picked":"Potential","floor":1},{"not_picked":["Potential","BottledTime"],"picked":"Starlight","floor":5},{"not_picked":["Barrier","Replace"],"picked":"Misdirection","floor":10},{"not_picked":["Ricochet","Potential"],"picked":"BottledTime","floor":11},{"not_picked":["ShatteredReality","FlawlessForm"],"picked":"DancingSilver","floor":14},{"not_picked":["FlawlessForm","TrueSight"],"picked":"LightFlow","floor":16},{"not_picked":["FastForward+1","BestPractice"],"picked":"TimeWarp","floor":18},{"not_picked":["Defy","DualDimension"],"picked":"TimeWarp","floor":21}],"player_experience":84709,"relics_obtained":[{"floor":9,"key":"Whetstone"},{"floor":10,"key":"Regal Pillow"},{"floor":13,"key":"MealTicket"},{"floor":26,"key":"Bottled Tornado"}],"event_choices":[{"damage_healed":0,"gold_gain":0,"player_choice":"Donut","damage_taken":0,"max_hp_gain":5,"max_hp_loss":0,"event_name":"Big Fish","floor":2,"gold_loss":0},{"damage_healed":0,"gold_gain":175,"player_choice":"AGREE","damage_taken":115,"max_hp_gain":0,"max_hp_loss":0,"event_name":"betterThird:BetterSerpent","floor":3,"gold_loss":0},{"damage_healed":0,"gold_gain":75,"player_choice":"Gold","damage_taken":11,"max_hp_gain":0,"max_hp_loss":0,"event_name":"betterThird:BetterGoop","floor":7,"gold_loss":0},{"damage_healed":59,"gold_gain":0,"player_choice":"Embrace Burn","damage_taken":0,"max_hp_gain":0,"max_hp_loss":70,"event_name":"betterThird:BetterShining","floor":12,"gold_loss":0},{"damage_healed":0,"gold_gain":0,"player_choice":"Madness","damage_taken":0,"relics_obtained":["betterThird:NestCultRelic"],"max_hp_gain":0,"max_hp_loss":0,"event_name":"betterThird:BetterNest","floor":24,"gold_loss":0}],"is_beta":false,"boss_relics":[{"not_picked":["Philosopher\u0027s Stone","Empty Cage"],"picked":"MysterySword"}],"items_purged_floors":[4],"is_endless":false,"potions_floor_spawned":[10,14,16,21],"killed_by":"Sentry and Sphere","ascension_level":0}}