{"host":"jpcy2bclvs7juczu","time":1611875855,"event":{"mods":["Alarm Clock","BaseMod","Bestiary","Block Reminder","Colored Map","Colored Powertips","Curses Come First","Dark Map","Minty Spire (QoL Compilation)","Quick Restart","RNG Fix","Relic Stats","Slay the Relics Exporter","StSLib","ojb\u0027s Better Paths Mod","ojb\u0027s Info Mod","slay the spire mod where everything is the same but ironclad has a cowboy hat"],"gold_per_floor":[418,438,113,113,126,159,172,197,250,270,270,270,298,318,318,392,392,411,411,171,189,202,235,235,246,246,246,290,301,331,13,13,91,91,104,154,167,23,49,76,76,106,106,119,136,136,169,184,184,184,184,184,184,16,48,48],"floor_reached":57,"language":"ENG","playtime":3446,"items_purged":["Strike_R","Strike_R"],"score":3058,"play_id":"8a6afed7-3630-41dc-a6cf-38cec180d67d","local_time":"20210128181735","is_ascension_mode":true,"campfire_choices":[{"floor":12.0,"key":"REST"},{"data":"Armaments","floor":15.0,"key":"SMITH"},{"data":"Uppercut","floor":24.0,"key":"SMITH"},{"floor":32.0,"key":"REST"},{"data":"Corruption","floor":41.0,"key":"SMITH"},{"data":"Feel No Pain","floor":46.0,"key":"SMITH"},{"floor":49.0,"key":"RECALL"},{"data":"Feel No Pain","floor":53,"key":"SMITH"}],"circlet_count":0,"master_deck":["AscendersBane","Defend_R","Defend_R","Defend_R","Defend_R","Bash","True Grit","Power Through","Sword Boomerang","Dark Embrace","Uppercut+1","Burning Pact+1","Shockwave+1","Fiend Fire","Evolve","Armaments+1","Corruption+1","Limit Break+1","Disarm+1","Bludgeon+1","Twin Strike+1","Cleave","Feel No Pain+1","Seeing Red","Carnage+1","Inflame+1","Power Through","Juggernaut","Feel No Pain+1","Shrug It Off","Body Slam+1","Exhume","Feel No Pain+1","Battle Trance"],"relics":["Burning Blood","Old Coin","Happy Flower","Bird Faced Urn","HornCleat","Omamori","Nunchaku","Pantograph","Astrolabe","Toolbox","Bronze Scales","Prayer Wheel","Matryoshka","Dead Branch","Busted Crown","Girya","Regal Pillow","Molten Egg 2","Bottled Lightning","Bag of Preparation","Pear","Orichalcum","Orrery","War Paint"],"acts_visited":["Exordium","TheCity","TheBeyond","TheEnding"],"potions_floor_usage":[56,56],"damage_taken":[{"damage":12.0,"enemies":"Jaw Worm","floor":1.0,"turns":2.0},{"damage":4.0,"enemies":"Small Slimes","floor":2.0,"turns":3.0},{"damage":0.0,"enemies":"2 Louse","floor":5.0,"turns":3.0},{"damage":38.0,"enemies":"3 Sentries","floor":6.0,"turns":10.0},{"damage":18.0,"enemies":"2 Fungi Beasts","floor":7.0,"turns":4.0},{"damage":11.0,"enemies":"Lagavulin","floor":8.0,"turns":4.0},{"damage":3.0,"enemies":"3 Louse","floor":10.0,"turns":5.0},{"damage":12.0,"enemies":"Gremlin Nob","floor":13.0,"turns":4.0},{"damage":0.0,"enemies":"Exordium Wildlife","floor":14.0,"turns":4.0},{"damage":47.0,"enemies":"Hexaghost","floor":16.0,"turns":10.0},{"damage":23.0,"enemies":"Shell Parasite","floor":18.0,"turns":5.0},{"damage":2.0,"enemies":"2 Thieves","floor":21.0,"turns":4.0},{"damage":17.0,"enemies":"Shelled Parasite and Fungi","floor":22.0,"turns":4.0},{"damage":32.0,"enemies":"Book of Stabbing","floor":23.0,"turns":6.0},{"damage":12.0,"enemies":"Centurion and Healer","floor":25.0,"turns":11.0},{"damage":9.0,"enemies":"3 Cultists","floor":28.0,"turns":7.0},{"damage":1.0,"enemies":"Snecko","floor":29.0,"turns":5.0},{"damage":17.0,"enemies":"Gremlin Leader","floor":30.0,"turns":5.0},{"damage":10.0,"enemies":"Automaton","floor":33.0,"turns":5.0},{"damage":20.0,"enemies":"3 Shapes","floor":35.0,"turns":6.0},{"damage":27.0,"enemies":"2 Orb Walkers","floor":36.0,"turns":5.0},{"damage":3.0,"enemies":"Orb Walker","floor":37.0,"turns":6.0},{"damage":0.0,"enemies":"Giant Head","floor":40.0,"turns":5.0},{"damage":3.0,"enemies":"Nemesis","floor":42.0,"turns":5.0},{"damage":0.0,"enemies":"Jaw Worm Horde","floor":44.0,"turns":5.0},{"damage":6.0,"enemies":"Sphere and 2 Shapes","floor":45.0,"turns":6.0},{"damage":3.0,"enemies":"Giant Head","floor":47.0,"turns":5.0},{"damage":6.0,"enemies":"Transient","floor":48.0,"turns":6.0},{"damage":58.0,"enemies":"Awakened One","floor":50.0,"turns":34.0},{"damage":8,"enemies":"Time Eater","floor":51,"turns":5},{"damage":3,"enemies":"Shield and Spear","floor":55,"turns":2},{"damage":6,"enemies":"The Heart","floor":56,"turns":6}],"seed_played":"1744733908782508460","potions_obtained":[{"floor":2.0,"key":"FairyPotion"},{"floor":5.0,"key":"PowerPotion"},{"floor":6.0,"key":"LiquidMemories"},{"floor":13.0,"key":"Fire Potion"},{"floor":21.0,"key":"FearPotion"},{"floor":23.0,"key":"LiquidMemories"},{"floor":28.0,"key":"Energy Potion"},{"floor":33.0,"key":"Weak Potion"},{"floor":36.0,"key":"DuplicationPotion"},{"floor":37.0,"key":"SkillPotion"},{"floor":45.0,"key":"LiquidBronze"}],"is_trial":false,"path_per_floor":["M","M","$","?","M","E","M","E","T","M","?","R","E","M","R","B",null,"M","?","$","M","M","E","R","M","T","?","M","M","E","$","R","B",null,"M","?","M","$","T","E","R","E","T","M","M","R","E","M","R","B","B",null,"R","$","E","B",null],"character_chosen":"IRONCLAD","items_purchased":["Happy Flower","ColorlessPotion","Sword Boomerang","Dark Embrace","Toolbox","Dead Branch","Feel No Pain","Orrery"],"campfire_rested":2,"item_purchase_floors":[3,3,3,3,20,31,38,54],"current_hp_per_floor":[62,64,64,59,65,35,23,18,18,21,21,41,35,41,41,27,58,47,47,47,55,48,24,24,26,26,26,29,40,39,39,59,68,68,64,55,68,68,68,68,68,68,78,78,78,78,78,78,78,60,78,78,78,78,78,78],"gold":48,"neow_bonus":"ONE_RARE_RELIC","is_daily":false,"chose_seed":false,"campfire_upgraded":5,"win_rate":0.0,"timestamp":1611875855,"path_taken":["M","?","$","?","M","E","?","E","T","M","?","R","E","M","R","BOSS","M","?","$","M","M","E","R","?","T","?","M","M","E","$","R","BOSS","M","?","?","$","?","E","R","E","T","?","M","R","E","M","R","BOSS","BOSS","R","$","E","BOSS"],"items_purchased_type":["Relic","Potion","Card","Card","Relic","Relic","Card","Relic"],"build_version":"2020-12-22","purchased_purges":2,"victory":true,"max_hp_per_floor":[68,68,68,68,68,68,68,68,68,68,68,68,68,68,68,68,68,68,68,68,68,68,68,68,68,68,68,68,68,68,68,68,68,68,68,68,68,68,68,68,68,68,78,78,78,78,78,78,78,78,78,78,78,78,78,78],"relic_stats":{"Regal Pillow":0,"Happy Flower":[64],"counters":[32,197],"Astrolabe":["Limit Break","Disarm","Bludgeon"],"Dead Branch":[442],"Bag of Preparation":[16],"Orichalcum":[0],"War Paint":["Shockwave","Burning Pact"],"Burning Blood":140,"Nunchaku":[23],"Busted Crown":40,"Bird Faced Urn":[153],"Pantograph":52,"Bronze Scales":[470],"Prayer Wheel":7,"obtain_stats":[{"Girya":36,"Regal Pillow":39,"Pear":43,"Happy Flower":3,"Astrolabe":17,"Dead Branch":31,"Omamori":8,"Bag of Preparation":43,"Orichalcum":47,"War Paint":55,"Burning Blood":0,"Old Coin":0,"Nunchaku":9,"HornCleat":6,"Matryoshka":30,"Busted Crown":34,"Bird Faced Urn":4,"Pantograph":13,"Bronze Scales":23,"Toolbox":20,"Orrery":54,"Prayer Wheel":26,"Molten Egg 2":40,"Bottled Lightning":42},{"Girya":21,"Regal Pillow":22,"Pear":24,"Happy Flower":2,"Astrolabe":10,"Dead Branch":18,"Omamori":6,"Bag of Preparation":24,"Orichalcum":27,"War Paint":31,"Burning Blood":0,"Old Coin":0,"Nunchaku":6,"HornCleat":4,"Matryoshka":18,"Busted Crown":19,"Bird Faced Urn":2,"Pantograph":8,"Bronze Scales":14,"Toolbox":11,"Orrery":30,"Prayer Wheel":15,"Molten Egg 2":23,"Bottled Lightning":24},{"Girya":112,"Regal Pillow":118,"Pear":128,"Happy Flower":5,"Astrolabe":49,"Dead Branch":96,"Omamori":26,"Bag of Preparation":128,"Orichalcum":144,"War Paint":191,"Burning Blood":0,"Old Coin":0,"Nunchaku":26,"HornCleat":18,"Matryoshka":96,"Busted Crown":101,"Bird Faced Urn":5,"Pantograph":35,"Bronze Scales":68,"Toolbox":54,"Orrery":189,"Prayer Wheel":79,"Molten Egg 2":123,"Bottled Lightning":128}]},"card_choices":[{"not_picked":["Thunderclap","Armaments"],"picked":"True Grit","floor":1.0},{"not_picked":["Warcry","Infernal Blade"],"picked":"Power Through","floor":2.0},{"not_picked":["True Grit","Infernal Blade"],"picked":"Uppercut","floor":5.0},{"not_picked":["Armaments","Combust"],"picked":"Burning Pact","floor":6.0},{"not_picked":["Havoc","Rampage"],"picked":"Shockwave","floor":7.0},{"not_picked":["Reaper","Reckless Charge"],"picked":"Fiend Fire","floor":8.0},{"not_picked":["Sentinel","Body Slam"],"picked":"Evolve","floor":10.0},{"not_picked":["Anger","Perfected Strike"],"picked":"Armaments","floor":13.0},{"not_picked":["Combust","Reckless Charge","Pommel Strike"],"picked":"SKIP","floor":14.0},{"not_picked":["Impervious","Fiend Fire"],"picked":"Corruption","floor":16.0},{"not_picked":["Bloodletting+1","Rampage","Fire Breathing"],"picked":"SKIP","floor":18.0},{"not_picked":["Iron Wave","Rupture"],"picked":"Twin Strike+1","floor":21.0},{"not_picked":["Flex","Anger"],"picked":"Cleave","floor":22.0},{"not_picked":["Spot Weakness","Metallicize"],"picked":"Feel No Pain","floor":23.0},{"not_picked":["Spot Weakness","Infernal Blade"],"picked":"Seeing Red","floor":25.0},{"not_picked":["Dual Wield","Spot Weakness","True Grit"],"picked":"SKIP","floor":28.0},{"not_picked":["Blood for Blood","Armaments","Whirlwind"],"picked":"SKIP","floor":28.0},{"not_picked":["Metallicize","Sentinel"],"picked":"Carnage+1","floor":29.0},{"not_picked":["Twin Strike","Carnage"],"picked":"Inflame+1","floor":29.0},{"not_picked":["Clothesline","Whirlwind"],"picked":"Power Through","floor":30.0},{"not_picked":["Limit Break","Feed"],"picked":"Juggernaut","floor":33.0},{"not_picked":["Evolve"],"picked":"SKIP","floor":35.0},{"not_picked":["Flex"],"picked":"SKIP","floor":35.0},{"not_picked":["True Grit"],"picked":"SKIP","floor":37.0},{"not_picked":["Warcry"],"picked":"SKIP","floor":37.0},{"not_picked":["Flex"],"picked":"SKIP","floor":40.0},{"not_picked":[],"picked":"Shrug It Off","floor":42.0},{"not_picked":[],"picked":"Body Slam+1","floor":44.0},{"not_picked":["Headbutt+1"],"picked":"SKIP","floor":44.0},{"not_picked":["Twin Strike+1"],"picked":"SKIP","floor":45.0},{"not_picked":["Shrug It Off"],"picked":"SKIP","floor":45.0},{"not_picked":["Twin Strike+1"],"picked":"SKIP","floor":47.0},{"not_picked":[],"picked":"Exhume","floor":48.0},{"not_picked":["Evolve"],"picked":"SKIP","floor":48.0},{"not_picked":[],"picked":"Feel No Pain+1","floor":54},{"not_picked":[],"picked":"Battle Trance","floor":54},{"not_picked":["Iron Wave+1"],"picked":"SKIP","floor":55}],"player_experience":1504912,"relics_obtained":[{"floor":6.0,"key":"HornCleat"},{"floor":8.0,"key":"Omamori"},{"floor":9.0,"key":"Nunchaku"},{"floor":13.0,"key":"Pantograph"},{"floor":23.0,"key":"Bronze Scales"},{"floor":26.0,"key":"Prayer Wheel"},{"floor":30.0,"key":"Matryoshka"},{"floor":36.0,"key":"Girya"},{"floor":39.0,"key":"Regal Pillow"},{"floor":40.0,"key":"Molten Egg 2"},{"floor":42.0,"key":"Bottled Lightning"},{"floor":43.0,"key":"Bag of Preparation"},{"floor":43.0,"key":"Pear"},{"floor":47.0,"key":"Orichalcum"},{"floor":55,"key":"War Paint"}],"event_choices":[{"damage_healed":0.0,"max_hp_gain":0.0,"max_hp_loss":0.0,"gold_gain":0.0,"event_name":"Scrap Ooze","player_choice":"Success","floor":4.0,"gold_loss":0.0,"damage_taken":5.0,"relics_obtained":["Bird Faced Urn"]},{"damage_healed":0.0,"max_hp_gain":0.0,"max_hp_loss":0.0,"gold_gain":0.0,"event_name":"Shining Light","player_choice":"Ignored","floor":11.0,"gold_loss":0.0,"damage_taken":0.0},{"damage_healed":0.0,"max_hp_gain":0.0,"max_hp_loss":0.0,"gold_gain":0.0,"event_name":"Ghosts","player_choice":"Ignored","floor":19.0,"gold_loss":0.0,"damage_taken":0.0},{"damage_healed":0.0,"max_hp_gain":0.0,"max_hp_loss":0.0,"gold_gain":0.0,"event_name":"Forgotten Altar","player_choice":"Smashed Altar","floor":27.0,"gold_loss":0.0,"damage_taken":0.0,"cards_obtained":["Decay"]},{"damage_healed":0.0,"max_hp_gain":0.0,"max_hp_loss":0.0,"gold_gain":0.0,"event_name":"Mysterious Sphere","player_choice":"Fight","floor":36.0,"gold_loss":0.0,"damage_taken":0.0}],"is_beta":false,"boss_relics":[{"not_picked":["Runic Pyramid","Pandora\u0027s Box"],"picked":"Astrolabe"},{"not_picked":["Mark of Pain","Black Blood"],"picked":"Busted Crown"}],"items_purged_floors":[20,38],"is_endless":false,"potions_floor_spawned":[2,5,6,7,13,21,23,28,33,36,37,45],"ascension_level":20}}