{"host":"osk2oboccoevp2u5","time":1611860729,"event":{"mods":["AchievementEnabler","Alarm Clock","BaseMod","Colored Powertips","Disable Question Mark Monsters","Displayed Cursed Tome","Hermit","Key Reminder","Minty Spire (QoL Compilation)","Potion Indicator Mod","Quick Restart","Rare Cards Sparkle","Reorder Act Four","StSLib","Useless Jewels Mod"],"gold_per_floor":[210,210,385,401,412,412,2,2,48,48,63,63,81,108,108,211,211,222,209,245,260,309,309,334,334,334,334,347,18,31,31,31],"floor_reached":31,"language":"ENG","playtime":1788,"items_purged":["Doubt","hermit:Strike_Hermit"],"score":273,"play_id":"521c1eaf-0781-426a-bbbc-f5b9d266ae2a","local_time":"20210128150529","is_ascension_mode":true,"campfire_choices":[{"floor":6,"key":"REST"},{"floor":10,"key":"DIG"},{"data":"hermit:Glare","floor":12,"key":"SMITH"},{"floor":15,"key":"REST"},{"floor":25,"key":"REST"},{"floor":27,"key":"REST"}],"circlet_count":0,"master_deck":["hermit:Strike_Hermit+1","hermit:Strike_Hermit","hermit:Strike_Hermit","hermit:Defend_Hermit","hermit:Defend_Hermit","hermit:Defend_Hermit","hermit:Defend_Hermit","hermit:Snapshot","hermit:Covet+1","hermit:Gestalt+1","hermit:Snipe","hermit:Ricochet","hermit:BigShot","hermit:Glare+1","hermit:Purgatory","hermit:Midnight+1","hermit:Horror+1","hermit:Glare+1","hermit:HoleUp+1","hermit:FlashPowder+1"],"relics":["hermit:Momento","Kunai","Shovel","Oddly Smooth Stone","Tiny Chest","hermit:RedScarf","hermit:BartenderGlass","Centennial Puzzle","Juzu Bracelet","Toxic Egg 2","hermit:PetGhost"],"acts_visited":["Exordium","TheCity"],"potions_floor_usage":[13,14,16,20,20,21,21,28,28,30,30,30,30],"damage_taken":[{"damage":0,"enemies":"Small Slimes","floor":1,"turns":2},{"damage":4,"enemies":"Jaw Worm","floor":4,"turns":6},{"damage":3,"enemies":"2 Louse","floor":5,"turns":4},{"damage":1,"enemies":"Blue Slaver","floor":11,"turns":5},{"damage":0,"enemies":"Red Slaver","floor":13,"turns":2},{"damage":32,"enemies":"Lagavulin","floor":14,"turns":6},{"damage":65,"enemies":"The Guardian","floor":16,"turns":12},{"damage":26,"enemies":"Spheric Guardian","floor":18,"turns":7},{"damage":9,"enemies":"2 Thieves","floor":19,"turns":4},{"damage":14,"enemies":"Snake Plant","floor":20,"turns":4},{"damage":16,"enemies":"Centurion and Healer","floor":21,"turns":4},{"damage":7,"enemies":"Snecko","floor":28,"turns":9},{"damage":24,"enemies":"Snake Plant","floor":30,"turns":6},{"damage":100023,"enemies":"Centurion and Healer","floor":31,"turns":8}],"seed_played":"-3304940159911965605","potions_obtained":[{"floor":5,"key":"Energy Potion"},{"floor":11,"key":"GamblersBrew"},{"floor":14,"key":"Strength Potion"},{"floor":19,"key":"ColorlessPotion"}],"is_trial":false,"path_per_floor":["M","?","?","M","M","R","$","?","T","R","M","R","M","E","R","B",null,"M","M","M","M","T","?","T","R","T","R","M","$","M","M"],"character_chosen":"HERMIT","items_purchased":["Kunai","hermit:BigShot","hermit:PetGhost","hermit:Tonic","hermit:HoleUp+1"],"campfire_rested":4,"item_purchase_floors":[7,7,29,29,29],"current_hp_per_floor":[75,60,60,56,53,75,75,68,68,68,67,67,67,35,57,64,75,49,40,26,10,10,10,10,32,32,54,47,47,23,0,0],"gold":31,"neow_bonus":"HUNDRED_GOLD","is_daily":false,"chose_seed":false,"campfire_upgraded":1,"win_rate":0.0,"timestamp":1611860729,"path_taken":["M","?","?","M","M","R","?","?","T","R","M","R","?","E","R","BOSS","M","M","M","M","?","?","?","R","T","R","M","$","M","M"],"items_purchased_type":["Relic","Card","Relic","Potion","Card"],"build_version":"2020-12-22","purchased_purges":2,"victory":false,"max_hp_per_floor":[75,75,75,75,75,75,75,75,75,75,75,75,75,75,75,75,75,75,75,75,75,75,75,75,75,75,75,75,75,75,75,75],"card_choices":[{"not_picked":["hermit:Dive","hermit:FlashPowder"],"picked":"hermit:Gestalt","floor":1},{"not_picked":["hermit:Ricochet","hermit:BodyArmor"],"picked":"hermit:Snipe","floor":4},{"not_picked":["hermit:Headshot","hermit:GoldenBullet"],"picked":"hermit:Ricochet","floor":5},{"not_picked":["hermit:Coalescence","hermit:BodyArmor"],"picked":"hermit:Glare","floor":11},{"not_picked":["hermit:Desperado","hermit:Headshot","hermit:Malice"],"picked":"SKIP","floor":13},{"not_picked":["hermit:FullyLoaded","hermit:GoldenBullet","hermit:Purgatory"],"picked":"SKIP","floor":14},{"not_picked":["hermit:EternalForm","hermit:FatalDesire"],"picked":"hermit:Purgatory","floor":16},{"not_picked":["hermit:Showdown","hermit:TakeAim"],"picked":"hermit:Midnight+1","floor":18},{"not_picked":["hermit:Quickdraw+1","hermit:Misfire","hermit:SprayPray+1"],"picked":"SKIP","floor":19},{"not_picked":["hermit:HighCaliber+1","hermit:TrackingShot"],"picked":"hermit:Horror+1","floor":20},{"not_picked":["hermit:CalledShot+1","hermit:SprayPray","hermit:TakeAim+1"],"picked":"SKIP","floor":21},{"not_picked":["hermit:Malice","hermit:Dive+1"],"picked":"hermit:Glare+1","floor":28},{"not_picked":["hermit:BodyArmor+1","hermit:Adapt"],"picked":"hermit:FlashPowder+1","floor":30}],"player_experience":939199,"relics_obtained":[{"floor":9,"key":"Oddly Smooth Stone"},{"floor":10,"key":"Tiny Chest"},{"floor":14,"key":"hermit:RedScarf"},{"floor":22,"key":"Centennial Puzzle"},{"floor":24,"key":"Juzu Bracelet"},{"floor":26,"key":"Toxic Egg 2"}],"event_choices":[{"damage_healed":0,"gold_gain":0,"player_choice":"Entered Light","damage_taken":15,"max_hp_gain":0,"max_hp_loss":0,"event_name":"Shining Light","floor":2,"gold_loss":0,"cards_upgraded":["hermit:Strike_Hermit","hermit:Gestalt"]},{"damage_healed":0,"gold_gain":175,"player_choice":"AGREE","damage_taken":0,"max_hp_gain":0,"max_hp_loss":0,"event_name":"Liars Game","floor":3,"gold_loss":0,"cards_obtained":["Doubt"]},{"damage_healed":0,"gold_gain":0,"player_choice":"Success","damage_taken":7,"relics_obtained":["Shovel"],"max_hp_gain":0,"max_hp_loss":0,"event_name":"Scrap Ooze","floor":8,"gold_loss":0},{"damage_healed":0,"gold_gain":0,"player_choice":"Forge","damage_taken":0,"max_hp_gain":0,"max_hp_loss":0,"event_name":"Accursed Blacksmith","floor":23,"gold_loss":0,"cards_upgraded":["hermit:Covet"]}],"is_beta":false,"boss_relics":[{"not_picked":["hermit:ClaspedLocket","Empty Cage"],"picked":"hermit:BartenderGlass"}],"items_purged_floors":[7,29],"is_endless":false,"potions_floor_spawned":[5,11,14,19],"killed_by":"Centurion and Healer","ascension_level":3}}