{"host":"2fgwwnzqc97k7iys","time":1611856252,"event":{"mods":["BaseMod","Colored Map","Minty Spire (QoL Compilation)","Quick Restart","Relic Stats"],"gold_per_floor":[118,118,137,155,172,172,191,225,273,273,291,16,34,68,68,169,169,188,200,217,67,67,94,94,126,126,145,145,175,175,75,75,172,172,182,182,182,200,245,278,278,307,307,317,47,77,77,105,105,105,105,105,105,139,139],"floor_reached":56,"language":"ENG","playtime":8155,"items_purged":["Defend_B","Defend_B","Defend_B"],"score":1925,"play_id":"07246f70-f462-49c9-aa90-7cde760ddf84","local_time":"20210128115052","is_ascension_mode":true,"campfire_choices":[{"floor":6.0,"key":"RECALL"},{"data":"Capacitor","floor":15.0,"key":"SMITH"},{"data":"Buffer","floor":24,"key":"SMITH"},{"data":"Chill","floor":28,"key":"SMITH"},{"data":"Glacier","floor":30,"key":"SMITH"},{"data":"Glacier","floor":32,"key":"SMITH"},{"data":"Turbo","floor":41,"key":"SMITH"},{"data":"Reboot","floor":49,"key":"SMITH"},{"data":"Conserve Battery","floor":52,"key":"SMITH"}],"circlet_count":0,"master_deck":["Zap+1","Dualcast","Chill+1","Buffer+1","Ball Lightning","Compile Driver","Turbo+1","Glacier+1","Electrodynamics","Glacier+1","Capacitor+1","Ball Lightning","Compile Driver","Biased Cognition+1","Conserve Battery+1","Echo Form+1","Self Repair+1","Creative AI+1","Echo Form+1","Core Surge","Heatsinks+1","Doom and Gloom+1","Reboot+1"],"relics":["Cracked Core","Lantern","Ancient Tea Set","Mummified Hand","Frozen Egg 2","Empty Cage","Pen Nib","Juzu Bracelet","Red Mask","Runic Dome","Sundial","Mango","White Beast Statue","Strawberry","Molten Egg 2","Omamori","Regal Pillow","Nunchaku"],"acts_visited":["Exordium","TheCity","TheBeyond","TheEnding"],"potions_floor_usage":[23,25,40],"damage_taken":[{"damage":0.0,"enemies":"Jaw Worm","floor":1.0,"turns":4.0},{"damage":0.0,"enemies":"2 Louse","floor":3.0,"turns":2.0},{"damage":0.0,"enemies":"Cultist","floor":4.0,"turns":3.0},{"damage":4.0,"enemies":"3 Louse","floor":5.0,"turns":4.0},{"damage":9.0,"enemies":"Exordium Thugs","floor":7.0,"turns":5.0},{"damage":1.0,"enemies":"3 Sentries","floor":8.0,"turns":3.0},{"damage":0.0,"enemies":"2 Fungi Beasts","floor":11.0,"turns":3.0},{"damage":0.0,"enemies":"Gremlin Gang","floor":13.0,"turns":3.0},{"damage":0.0,"enemies":"Gremlin Nob","floor":14.0,"turns":3.0},{"damage":5.0,"enemies":"The Guardian","floor":16.0,"turns":10.0},{"damage":0.0,"enemies":"3 Byrds","floor":18.0,"turns":1.0},{"damage":0,"enemies":"Spheric Guardian","floor":19,"turns":3},{"damage":9,"enemies":"Centurion and Healer","floor":20,"turns":3},{"damage":24,"enemies":"Slavers","floor":23,"turns":2},{"damage":10,"enemies":"Book of Stabbing","floor":25,"turns":6},{"damage":32,"enemies":"Snake Plant","floor":27,"turns":3},{"damage":0,"enemies":"Masked Bandits","floor":29,"turns":3},{"damage":0,"enemies":"Automaton","floor":33,"turns":9},{"damage":0,"enemies":"3 Shapes","floor":35,"turns":3},{"damage":0,"enemies":"Orb Walker","floor":38,"turns":3},{"damage":4,"enemies":"2 Orb Walkers","floor":39,"turns":3},{"damage":0,"enemies":"Reptomancer","floor":40,"turns":4},{"damage":8,"enemies":"Nemesis","floor":42,"turns":7},{"damage":0,"enemies":"Maw","floor":44,"turns":6},{"damage":7,"enemies":"Giant Head","floor":46,"turns":4},{"damage":0,"enemies":"Reptomancer","floor":48,"turns":3},{"damage":20,"enemies":"Donu and Deca","floor":50,"turns":5},{"damage":6,"enemies":"Shield and Spear","floor":54,"turns":2},{"damage":75,"enemies":"The Heart","floor":55,"turns":8}],"seed_played":"4867138522178148880","potions_obtained":[{"floor":3.0,"key":"Fire Potion"},{"floor":4.0,"key":"PowerPotion"},{"floor":5.0,"key":"Strength Potion"},{"floor":16.0,"key":"FearPotion"},{"floor":23,"key":"EssenceOfSteel"},{"floor":27,"key":"FocusPotion"},{"floor":38,"key":"GamblersBrew"},{"floor":42,"key":"PowerPotion"},{"floor":46,"key":"FocusPotion"}],"is_trial":false,"path_per_floor":["M","?","M","M","M","R","M","E","T","?","M","$","M","E","R","B",null,"M","M","M","$","?","E","R","E","T","M","R","?","R","$","R","B",null,"M","?","?","M","?","E","R","E","T","M","$","E","$","E","R","B",null,"R","$","E","B",null],"character_chosen":"DEFECT","items_purchased":["Mummified Hand","Capacitor","Echo Form+1","Heatsinks+1","Doom and Gloom+1"],"campfire_rested":0,"item_purchase_floors":[12,12,21,45,45],"current_hp_per_floor":[50,50,50,50,46,46,37,36,36,29,29,29,29,29,29,24,62,62,62,53,53,53,29,29,39,39,27,27,47,47,47,47,57,71,75,75,71,71,81,85,85,92,92,92,92,92,92,92,92,82,90,90,90,92,27],"gold":139,"neow_bonus":"TRANSFORM_TWO_CARDS","is_daily":false,"chose_seed":false,"campfire_upgraded":8,"win_rate":0.0,"timestamp":1611856252,"path_taken":["M","?","M","M","M","R","M","E","T","?","M","$","?","E","R","BOSS","M","M","M","$","?","E","R","E","T","M","R","?","R","$","R","BOSS","M","?","?","M","?","E","R","E","T","M","$","E","?","E","R","BOSS","R","$","E","BOSS"],"items_purchased_type":["Relic","Card","Card","Card","Card"],"build_version":"2020-12-22","purchased_purges":3,"victory":true,"max_hp_per_floor":[75,75,75,75,75,75,75,75,75,75,75,75,75,75,75,75,75,75,75,75,75,75,75,75,75,75,75,75,75,75,75,75,75,75,75,75,71,71,85,85,85,92,92,92,92,92,92,92,92,92,92,92,92,92,92],"relic_stats":{"Regal Pillow":0,"Nunchaku":[3],"counters":[29,118],"Mummified Hand":[309],"Sundial":[20],"Pen Nib":[15],"Juzu Bracelet":1,"obtain_stats":[{"Lantern":8,"Regal Pillow":48,"Mango":39,"Pen Nib":23,"Juzu Bracelet":25,"Omamori":46,"Frozen Egg 2":14,"Ancient Tea Set":9,"Empty Cage":17,"White Beast Statue":40,"Runic Dome":34,"Nunchaku":54,"Mummified Hand":12,"Sundial":36,"Strawberry":42,"Molten Egg 2":43,"Red Mask":29,"Cracked Core":0},{"Lantern":6,"Regal Pillow":26,"Mango":21,"Pen Nib":14,"Juzu Bracelet":15,"Omamori":25,"Frozen Egg 2":9,"Ancient Tea Set":6,"Empty Cage":10,"White Beast Statue":22,"Runic Dome":18,"Nunchaku":28,"Mummified Hand":7,"Sundial":19,"Strawberry":23,"Molten Egg 2":23,"Red Mask":17,"Cracked Core":0},{"Lantern":21,"Regal Pillow":103,"Mango":79,"Pen Nib":49,"Juzu Bracelet":55,"Omamori":100,"Frozen Egg 2":30,"Ancient Tea Set":21,"Empty Cage":40,"White Beast Statue":83,"Runic Dome":70,"Nunchaku":110,"Mummified Hand":24,"Sundial":73,"Strawberry":90,"Molten Egg 2":90,"Red Mask":61,"Cracked Core":0}]},"card_choices":[{"not_picked":["Lockon","Recycle"],"picked":"Ball Lightning","floor":1.0},{"not_picked":["Static Discharge","Turbo"],"picked":"Compile Driver","floor":3.0},{"not_picked":["Stack","Conserve Battery"],"picked":"Turbo","floor":4.0},{"not_picked":["Reinforced Body","Coolheaded"],"picked":"Glacier","floor":5.0},{"not_picked":["Darkness","Leap"],"picked":"Electrodynamics","floor":7.0},{"not_picked":["Reprogram","Static Discharge","Double Energy"],"picked":"SKIP","floor":8.0},{"not_picked":["Reprogram","Undo"],"picked":"Glacier","floor":11.0},{"not_picked":["Double Energy","Gash"],"picked":"Ball Lightning","floor":13.0},{"not_picked":["Melter","Genetic Algorithm"],"picked":"Compile Driver","floor":14.0},{"not_picked":["Hyperbeam","Fission"],"picked":"Biased Cognition+1","floor":16.0},{"not_picked":["Rebound+1","Barrage+1","Compile Driver"],"picked":"SKIP","floor":18},{"not_picked":["Compile Driver","Beam Cell+1","Sunder"],"picked":"SKIP","floor":19},{"not_picked":["FTL","Stack+1"],"picked":"Conserve Battery","floor":20},{"not_picked":["Hologram+1","Recycle"],"picked":"Self Repair+1","floor":23},{"not_picked":["Barrage+1","Steam+1"],"picked":"Creative AI+1","floor":25},{"not_picked":["Recycle","Genetic Algorithm","Conserve Battery"],"picked":"SKIP","floor":27},{"not_picked":["Gash","Melter"],"picked":"Echo Form+1","floor":29},{"not_picked":["Reboot","Biased Cognition+1"],"picked":"Core Surge","floor":33},{"not_picked":["Conserve Battery","Tempest","Compile Driver+1"],"picked":"SKIP","floor":35},{"not_picked":["Self Repair+1","Redo","Streamline"],"picked":"SKIP","floor":38},{"not_picked":["Conserve Battery+1","Hello World+1","Cold Snap"],"picked":"SKIP","floor":40},{"not_picked":["Hologram","Go for the Eyes+1","Compile Driver"],"picked":"SKIP","floor":42},{"not_picked":["Conserve Battery","FTL+1","Turbo"],"picked":"SKIP","floor":44},{"not_picked":["Steam","Rebound+1","Streamline+1"],"picked":"SKIP","floor":46},{"not_picked":["Rebound+1","Gash+1"],"picked":"Reboot","floor":48},{"not_picked":["Barrage+1","Coolheaded+1","Redo+1"],"picked":"SKIP","floor":54}],"player_experience":529604,"relics_obtained":[{"floor":8.0,"key":"Lantern"},{"floor":9.0,"key":"Ancient Tea Set"},{"floor":14.0,"key":"Frozen Egg 2"},{"floor":23,"key":"Pen Nib"},{"floor":25,"key":"Juzu Bracelet"},{"floor":29,"key":"Red Mask"},{"floor":39,"key":"Mango"},{"floor":40,"key":"White Beast Statue"},{"floor":42,"key":"Strawberry"},{"floor":43,"key":"Molten Egg 2"},{"floor":46,"key":"Omamori"},{"floor":48,"key":"Regal Pillow"},{"floor":54,"key":"Nunchaku"}],"event_choices":[{"damage_healed":0.0,"max_hp_gain":0.0,"max_hp_loss":0.0,"gold_gain":0.0,"event_name":"Living Wall","player_choice":"Grow","floor":2.0,"gold_loss":0.0,"damage_taken":0.0,"cards_upgraded":["Zap"]},{"cards_removed":["Strike_B"],"damage_healed":0.0,"max_hp_gain":0.0,"max_hp_loss":0.0,"gold_gain":0.0,"event_name":"Golden Wing","player_choice":"Card Removal","floor":10.0,"gold_loss":0.0,"damage_taken":7.0},{"damage_healed":0,"gold_gain":0,"player_choice":"Ignored","damage_taken":0,"max_hp_gain":0,"max_hp_loss":0,"event_name":"The Mausoleum","floor":22,"gold_loss":0},{"damage_healed":0,"gold_gain":0,"player_choice":"Fought Bandits","damage_taken":0,"max_hp_gain":0,"max_hp_loss":0,"event_name":"Masked Bandits","floor":29,"gold_loss":0},{"damage_healed":0,"gold_gain":0,"player_choice":"Gave Potion","damage_taken":0,"relics_obtained":["Sundial"],"max_hp_gain":0,"max_hp_loss":0,"event_name":"WeMeetAgain","floor":36,"gold_loss":0},{"damage_healed":0,"gold_gain":0,"player_choice":"Max HP","damage_taken":0,"max_hp_gain":0,"max_hp_loss":4,"event_name":"Winding Halls","floor":37,"gold_loss":0},{"damage_healed":0,"gold_gain":0,"player_choice":"Fight","damage_taken":0,"max_hp_gain":0,"max_hp_loss":0,"event_name":"Mysterious Sphere","floor":39,"gold_loss":0}],"is_beta":false,"boss_relics":[{"not_picked":["Black Star","Velvet Choker"],"picked":"Empty Cage"},{"not_picked":["Calling Bell","Pandora\u0027s Box"],"picked":"Runic Dome"}],"items_purged_floors":[21,31,45],"is_endless":false,"potions_floor_spawned":[3,4,5,11,13,16,19,23,27,38,39,42,44,46,48,54],"ascension_level":9}}