{"host":"vl29iwkwnyytuw8q","time":1611871828,"event":{"mods":["BaseMod","Minty Spire (QoL Compilation)","Permanent Neow","Relic Stats","StSLib"],"gold_per_floor":[113,130,141,66,76,106,118,118,118,135,146,146,156,56,56,132,132,146,165,177,196,196,196,221,221,248,277,295,305,305,220,220,308,367,383,410,86,148,107,107,107,107,107,107,141,141,171,194,194,194],"floor_reached":51,"language":"ENG","playtime":1804,"items_purged":["Strike_R","Strike_R","Strike_R"],"score":1393,"play_id":"c9ab0624-b82a-446f-ab05-15abe2b6b106","local_time":"20210128231028","is_ascension_mode":true,"campfire_choices":[{"floor":8.0,"key":"REST"},{"floor":12.0,"key":"DIG"},{"floor":15.0,"key":"DIG"},{"floor":23.0,"key":"DIG"},{"floor":25.0,"key":"REST"},{"floor":30.0,"key":"DIG"},{"floor":32.0,"key":"DIG"},{"floor":40.0,"key":"REST"},{"floor":42.0,"key":"DIG"},{"floor":44.0,"key":"DIG"},{"floor":46.0,"key":"DIG"},{"floor":49,"key":"REST"}],"circlet_count":0,"master_deck":["AscendersBane","Strike_R","Strike_R","Defend_R","Defend_R+1","Defend_R","Defend_R","Bash+1","Cleave","Clothesline","Flame Barrier","Battle Trance","Shrug It Off","Anger","Fiend Fire","Clash+1","Thunderclap+1","Feed+1","Shockwave","Whirlwind+1","Sever Soul+1","Armaments","Exhume","Dual Wield","Cleave+1","Juggernaut","Anger+1","Uppercut+1","Burning Pact+1","True Grit+1","Disarm+1","Intimidate+1"],"relics":["Fusion Hammer","Lizard Tail","Shovel","Molten Egg 2","Charon\u0027s Ashes","SlaversCollar","Paper Frog","Meat on the Bone","Nunchaku","MealTicket","Smiling Mask","Gambling Chip","CeramicFish","Whetstone","Tiny House","Toxic Egg 2","CaptainsWheel","Anchor","Pear","Blood Vial","Mango","Singing Bowl","Red Skull"],"acts_visited":["Exordium","TheCity","TheBeyond"],"potions_floor_usage":[50,50],"damage_taken":[{"damage":1.0,"enemies":"Cultist","floor":1.0,"turns":3.0},{"damage":5.0,"enemies":"Small Slimes","floor":2.0,"turns":3.0},{"damage":4.0,"enemies":"2 Louse","floor":3.0,"turns":3.0},{"damage":6.0,"enemies":"Looter","floor":5.0,"turns":4.0},{"damage":6.0,"enemies":"Gremlin Nob","floor":6.0,"turns":3.0},{"damage":11.0,"enemies":"Exordium Wildlife","floor":7.0,"turns":5.0},{"damage":1.0,"enemies":"Blue Slaver","floor":10.0,"turns":4.0},{"damage":0.0,"enemies":"2 Fungi Beasts","floor":11.0,"turns":3.0},{"damage":0.0,"enemies":"Large Slime","floor":13.0,"turns":2.0},{"damage":39.0,"enemies":"The Guardian","floor":16.0,"turns":14.0},{"damage":11.0,"enemies":"2 Thieves","floor":18.0,"turns":3.0},{"damage":0.0,"enemies":"Chosen","floor":19.0,"turns":2.0},{"damage":10.0,"enemies":"Snake Plant","floor":20.0,"turns":2.0},{"damage":12.0,"enemies":"Cultist and Chosen","floor":21.0,"turns":5.0},{"damage":18.0,"enemies":"Book of Stabbing","floor":24.0,"turns":4.0},{"damage":19.0,"enemies":"Slavers","floor":27.0,"turns":5.0},{"damage":26.0,"enemies":"Shelled Parasite and Fungi","floor":28.0,"turns":4.0},{"damage":11.0,"enemies":"Snake Plant","floor":29.0,"turns":3.0},{"damage":49.0,"enemies":"Automaton","floor":33.0,"turns":9.0},{"damage":18.0,"enemies":"3 Shapes","floor":35.0,"turns":5.0},{"damage":11.0,"enemies":"Orb Walker","floor":36.0,"turns":3.0},{"damage":55.0,"enemies":"2 Orb Walkers","floor":38.0,"turns":5.0},{"damage":15.0,"enemies":"Reptomancer","floor":45.0,"turns":5.0},{"damage":91.0,"enemies":"Giant Head","floor":47.0,"turns":9.0},{"damage":18.0,"enemies":"Maw","floor":48.0,"turns":7.0},{"damage":48,"enemies":"Time Eater","floor":50,"turns":12}],"seed_played":"6016505257048784669","potions_obtained":[{"floor":5.0,"key":"FearPotion"},{"floor":6.0,"key":"SpeedPotion"},{"floor":7.0,"key":"Regen Potion"},{"floor":16.0,"key":"DuplicationPotion"},{"floor":24.0,"key":"SkillPotion"},{"floor":28.0,"key":"ColorlessPotion"},{"floor":34.0,"key":"SkillPotion"},{"floor":35.0,"key":"GamblersBrew"},{"floor":38.0,"key":"Swift Potion"},{"floor":45.0,"key":"Dexterity Potion"}],"is_trial":false,"path_per_floor":["M","M","M","$","M","E","M","R","T","M","M","R","M","$","R","B",null,"M","M","M","M","T","R","E","R","T","E","M","M","R","?","R","B",null,"M","M","$","?","$","R","?","R","T","R","E","R","E","M","R","B",null],"character_chosen":"IRONCLAD","items_purchased":["Toxic Egg 2","True Grit+1"],"campfire_rested":4,"item_purchase_floors":[37,39],"current_hp_per_floor":[67,62,58,58,52,46,35,57,57,56,56,56,56,56,56,17,61,54,58,48,40,40,40,38,65,65,46,32,33,33,33,33,57,88,74,63,78,39,54,85,85,85,95,95,96,96,21,17,54,20],"gold":194,"neow_bonus":"BOSS_RELIC","is_daily":false,"chose_seed":false,"campfire_upgraded":0,"win_rate":0.0,"timestamp":1611871828,"path_taken":["M","M","M","$","M","E","M","R","T","M","M","R","M","?","R","BOSS","M","M","M","?","?","R","E","R","T","E","M","M","R","?","R","BOSS","M","M","$","?","$","R","?","R","T","R","E","R","E","M","R","BOSS"],"items_purchased_type":["Relic","Card"],"build_version":"2020-12-22","purchased_purges":3,"victory":true,"max_hp_per_floor":[75,75,75,75,75,75,75,75,75,75,75,75,75,75,75,75,75,79,83,83,87,87,87,91,91,91,91,91,91,91,91,91,91,96,100,100,100,104,104,104,99,99,109,109,123,123,125,125,125,125],"relic_stats":{"Singing Bowl":2,"counters":[26,127],"CeramicFish":63,"Charon\u0027s Ashes":[395],"Whetstone":["Clash","Bash"],"Smiling Mask":75,"Blood Vial":8,"Lizard Tail":45,"Nunchaku":[12],"Shovel":8,"Gambling Chip":[32],"MealTicket":30,"obtain_stats":[{"Tiny House":34,"Pear":43,"Singing Bowl":46,"CeramicFish":31,"Mango":45,"Charon\u0027s Ashes":15,"Whetstone":32,"Smiling Mask":27,"Burning Blood":0,"Blood Vial":44,"SlaversCollar":17,"Lizard Tail":6,"Nunchaku":24,"CaptainsWheel":38,"Anchor":42,"Shovel":9,"Gambling Chip":30,"Molten Egg 2":12,"MealTicket":26,"Fusion Hammer":0,"Toxic Egg 2":37,"Red Skull":47,"Paper Frog":22,"Meat on the Bone":23},{"Tiny House":19,"Pear":22,"Singing Bowl":23,"CeramicFish":18,"Mango":23,"Charon\u0027s Ashes":9,"Whetstone":18,"Smiling Mask":16,"Burning Blood":0,"Blood Vial":22,"SlaversCollar":10,"Lizard Tail":5,"Nunchaku":15,"CaptainsWheel":22,"Anchor":22,"Shovel":6,"Gambling Chip":18,"Molten Egg 2":8,"MealTicket":15,"Fusion Hammer":0,"Toxic Egg 2":21,"Red Skull":24,"Paper Frog":14,"Meat on the Bone":14},{"Tiny House":81,"Pear":94,"Singing Bowl":99,"CeramicFish":72,"Mango":99,"Charon\u0027s Ashes":30,"Whetstone":72,"Smiling Mask":65,"Burning Blood":0,"Blood Vial":94,"SlaversCollar":44,"Lizard Tail":16,"Nunchaku":60,"CaptainsWheel":94,"Anchor":94,"Shovel":21,"Gambling Chip":72,"Molten Egg 2":28,"MealTicket":60,"Fusion Hammer":0,"Toxic Egg 2":89,"Red Skull":108,"Paper Frog":56,"Meat on the Bone":56}],"Meat on the Bone":96},"card_choices":[{"not_picked":["Havoc","Heavy Blade"],"picked":"Cleave","floor":1.0},{"not_picked":["Sword Boomerang","Burning Pact"],"picked":"Clothesline","floor":2.0},{"not_picked":["Havoc","Wild Strike"],"picked":"Flame Barrier","floor":3.0},{"not_picked":["Rampage","Clothesline"],"picked":"Battle Trance","floor":5.0},{"not_picked":["Power Through","Headbutt"],"picked":"Shrug It Off","floor":6.0},{"not_picked":["Flex","Perfected Strike"],"picked":"Anger","floor":7.0},{"not_picked":["Carnage","Dropkick"],"picked":"Fiend Fire","floor":10.0},{"not_picked":["Heavy Blade","Burning Pact"],"picked":"Clash","floor":11.0},{"not_picked":["True Grit","Clash+1"],"picked":"Thunderclap+1","floor":13.0},{"not_picked":["Brutality","Berserk"],"picked":"Feed+1","floor":16.0},{"not_picked":["Cleave+1","Burning Pact"],"picked":"Shockwave","floor":18.0},{"not_picked":["Heavy Blade+1","Rampage+1"],"picked":"Whirlwind+1","floor":19.0},{"not_picked":["Heavy Blade+1","Thunderclap+1","Metallicize"],"picked":"SKIP","floor":20.0},{"not_picked":["Havoc","Wild Strike+1"],"picked":"Sever Soul+1","floor":21.0},{"not_picked":["Reckless Charge+1","Battle Trance"],"picked":"Armaments","floor":24.0},{"not_picked":["Entrench","Rage"],"picked":"Exhume","floor":27.0},{"not_picked":["Heavy Blade+1","Shrug It Off"],"picked":"Dual Wield","floor":28.0},{"not_picked":["Clash+1","True Grit"],"picked":"Cleave+1","floor":29.0},{"not_picked":["Berserk","Fiend Fire+1"],"picked":"Juggernaut","floor":33.0},{"not_picked":["Iron Wave+1","Metallicize"],"picked":"Anger+1","floor":34.0},{"not_picked":["Heavy Blade+1","Clothesline+1","Shockwave"],"picked":"SKIP","floor":35.0},{"not_picked":["Thunderclap+1","Iron Wave+1"],"picked":"Uppercut+1","floor":36.0},{"not_picked":["Heavy Blade+1","Combust+1"],"picked":"Burning Pact+1","floor":38.0},{"not_picked":["Seeing Red+1","Perfected Strike+1"],"picked":"Disarm+1","floor":45.0},{"not_picked":["True Grit+1","Perfected Strike+1","Havoc+1"],"picked":"Singing Bowl","floor":47.0},{"not_picked":["Flex+1","Havoc+1"],"picked":"Intimidate+1","floor":48.0}],"player_experience":642348,"relics_obtained":[{"floor":6.0,"key":"Lizard Tail"},{"floor":9.0,"key":"Shovel"},{"floor":12.0,"key":"Molten Egg 2"},{"floor":15.0,"key":"Charon\u0027s Ashes"},{"floor":22.0,"key":"Paper Frog"},{"floor":23.0,"key":"Meat on the Bone"},{"floor":24.0,"key":"Nunchaku"},{"floor":26.0,"key":"MealTicket"},{"floor":27.0,"key":"Smiling Mask"},{"floor":30.0,"key":"Gambling Chip"},{"floor":32.0,"key":"Whetstone"},{"floor":38.0,"key":"CaptainsWheel"},{"floor":42.0,"key":"Anchor"},{"floor":43.0,"key":"Pear"},{"floor":44.0,"key":"Blood Vial"},{"floor":45.0,"key":"Mango"},{"floor":46.0,"key":"Singing Bowl"},{"floor":47.0,"key":"Red Skull"}],"event_choices":[{"damage_healed":0.0,"max_hp_gain":0.0,"max_hp_loss":0.0,"gold_gain":0.0,"event_name":"Addict","player_choice":"Obtained Relic","floor":31.0,"gold_loss":85.0,"damage_taken":0.0,"relics_obtained":["CeramicFish"]},{"damage_healed":0.0,"max_hp_gain":0.0,"max_hp_loss":0.0,"gold_gain":0.0,"event_name":"Mysterious Sphere","player_choice":"Fight","floor":38.0,"gold_loss":0.0,"damage_taken":0.0},{"damage_healed":0.0,"max_hp_gain":0.0,"max_hp_loss":5.0,"gold_gain":0.0,"event_name":"Winding Halls","player_choice":"Max HP","floor":41.0,"gold_loss":0.0,"damage_taken":0.0}],"is_beta":false,"boss_relics":[{"not_picked":["Runic Cube","Philosopher\u0027s Stone"],"picked":"SlaversCollar"},{"not_picked":["Runic Dome","Velvet Choker"],"picked":"Tiny House"}],"items_purged_floors":[4,14,37],"is_endless":false,"potions_floor_spawned":[5,6,7,16,18,24,28,35,38,45],"ascension_level":17}}