{"host":"raai0vtvcfkt8csp","time":1611877026,"event":{"mods":["2.2 Compatiblity","BaseMod","Beaked The Cultist","Block Reminder","Booster Modes","Clockwork Mod","Custom Start","DeckTracker","Defective Defect","Defuse TimeMaze Blight","Dio Mod","GifTheSpireLib","Infinite Spire","Minty Spire (QoL Compilation)","Quick Restart","Random Character Button","Rare Cards Sparkle","StSLib","The Marked","Unceasing Turn Reminder"],"gold_per_floor":[111,111,121,131,131,172,172,213,213,254,254,293,313,336,336,465,465,481,186,211,231,247,282,282,326,394,429,429,429,455,496,496,620,620,643,643,976,991,1062,1068,1068],"floor_reached":40,"language":"ENG","playtime":3313,"items_purged":[],"score":725,"play_id":"0bebebd7-34b4-4873-a10e-05b9ead10b02","local_time":"20210129003706","is_ascension_mode":true,"campfire_choices":[{"data":"Noxious Fumes","floor":7,"key":"SMITH"},{"floor":15,"key":"REST"},{"data":"Tactician","floor":24,"key":"SMITH"},{"floor":29,"key":"REST"},{"floor":32,"key":"REST"}],"circlet_count":0,"master_deck":["Noxious Fumes+1","Noxious Fumes","Noxious Fumes+1","Noxious Fumes","Noxious Fumes","Survivor","Defend_G","Survivor","Defend_G","Survivor","Defend_G","Survivor","Defend_G","Survivor","Defend_G","Blur","Tactician+1","Prepared","Footwork","Setup","Outmaneuver+1","Crippling Poison","infinitespire:FutureSight","Caltrops","Night Terror","Deflect+1","Escape Plan+1"],"relics":["Ring of the Snake","Nunchaku","infinitespire:EmpoweringShard","Tiny Chest","Boot","FaceOfCleric","Bronze Scales","Runic Pyramid","Lizard Tail","Anchor","infinitespire:PuzzleCube","infinitespire:BottledMercury","infinitespire:Midas Blood","Orichalcum","infinitespire:Beetle Shell","Black Star","beaked:ShinyBauble","Thread and Needle"],"acts_visited":["Exordium","TheCity","TheBeyond"],"potions_floor_usage":[6,13,31,39,39,39,40],"damage_taken":[{"damage":0,"enemies":"Cultist","floor":1,"turns":6},{"damage":0,"enemies":"2 Louse","floor":3,"turns":4},{"damage":0,"enemies":"Small Slimes","floor":4,"turns":5},{"damage":11,"enemies":"Gremlin Nob","floor":6,"turns":6},{"damage":0,"enemies":"Lagavulin","floor":8,"turns":6},{"damage":0,"enemies":"3 Sentries","floor":10,"turns":5},{"damage":4,"enemies":"Lagavulin","floor":12,"turns":6},{"damage":27,"enemies":"Gremlin Gang","floor":13,"turns":5},{"damage":2,"enemies":"Exordium Thugs","floor":14,"turns":5},{"damage":11,"enemies":"Hexaghost","floor":16,"turns":8},{"damage":3,"enemies":"3 Byrds","floor":18,"turns":3},{"damage":9,"enemies":"Spheric Guardian","floor":20,"turns":6},{"damage":5,"enemies":"Snake Plant","floor":21,"turns":6},{"damage":11,"enemies":"Shelled Parasite and Fungi","floor":22,"turns":6},{"damage":1,"enemies":"Nightmare","floor":23,"turns":8},{"damage":16,"enemies":"Book of Stabbing","floor":25,"turns":6},{"damage":2,"enemies":"Gremlin Leader","floor":27,"turns":6},{"damage":8,"enemies":"Snecko","floor":30,"turns":6},{"damage":13,"enemies":"Slavers","floor":31,"turns":4},{"damage":0,"enemies":"Automaton","floor":33,"turns":10},{"damage":6,"enemies":"3 Shapes","floor":35,"turns":5},{"damage":5,"enemies":"Orb Walker","floor":38,"turns":6},{"damage":104,"enemies":"2 Orb Walkers","floor":39,"turns":7},{"damage":25,"enemies":"Giant Head","floor":40,"turns":11}],"seed_played":"4073095344839306295","potions_obtained":[{"floor":1,"key":"PowerPotion"},{"floor":4,"key":"SpeedPotion"},{"floor":8,"key":"Swift Potion"},{"floor":14,"key":"Explosive Potion"},{"floor":16,"key":"Weak Potion"},{"floor":35,"key":"EssenceOfSteel"},{"floor":39,"key":"Dexterity Potion"}],"is_trial":true,"path_per_floor":["M","?","M","M","?","E","R","E","T","E","?","E","M","M","R","B",null,"M","$","M","M","M","NM","R","E","T","E","T","R","M","E","R","B",null,"M","T","?","M","?","E"],"character_chosen":"THE_SILENT","items_purchased":["Lizard Tail"],"campfire_rested":3,"item_purchase_floors":[19],"current_hp_per_floor":[70,70,70,70,53,42,42,42,42,42,42,39,13,12,33,23,74,72,72,64,60,50,50,50,35,35,34,34,58,51,39,63,64,84,79,79,79,75,19,0,0],"gold":1068,"neow_bonus":"","is_daily":false,"chose_seed":false,"campfire_upgraded":2,"win_rate":0.0,"timestamp":1611877026,"path_taken":["M","?","?","M","?","E","R","E","T","E","?","E","M","M","R","BOSS","M","$","?","M","M","NM","R","E","T","E","?","R","M","E","R","BOSS","M","?","?","M","?","E"],"items_purchased_type":["Relic"],"build_version":"2020-12-22","purchased_purges":0,"victory":false,"max_hp_per_floor":[70,70,70,70,70,70,70,70,70,70,70,71,72,73,73,74,74,75,75,76,77,78,79,79,80,80,81,81,81,82,83,83,84,84,85,85,85,86,87,87,87],"card_choices":[{"not_picked":["Blade Dance","Deadly Poison"],"picked":"Blur","floor":1},{"not_picked":["Infinite Blades","Dodge and Roll"],"picked":"Tactician","floor":3},{"not_picked":["Flying Knee","Backstab","Dash"],"picked":"SKIP","floor":4},{"not_picked":["Underhanded Strike","Dash"],"picked":"Prepared","floor":6},{"not_picked":["Deadly Poison","Quick Slash"],"picked":"Footwork","floor":8},{"not_picked":["Deflect","Concentrate","Prepared"],"picked":"SKIP","floor":10},{"not_picked":["Quick Slash","Heel Hook","Bouncing Flask"],"picked":"SKIP","floor":12},{"not_picked":["Slice","Dagger Throw","Dagger Spray"],"picked":"SKIP","floor":13},{"not_picked":["Acrobatics","Leg Sweep"],"picked":"Setup","floor":14},{"not_picked":["Setup","Well Laid Plans+1"],"picked":"Outmaneuver+1","floor":18},{"not_picked":["Setup","Flechettes","Cloak And Dagger"],"picked":"SKIP","floor":20},{"not_picked":["Deflect","Escape Plan+1","Backstab+1"],"picked":"SKIP","floor":21},{"not_picked":["Deadly Poison","Acrobatics"],"picked":"Crippling Poison","floor":22},{"not_picked":["infinitespire:Gouge","infinitespire:Oblivion"],"picked":"infinitespire:FutureSight","floor":23},{"not_picked":["PiercingWail","Die Die Die"],"picked":"Caltrops","floor":23},{"not_picked":["Riddle With Holes","Flechettes","Choke+1"],"picked":"SKIP","floor":25},{"not_picked":["Masterful Stab","Backflip","Sucker Punch+1"],"picked":"SKIP","floor":27},{"not_picked":["All Out Attack","Sucker Punch","Slice"],"picked":"SKIP","floor":30},{"not_picked":["Eviscerate","Heel Hook","Poisoned Stab"],"picked":"SKIP","floor":31},{"not_picked":["Malaise","Phantasmal Killer"],"picked":"Night Terror","floor":33},{"not_picked":["Blade Dance","Expertise","Deflect"],"picked":"SKIP","floor":35},{"not_picked":["Outmaneuver","PiercingWail"],"picked":"Deflect+1","floor":38},{"not_picked":["Outmaneuver","Quick Slash+1"],"picked":"Escape Plan+1","floor":39}],"player_experience":944553,"relics_obtained":[{"floor":6,"key":"Nunchaku"},{"floor":8,"key":"infinitespire:EmpoweringShard"},{"floor":9,"key":"Tiny Chest"},{"floor":10,"key":"Boot"},{"floor":12,"key":"Bronze Scales"},{"floor":23,"key":"Anchor"},{"floor":25,"key":"infinitespire:PuzzleCube"},{"floor":26,"key":"infinitespire:BottledMercury"},{"floor":27,"key":"infinitespire:Midas Blood"},{"floor":28,"key":"Orichalcum"},{"floor":31,"key":"infinitespire:Beetle Shell"},{"floor":36,"key":"beaked:ShinyBauble"},{"floor":39,"key":"Thread and Needle"}],"event_choices":[{"damage_healed":0,"gold_gain":0,"player_choice":"Forge","damage_taken":0,"max_hp_gain":0,"max_hp_loss":0,"event_name":"Accursed Blacksmith","floor":2,"gold_loss":0,"cards_upgraded":["Noxious Fumes"]},{"damage_healed":0,"gold_gain":0,"player_choice":"Take Damage","damage_taken":17,"relics_obtained":["Golden Idol"],"max_hp_gain":0,"max_hp_loss":0,"event_name":"Golden Idol","floor":5,"gold_loss":0},{"damage_healed":0,"gold_gain":0,"player_choice":"Trade","damage_taken":0,"relics_obtained":["FaceOfCleric"],"max_hp_gain":0,"max_hp_loss":0,"event_name":"FaceTrader","floor":11,"gold_loss":0},{"damage_healed":0,"gold_gain":333,"player_choice":"Gave Idol","damage_taken":0,"max_hp_gain":0,"max_hp_loss":0,"event_name":"The Moai Head","floor":37,"relics_lost":["Golden Idol"],"gold_loss":0},{"damage_healed":0,"gold_gain":0,"player_choice":"Fight","damage_taken":0,"max_hp_gain":0,"max_hp_loss":0,"event_name":"Mysterious Sphere","floor":39,"gold_loss":0}],"is_beta":false,"boss_relics":[{"not_picked":["Philosopher\u0027s Stone","Coffee Dripper"],"picked":"Runic Pyramid"},{"not_picked":["SlaversCollar","Pandora\u0027s Box"],"picked":"Black Star"}],"items_purged_floors":[],"is_endless":false,"potions_floor_spawned":[1,4,8,14,16,18,22,23,25,30,35,39],"killed_by":"Giant Head","ascension_level":1}}