{"host":"r4aerl4ckfvw1dw3","time":1611863933,"event":{"mods":["BaseMod","BetterRewards","Minty Spire (QoL Compilation)","Quick Restart","StSLib"],"gold_per_floor":[113,124,124,124,137,162,162,178,203,219,229,244,261,261,261,364,364,374,394,426,444,454,479,479,479,479,112,128,145,162,195,195,300,300,313,328,328,378,393,420,642,642,687,697,715,730,206,219,219,219,219,219,17,17,17],"floor_reached":54,"language":"ENG","playtime":8289,"items_purged":["Writhe"],"score":830,"play_id":"974d47f3-cd7b-4271-a671-b6fed67fd514","local_time":"20210128115853","is_ascension_mode":true,"campfire_choices":[{"data":"Feed","floor":7.0,"key":"SMITH"},{"data":"Heavy Blade","floor":15.0,"key":"SMITH"},{"floor":24.0,"key":"REST"},{"floor":32.0,"key":"REST"},{"floor":42.0,"key":"RECALL"},{"floor":49.0,"key":"REST"},{"data":"Entrench","floor":52.0,"key":"SMITH"}],"circlet_count":0,"master_deck":["Strike_R","Strike_R","Strike_R","Strike_R","Strike_R","Defend_R","Defend_R","Defend_R","Defend_R+1","Offering+1","Flame Barrier","Flex","Heavy Blade+1","Feed+1","Thunderclap","Reckless Charge","Whirlwind","Iron Wave","Disarm+1","Exhume","Cleave","Seeing Red+1","Evolve","Pummel+1","Armaments","Feel No Pain+1","Headbutt+1","Metallicize","Limit Break","Searing Blow+1","Inflame","Entrench+1","Ghostly Armor","Dark Embrace+1","Offering","Bloodletting+1","Body Slam+1","Shrug It Off+1","Iron Wave+1","Heavy Blade+1","Cleave+1"],"relics":["Black Blood","Red Skull","Dream Catcher","Nunchaku","Mark of Pain","Red Mask","Lizard Tail","Meat on the Bone","Bag of Marbles","Ancient Tea Set","Girya","Orichalcum","Oddly Smooth Stone","ClockworkSouvenir","War Paint"],"acts_visited":["Exordium","TheCity","TheBeyond","TheEnding"],"potions_floor_usage":[54],"damage_taken":[{"damage":8.0,"enemies":"Cultist","floor":1.0,"turns":5.0},{"damage":0.0,"enemies":"Jaw Worm","floor":2.0,"turns":5.0},{"damage":0.0,"enemies":"Small Slimes","floor":5.0,"turns":5.0},{"damage":40.0,"enemies":"Lagavulin","floor":6.0,"turns":8.0},{"damage":5.0,"enemies":"Looter","floor":8.0,"turns":4.0},{"damage":4.0,"enemies":"Blue Slaver","floor":10.0,"turns":5.0},{"damage":14.0,"enemies":"2 Fungi Beasts","floor":11.0,"turns":4.0},{"damage":0.0,"enemies":"Red Slaver","floor":12.0,"turns":3.0},{"damage":7.0,"enemies":"Blue Slaver","floor":13.0,"turns":3.0},{"damage":29.0,"enemies":"The Guardian","floor":16.0,"turns":13.0},{"damage":6.0,"enemies":"Spheric Guardian","floor":18.0,"turns":3.0},{"damage":11.0,"enemies":"Chosen","floor":19.0,"turns":5.0},{"damage":59.0,"enemies":"Masked Bandits","floor":20.0,"turns":4.0},{"damage":10.0,"enemies":"Snake Plant","floor":21.0,"turns":3.0},{"damage":7.0,"enemies":"Centurion and Healer","floor":22.0,"turns":4.0},{"damage":25.0,"enemies":"Book of Stabbing","floor":23.0,"turns":5.0},{"damage":17.0,"enemies":"Sentry and Sphere","floor":28.0,"turns":4.0},{"damage":1.0,"enemies":"Chosen and Byrds","floor":29.0,"turns":2.0},{"damage":9.0,"enemies":"Snake Plant","floor":30.0,"turns":4.0},{"damage":40.0,"enemies":"Gremlin Leader","floor":31.0,"turns":7.0},{"damage":57.0,"enemies":"Collector","floor":33.0,"turns":8.0},{"damage":22.0,"enemies":"Orb Walker","floor":35.0,"turns":5.0},{"damage":9.0,"enemies":"3 Shapes","floor":36.0,"turns":6.0},{"damage":23.0,"enemies":"Mind Bloom Boss Battle","floor":38.0,"turns":11.0},{"damage":24.0,"enemies":"Sphere and 2 Shapes","floor":39.0,"turns":6.0},{"damage":32.0,"enemies":"Giant Head","floor":40.0,"turns":6.0},{"damage":32.0,"enemies":"Transient","floor":44.0,"turns":5.0},{"damage":12.0,"enemies":"3 Darklings","floor":45.0,"turns":4.0},{"damage":22.0,"enemies":"Sphere and 2 Shapes","floor":46.0,"turns":3.0},{"damage":34.0,"enemies":"Spire Growth","floor":48.0,"turns":7.0},{"damage":100.0,"enemies":"Awakened One","floor":50.0,"turns":18.0},{"damage":179,"enemies":"Shield and Spear","floor":54,"turns":8}],"seed_played":"-506145581211130351","potions_obtained":[{"floor":1.0,"key":"PowerPotion"},{"floor":5.0,"key":"SpeedPotion"},{"floor":8.0,"key":"Fire Potion"},{"floor":10.0,"key":"FairyPotion"},{"floor":12.0,"key":"DistilledChaos"},{"floor":19.0,"key":"CultistPotion"},{"floor":21.0,"key":"DistilledChaos"},{"floor":30.0,"key":"BlessingOfTheForge"},{"floor":31.0,"key":"LiquidMemories"},{"floor":33.0,"key":"PowerPotion"},{"floor":45.0,"key":"Fire Potion"},{"floor":46.0,"key":"Energy Potion"},{"floor":48.0,"key":"EssenceOfSteel"}],"is_trial":false,"path_per_floor":["M","M","?","?","M","E","R","M","T","M","M","M","M","?","R","B",null,"M","M","?","M","M","E","R","?","T","$","M","M","M","E","R","B",null,"M","M","?","?","M","E","?","R","T","M","M","M","$","M","R","B",null,"R","$","E"],"character_chosen":"IRONCLAD","items_purchased":["Metallicize","Limit Break","Bag of Marbles","Oddly Smooth Stone","DuplicationPotion","LiquidBronze","ClockworkSouvenir","War Paint","BloodPotion"],"campfire_rested":3,"item_purchase_floors":[27,27,27,47,47,47,47,53,53],"current_hp_per_floor":[78,80,80,80,80,46,46,47,47,53,45,51,54,54,54,31,88,88,87,34,30,33,14,42,42,42,42,43,60,57,35,63,24,96,86,89,96,85,73,65,65,65,65,57,69,63,63,53,83,39,100,100,100,0,0],"gold":17,"neow_bonus":"TRANSFORM_CARD","is_daily":false,"chose_seed":false,"campfire_upgraded":3,"win_rate":0.0,"timestamp":1611863933,"path_taken":["M","M","?","?","?","E","R","M","T","M","M","M","M","?","R","BOSS","M","M","?","M","M","E","R","?","T","$","M","?","M","E","R","BOSS","M","M","?","?","M","E","?","R","T","M","M","M","$","M","R","BOSS","R","$","E"],"items_purchased_type":["Card","Card","Relic","Relic","Potion","Potion","Relic","Relic","Potion"],"build_version":"2020-12-22","purchased_purges":1,"victory":false,"max_hp_per_floor":[80,80,80,80,80,80,80,80,80,84,84,84,88,88,88,88,88,88,92,92,92,96,96,96,96,96,96,96,96,96,96,96,96,96,96,96,96,96,96,96,96,96,96,96,96,100,100,100,100,100,100,100,100,100,100],"card_choices":[{"not_picked":["Sword Boomerang","Uppercut"],"picked":"Flame Barrier","floor":1.0},{"not_picked":["Flame Barrier","Feel No Pain"],"picked":"Flex","floor":2.0},{"not_picked":["True Grit","Second Wind"],"picked":"Heavy Blade","floor":5.0},{"not_picked":["Shrug It Off","Perfected Strike"],"picked":"Feed","floor":6.0},{"not_picked":["Cleave","Clash"],"picked":"Thunderclap","floor":8.0},{"not_picked":["Evolve","Clash"],"picked":"Reckless Charge","floor":10.0},{"not_picked":["Sever Soul","Dark Embrace"],"picked":"Whirlwind","floor":11.0},{"not_picked":["Twin Strike","Shrug It Off"],"picked":"Iron Wave","floor":12.0},{"not_picked":["Barricade","Sword Boomerang"],"picked":"Disarm","floor":13.0},{"not_picked":["Barricade","Offering"],"picked":"Exhume","floor":16.0},{"not_picked":["Wild Strike","Clash"],"picked":"Cleave","floor":18.0},{"not_picked":["Shrug It Off","Carnage"],"picked":"Seeing Red","floor":19.0},{"not_picked":["Blood for Blood","Dark Embrace"],"picked":"Evolve","floor":20.0},{"not_picked":["Shockwave","Second Wind"],"picked":"Pummel+1","floor":21.0},{"not_picked":["Body Slam","Warcry+1"],"picked":"Armaments","floor":22.0},{"not_picked":["Wild Strike+1","Berserk"],"picked":"Feel No Pain+1","floor":23.0},{"not_picked":["Thunderclap+1","Anger+1"],"picked":"Headbutt+1","floor":24.0},{"not_picked":["Anger","Shockwave"],"picked":"Searing Blow+1","floor":28.0},{"not_picked":["Heavy Blade","Double Tap"],"picked":"Inflame","floor":29.0},{"not_picked":["Cleave","Armaments+1"],"picked":"Entrench","floor":30.0},{"not_picked":["Perfected Strike","Havoc+1"],"picked":"Ghostly Armor","floor":31.0},{"not_picked":["Seeing Red","Dropkick"],"picked":"Dark Embrace+1","floor":32.0},{"not_picked":["Juggernaut","Exhume"],"picked":"Offering","floor":33.0},{"not_picked":["Clothesline+1","Armaments+1"],"picked":"Bloodletting+1","floor":35.0},{"not_picked":["Pommel Strike+1","Twin Strike","Wild Strike"],"picked":"SKIP","floor":36.0},{"not_picked":["Clothesline","Headbutt"],"picked":"Body Slam+1","floor":39.0},{"not_picked":["Shockwave","Cleave"],"picked":"Shrug It Off+1","floor":40.0},{"not_picked":["Pommel Strike+1","Twin Strike+1","Cleave"],"picked":"SKIP","floor":44.0},{"not_picked":["Thunderclap","Hemokinesis","Burning Pact+1"],"picked":"SKIP","floor":45.0},{"not_picked":["Anger+1","Corruption"],"picked":"Iron Wave+1","floor":46.0},{"not_picked":["Dropkick","Bloodletting"],"picked":"Heavy Blade+1","floor":48.0},{"not_picked":["Shrug It Off","Bloodletting+1"],"picked":"Cleave+1","floor":49.0}],"player_experience":428729,"relics_obtained":[{"floor":6.0,"key":"Dream Catcher"},{"floor":9.0,"key":"Nunchaku"},{"floor":20.0,"key":"Red Mask"},{"floor":23.0,"key":"Lizard Tail"},{"floor":26.0,"key":"Meat on the Bone"},{"floor":31.0,"key":"Ancient Tea Set"},{"floor":38.0,"key":"Girya"},{"floor":40.0,"key":"Orichalcum"}],"event_choices":[{"damage_healed":0.0,"max_hp_gain":0.0,"max_hp_loss":0.0,"gold_gain":0.0,"event_name":"Liars Game","player_choice":"Ignored","floor":3.0,"gold_loss":0.0,"damage_taken":0.0},{"damage_healed":0.0,"max_hp_gain":0.0,"max_hp_loss":0.0,"gold_gain":0.0,"event_name":"WeMeetAgain","player_choice":"Gave Potion","floor":4.0,"gold_loss":0.0,"damage_taken":0.0,"relics_obtained":["Red Skull"]},{"damage_healed":0.0,"max_hp_gain":0.0,"max_hp_loss":0.0,"gold_gain":0.0,"event_name":"Living Wall","player_choice":"Grow","floor":14.0,"gold_loss":0.0,"damage_taken":0.0,"cards_upgraded":["Disarm"]},{"damage_healed":0.0,"max_hp_gain":0.0,"max_hp_loss":0.0,"gold_gain":0.0,"event_name":"Masked Bandits","player_choice":"Fought Bandits","floor":20.0,"gold_loss":0.0,"damage_taken":0.0},{"damage_healed":0.0,"max_hp_gain":0.0,"max_hp_loss":0.0,"gold_gain":0.0,"event_name":"Upgrade Shrine","player_choice":"Upgraded","floor":25.0,"gold_loss":0.0,"damage_taken":0.0,"cards_upgraded":["Seeing Red"]},{"damage_healed":24.0,"max_hp_gain":0.0,"max_hp_loss":0.0,"gold_gain":0.0,"event_name":"Winding Halls","player_choice":"Writhe","floor":37.0,"gold_loss":0.0,"damage_taken":0.0,"cards_obtained":["Writhe"]},{"damage_healed":0.0,"max_hp_gain":0.0,"max_hp_loss":0.0,"gold_gain":0.0,"event_name":"MindBloom","player_choice":"Fight","floor":38.0,"gold_loss":0.0,"damage_taken":0.0},{"damage_healed":0.0,"max_hp_gain":0.0,"max_hp_loss":0.0,"gold_gain":222.0,"event_name":"Tomb of Lord Red Mask","player_choice":"Wore Mask","floor":41.0,"gold_loss":0.0,"damage_taken":0.0}],"is_beta":false,"boss_relics":[{"not_picked":["Busted Crown","Runic Pyramid"],"picked":"Mark of Pain"},{"not_picked":["Snecko Eye","Runic Cube"],"picked":"Black Blood"}],"items_purged_floors":[47],"is_endless":false,"potions_floor_spawned":[1,5,8,10,12,19,21,29,30,31,33,36,45,46,48],"killed_by":"Shield and Spear","ascension_level":1}}