{"host":"cyei475933pvpemq","time":1611829925,"event":{"mods":["Act Like it!","Aspiration","BaseMod","Better Third Choice","BetterRewards","Colored Map","Colored Powertips","Downfall","Energized Spire","Friendly Minions","Highlight Path","Hubris","Hyrulean Relics","Infinite Spire","Mimic Mod","Minty Spire (QoL Compilation)","Replay The Spire","Spicy Shops","Spikes Relics","StSLib","Uncapped"],"gold_per_floor":[114,114,114,17,29,29,58,71,111,131,131,131,141,43,43,139,139,150,150,150,180,95,95,130,140,140,150,150,178,191,191,191,305,305,339,339,339],"floor_reached":36,"language":"ENG","playtime":2170,"items_purged":["hubris:Greed"],"score":600,"play_id":"3bc37aa1-f0dc-4bc7-b6c0-4b8142318247","local_time":"20210128113205","is_ascension_mode":false,"campfire_choices":[{"floor":6,"key":"REST"},{"floor":12,"key":"REST"},{"floor":15,"key":"REST"},{"floor":23,"key":"REST"},{"floor":28,"key":"REST"},{"floor":32,"key":"REST"}],"circlet_count":0,"master_deck":["Strike_G","Strike_G","Strike_G","Strike_G","Strike_G","Defend_G","Defend_G","Defend_G","Defend_G","Defend_G","Survivor","Neutralize","Infinite Blades","Injury","Terror","ReplayTheSpireMod:Scrap Shanks","Prepared","Underhanded Strike","Hidden Blade","Infinite Blades","Metamorphosis","Slice","Replay:Bag of Tricks","hubris:DuctTapeCard","ReplayTheSpireMod:Shiv Toss","Cloak And Dagger","CurseOfTheBell","BlessedFruit","BlessedFruit","Slice+1"],"relics":["Ring of the Snake","ToxicTincture","Torii","hubris:EvacipatedBox","hubris:FruitBowl","ReplayTheSpireMod:CursedCoin","BargainBundle","hubris:SlimyHat","BicycleWheel","Black Star","hubris:CrystalStatue","aspiration:SecretTechniqueScroll","infinitespire:Eraser","MealTicket","hubris:CrystalStatue","Thread and Needle","hubris:DuctTape","hubris:SphereOfDissonance","Question Card","infinitespire:EvilPickle","Calling Bell","Blood Vial","SpikesRelics:ToyHorsey","HeavenlyBonsai"],"acts_visited":["Exordium","TheCity","TheBeyond"],"potions_floor_usage":[7,7,24,33,33,36],"damage_taken":[{"damage":0,"enemies":"Cultist","floor":1,"turns":4},{"damage":1,"enemies":"Small Slimes","floor":5,"turns":4},{"damage":16,"enemies":"Gremlin Nob","floor":7,"turns":3},{"damage":0,"enemies":"Jaw Worm","floor":8,"turns":3},{"damage":0,"enemies":"Exordium Wildlife","floor":9,"turns":4},{"damage":1,"enemies":"Exordium Wildlife","floor":10,"turns":3},{"damage":8,"enemies":"2 Fungi Beasts","floor":13,"turns":3},{"damage":35,"enemies":"Slime Boss","floor":16,"turns":4},{"damage":1,"enemies":"Chosen","floor":18,"turns":4},{"damage":5,"enemies":"2 Thieves","floor":21,"turns":4},{"damage":19,"enemies":"Slavers","floor":24,"turns":3},{"damage":14,"enemies":"2 Thieves","floor":25,"turns":3},{"damage":13,"enemies":"Snake Plant","floor":27,"turns":4},{"damage":0,"enemies":"Nightmare","floor":29,"turns":1},{"damage":6,"enemies":"Sentry and Sphere","floor":30,"turns":3},{"damage":3,"enemies":"Pondfish","floor":33,"turns":5},{"damage":15,"enemies":"3 Shapes","floor":35,"turns":5},{"damage":42,"enemies":"infinitespire:Three Voidlings","floor":36,"turns":4},{"damage":37,"enemies":"Nightmare_Alpha","floor":36,"turns":2}],"seed_played":"5544486238309168438","potions_obtained":[{"floor":1,"key":"Poison Potion"},{"floor":3,"key":"DuplicationPotion"},{"floor":3,"key":"hexamod:SoulburnPotion"},{"floor":10,"key":"Slimebound:ThreeZeroPotion"},{"floor":25,"key":"PowerPotion"},{"floor":27,"key":"champ:CounterPotion"},{"floor":29,"key":"PowerPotion"},{"floor":33,"key":"GamblersBrew"}],"is_trial":false,"path_per_floor":["M","$","?","$","M","R","E","M","MIM","M","?","R","M","$","R","B",null,"M","AVR","?","MIM","?","R","E","M","T","M","R","NM","M","?","R","B",null,"M","?"],"character_chosen":"THE_SILENT","items_purchased":["ToxicTincture","Torii","hubris:EvacipatedBox","hubris:FruitBowl","ReplayTheSpireMod:CursedCoin","BargainBundle","hubris:SlimyHat","Terror","ReplayTheSpireMod:Scrap Shanks","Mind Blast","Accuracy"],"campfire_rested":6,"item_purchase_floors":[2,2,2,2,4,4,4,4,4,4,14],"current_hp_per_floor":[77,8,8,8,7,30,14,14,14,13,13,36,28,28,51,16,77,76,76,64,59,59,84,65,51,51,38,63,63,57,57,82,79,84,71,0,0],"gold":339,"neow_bonus":"TEN_PERCENT_HP_BONUS","is_daily":false,"chose_seed":false,"campfire_upgraded":0,"win_rate":0.0,"timestamp":1611829925,"path_taken":["M","?","?","$","?","R","E","M","MIM","M","?","R","M","$","R","BOSS","M","AVR","?","?","?","R","E","M","T","M","R","NM","M","?","R","BOSS","M","?"],"items_purchased_type":["Relic","Relic","Relic","Relic","Relic","Relic","Relic","Card","Card","Card","Card"],"build_version":"2020-12-22","purchased_purges":1,"victory":false,"max_hp_per_floor":[77,77,77,77,77,77,77,77,77,77,77,77,77,77,77,77,77,77,77,84,84,84,84,84,84,84,84,84,84,84,84,84,84,84,86,88,88],"card_choices":[{"not_picked":["Poisoned Stab","Calculated Gamble"],"picked":"Infinite Blades","floor":1},{"not_picked":["Dagger Spray","hubris:TrickCloak"],"picked":"Prepared","floor":5},{"not_picked":["Endless Agony","Flying Knee"],"picked":"Underhanded Strike","floor":7},{"not_picked":["Bane","Outmaneuver","Underhanded Strike"],"picked":"SKIP","floor":8},{"not_picked":["hubris:SlightOfHand","Flying Knee"],"picked":"Hidden Blade","floor":9},{"not_picked":["Finisher","hubris:SlightOfHand"],"picked":"Infinite Blades","floor":10},{"not_picked":["PiercingWail","hubris:Sniper"],"picked":"Slice","floor":13},{"not_picked":["Wraith Form v2","Night Terror"],"picked":"Replay:Bag of Tricks","floor":16},{"not_picked":["Crippling Poison+1","Endless Agony"],"picked":"Backstab+1","floor":18},{"not_picked":["Bane","Doppelganger","Deflect+1"],"picked":"SKIP","floor":24},{"not_picked":["Dodge and Roll+1","Acrobatics","Poisoned Stab"],"picked":"SKIP","floor":25},{"not_picked":["Riddle With Holes+1","Catalyst"],"picked":"ReplayTheSpireMod:Shiv Toss","floor":27},{"not_picked":["Backflip","Quick Slash"],"picked":"Cloak And Dagger","floor":29},{"not_picked":["aspiration:Lunge","Acrobatics","Sucker Punch","Flying Knee"],"picked":"SKIP","floor":30},{"not_picked":["Replay:Poison Smokescreen","Deflect+1","ShadowRift"],"picked":"Slice+1","floor":35}],"player_experience":338593,"relics_obtained":[{"floor":7,"key":"BicycleWheel"},{"floor":21,"key":"infinitespire:Eraser"},{"floor":24,"key":"hubris:CrystalStatue"},{"floor":24,"key":"Thread and Needle"},{"floor":26,"key":"hubris:DuctTape"},{"floor":29,"key":"hubris:SphereOfDissonance"},{"floor":29,"key":"Question Card"},{"floor":34,"key":"Blood Vial"},{"floor":34,"key":"SpikesRelics:ToyHorsey"},{"floor":34,"key":"HeavenlyBonsai"}],"event_choices":[{"damage_healed":0,"gold_gain":0,"player_choice":"Got Potions","damage_taken":0,"max_hp_gain":0,"max_hp_loss":0,"event_name":"Lab","floor":3,"gold_loss":0},{"damage_healed":0,"gold_gain":0,"cards_transformed":["Mind Blast"],"player_choice":"Transformed","damage_taken":0,"max_hp_gain":0,"max_hp_loss":0,"event_name":"Transmorgrifier","floor":11,"gold_loss":0,"cards_obtained":["Metamorphosis"]},{"damage_healed":0,"gold_gain":0,"player_choice":"Shed Blood","damage_taken":19,"max_hp_gain":5,"max_hp_loss":0,"event_name":"Forgotten Altar","floor":20,"gold_loss":0},{"damage_healed":0,"gold_gain":0,"player_choice":"Obtained Relic","damage_taken":0,"relics_obtained":["MealTicket"],"max_hp_gain":0,"max_hp_loss":0,"event_name":"Addict","floor":22,"gold_loss":85}],"is_beta":false,"boss_relics":[{"not_picked":["energizedSpire:DeadBattery","energizedSpire:RedRose","Sozu"],"picked":"Black Star"},{"not_picked":["Painkiller Herb","Kintsugi","energizedSpire:EnergizedDie"],"picked":"Calling Bell"}],"items_purged_floors":[4],"is_endless":true,"potions_floor_spawned":[1,10,25,27,29,33,36],"killed_by":"Nightmare_Alpha","ascension_level":0}}