{"host":"pyelotildgrd5mks","time":1611822560,"event":{"mods":["BaseMod","Downfall","Minty Spire (QoL Compilation)","Quick Restart","StSLib"],"gold_per_floor":[99,112,125,136,136,166,166,179,179,192,92,2,22,47,67,167,167,167,179,195,264,264,149,149,149,182,192,397,397,413,431,449,550,550,550,560,576,587,587,601,627,527,220,220,251,261,261,311,329,329,329,329],"floor_reached":50,"language":"ZHS","playtime":2831,"items_purged":["Normality","bronze:Defend","Bite","bronze:Defend"],"score":558,"play_id":"11dfc430-b60a-4231-91f9-3e5d2428505b","local_time":"20210128162920","is_ascension_mode":false,"campfire_choices":[{"floor":1.0,"key":"RECALL"},{"data":"bronze:Iterate","floor":11.0,"key":"SMITH"},{"data":"bronze:RecursiveStrike","floor":18.0,"key":"SMITH"},{"data":"bronze:Boost","floor":25.0,"key":"SMITH"},{"data":"bronze:Turbo","floor":29.0,"key":"SMITH"},{"data":"bronze:Virus","floor":35.0,"key":"SMITH"},{"floor":42.0,"key":"REST"},{"data":"bronze:Break","floor":47,"key":"SMITH"}],"circlet_count":0,"master_deck":["bronze:Defend","bronze:Defend","bronze:Replicate+1","bronze:Goto+1","Apotheosis+1","bronze:Safeguard","bronze:Branch+1","bronze:Refactor","bronze:Iterate+1","bronze:ChildClass","bronze:RecursiveStrike+1","bronze:ClassDefault+1","Bite","Bite","Bite","bronze:Boost+1","bronze:Break+1","bronze:FineTuning+1","bronze:Turbo+1","bronze:Virus+1","bronze:Shell"],"relics":["bronze:BronzeCore","Pocketwatch","downfall:HeartBlessingRed","Whetstone","SlaversCollar","Question Card","Pantograph","Potion Belt","Philosopher\u0027s Stone","downfall:HeartBlessingBlue","Medical Kit","hexamod:BolsterEngine","Calipers"],"acts_visited":["TheCity","TheBeyond"],"potions_floor_usage":[],"damage_taken":[{"damage":0.0,"enemies":"Small Slimes","floor":2.0,"turns":4.0},{"damage":1.0,"enemies":"Cultist","floor":3.0,"turns":4.0},{"damage":2.0,"enemies":"Jaw Worm","floor":4.0,"turns":4.0},{"damage":18.0,"enemies":"3 Sentries","floor":6.0,"turns":7.0},{"damage":3.0,"enemies":"Red Slaver","floor":8.0,"turns":5.0},{"damage":12.0,"enemies":"3 Louse","floor":10.0,"turns":5.0},{"damage":0.0,"enemies":"downfall:FleeingMerchant","floor":12.0,"turns":4.0},{"damage":0.0,"enemies":"Large Slime","floor":13.0,"turns":3.0},{"damage":0.0,"enemies":"Lagavulin","floor":14.0,"turns":5.0},{"damage":5.0,"enemies":"Lots of Slimes","floor":15.0,"turns":5.0},{"damage":17.0,"enemies":"SI_SHIV_ARCHETYPE","floor":16.0,"turns":9.0},{"damage":0.0,"enemies":"3 Byrds","floor":19.0,"turns":3.0},{"damage":0.0,"enemies":"Shell Parasite","floor":20.0,"turns":4.0},{"damage":0.0,"enemies":"downfall:FleeingMerchant","floor":23.0,"turns":4.0},{"damage":10.0,"enemies":"Book of Stabbing","floor":26.0,"turns":5.0},{"damage":20.0,"enemies":"Sentry and Sphere","floor":27.0,"turns":4.0},{"damage":0.0,"enemies":"downfall:FleeingMerchant","floor":28.0,"turns":4.0},{"damage":24.0,"enemies":"Shelled Parasite and Fungi","floor":30.0,"turns":4.0},{"damage":0.0,"enemies":"Centurion and Healer","floor":31.0,"turns":5.0},{"damage":0.0,"enemies":"Sentry and Sphere","floor":32.0,"turns":3.0},{"damage":14.0,"enemies":"DF_ARCHETYPE_CLAW","floor":33.0,"turns":7.0},{"damage":11.0,"enemies":"Orb Walker","floor":36.0,"turns":2.0},{"damage":35.0,"enemies":"3 Darklings","floor":37.0,"turns":5.0},{"damage":13.0,"enemies":"Transient","floor":38.0,"turns":5.0},{"damage":21.0,"enemies":"4 Shapes","floor":40.0,"turns":11.0},{"damage":6.0,"enemies":"Nemesis","floor":45.0,"turns":5.0},{"damage":26.0,"enemies":"Writhing Mass","floor":46.0,"turns":7.0},{"damage":1,"enemies":"Writhing Mass","floor":48,"turns":3},{"damage":6,"enemies":"3 Darklings","floor":49,"turns":4},{"damage":86,"enemies":"IC_BLOCK_ARCHETYPE","floor":50,"turns":7}],"seed_played":"2592561443747119021","potions_obtained":[{"floor":2.0,"key":"Swift Potion"},{"floor":3.0,"key":"Slimebound:ThreeZeroPotion"},{"floor":4.0,"key":"SpeedPotion"},{"floor":16.0,"key":"CultistPotion"},{"floor":30.0,"key":"Strength Potion"},{"floor":31.0,"key":"ColorlessPotion"},{"floor":37.0,"key":"bronze:BuildAFunctionPotion"},{"floor":45.0,"key":"SteroidPotion"}],"is_trial":false,"path_per_floor":["R","M","M","M","?","E","T","M","?","M","R","$","M","E","M","B",null,"R","M","M","T","?","$","T","R","E","M","$","R","M","M","M","B",null,"R","M","M","M","?","M","T","R","$","?","E","M","R","?","M","B"],"character_chosen":"THE_AUTOMATON","items_purchased":["Medical Kit"],"campfire_rested":1,"item_purchase_floors":[43],"current_hp_per_floor":[70,70,69,67,67,49,49,46,46,34,34,34,34,34,29,12,70,70,70,70,70,49,49,49,49,39,25,43,43,28,47,49,41,49,49,41,20,21,21,12,12,39,39,39,45,40,40,58,59,0,0,0],"gold":329,"neow_bonus":"RANDOM_COLORLESS_2","is_daily":false,"chose_seed":false,"campfire_upgraded":6,"win_rate":0.0,"timestamp":1611822560,"path_taken":["R","M","M","M","?","E","T","?","?","M","R","$","M","E","M","BOSS","R","M","M","?","?","$","T","R","E","M","$","R","M","M","M","BOSS","R","M","M","M","?","M","T","R","?","?","E","?","R","?","M","BOSS"],"items_purchased_type":["Relic"],"build_version":"2020-12-22","purchased_purges":4,"victory":false,"max_hp_per_floor":[70,70,70,70,70,70,70,70,70,70,70,70,70,70,70,70,70,70,70,70,70,49,49,49,49,49,49,49,49,49,49,49,49,49,49,49,49,49,49,49,49,59,59,59,59,59,59,59,59,59,59,59],"card_choices":[{"not_picked":["Magnetism","Metamorphosis"],"picked":"Apotheosis","floor":0.0},{"not_picked":["bronze:BitShift","bronze:Fortify"],"picked":"bronze:Safeguard","floor":2.0},{"not_picked":["bronze:Shield","bronze:BitShift","bronze:Separator"],"picked":"SKIP","floor":3.0},{"not_picked":["bronze:Flail","bronze:BuggyMess"],"picked":"bronze:Branch","floor":4.0},{"not_picked":["bronze:WildBeam","bronze:DarkDash"],"picked":"bronze:Refactor","floor":6.0},{"not_picked":["bronze:InfiniteBeams","bronze:Frontload"],"picked":"bronze:Iterate","floor":8.0},{"not_picked":["bronze:Frontload","bronze:BitShift","bronze:Iterate"],"picked":"SKIP","floor":10.0},{"not_picked":["bronze:WhirlingStrike","bronze:Fortify"],"picked":"bronze:ChildClass","floor":12.0},{"not_picked":["bronze:FollowUp","bronze:Constructor","bronze:ShipIt"],"picked":"SKIP","floor":13.0},{"not_picked":["bronze:Shield","bronze:BuggyMess","bronze:Overheat"],"picked":"SKIP","floor":14.0},{"not_picked":["bronze:CutThrough","bronze:WhirlingStrike","bronze:Invalidate"],"picked":"SKIP","floor":15.0},{"not_picked":["bronze:ThunderWave","bronze:ShipIt"],"picked":"bronze:RecursiveStrike","floor":16.0},{"not_picked":["bronze:BronzeArmor","bronze:DelayedGuard"],"picked":"bronze:ClassDefault+1","floor":19.0},{"not_picked":["bronze:OilSpill","bronze:Invalidate","bronze:DarkDash"],"picked":"SKIP","floor":20.0},{"not_picked":["bronze:WhirlingStrike","bronze:Branch+1","bronze:BugBarrage"],"picked":"bronze:Boost","floor":23.0},{"not_picked":["bronze:Deprecate+1","bronze:DelayedGuard","bronze:WildBeam","bronze:Break"],"picked":"SKIP","floor":26.0},{"not_picked":["bronze:Deprecate+1","bronze:DelayedGuard","bronze:WildBeam"],"picked":"bronze:Break","floor":26.0},{"not_picked":["bronze:Iterate","bronze:Frontload","bronze:CutThrough+1"],"picked":"bronze:FineTuning+1","floor":27.0},{"not_picked":["bronze:BurnOut","bronze:Philosophize","bronze:Overload"],"picked":"bronze:Turbo","floor":28.0},{"not_picked":["bronze:WildBeam+1","bronze:Shield","bronze:Separator+1","bronze:BuggyMess"],"picked":"SKIP","floor":30.0},{"not_picked":["bronze:BronzeOrb","bronze:Library","bronze:Invalidate","bronze:Return"],"picked":"SKIP","floor":31.0},{"not_picked":["bronze:Frontload+1","bronze:BugBarrage+1","bronze:ChildClass","bronze:Return"],"picked":"SKIP","floor":32.0},{"not_picked":["bronze:ThunderWave","bronze:HardenedForm","bronze:BurnOut"],"picked":"bronze:Virus","floor":33.0},{"not_picked":["bronze:WildBeam+1","bronze:ChosenStrike","bronze:ClassDefault","bronze:Deprecate"],"picked":"SKIP","floor":36.0},{"not_picked":["bronze:Branch+1","bronze:DigitalCarnage+1","bronze:DelayedGuard+1","bronze:ChildClass+1"],"picked":"SKIP","floor":37.0},{"not_picked":["bronze:WhirlingStrike","bronze:DelayedGuard","bronze:DelayedSlice","bronze:DarkDash"],"picked":"SKIP","floor":38.0},{"not_picked":["bronze:Optimize+1","bronze:Frontload","bronze:Overheat","bronze:Allocate+1"],"picked":"SKIP","floor":40.0},{"not_picked":["bronze:Allocate","bronze:BugBarrage+1","bronze:WildBeam+1","bronze:ShipIt"],"picked":"SKIP","floor":45.0},{"not_picked":["bronze:Allocate+1","bronze:BuggyMess+1","bronze:DigitalCarnage","bronze:Turbo+1"],"picked":"SKIP","floor":46.0},{"not_picked":["bronze:DelayedSlice+1","bronze:CutThrough+1","bronze:Separator"],"picked":"bronze:Shell","floor":49}],"player_experience":665019,"relics_obtained":[{"floor":7.0,"key":"Pocketwatch"},{"floor":14.0,"key":"Whetstone"},{"floor":21.0,"key":"Question Card"},{"floor":24.0,"key":"Pantograph"},{"floor":26.0,"key":"Potion Belt"},{"floor":45.0,"key":"hexamod:BolsterEngine"},{"floor":48,"key":"Calipers"}],"event_choices":[{"damage_healed":0.0,"max_hp_gain":0.0,"max_hp_loss":21.0,"gold_gain":0.0,"event_name":"Vampires","player_choice":"Became a vampire","floor":22.0,"gold_loss":0.0,"damage_taken":0.0,"cards_obtained":["Bite","Bite","Bite","Bite","Bite"]},{"cards_removed":["Guardian:Strike_Guardian"],"damage_healed":0.0,"max_hp_gain":0.0,"max_hp_loss":0.0,"gold_gain":0.0,"event_name":"NoteForYourself","player_choice":"Took Card","floor":44.0,"gold_loss":0.0,"damage_taken":0.0,"cards_obtained":["Guardian:Strike_Guardian"]}],"is_beta":false,"boss_relics":[{"not_picked":["bronze:MakeshiftBattery","SacredBark"],"picked":"SlaversCollar"},{"not_picked":["Calling Bell","Black Star"],"picked":"Philosopher\u0027s Stone"}],"items_purged_floors":[12,23,28,43],"is_endless":false,"potions_floor_spawned":[2,3,4,15,16,20,30,31,33,37,45,46,49],"killed_by":"IC_BLOCK_ARCHETYPE","ascension_level":0}}