{"host":"8ki4rp59nppvqwda","time":1611872276,"event":{"mods":["AlwaysNeverKeys","BaseMod","Hermit","Minty Spire (QoL Compilation)","Robot Space Explorer","SacredBarkPlus","StSLib","The Bug Knight","The Cursed","The Marked","The Necromancer","The Trickster"],"gold_per_floor":[117,130,130,149,149,149,114,114,114,124,135,170,183,263,263,361,361,376,356,356,129,204,204,229,239,263,296,395,427,116,127,127,226,226,244,262,282,294,46,74,93,107,107,107,137,137,137,147,147,147],"floor_reached":51,"language":"ENG","playtime":19359,"items_purged":["RobotSpaceExplorer:Defend","RobotSpaceExplorer:Defend"],"score":910,"play_id":"a5509938-d869-42ca-9de4-94a202e5f08a","local_time":"20210128171756","is_ascension_mode":true,"campfire_choices":[{"data":"RobotSpaceExplorer:Blaster","floor":6.0,"key":"SMITH"},{"data":"RobotSpaceExplorer:Pulsar","floor":8.0,"key":"SMITH"},{"data":"RobotSpaceExplorer:DoubleFind","floor":15.0,"key":"SMITH"},{"data":"RobotSpaceExplorer:MiniLasers","floor":23.0,"key":"SMITH"},{"data":"RobotSpaceExplorer:BigMissile","floor":32,"key":"SMITH"},{"data":"RobotSpaceExplorer:Multitool","floor":44,"key":"SMITH"},{"data":"RobotSpaceExplorer:StarLightning","floor":47,"key":"SMITH"},{"data":"RobotSpaceExplorer:StarLightning","floor":49,"key":"SMITH"}],"circlet_count":0,"master_deck":["RobotSpaceExplorer:MiniLasers+1","RobotSpaceExplorer:Blaster+1","RobotSpaceExplorer:BigMissile+1","RobotSpaceExplorer:Smokescreen","RobotSpaceExplorer:Pulsar+1","RobotSpaceExplorer:DoubleFind+1","RobotSpaceExplorer:BlastShield+1","RobotSpaceExplorer:Counterblock+1","RobotSpaceExplorer:PowerGlove+1","Bite","Bite","Bite","Bite","Bite","RobotSpaceExplorer:Comet+1","RobotSpaceExplorer:Pulsar+1","RobotSpaceExplorer:Pulsar+1","RobotSpaceExplorer:Pulsar+1","RobotSpaceExplorer:StarLightning+1","RobotSpaceExplorer:GearShield+1","RobotSpaceExplorer:Comet+1","RobotSpaceExplorer:GearShield+1","RobotSpaceExplorer:StarDust+1","RobotSpaceExplorer:StarLightning+1","RobotSpaceExplorer:ShovelStrike+1","RobotSpaceExplorer:Multitool+1","RobotSpaceExplorer:ToxicBomb+1","RobotSpaceExplorer:JunkDive+1","RobotSpaceExplorer:FreezeRay+1","RobotSpaceExplorer:StarLightning+1","Dark Shackles+1","RobotSpaceExplorer:ScrapMissile","RobotSpaceExplorer:Probe"],"relics":["RobotSpaceExplorer:RoboCore","Nunchaku","HollowMod:StagPassRelic","Potion Belt","Toxic Egg 2","Philosopher\u0027s Stone","Pear","FossilizedHelix","Vajra","Pantograph","Prayer Wheel","Membership Card","Empty Cage","HornCleat","InkBottle","Boot","Anchor","Omamori"],"acts_visited":["Exordium","TheCity","TheBeyond"],"potions_floor_usage":[27,33,40,50,50,50],"damage_taken":[{"damage":0.0,"enemies":"Small Slimes","floor":1.0,"turns":3.0},{"damage":0.0,"enemies":"2 Louse","floor":2.0,"turns":2.0},{"damage":4.0,"enemies":"Jaw Worm","floor":4.0,"turns":2.0},{"damage":3.0,"enemies":"Exordium Wildlife","floor":10.0,"turns":4.0},{"damage":2.0,"enemies":"3 Louse","floor":11.0,"turns":4.0},{"damage":9.0,"enemies":"Lagavulin","floor":12.0,"turns":9.0},{"damage":0.0,"enemies":"Looter","floor":13.0,"turns":1.0},{"damage":43.0,"enemies":"Hexaghost","floor":16.0,"turns":15.0},{"damage":2.0,"enemies":"3 Byrds","floor":18.0,"turns":4.0},{"damage":3.0,"enemies":"2 Thieves","floor":19.0,"turns":4.0},{"damage":6.0,"enemies":"Gremlin Leader","floor":24.0,"turns":5.0},{"damage":8.0,"enemies":"Snake Plant","floor":25.0,"turns":3.0},{"damage":12,"enemies":"Slavers","floor":27,"turns":3},{"damage":0,"enemies":"HollowMod:Nosk","floor":29,"turns":6},{"damage":0,"enemies":"Cultist and Chosen","floor":31,"turns":4},{"damage":35,"enemies":"Automaton","floor":33,"turns":10},{"damage":0,"enemies":"3 Darklings","floor":35,"turns":3},{"damage":0,"enemies":"3 Shapes","floor":36,"turns":4},{"damage":0,"enemies":"Transient","floor":37,"turns":5},{"damage":0,"enemies":"Jaw Worm Horde","floor":38,"turns":4},{"damage":0,"enemies":"Nemesis","floor":40,"turns":6},{"damage":6,"enemies":"Spire Growth","floor":41,"turns":5},{"damage":0,"enemies":"Writhing Mass","floor":42,"turns":4},{"damage":10,"enemies":"Reptomancer","floor":45,"turns":5},{"damage":0,"enemies":"Transient","floor":48,"turns":5},{"damage":0,"enemies":"Donu and Deca","floor":50,"turns":6}],"seed_played":"4005122993723947045","potions_obtained":[{"floor":11.0,"key":"SkillPotion"},{"floor":16.0,"key":"Block Potion"},{"floor":19.0,"key":"PowerPotion"},{"floor":25.0,"key":"Explosive Potion"},{"floor":31,"key":"Dexterity Potion"},{"floor":36,"key":"Swift Potion"},{"floor":37,"key":"GamblersBrew"},{"floor":41,"key":"ColorlessPotion"},{"floor":42,"key":"RobotSpaceExplorer:PlasmaFlask"}],"is_trial":false,"path_per_floor":["M","M","?","M","?","R","?","R","T","M","M","E","M","T","R","B",null,"M","M","?","$","T","R","E","M","T","E","?","E","$","M","R","B",null,"M","M","M","M","$","E","M","M","T","R","E","?","R","M","R","B",null],"character_chosen":"RobotSpaceExplorer","items_purchased":["RobotSpaceExplorer:Comet+1","Membership Card","RobotSpaceExplorer:Wormhole+1","RobotSpaceExplorer:StarLightning","HornCleat","InkBottle"],"campfire_rested":0,"item_purchase_floors":[21,30,30,30,39,39],"current_hp_per_floor":[54,54,59,55,43,43,63,63,63,60,58,49,49,49,49,6,80,78,75,56,56,66,66,66,60,60,52,52,60,60,66,66,45,66,66,66,66,66,66,66,63,65,65,65,56,56,56,64,64,66],"gold":147,"neow_bonus":"THREE_RARE_CARDS","is_daily":false,"chose_seed":false,"campfire_upgraded":8,"win_rate":0.0,"timestamp":1611872276,"path_taken":["M","M","?","M","?","R","?","R","T","M","M","E","M","?","R","BOSS","M","M","?","?","?","R","E","M","T","E","?","E","$","M","R","BOSS","M","M","M","M","$","E","M","M","T","R","E","?","R","M","R","BOSS"],"items_purchased_type":["Card","Relic","Card","Card","Relic","Relic"],"build_version":"2020-12-22","purchased_purges":2,"victory":true,"max_hp_per_floor":[75,75,80,80,80,80,80,80,80,80,80,80,80,80,80,80,80,80,80,56,56,66,66,66,66,66,66,66,66,66,66,66,66,66,66,66,66,66,66,66,66,66,66,66,66,66,66,66,66,66],"card_choices":[{"not_picked":["RobotSpaceExplorer:Arsenal","RobotSpaceExplorer:Autoloader"],"picked":"RobotSpaceExplorer:Blaster","floor":0.0},{"not_picked":["RobotSpaceExplorer:Ammunition","RobotSpaceExplorer:FrostMissile"],"picked":"RobotSpaceExplorer:BigMissile","floor":1.0},{"not_picked":["RobotSpaceExplorer:DualCore","RobotSpaceExplorer:ToxicBomb"],"picked":"RobotSpaceExplorer:Smokescreen","floor":2.0},{"not_picked":["RobotSpaceExplorer:ImprovisedAttack","RobotSpaceExplorer:Ammunition"],"picked":"RobotSpaceExplorer:Pulsar","floor":4.0},{"not_picked":["RobotSpaceExplorer:ShovelStrike","RobotSpaceExplorer:StunGrenade","RobotSpaceExplorer:GlueSpray"],"picked":"SKIP","floor":10.0},{"not_picked":["RobotSpaceExplorer:SwiftStep","RobotSpaceExplorer:ShockKick","RobotSpaceExplorer:ToxicBomb"],"picked":"SKIP","floor":11.0},{"not_picked":["RobotSpaceExplorer:ScrapToss","RobotSpaceExplorer:FranticSearch"],"picked":"RobotSpaceExplorer:DoubleFind","floor":12.0},{"not_picked":["RobotSpaceExplorer:SlimeMissile","RobotSpaceExplorer:FranticSearch","RobotSpaceExplorer:ImprovisedAttack"],"picked":"SKIP","floor":13.0},{"not_picked":["RobotSpaceExplorer:Asteroid","RobotSpaceExplorer:TrailblazerForm"],"picked":"RobotSpaceExplorer:BlastShield+1","floor":16.0},{"not_picked":["RobotSpaceExplorer:Probe","RobotSpaceExplorer:IronShell+1"],"picked":"RobotSpaceExplorer:Counterblock+1","floor":18.0},{"not_picked":["RobotSpaceExplorer:ShovelStrike","RobotSpaceExplorer:Counterblock+1"],"picked":"RobotSpaceExplorer:PowerGlove+1","floor":19.0},{"not_picked":["RobotSpaceExplorer:ShovelStrike+1","RobotSpaceExplorer:LuckyStrike+1"],"picked":"RobotSpaceExplorer:Pulsar+1","floor":24.0},{"not_picked":["RobotSpaceExplorer:PowerCollector+1","RobotSpaceExplorer:Fix+1"],"picked":"RobotSpaceExplorer:Pulsar+1","floor":25.0},{"not_picked":["RobotSpaceExplorer:MiniDrones","RobotSpaceExplorer:SelfCleaning+1"],"picked":"RobotSpaceExplorer:Pulsar+1","floor":27},{"not_picked":["RobotSpaceExplorer:GlueSpray+1","RobotSpaceExplorer:MetalStrike","RobotSpaceExplorer:Jetpack+1"],"picked":"SKIP","floor":29},{"not_picked":["RobotSpaceExplorer:Probe","RobotSpaceExplorer:SurgingStrike+1"],"picked":"RobotSpaceExplorer:GearShield+1","floor":31},{"not_picked":["RobotSpaceExplorer:Counterblock+1","RobotSpaceExplorer:PowerGlove","RobotSpaceExplorer:GlueSpray+1"],"picked":"SKIP","floor":31},{"not_picked":["RobotSpaceExplorer:Multitool","RobotSpaceExplorer:Accelerator"],"picked":"RobotSpaceExplorer:Comet+1","floor":33},{"not_picked":["RobotSpaceExplorer:SelfCleaning+1","RobotSpaceExplorer:ImprovisedAttack+1"],"picked":"RobotSpaceExplorer:GearShield+1","floor":35},{"not_picked":["RobotSpaceExplorer:StunGrenade+1","RobotSpaceExplorer:MiniDrones"],"picked":"RobotSpaceExplorer:StarDust+1","floor":35},{"not_picked":["RobotSpaceExplorer:MiniDrones","RobotSpaceExplorer:Counterblock+1","RobotSpaceExplorer:PowerCollector"],"picked":"SKIP","floor":36},{"not_picked":["RobotSpaceExplorer:GlueShot+1","RobotSpaceExplorer:IronShell+1","RobotSpaceExplorer:SurgingShield+1"],"picked":"SKIP","floor":36},{"not_picked":["RobotSpaceExplorer:SurgingShield+1","RobotSpaceExplorer:GlueSpray+1"],"picked":"RobotSpaceExplorer:StarLightning","floor":37},{"not_picked":["RobotSpaceExplorer:FrostMissile+1","RobotSpaceExplorer:MetalStrike"],"picked":"RobotSpaceExplorer:ShovelStrike+1","floor":37},{"not_picked":["RobotSpaceExplorer:Counterblock+1","RobotSpaceExplorer:Calculate+1"],"picked":"RobotSpaceExplorer:Multitool","floor":38},{"not_picked":["RobotSpaceExplorer:Reload+1","RobotSpaceExplorer:TurboDodge+1","RobotSpaceExplorer:SlimeMissile+1"],"picked":"SKIP","floor":38},{"not_picked":["RobotSpaceExplorer:PowerGlove","RobotSpaceExplorer:Reload+1"],"picked":"RobotSpaceExplorer:ToxicBomb+1","floor":40},{"not_picked":["RobotSpaceExplorer:FranticSearch+1","RobotSpaceExplorer:MiniBoosters+1"],"picked":"RobotSpaceExplorer:JunkDive+1","floor":41},{"not_picked":["RobotSpaceExplorer:SwiftStep+1","RobotSpaceExplorer:SurgingStrike+1","RobotSpaceExplorer:SelfCleaning+1"],"picked":"SKIP","floor":41},{"not_picked":["RobotSpaceExplorer:FrostMissile","RobotSpaceExplorer:SurgingStrike+1"],"picked":"RobotSpaceExplorer:FreezeRay+1","floor":42},{"not_picked":["RobotSpaceExplorer:SlimeMissile+1","RobotSpaceExplorer:BigMissile","RobotSpaceExplorer:Electropulse"],"picked":"SKIP","floor":42},{"not_picked":["RobotSpaceExplorer:Jetpack+1","RobotSpaceExplorer:ImprovisedAttack"],"picked":"RobotSpaceExplorer:StarLightning","floor":45},{"not_picked":["HandOfGreed","Trip+1"],"picked":"Dark Shackles+1","floor":46},{"not_picked":["RobotSpaceExplorer:GlueShot+1","RobotSpaceExplorer:ShockKick+1"],"picked":"RobotSpaceExplorer:ScrapMissile","floor":48},{"not_picked":["RobotSpaceExplorer:FrostMissile","RobotSpaceExplorer:ExhaustFan"],"picked":"RobotSpaceExplorer:Probe","floor":48}],"player_experience":1224061,"relics_obtained":[{"floor":9.0,"key":"HollowMod:StagPassRelic"},{"floor":12.0,"key":"Potion Belt"},{"floor":14.0,"key":"Toxic Egg 2"},{"floor":22.0,"key":"Pear"},{"floor":24.0,"key":"FossilizedHelix"},{"floor":26,"key":"Vajra"},{"floor":27,"key":"Pantograph"},{"floor":29,"key":"Prayer Wheel"},{"floor":40,"key":"Boot"},{"floor":43,"key":"Anchor"},{"floor":45,"key":"Omamori"}],"event_choices":[{"damage_healed":0.0,"max_hp_gain":5.0,"max_hp_loss":0.0,"gold_gain":0.0,"event_name":"Big Fish","player_choice":"Donut","floor":3.0,"gold_loss":0.0,"damage_taken":0.0},{"damage_healed":0.0,"max_hp_gain":0.0,"max_hp_loss":0.0,"gold_gain":0.0,"event_name":"Scrap Ooze","player_choice":"Success","floor":5.0,"gold_loss":0.0,"damage_taken":12.0,"relics_obtained":["Nunchaku"]},{"damage_healed":20.0,"max_hp_gain":0.0,"max_hp_loss":0.0,"gold_gain":0.0,"event_name":"The Cleric","player_choice":"Healed","floor":7.0,"gold_loss":35.0,"damage_taken":0.0},{"damage_healed":0.0,"max_hp_gain":0.0,"max_hp_loss":24.0,"gold_gain":0.0,"event_name":"Vampires","player_choice":"Became a vampire","floor":20.0,"gold_loss":0.0,"damage_taken":0.0,"cards_obtained":["Bite","Bite","Bite","Bite","Bite"]},{"damage_healed":0,"gold_gain":99,"player_choice":"Stole From Cult","damage_taken":0,"max_hp_gain":0,"max_hp_loss":0,"event_name":"Nest","floor":28,"gold_loss":0},{"damage_healed":0,"gold_gain":0,"player_choice":"Memory 1","damage_taken":0,"max_hp_gain":0,"max_hp_loss":0,"event_name":"SensoryStone","floor":46,"gold_loss":0}],"is_beta":false,"boss_relics":[{"not_picked":["Coffee Dripper","Sozu"],"picked":"Philosopher\u0027s Stone"},{"not_picked":["Velvet Choker","Fusion Hammer"],"picked":"Empty Cage"}],"items_purged_floors":[21,30],"is_endless":false,"potions_floor_spawned":[11,16,19,25,31,36,37,41,42],"ascension_level":1}}