{"host":"5s7sm4h73jkd9266","time":1611767924,"event":{"mods":["AchievementEnabler","Bartender","BaseMod","Better Vampires","BetterRewards","Colored Map","Colored Powertips","Conspire","Downfall","Energized Spire","Hermit","Hubris","Magitek Elite","Minty Spire (QoL Compilation)","Potion Indicator Mod","Rare Cards Sparkle","Shop Mod","StSLib","The Blue Laboratory","The Necromancer","The Witch","Virulent Crown","everything is the same but u backflip on backflip","slay the spire mod where everything is the same but ironclad has a cowboy hat"],"gold_per_floor":[43,56,56,56,66,66,94,105,157,257,257,277,4,23,23,101,101,120,130,130,144,144,144,11,11,11,11,21,21,21,21],"floor_reached":30,"language":"ENG","playtime":3026,"items_purged":[],"score":657,"play_id":"27bfd4ac-2cee-4294-8b95-6556f4373e48","local_time":"20210127121844","is_ascension_mode":true,"campfire_choices":[{"floor":6.0,"key":"REST"},{"data":"Zap","floor":11.0,"key":"SMITH"},{"data":"hubris:DuctTapeCard","floor":15.0,"key":"SMITH"},{"floor":23.0,"key":"REST"},{"data":"Hyperbeam","floor":25.0,"key":"SMITH"},{"floor":27.0,"key":"REST"}],"circlet_count":0,"master_deck":["AscendersBane","Strike_B","Strike_B","Strike_B","Strike_B","Defend_B","Defend_B","Defend_B","Defend_B","Dualcast","Reinforced Body","Melter","Conserve Battery","Tempest","Steam","Sweeping Beam","Auto Shields","Stack","Hyperbeam+1","Ball Lightning","Go for the Eyes","Writhe","Sweeping Beam+1","Storm","Capacitor","Good Instincts","hubris:Sloth","Capacitor","Glacier","hubris:DuctTapeCard"],"relics":["Cracked Core","hubris:SoftwareUpdate","Chemical X","hubris:Towel","Dream Catcher","Toy Ornithopter","hubris:DuctTape","Cursed Key","Mummified Hand","hubris:Icosahedron","DataDisk"],"acts_visited":["Exordium","TheCity"],"potions_floor_usage":[30],"damage_taken":[{"damage":4.0,"enemies":"Small Slimes","floor":1.0,"turns":3.0},{"damage":3.0,"enemies":"conspire:RoseBush","floor":2.0,"turns":3.0},{"damage":1.0,"enemies":"Cultist","floor":5.0,"turns":3.0},{"damage":0.0,"enemies":"Gremlin Nob","floor":7.0,"turns":3.0},{"damage":1.0,"enemies":"Looter","floor":8.0,"turns":3.0},{"damage":9.0,"enemies":"3 Louse","floor":12.0,"turns":2.0},{"damage":0.0,"enemies":"Exordium Wildlife","floor":14.0,"turns":3.0},{"damage":29.0,"enemies":"The Guardian","floor":16.0,"turns":10.0},{"damage":0.0,"enemies":"Spheric Guardian","floor":18.0,"turns":4.0},{"damage":2.0,"enemies":"conspire:FuzzyDice","floor":19.0,"turns":2.0},{"damage":32.0,"enemies":"Snake Plant","floor":21.0,"turns":6.0},{"damage":47.0,"enemies":"Centurion and Healer","floor":28.0,"turns":9.0},{"damage":71,"enemies":"Gremlin Leader","floor":30,"turns":3}],"seed_played":"-1189616420058145042","potions_obtained":[{"floor":7.0,"key":"Regen Potion"},{"floor":8.0,"key":"Slimebound:ThreeZeroPotion"},{"floor":14.0,"key":"FocusPotion"},{"floor":16.0,"key":"blueLaboratory:SavagePotion"},{"floor":18.0,"key":"Explosive Potion"},{"floor":28.0,"key":"blueLaboratory:CoolantVial"}],"is_trial":false,"path_per_floor":["M","M","?","?","M","R","E","M","T","?","R","M","$","M","R","B",null,"M","M","?","M","?","R","$","R","T","R","M","?","E"],"character_chosen":"DEFECT","items_purchased":["hubris:SoftwareUpdate","Chemical X","Reinforced Body","Melter","PowerPotion","hubris:DuctTape","Capacitor","Good Instincts"],"campfire_rested":3,"item_purchase_floors":[0,0,0,0,0,13,24,24],"current_hp_per_floor":[37,34,34,56,55,66,66,65,65,65,65,56,56,61,61,52,63,63,64,64,32,32,51,51,51,51,66,19,15,0,0],"gold":21,"neow_bonus":"","is_daily":false,"chose_seed":false,"campfire_upgraded":3,"win_rate":0.0,"timestamp":1611767924,"path_taken":["M","M","?","?","M","R","E","M","T","?","R","M","$","M","R","BOSS","M","?","?","M","?","R","$","R","T","R","?","?","E"],"items_purchased_type":["Relic","Relic","Card","Card","Potion","Relic","Card","Card"],"build_version":"2020-12-22","purchased_purges":0,"victory":false,"max_hp_per_floor":[66,66,66,66,66,66,66,66,66,66,66,66,66,66,66,66,66,66,66,66,66,66,66,66,66,66,66,66,66,66,66],"card_choices":[{"not_picked":["Barrage","Redo"],"picked":"Conserve Battery","floor":1.0},{"not_picked":["Turbo","Beam Cell"],"picked":"Tempest","floor":2.0},{"not_picked":["Conserve Battery","Stack"],"picked":"Gash","floor":5.0},{"not_picked":["Consume","Reprogram"],"picked":"Steam","floor":7.0},{"not_picked":["Redo","Turbo"],"picked":"Sweeping Beam","floor":8.0},{"not_picked":["Melter","Go for the Eyes"],"picked":"Auto Shields","floor":12.0},{"not_picked":["conspire:Rain","Chaos"],"picked":"Stack","floor":14.0},{"not_picked":["Reboot","Meteor Strike"],"picked":"Hyperbeam","floor":16.0},{"not_picked":["Heatsinks","Compile Driver"],"picked":"Ball Lightning","floor":18.0},{"not_picked":["Rebound","Sweeping Beam"],"picked":"Go for the Eyes","floor":19.0},{"not_picked":["Beam Cell","Stack"],"picked":"Sweeping Beam+1","floor":21.0},{"not_picked":["Turbo+1","Sweeping Beam"],"picked":"Storm","floor":23.0},{"not_picked":["Storm","Ball Lightning"],"picked":"Capacitor","floor":27.0},{"not_picked":["Turbo","Leap"],"picked":"Glacier","floor":28.0}],"player_experience":5501323,"relics_obtained":[{"floor":7.0,"key":"Dream Catcher"},{"floor":9.0,"key":"Toy Ornithopter"},{"floor":26.0,"key":"DataDisk"}],"event_choices":[{"damage_healed":22.0,"max_hp_gain":0.0,"max_hp_loss":0.0,"gold_gain":0.0,"event_name":"Big Fish","player_choice":"Banana","floor":4.0,"gold_loss":0.0,"damage_taken":0.0},{"damage_healed":0.0,"max_hp_gain":0.0,"max_hp_loss":0.0,"gold_gain":100.0,"event_name":"Wheel of Change","player_choice":"Gold","floor":10.0,"gold_loss":0.0,"damage_taken":0.0},{"damage_healed":0.0,"max_hp_gain":0.0,"max_hp_loss":0.0,"gold_gain":0.0,"event_name":"The Mausoleum","player_choice":"Opened","floor":20.0,"gold_loss":0.0,"damage_taken":0.0,"relics_obtained":["Mummified Hand"],"cards_obtained":["Writhe"]},{"damage_healed":0.0,"max_hp_gain":0.0,"max_hp_loss":0.0,"gold_gain":0.0,"event_name":"conspire:Investor","player_choice":"Leave","floor":29.0,"gold_loss":0.0,"damage_taken":0.0}],"is_beta":false,"boss_relics":[{"not_picked":["Sozu","energizedSpire:CursedPentagram"],"picked":"Cursed Key"}],"items_purged_floors":[],"is_endless":false,"potions_floor_spawned":[7,8,14,16,18,28],"killed_by":"Gremlin Leader","ascension_level":17}}