{"host":"xkmvu47k9fdstweo","time":1611855316,"event":{"mods":["BaseMod","Colored Map","Conspire","HololiveMod","Hubris","Minty Spire (QoL Compilation)","Quick Restart","Railgun Mod","Shop Mod","StSLib","The Alterego","The Animator","The Servant 0.9.4","The Wild Card","TheBandit","WarShipGirlsR/??è≠èóR mod"],"gold_per_floor":[118,118,68,85,35,35,64,64,64,64,88,88,101,124,124,247,247,266,279,229,280,280,280,280],"floor_reached":23,"language":"ENG","playtime":502,"items_purged":[],"score":422,"play_id":"a933c3c5-b195-45c1-bb44-94d95f70459c","local_time":"20210128123516","is_ascension_mode":true,"campfire_choices":[{"data":"Bash","floor":6,"key":"SMITH"},{"data":"Shrug It Off","floor":12,"key":"SMITH"},{"data":"Rampage","floor":15,"key":"SMITH"}],"circlet_count":0,"master_deck":["AscendersBane","Strike_R","Strike_R","Strike_R","Strike_R","Strike_R","Defend_R+1","Defend_R","Defend_R","Defend_R","Bash+1","Battle Trance+1","Pommel Strike","Cleave","Intimidate","Shrug It Off+1","Whirlwind","Rampage+1","Double Tap","Dropkick","conspire:SpireCoStock","conspire:Charge"],"relics":["Burning Blood","NeowsBlessing","War Paint","Smiling Mask","Golden Idol","hubris:CrystalStatue","Mark of Pain","PreservedInsect"],"acts_visited":["Exordium","TheCity"],"potions_floor_usage":[16,16,21],"damage_taken":[{"damage":0,"enemies":"2 Louse","floor":1,"turns":1},{"damage":0,"enemies":"Jaw Worm","floor":4,"turns":1},{"damage":0,"enemies":"Gremlin Nob","floor":7,"turns":1},{"damage":0,"enemies":"Cultist","floor":11,"turns":3},{"damage":0,"enemies":"3 Louse","floor":13,"turns":3},{"damage":0,"enemies":"2 Fungi Beasts","floor":14,"turns":2},{"damage":0,"enemies":"Slime Boss","floor":16,"turns":5},{"damage":7,"enemies":"conspire:FuzzyDice","floor":18,"turns":5},{"damage":0,"enemies":"3 Byrds","floor":19,"turns":4},{"damage":46,"enemies":"conspire:MimicChest","floor":21,"turns":7},{"damage":41,"enemies":"conspire:SneckoGhost","floor":23,"turns":6}],"seed_played":"-4845640252827403207","potions_obtained":[{"floor":7,"key":"SteroidPotion"},{"floor":11,"key":"BlessingOfTheForge"},{"floor":18,"key":"Block Potion"}],"is_trial":false,"path_per_floor":["M","?","?","M","$","R","E","?","T","?","M","R","M","M","R","B",null,"M","M","?","?","?","E"],"character_chosen":"IRONCLAD","items_purchased":["Cleave"],"campfire_rested":0,"item_purchase_floors":[5],"current_hp_per_floor":[78,78,78,80,80,80,80,60,60,60,66,66,72,78,78,80,80,79,80,80,40,32,0,0],"gold":280,"neow_bonus":"THREE_ENEMY_KILL","is_daily":false,"chose_seed":false,"campfire_upgraded":3,"win_rate":0.0,"timestamp":1611855316,"path_taken":["M","?","?","?","$","R","E","?","T","?","M","R","M","?","R","BOSS","M","M","?","?","?","E"],"items_purchased_type":["Card"],"build_version":"2020-12-22","purchased_purges":0,"victory":false,"max_hp_per_floor":[80,80,80,80,80,80,80,80,80,80,80,80,80,80,80,80,80,80,80,80,80,80,80,80],"card_choices":[{"not_picked":["Heavy Blade","Twin Strike"],"picked":"Battle Trance","floor":1},{"not_picked":["Flex","Sever Soul"],"picked":"Pommel Strike","floor":4},{"not_picked":["Flex","Feel No Pain"],"picked":"Intimidate","floor":7},{"not_picked":["Twin Strike","Pummel"],"picked":"Shrug It Off","floor":11},{"not_picked":["Clothesline","Warcry"],"picked":"Whirlwind","floor":13},{"not_picked":["Combust","Anger"],"picked":"Rampage","floor":14},{"not_picked":["Berserk","Bludgeon"],"picked":"Double Tap","floor":16},{"not_picked":["conspire:ExplosiveBarrier","hubris:SharpeningStone"],"picked":"Dropkick","floor":18},{"not_picked":["Blood for Blood","Havoc","Pommel Strike"],"picked":"SKIP","floor":19},{"not_picked":["Armaments","Sword Boomerang"],"picked":"conspire:Charge","floor":21}],"player_experience":380946,"relics_obtained":[{"floor":7,"key":"Smiling Mask"},{"floor":9,"key":"hubris:CrystalStatue"},{"floor":21,"key":"PreservedInsect"}],"event_choices":[{"damage_healed":0,"gold_gain":0,"player_choice":"Disagree","damage_taken":0,"max_hp_gain":0,"max_hp_loss":0,"event_name":"conspire:LoneGhost","floor":2,"gold_loss":0},{"damage_healed":0,"gold_gain":0,"player_choice":"Paid Gold","damage_taken":0,"relics_obtained":["War Paint"],"max_hp_gain":0,"max_hp_loss":0,"event_name":"WeMeetAgain","floor":3,"gold_loss":50},{"damage_healed":0,"gold_gain":0,"player_choice":"Take Damage","damage_taken":20,"relics_obtained":["Golden Idol"],"max_hp_gain":0,"max_hp_loss":0,"event_name":"Golden Idol","floor":8,"gold_loss":0},{"damage_healed":0,"gold_gain":0,"player_choice":"0 cards matched","damage_taken":0,"max_hp_gain":0,"max_hp_loss":0,"event_name":"Match and Keep!","floor":10,"gold_loss":0,"cards_obtained":[]},{"damage_healed":0,"gold_gain":0,"player_choice":"Invest 1","damage_taken":0,"max_hp_gain":0,"max_hp_loss":0,"event_name":"conspire:Investor","floor":20,"gold_loss":0},{"damage_healed":0,"gold_gain":0,"player_choice":"Damaged","damage_taken":8,"max_hp_gain":0,"max_hp_loss":0,"event_name":"Wheel of Change","floor":22,"gold_loss":0}],"is_beta":false,"boss_relics":[{"not_picked":["hubris:VirtuousBlindfold","conspire:RoyalGoblet"],"picked":"Mark of Pain"}],"items_purged_floors":[],"is_endless":false,"potions_floor_spawned":[7,11,13,18],"killed_by":"conspire:SneckoGhost","ascension_level":12}}