{"host":"sian7qp8a9pc9xwd","time":1611826233,"event":{"mods":["BaseMod","Minty Spire (QoL Compilation)","StSLib","SuperFastMode"],"gold_per_floor":[118,118,118,134,8,41,57,77,104,4,4,21,33,45,45,119,119,133,133,147,165,184,184,184,184,210,230,230,101,127,127,127,127,127],"floor_reached":33,"language":"ENG","playtime":1929,"items_purged":["Defend_B","Defend_B","Strike_B"],"score":457,"play_id":"45166673-fada-4c1e-a249-99984c0f0538","local_time":"20210128043033","is_ascension_mode":true,"campfire_choices":[{"data":"Tempest","floor":11.0,"key":"SMITH"},{"data":"Thunder Strike","floor":15,"key":"SMITH"},{"floor":23,"key":"REST"},{"data":"Dualcast","floor":25,"key":"SMITH"},{"data":"Glacier","floor":28,"key":"SMITH"},{"data":"Capacitor","floor":32,"key":"SMITH"}],"circlet_count":0,"master_deck":["AscendersBane","Zap+1","Dualcast+1","Ball Lightning","Conserve Battery","Conserve Battery","Thunder Strike+1","Tempest+1","Conserve Battery","Glacier+1","Defragment+1","Chill","Cold Snap","Capacitor+1"],"relics":["Cracked Core","PreservedInsect","Regal Pillow","Empty Cage","Smiling Mask","Boot","MutagenicStrength"],"acts_visited":["Exordium","TheCity"],"potions_floor_usage":[14,18,21],"damage_taken":[{"damage":4.0,"enemies":"Jaw Worm","floor":1.0,"turns":4.0},{"damage":0.0,"enemies":"2 Louse","floor":4.0,"turns":2.0},{"damage":14.0,"enemies":"3 Sentries","floor":6.0,"turns":7.0},{"damage":0.0,"enemies":"Cultist","floor":7.0,"turns":3.0},{"damage":0.0,"enemies":"3 Louse","floor":8.0,"turns":3.0},{"damage":1.0,"enemies":"Blue Slaver","floor":12.0,"turns":3.0},{"damage":6.0,"enemies":"2 Fungi Beasts","floor":13.0,"turns":3.0},{"damage":9,"enemies":"Exordium Thugs","floor":14,"turns":3},{"damage":3,"enemies":"The Guardian","floor":16,"turns":7},{"damage":12,"enemies":"2 Thieves","floor":18,"turns":4},{"damage":5,"enemies":"Chosen","floor":20,"turns":3},{"damage":13,"enemies":"Centurion and Healer","floor":21,"turns":5},{"damage":0,"enemies":"Chosen and Byrds","floor":22,"turns":6},{"damage":10,"enemies":"Snake Plant","floor":27,"turns":3},{"damage":31,"enemies":"Gremlin Leader","floor":30,"turns":6},{"damage":18,"enemies":"Automaton","floor":33,"turns":6}],"seed_played":"-5403026785650345540","potions_obtained":[{"floor":4.0,"key":"AttackPotion"},{"floor":7.0,"key":"Block Potion"},{"floor":8.0,"key":"SteroidPotion"},{"floor":14,"key":"Fire Potion"},{"floor":18,"key":"Block Potion"},{"floor":21,"key":"Block Potion"}],"is_trial":false,"path_per_floor":["M","?","?","M","$","E","M","M","T","$","R","M","M","M","R","B",null,"M","?","M","M","M","R","?","R","T","M","R","$","E","?","R","B"],"character_chosen":"DEFECT","items_purchased":["Conserve Battery","Capacitor"],"campfire_rested":1,"item_purchase_floors":[5,29],"current_hp_per_floor":[60,60,53,53,53,39,39,39,39,39,39,38,32,23,23,20,53,41,41,36,23,23,57,57,57,57,47,47,47,16,16,16,0,0],"gold":127,"neow_bonus":"REMOVE_TWO","is_daily":false,"chose_seed":false,"campfire_upgraded":5,"win_rate":0.0,"timestamp":1611826233,"path_taken":["M","?","?","M","$","E","M","M","T","?","R","M","M","M","R","BOSS","M","?","?","M","M","R","?","R","T","M","R","$","E","?","R","BOSS"],"items_purchased_type":["Card","Card"],"build_version":"2020-12-22","purchased_purges":3,"victory":false,"max_hp_per_floor":[64,64,64,64,64,64,64,64,64,64,64,64,64,64,64,64,64,64,64,64,64,64,64,64,64,64,64,64,64,64,64,64,64,64],"card_choices":[{"not_picked":["Leap","Aggregate"],"picked":"Ball Lightning","floor":1.0},{"not_picked":["Capacitor","BootSequence"],"picked":"Conserve Battery","floor":4.0},{"not_picked":["Redo","Lockon"],"picked":"Thunder Strike","floor":6.0},{"not_picked":["Stack","Sweeping Beam"],"picked":"Tempest","floor":7.0},{"not_picked":["Recycle","Beam Cell"],"picked":"Conserve Battery","floor":8.0},{"not_picked":["Heatsinks","Stack"],"picked":"Glacier","floor":12.0},{"not_picked":["Go for the Eyes","BootSequence","Hologram"],"picked":"SKIP","floor":13.0},{"not_picked":["Turbo","Gash","Barrage"],"picked":"SKIP","floor":14},{"not_picked":["Redo","Genetic Algorithm+1"],"picked":"Defragment+1","floor":18},{"not_picked":["Reprogram","Conserve Battery","Static Discharge"],"picked":"SKIP","floor":20},{"not_picked":["Ball Lightning","Reprogram","Self Repair"],"picked":"SKIP","floor":21},{"not_picked":["Steam","Sunder"],"picked":"Chill","floor":22},{"not_picked":["Go for the Eyes","Conserve Battery","Auto Shields"],"picked":"SKIP","floor":27},{"not_picked":["Ball Lightning+1","Rebound","Multi-Cast"],"picked":"SKIP","floor":30}],"player_experience":812159,"relics_obtained":[{"floor":6.0,"key":"PreservedInsect"},{"floor":9.0,"key":"Regal Pillow"},{"floor":26,"key":"Smiling Mask"},{"floor":30,"key":"Boot"}],"event_choices":[{"damage_healed":0.0,"max_hp_gain":0.0,"max_hp_loss":0.0,"gold_gain":0.0,"event_name":"Living Wall","player_choice":"Grow","floor":2.0,"gold_loss":0.0,"damage_taken":0.0,"cards_upgraded":["Zap"]},{"cards_removed":["Strike_B"],"damage_healed":0.0,"max_hp_gain":0.0,"max_hp_loss":0.0,"gold_gain":0.0,"event_name":"Golden Wing","player_choice":"Card Removal","floor":3.0,"gold_loss":0.0,"damage_taken":7.0},{"damage_healed":0,"gold_gain":0,"player_choice":"Bought 0 Potions","damage_taken":0,"max_hp_gain":0,"max_hp_loss":0,"event_name":"The Woman in Blue","floor":19,"gold_loss":0},{"damage_healed":0,"gold_gain":0,"player_choice":"Read","damage_taken":0,"max_hp_gain":0,"max_hp_loss":0,"event_name":"The Library","floor":24,"gold_loss":0,"cards_obtained":["Cold Snap"]},{"damage_healed":0,"gold_gain":0,"player_choice":"Inject Mutagens","damage_taken":0,"relics_obtained":["MutagenicStrength"],"max_hp_gain":0,"max_hp_loss":0,"event_name":"Drug Dealer","floor":31,"gold_loss":0}],"is_beta":false,"boss_relics":[{"not_picked":["Fusion Hammer","SacredBark"],"picked":"Empty Cage"}],"items_purged_floors":[5,10,29],"is_endless":false,"potions_floor_spawned":[4,7,8,14,18,21],"killed_by":"Automaton","ascension_level":14}}