{"host":"2q4w55ev63ot6isg","time":1611824700,"event":{"mods":["Aspiration","BaseMod","Downfall","Hubris","Marisa????????","Minty Spire (QoL Compilation)","Replay The Spire","StSLib","The Cursed","The Jungle","The Servant 0.9.4"],"gold_per_floor":[99,116,116,23,38,55,130,142,142,142,161,161,176,26,36,141,141,141,156,172,185,49,64,87,87,99,99,113,113,130,143,143,143,143],"floor_reached":32,"language":"ENG","playtime":1828,"items_purged":["Guardian:Strike_Guardian"],"score":265,"play_id":"b33533eb-d89f-4640-b841-dcb5376b9316","local_time":"20210128010500","is_ascension_mode":false,"campfire_choices":[{"floor":1,"key":"DIG"},{"data":"Guardian:PrismaticBarrier","floor":10,"key":"SMITH"},{"data":"Guardian:ShieldSpikes","floor":12,"key":"SMITH"},{"data":"Guardian:DecasProtection","floor":25,"key":"SMITH"}],"circlet_count":0,"master_deck":["Guardian:Strike_Guardian","Guardian:Defend_Guardian","Guardian:Defend_Guardian","Guardian:Defend_Guardian","Guardian:Defend_Guardian","Guardian:CurlUp","Guardian:TwinSlam","Guardian:CrystalBeam","Guardian:CrystalBeam","Guardian:PrismaticBarrier+1","Guardian:ShieldSpikes+1","Guardian:EvasiveProtocol","Guardian:Recover+1","Guardian:Gem_Synthetic","Guardian:Gem_Synthetic","Guardian:Gem_Synthetic","Guardian:Gem_Fragmented","Guardian:DecasProtection","Guardian:DecasProtection+1","Guardian:BodySlam","Guardian:Gem_Green","Guardian:PrismaticBarrier","RitualDagger","Guardian:DonusPower+1","Guardian:Gem_White"],"relics":["Guardian:ModeShifter","Pear","aspiration:SeaSaltIceCream","hubris:TenFootPole","hubris:TerracottaHorce","Pet Ghost"],"acts_visited":["Exordium","TheCity"],"potions_floor_usage":[16,16,16,20,23],"damage_taken":[{"damage":7,"enemies":"Small Slimes","floor":2,"turns":4},{"damage":0,"enemies":"downfall:FleeingMerchant","floor":4,"turns":4},{"damage":1,"enemies":"Cultist","floor":5,"turns":4},{"damage":0,"enemies":"2 Louse","floor":6,"turns":4},{"damage":8,"enemies":"Red Slaver","floor":8,"turns":6},{"damage":0,"enemies":"Blue Slaver","floor":11,"turns":5},{"damage":10,"enemies":"Large Slime","floor":13,"turns":8},{"damage":5,"enemies":"downfall:FleeingMerchant","floor":14,"turns":4},{"damage":8,"enemies":"Gremlin Gang","floor":15,"turns":6},{"damage":34,"enemies":"DF_ARCHETYPE_STREAMLINE","floor":16,"turns":14},{"damage":10,"enemies":"Spheric Guardian","floor":19,"turns":9},{"damage":6,"enemies":"3 Byrds","floor":20,"turns":4},{"damage":29,"enemies":"Centurion and Healer","floor":21,"turns":23},{"damage":4,"enemies":"downfall:FleeingMerchant","floor":22,"turns":4},{"damage":9,"enemies":"Cultist and Chosen","floor":23,"turns":10},{"damage":15,"enemies":"Chosen and Byrds","floor":26,"turns":8},{"damage":13,"enemies":"Centurion and Healer","floor":28,"turns":8},{"damage":1,"enemies":"Snecko","floor":30,"turns":5},{"damage":2,"enemies":"3 Cultists","floor":31,"turns":6},{"damage":11,"enemies":"Snake Plant","floor":32,"turns":1}],"seed_played":"926741081362856654","potions_obtained":[{"floor":2,"key":"Strength Potion"},{"floor":8,"key":"FearPotion"},{"floor":15,"key":"CultistPotion"},{"floor":16,"key":"Weak Potion"},{"floor":19,"key":"Elixir"},{"floor":20,"key":"Swift Potion"},{"floor":21,"key":"Guardian:AcceleratePotion"},{"floor":30,"key":"Elixir"},{"floor":31,"key":"Toxic Potion"}],"is_trial":false,"path_per_floor":["R","M","?","$","M","M","T","M","?","R","M","R","M","$","M","B",null,"R","M","M","M","$","M","T","R","M","?","M","?","M","M","M"],"character_chosen":"GUARDIAN","items_purchased":["Guardian:PrismaticBarrier","Guardian:Gem_Synthetic","Guardian:Gem_Green"],"campfire_rested":0,"item_purchase_floors":[4,14,22],"current_hp_per_floor":[98,91,91,91,90,90,90,82,82,82,82,82,72,67,59,25,80,98,88,82,53,49,40,40,40,25,22,9,9,8,6,0,0,0],"gold":143,"neow_bonus":"TEN_PERCENT_HP_BONUS","is_daily":false,"chose_seed":false,"campfire_upgraded":3,"win_rate":0.0,"timestamp":1611824700,"path_taken":["R","M","?","?","M","M","T","?","?","R","M","R","M","$","M","BOSS","R","M","M","M","$","M","T","R","M","?","M","?","M","?","M"],"items_purchased_type":["Card","Card","Card"],"build_version":"2020-12-22","purchased_purges":1,"victory":false,"max_hp_per_floor":[98,98,98,98,98,98,98,98,98,98,98,98,98,98,98,98,98,98,98,98,98,98,98,98,98,98,98,98,98,98,98,98,98,98],"card_choices":[{"not_picked":["Guardian:PiercingHide","Guardian:Gem_Crimson"],"picked":"Guardian:Gem_White","floor":2},{"not_picked":["Guardian:VentSteam","Guardian:TimeCapacitor"],"picked":"Guardian:CrystalBeam","floor":4},{"not_picked":["Guardian:Repulse","Guardian:ShieldCharger"],"picked":"Guardian:ShieldSpikes","floor":5},{"not_picked":["Guardian:Repulse","Guardian:Recover"],"picked":"Guardian:EvasiveProtocol","floor":6},{"not_picked":["Guardian:Harden","Guardian:Gem_Cyan"],"picked":"Guardian:Gem_Lightblue","floor":8},{"not_picked":["Guardian:PolyBeam","Guardian:CrystalBeam","Guardian:Incinerate"],"picked":"SKIP","floor":11},{"not_picked":["Guardian:Clone","Guardian:RollAttack"],"picked":"Guardian:Gem_White","floor":13},{"not_picked":["Guardian:TimeBomb","Guardian:ShieldSpikes"],"picked":"Guardian:Recover","floor":14},{"not_picked":["Guardian:Incinerate","Guardian:SentryBeam"],"picked":"Guardian:Gem_Synthetic","floor":15},{"not_picked":["Guardian:AncientConstruct","Guardian:SphericShield"],"picked":"Guardian:Gem_Synthetic","floor":16},{"not_picked":["Guardian:Reroute","Guardian:Gem_Yellow"],"picked":"Guardian:Gem_Fragmented","floor":19},{"not_picked":["Guardian:RollAttack","Guardian:ShieldCharger"],"picked":"Guardian:DecasProtection","floor":20},{"not_picked":["Guardian:Gem_Lightblue","Guardian:Suspension"],"picked":"Guardian:DecasProtection","floor":21},{"not_picked":["Guardian:Gem_Lightblue","Guardian:Gem_White"],"picked":"Guardian:BodySlam","floor":22},{"not_picked":["Guardian:Gem_Synthetic","Guardian:SentryBeam"],"picked":"Guardian:Gem_Lightblue","floor":23},{"not_picked":["Guardian:RollAttack","Guardian:PrimingBeam+1"],"picked":"Guardian:PrismaticBarrier","floor":26},{"not_picked":["Guardian:CrystalBeam","Guardian:WalkerClaw","Guardian:RollAttack"],"picked":"SKIP","floor":28},{"not_picked":["Guardian:PrimingBeam","Guardian:PolyBeam"],"picked":"Guardian:DonusPower+1","floor":30},{"not_picked":["Guardian:PrismaticBarrier","Guardian:ArmoredProtocol"],"picked":"Guardian:Gem_White","floor":31}],"player_experience":181796,"relics_obtained":[{"floor":1,"key":"Pear"},{"floor":7,"key":"aspiration:SeaSaltIceCream"},{"floor":24,"key":"Pet Ghost"}],"event_choices":[],"is_beta":false,"boss_relics":[{"not_picked":["hubris:GrandSneckoEye","aspiration:FutureDiary"],"picked":"hubris:TerracottaHorce"}],"items_purged_floors":[22],"is_endless":false,"potions_floor_spawned":[2,8,15,16,19,20,21,30,31],"killed_by":"Snake Plant","ascension_level":0}}