{"host":"gbsupkmj5cka9iw4","time":1611845475,"event":{"mods":["BaseMod","Better Note","BetterRewards","Minty Spire (QoL Compilation)","Say the Spire","Shop Mod","StSLib"],"gold_per_floor":[119,119,130,205,205,236,247,272,297,297,316,345,345,378,378,475,475,485,499,499,3,3,35,35,64,64,64,64,93,93,126,126,223,223,235,2,2,13,13,48,67,83,152,52,17,17,35,70,70,70],"floor_reached":51,"language":"ENG","playtime":4088,"items_purged":["Defend_B","Defend_B"],"score":1688,"play_id":"01c19d3d-c175-40e1-bb97-5ca362497137","local_time":"20210128235115","is_ascension_mode":true,"campfire_choices":[{"floor":10.0,"key":"REST"},{"floor":13.0,"key":"REST"},{"data":"Sunder","floor":15.0,"key":"SMITH"},{"data":"Aggregate","floor":24.0,"key":"SMITH"},{"data":"Defragment","floor":30.0,"key":"SMITH"},{"data":"Biased Cognition","floor":32.0,"key":"SMITH"},{"data":"Hologram","floor":46.0,"key":"SMITH"},{"data":"Streamline","floor":49,"key":"SMITH"}],"circlet_count":0,"master_deck":["AscendersBane","Strike_B","Strike_B","Strike_B","Defend_B","Zap","Dualcast","Sunder+1","Ball Lightning","Hologram+1","Self Repair","Streamline+1","Aggregate+1","Self Repair","Compile Driver","Cold Snap","Beam Cell","Conserve Battery","Hyperbeam","Biased Cognition+1","White Noise","Conserve Battery+1","Forethought+1","White Noise+1","Stack+1","Conserve Battery+1","Aggregate+1","Recycle+1","Reinforced Body+1","Defragment+1","Ghostly+1","Ghostly+1","Ghostly+1","Ghostly+1","Ghostly+1","Steam+1","All For One","Amplify+1","Chaos+1","Panacea+1","Sunder+1","Rebound","Redo+1","Cold Snap+1","Heatsinks","Force Field+1","Reboot+1"],"relics":["Cracked Core","OrangePellets","Centennial Puzzle","Potion Belt","PreservedInsect","Orichalcum","Boot","Runic Pyramid","Toxic Egg 2","Orrery","Ornamental Fan","Bag of Marbles","Letter Opener","Gremlin Horn","Omamori","Lantern","Nuclear Battery","White Beast Statue","Mercury Hourglass","Meat on the Bone"],"acts_visited":["Exordium","TheCity","TheBeyond"],"potions_floor_usage":[50,50,50,50],"damage_taken":[{"damage":2.0,"enemies":"Jaw Worm","floor":1.0,"turns":2.0},{"damage":1.0,"enemies":"2 Louse","floor":3.0,"turns":2.0},{"damage":43.0,"enemies":"Gremlin Nob","floor":6.0,"turns":5.0},{"damage":5.0,"enemies":"Small Slimes","floor":7.0,"turns":3.0},{"damage":15.0,"enemies":"3 Sentries","floor":8.0,"turns":5.0},{"damage":15.0,"enemies":"Exordium Wildlife","floor":11.0,"turns":4.0},{"damage":16.0,"enemies":"Gremlin Nob","floor":12.0,"turns":3.0},{"damage":20.0,"enemies":"Lagavulin","floor":14.0,"turns":4.0},{"damage":31.0,"enemies":"Slime Boss","floor":16.0,"turns":4.0},{"damage":11.0,"enemies":"2 Thieves","floor":18.0,"turns":3.0},{"damage":9.0,"enemies":"Shell Parasite","floor":19.0,"turns":6.0},{"damage":22.0,"enemies":"Book of Stabbing","floor":23.0,"turns":5.0},{"damage":0.0,"enemies":"Gremlin Leader","floor":25.0,"turns":6.0},{"damage":3.0,"enemies":"Book of Stabbing","floor":29.0,"turns":6.0},{"damage":0.0,"enemies":"Gremlin Leader","floor":31.0,"turns":10.0},{"damage":15.0,"enemies":"Collector","floor":33.0,"turns":11.0},{"damage":6.0,"enemies":"Orb Walker","floor":35.0,"turns":2.0},{"damage":0.0,"enemies":"3 Shapes","floor":38.0,"turns":5.0},{"damage":0.0,"enemies":"Giant Head","floor":40.0,"turns":10.0},{"damage":0.0,"enemies":"3 Darklings","floor":41.0,"turns":4.0},{"damage":10.0,"enemies":"4 Shapes","floor":42.0,"turns":4.0},{"damage":2,"enemies":"Maw","floor":47,"turns":8},{"damage":0,"enemies":"Reptomancer","floor":48,"turns":4},{"damage":13,"enemies":"Donu and Deca","floor":50,"turns":11}],"seed_played":"-6742710604269118264","potions_obtained":[{"floor":1.0,"key":"LiquidBronze"},{"floor":7.0,"key":"Energy Potion"},{"floor":8.0,"key":"Fire Potion"},{"floor":12.0,"key":"PotionOfCapacity"},{"floor":19.0,"key":"FearPotion"},{"floor":25.0,"key":"Swift Potion"},{"floor":33.0,"key":"LiquidBronze"},{"floor":35.0,"key":"Swift Potion"},{"floor":41.0,"key":"PowerPotion"},{"floor":42.0,"key":"Dexterity Potion"},{"floor":47,"key":"ColorlessPotion"}],"is_trial":false,"path_per_floor":["M","?","M","?","?","E","M","E","T","R","M","E","R","E","R","B",null,"M","M","?","$","?","E","R","E","T","?","T","E","R","E","R","B",null,"M","$","?","M","?","E","M","M","T","$","$","R","M","E","R","B",null],"character_chosen":"DEFECT","items_purchased":["Sunder","Ball Lightning","OrangePellets","Hologram","Self Repair","Toxic Egg 2","Forethought+1","Orrery","Panacea+1","Sunder","Heatsinks"],"campfire_rested":2,"item_purchase_floors":[0,0,0,0,0,21,21,21,36,36,45],"current_hp_per_floor":[49,49,55,44,44,15,17,16,16,38,37,28,50,44,44,20,61,57,62,62,62,62,54,54,68,68,37,37,37,37,37,37,36,37,37,37,37,37,37,37,37,34,34,34,34,34,32,32,32,33],"gold":70,"neow_bonus":"","is_daily":false,"chose_seed":false,"campfire_upgraded":6,"win_rate":0.0,"timestamp":1611845475,"path_taken":["M","?","M","?","?","E","M","E","T","R","?","E","R","E","R","BOSS","M","M","?","$","?","E","R","E","T","?","?","E","R","E","R","BOSS","M","$","?","?","?","E","M","M","T","?","$","R","?","E","R","BOSS"],"items_purchased_type":["Card","Card","Relic","Card","Card","Relic","Card","Relic","Card","Card","Card"],"build_version":"2020-12-22","purchased_purges":2,"victory":true,"max_hp_per_floor":[75,75,75,75,75,75,75,75,75,75,75,75,75,75,75,75,75,75,75,75,75,75,75,75,75,75,37,37,37,37,37,37,37,37,37,37,37,37,37,37,37,37,37,37,37,37,37,37,37,37],"card_choices":[{"not_picked":["Rebound","Force Field"],"picked":"Streamline","floor":1.0},{"not_picked":["Gash","Undo"],"picked":"Aggregate","floor":3.0},{"not_picked":["Blizzard","Redo"],"picked":"Compile Driver","floor":6.0},{"not_picked":["Heatsinks","Double Energy"],"picked":"Cold Snap","floor":7.0},{"not_picked":["Scrape","Leap"],"picked":"Beam Cell","floor":8.0},{"not_picked":["Go for the Eyes","Reprogram"],"picked":"Conserve Battery","floor":11.0},{"not_picked":["Fusion","Streamline"],"picked":"Hyperbeam","floor":12.0},{"not_picked":["Redo","Blizzard","Darkness"],"picked":"SKIP","floor":14.0},{"not_picked":["Thunder Strike","Multi-Cast"],"picked":"Biased Cognition","floor":16.0},{"not_picked":["Beam Cell+1","Conserve Battery"],"picked":"White Noise","floor":18.0},{"not_picked":["Glacier+1","Steam"],"picked":"Conserve Battery+1","floor":19.0},{"not_picked":["Sweeping Beam+1","Glacier+1"],"picked":"White Noise+1","floor":21.0},{"not_picked":["Gash","Compile Driver"],"picked":"Stack+1","floor":21.0},{"not_picked":["Sweeping Beam+1","Go for the Eyes+1"],"picked":"Conserve Battery+1","floor":21.0},{"not_picked":["Double Energy+1","Leap+1"],"picked":"Aggregate+1","floor":21.0},{"not_picked":["Gash+1","Force Field+1"],"picked":"Recycle+1","floor":21.0},{"not_picked":["Barrage","Defragment+1"],"picked":"Reinforced Body+1","floor":23.0},{"not_picked":["Hyperbeam","Compile Driver"],"picked":"Defragment","floor":25.0},{"not_picked":["Meteor Strike","Coolheaded+1"],"picked":"Steam+1","floor":29.0},{"not_picked":["Beam Cell+1","Compile Driver"],"picked":"All For One","floor":31.0},{"not_picked":["Core Surge","Biased Cognition"],"picked":"Amplify+1","floor":33.0},{"not_picked":["Gash+1","Streamline+1"],"picked":"Chaos+1","floor":35.0},{"not_picked":["Ball Lightning+1","Beam Cell"],"picked":"Rebound","floor":38.0},{"not_picked":["Leap+1","Scrape"],"picked":"Redo+1","floor":40.0},{"not_picked":["Undo+1","Storm","Conserve Battery+1"],"picked":"SKIP","floor":41.0},{"not_picked":["Blizzard+1","Lockon"],"picked":"Cold Snap+1","floor":42.0},{"not_picked":["Heatsinks+1","Beam Cell"],"picked":"Force Field+1","floor":47},{"not_picked":["Static Discharge","Barrage+1"],"picked":"Reboot+1","floor":48}],"player_experience":797740,"relics_obtained":[{"floor":6.0,"key":"Centennial Puzzle"},{"floor":8.0,"key":"Potion Belt"},{"floor":9.0,"key":"PreservedInsect"},{"floor":12.0,"key":"Orichalcum"},{"floor":14.0,"key":"Boot"},{"floor":23.0,"key":"Ornamental Fan"},{"floor":25.0,"key":"Bag of Marbles"},{"floor":26.0,"key":"Letter Opener"},{"floor":28.0,"key":"Gremlin Horn"},{"floor":29.0,"key":"Omamori"},{"floor":31.0,"key":"Lantern"},{"floor":40.0,"key":"White Beast Statue"},{"floor":43.0,"key":"Mercury Hourglass"},{"floor":48,"key":"Meat on the Bone"}],"event_choices":[{"damage_healed":0.0,"max_hp_gain":0.0,"max_hp_loss":0.0,"gold_gain":0.0,"event_name":"Shining Light","player_choice":"Ignored","floor":2.0,"gold_loss":0.0,"damage_taken":0.0},{"damage_healed":0.0,"max_hp_gain":0.0,"max_hp_loss":0.0,"gold_gain":75.0,"event_name":"World of Goop","player_choice":"Gather Gold","floor":4.0,"gold_loss":0.0,"damage_taken":11.0},{"damage_healed":0.0,"max_hp_gain":0.0,"max_hp_loss":0.0,"gold_gain":0.0,"cards_transformed":["Strike_B"],"event_name":"Living Wall","player_choice":"Change","floor":5.0,"gold_loss":0.0,"damage_taken":0.0,"cards_obtained":["Self Repair"]},{"damage_healed":0.0,"max_hp_gain":0.0,"max_hp_loss":0.0,"gold_gain":0.0,"event_name":"The Mausoleum","player_choice":"Ignored","floor":20.0,"gold_loss":0.0,"damage_taken":0.0},{"damage_healed":0.0,"max_hp_gain":0.0,"max_hp_loss":38.0,"gold_gain":0.0,"event_name":"Ghosts","player_choice":"Became a Ghost","floor":27.0,"gold_loss":0.0,"damage_taken":0.0,"cards_obtained":["Ghostly","Ghostly","Ghostly","Ghostly","Ghostly"]},{"cards_removed":["Defend_B"],"damage_healed":0.0,"max_hp_gain":0.0,"max_hp_loss":0.0,"gold_gain":0.0,"event_name":"Purifier","player_choice":"Purged","floor":37.0,"gold_loss":0.0,"damage_taken":0.0},{"damage_healed":0.0,"max_hp_gain":0.0,"max_hp_loss":0.0,"gold_gain":0.0,"event_name":"Upgrade Shrine","player_choice":"Upgraded","floor":39.0,"gold_loss":0.0,"damage_taken":0.0,"cards_upgraded":["Sunder"]}],"is_beta":false,"boss_relics":[{"not_picked":["Pandora\u0027s Box","SacredBark"],"picked":"Runic Pyramid"},{"not_picked":["Black Star","Philosopher\u0027s Stone"],"picked":"Nuclear Battery"}],"items_purged_floors":[36,44],"is_endless":false,"potions_floor_spawned":[1,7,8,12,19,25,33,35,41,42,47,48],"ascension_level":11}}