{"host":"Oniwa","time":1611820610,"event":{"mods":["BaseMod","Colored Map","Colored Powertips","Minty Spire (QoL Compilation)","Relic Stats","Slay the Relics Exporter","SpireBot","StSLib","ojb\u0027s Better Paths Mod","ojb\u0027s Info Mod"],"gold_per_floor":[113,39,52,70,70,70,97,108,108,120,120,140,174,192,192,270,270,286,306,317,330,245,245,245,257,257,284,284,309,329,348,348,422,422,437,450,461,509,509,540,389,402,402,433,446,113,113,140,140,140,140,140,140,1,34,34],"floor_reached":57,"language":"JPN","playtime":6211,"items_purged":["WindmillStrike"],"score":3121,"play_id":"da41bc20-38f8-45af-929c-26b79ff0a51e","local_time":"20210128165650","is_ascension_mode":true,"campfire_choices":[{"data":"Eruption","floor":6,"key":"SMITH"},{"floor":11,"key":"REST"},{"data":"Vault","floor":15,"key":"SMITH"},{"floor":24,"key":"REST"},{"floor":28,"key":"RECALL"},{"floor":32,"key":"REST"},{"floor":47,"key":"REST"},{"floor":49,"key":"REST"},{"floor":53,"key":"REST"}],"circlet_count":0,"master_deck":["AscendersBane","Eruption+1","Vigilance","WheelKick","CarveReality+1","Consecrate+1","EmptyFist+1","Wireheading+1","Vault+1","DeceiveReality+1","CutThroughFate+1","SpiritShield","InnerPeace+1","FlurryOfBlows+1","FearNoEvil+1","Indignation","WaveOfTheHand","DevaForm+1","MentalFortress+1","EmptyBody","LessonLearned","Worship","Omniscience","Halt","Pray","Indignation","SashWhip","Protect+1","Prostrate","Wallop+1","Enlightenment+1","Panache+1","Adaptation+1","Wallop+1","MentalFortress+1","SpiritShield+1","CutThroughFate","Wireheading+1","Meditate+1"],"relics":["Runic Pyramid","Art of War","MealTicket","Frozen Egg 2","Fusion Hammer","PreservedInsect","Gremlin Horn","Lantern","Question Card","Pandora\u0027s Box","CloakClasp","CaptainsWheel","Bronze Scales","OrangePellets","Juzu Bracelet","Letter Opener"],"acts_visited":["Exordium","TheCity","TheBeyond","TheEnding"],"potions_floor_usage":[7,16,38,55,56],"damage_taken":[{"damage":7,"enemies":"Jaw Worm","floor":1,"turns":3},{"damage":0,"enemies":"Cultist","floor":3,"turns":3},{"damage":10,"enemies":"2 Louse","floor":4,"turns":2},{"damage":12,"enemies":"Gremlin Nob","floor":7,"turns":3},{"damage":7,"enemies":"Lots of Slimes","floor":8,"turns":2},{"damage":1,"enemies":"2 Fungi Beasts","floor":10,"turns":2},{"damage":14,"enemies":"3 Louse","floor":12,"turns":2},{"damage":0,"enemies":"3 Sentries","floor":13,"turns":3},{"damage":12,"enemies":"Exordium Wildlife","floor":14,"turns":2},{"damage":0,"enemies":"Hexaghost","floor":16,"turns":10},{"damage":0,"enemies":"Spheric Guardian","floor":18,"turns":3},{"damage":6,"enemies":"Shell Parasite","floor":19,"turns":5},{"damage":3,"enemies":"Snake Plant","floor":20,"turns":5},{"damage":2,"enemies":"Shelled Parasite and Fungi","floor":21,"turns":5},{"damage":1,"enemies":"Centurion and Healer","floor":25,"turns":4},{"damage":2,"enemies":"Book of Stabbing","floor":27,"turns":4},{"damage":0,"enemies":"Gremlin Leader","floor":29,"turns":4},{"damage":0,"enemies":"Snecko","floor":30,"turns":7},{"damage":9,"enemies":"Snake Plant","floor":31,"turns":4},{"damage":1,"enemies":"Automaton","floor":33,"turns":9},{"damage":0,"enemies":"3 Darklings","floor":35,"turns":3},{"damage":0,"enemies":"3 Shapes","floor":36,"turns":6},{"damage":0,"enemies":"Spire Growth","floor":37,"turns":5},{"damage":3,"enemies":"2 Orb Walkers","floor":38,"turns":4},{"damage":14,"enemies":"Reptomancer","floor":40,"turns":6},{"damage":0,"enemies":"Sphere and 2 Shapes","floor":42,"turns":4},{"damage":0,"enemies":"Nemesis","floor":44,"turns":6},{"damage":6,"enemies":"Writhing Mass","floor":45,"turns":8},{"damage":0,"enemies":"Giant Head","floor":48,"turns":6},{"damage":0,"enemies":"Awakened One","floor":50,"turns":15},{"damage":21,"enemies":"Donu and Deca","floor":51,"turns":9},{"damage":1,"enemies":"Shield and Spear","floor":55,"turns":4},{"damage":25,"enemies":"The Heart","floor":56,"turns":9}],"seed_played":"53899588877335584","potions_obtained":[{"floor":1,"key":"AttackPotion"},{"floor":10,"key":"DuplicationPotion"},{"floor":12,"key":"Energy Potion"},{"floor":16,"key":"Fire Potion"},{"floor":27,"key":"Ambrosia"},{"floor":33,"key":"DuplicationPotion"},{"floor":40,"key":"Ancient Potion"}],"is_trial":false,"path_per_floor":["M","$","M","M","?","R","E","M","T","M","R","M","E","M","R","B",null,"M","M","M","M","?","?","R","M","T","E","R","E","M","M","R","B",null,"M","M","M","?","?","E","$","M","T","E","M","$","R","E","R","B","B",null,"R","$","E","B",null],"character_chosen":"WATCHER","items_purchased":["WheelKick","Adaptation+1","OrangePellets","SpiritShield","Swift Potion","Wireheading+1"],"campfire_rested":6,"item_purchase_floors":[2,41,46,46,54,54],"current_hp_per_floor":[54,54,54,44,44,44,32,25,25,24,44,30,30,18,18,18,56,56,50,47,45,45,45,65,64,64,62,62,62,62,53,68,67,68,68,68,68,65,55,41,56,56,56,56,50,65,68,68,68,68,47,63,68,68,67,42],"gold":34,"neow_bonus":"BOSS_RELIC","is_daily":false,"chose_seed":false,"campfire_upgraded":2,"win_rate":0.0,"timestamp":1611820610,"path_taken":["M","$","M","M","?","R","E","M","T","M","R","?","E","M","R","BOSS","M","M","M","?","?","?","R","M","T","E","R","E","M","M","R","BOSS","M","?","M","?","?","E","?","?","T","E","M","$","R","E","R","BOSS","BOSS","R","$","E","BOSS"],"items_purchased_type":["Card","Card","Relic","Card","Potion","Card"],"build_version":"2020-12-18","purchased_purges":1,"victory":true,"max_hp_per_floor":[68,68,68,68,68,68,68,68,68,68,68,68,68,68,68,68,68,68,68,68,68,68,68,68,68,68,68,68,68,68,68,68,68,68,68,68,68,68,68,68,68,68,68,68,68,68,68,68,68,68,68,68,68,68,68,68],"relic_stats":{"Gremlin Horn":[19,20],"counters":[33,167],"PreservedInsect":411,"CloakClasp":[292],"Juzu Bracelet":0,"Letter Opener":[40],"Question Card":16,"OrangePellets":[4],"Bronze Scales":[240],"MealTicket":30,"Pandora\u0027s Box":["WindmillStrike","Worship","Omniscience","Halt","Pray","Indignation","SashWhip"],"Art of War":[35],"obtain_stats":[{"Lantern":27,"Gremlin Horn":26,"PreservedInsect":22,"CloakClasp":38,"Juzu Bracelet":48,"Letter Opener":55,"Frozen Egg 2":13,"Question Card":29,"OrangePellets":46,"CaptainsWheel":40,"Bronze Scales":44,"MealTicket":9,"Pandora\u0027s Box":34,"Fusion Hammer":17,"Art of War":7,"PureWater":0,"Runic Pyramid":0},{"Lantern":16,"Gremlin Horn":15,"PreservedInsect":14,"CloakClasp":24,"Juzu Bracelet":29,"Letter Opener":32,"Frozen Egg 2":8,"Question Card":17,"OrangePellets":28,"CaptainsWheel":25,"Bronze Scales":27,"MealTicket":5,"Pandora\u0027s Box":20,"Fusion Hammer":10,"Art of War":4,"PureWater":0,"Runic Pyramid":0},{"Lantern":58,"Gremlin Horn":54,"PreservedInsect":50,"CloakClasp":100,"Juzu Bracelet":130,"Letter Opener":158,"Frozen Egg 2":20,"Question Card":62,"OrangePellets":124,"CaptainsWheel":106,"Bronze Scales":116,"MealTicket":13,"Pandora\u0027s Box":82,"Fusion Hammer":32,"Art of War":11,"PureWater":0,"Runic Pyramid":0}]},"card_choices":[{"not_picked":["Vengeance","JustLucky","PathToVictory"],"picked":"SKIP","floor":1},{"not_picked":["Protect","Perseverance"],"picked":"CarveReality","floor":3},{"not_picked":["Halt","Wireheading"],"picked":"Consecrate","floor":4},{"not_picked":["Vengeance","Swivel"],"picked":"EmptyFist","floor":7},{"not_picked":["Crescendo","Consecrate","Study"],"picked":"SKIP","floor":8},{"not_picked":["Perseverance","SashWhip"],"picked":"Wireheading","floor":10},{"not_picked":["CutThroughFate","CarveReality"],"picked":"Vault","floor":12},{"not_picked":["JustLucky","EmptyMind"],"picked":"DeceiveReality","floor":13},{"not_picked":["ThirdEye","Perseverance"],"picked":"CutThroughFate","floor":14},{"not_picked":["Omniscience","Vault"],"picked":"SpiritShield","floor":16},{"not_picked":["SashWhip","FearNoEvil"],"picked":"InnerPeace","floor":18},{"not_picked":["EmptyBody","Crescendo"],"picked":"FlurryOfBlows","floor":19},{"not_picked":["BowlingBash","Perseverance+1"],"picked":"FearNoEvil","floor":20},{"not_picked":["Wallop","Prostrate"],"picked":"Indignation","floor":21},{"not_picked":["Consecrate","Crescendo"],"picked":"WaveOfTheHand","floor":25},{"not_picked":["Protect","EmptyFist"],"picked":"DevaForm+1","floor":27},{"not_picked":["Blasphemy","Conclude","EmptyFist"],"picked":"SKIP","floor":29},{"not_picked":["Crescendo","SandsOfTime","SashWhip"],"picked":"MentalFortress+1","floor":30},{"not_picked":["Evaluate","DeceiveReality","CrushJoints"],"picked":"EmptyBody","floor":31},{"not_picked":["Judgement","Establishment+1","Alpha"],"picked":"LessonLearned","floor":33},{"not_picked":["Indignation+1","FlurryOfBlows","Tantrum"],"picked":"Protect+1","floor":35},{"not_picked":["Collect+1","Indignation","FlyingSleeves"],"picked":"Prostrate","floor":36},{"not_picked":["CutThroughFate","Prostrate","Consecrate"],"picked":"Wallop","floor":37},{"not_picked":["Thinking Ahead","Impatience","Mayhem+1"],"picked":"Enlightenment","floor":39},{"not_picked":["Discovery","Mayhem+1","Impatience"],"picked":"Panache+1","floor":39},{"not_picked":["CrushJoints+1","PathToVictory","EmptyFist","WreathOfFlame"],"picked":"SKIP","floor":40},{"not_picked":["PathToVictory","Evaluate","ClearTheMind"],"picked":"Wallop+1","floor":42},{"not_picked":["CrushJoints","Consecrate+1","Crescendo"],"picked":"MentalFortress+1","floor":44},{"not_picked":["EmptyFist+1","ClearTheMind","Prostrate","FlyingSleeves"],"picked":"SKIP","floor":45},{"not_picked":["Adaptation+1","Devotion+1","JustLucky"],"picked":"CutThroughFate","floor":48},{"not_picked":["MentalFortress+1","FearNoEvil","InnerPeace"],"picked":"Meditate","floor":55}],"player_experience":2611107,"relics_obtained":[{"floor":7,"key":"Art of War"},{"floor":9,"key":"MealTicket"},{"floor":13,"key":"Frozen Egg 2"},{"floor":26,"key":"Gremlin Horn"},{"floor":27,"key":"Lantern"},{"floor":29,"key":"Question Card"},{"floor":38,"key":"CloakClasp"},{"floor":40,"key":"CaptainsWheel"},{"floor":44,"key":"Bronze Scales"},{"floor":48,"key":"Juzu Bracelet"},{"floor":55,"key":"Letter Opener"}],"event_choices":[{"cards_removed":["Strike_P"],"damage_healed":0,"gold_gain":0,"player_choice":"Offered Basic","damage_taken":0,"max_hp_gain":0,"max_hp_loss":0,"event_name":"Bonfire Elementals","floor":5,"gold_loss":0},{"damage_healed":0,"gold_gain":0,"player_choice":"Obtained Relic","damage_taken":0,"relics_obtained":["PreservedInsect"],"max_hp_gain":0,"max_hp_loss":0,"event_name":"Addict","floor":22,"gold_loss":85},{"damage_healed":0,"gold_gain":0,"player_choice":"Forge","damage_taken":0,"max_hp_gain":0,"max_hp_loss":0,"event_name":"Accursed Blacksmith","floor":23,"gold_loss":0,"cards_upgraded":["Wireheading"]},{"damage_healed":0,"gold_gain":0,"player_choice":"Fight","damage_taken":0,"max_hp_gain":0,"max_hp_loss":0,"event_name":"Mysterious Sphere","floor":38,"gold_loss":0},{"damage_healed":0,"gold_gain":0,"player_choice":"Memory 3","damage_taken":10,"max_hp_gain":0,"max_hp_loss":0,"event_name":"SensoryStone","floor":39,"gold_loss":0}],"is_beta":true,"boss_relics":[{"not_picked":["Cursed Key","Snecko Eye"],"picked":"Fusion Hammer"},{"not_picked":["SacredBark","Sozu"],"picked":"Pandora\u0027s Box"}],"items_purged_floors":[41],"is_endless":false,"potions_floor_spawned":[1,10,12,14,16,18,19,21,27,33,35,36,40,44,45],"ascension_level":20}}