{"host":"7gewg82ormp6yt4e","time":1611838491,"event":{"mods":["BaseMod","Block Reminder","Colored Map","DeckTracker","Highlight Path","Minty Spire (QoL Compilation)","Relic Stats","StSLib","ojb\u0027s Info Mod"],"gold_per_floor":[14,14,32,32,46,46,58,208,258,293,293,310,46,75,75,150,150,160,180,180,22,42,42,42,68,116,146,159,186,186,200,200,274,274,285,33,33,51,51,80,94,128,128,128,128],"floor_reached":44,"language":"JPN","playtime":3678,"items_purged":["Doubt"],"score":1157,"play_id":"54503f61-16e6-4e75-b454-8c74bf409d72","local_time":"20210128215451","is_ascension_mode":true,"campfire_choices":[{"data":"Biased Cognition","floor":6.0,"key":"SMITH"},{"floor":11.0,"key":"REST"},{"data":"Coolheaded","floor":15.0,"key":"SMITH"},{"data":"Defragment","floor":23.0,"key":"SMITH"},{"data":"Ghostly","floor":32.0,"key":"SMITH"}],"circlet_count":0,"master_deck":["AscendersBane","Strike_B+1","Strike_B+1","Defend_B+1","Defend_B+1","Defend_B+1","Defend_B+1","Zap","Dualcast","Biased Cognition+1","Genetic Algorithm","Darkness","Chill","Coolheaded+1","Conserve Battery","Hologram","Cold Snap","All For One","Echo Form","BootSequence","Redo","Defragment+1","Steam","RitualDagger","Electrodynamics+1","Go for the Eyes+1","Turbo","Ghostly","Ghostly","Ghostly+1","Go for the Eyes+1","Biased Cognition+1","Sweeping Beam+1","Apotheosis","Hologram","Dark Shackles","Flash of Steel+1","Bandage Up","Glacier+1","Beam Cell+1","Steam Power","Steam+1"],"relics":["Cracked Core","Toy Ornithopter","Centennial Puzzle","PreservedInsect","Bag of Marbles","Black Star","Frozen Egg 2","Molten Egg 2","Ancient Tea Set","Orichalcum","Red Mask","SlaversCollar","Girya","Happy Flower","Bronze Scales","Symbiotic Virus"],"acts_visited":["Exordium","TheCity","TheBeyond"],"potions_floor_usage":[42],"damage_taken":[{"damage":1.0,"enemies":"2 Louse","floor":1.0,"turns":3.0},{"damage":4.0,"enemies":"Small Slimes","floor":3.0,"turns":4.0},{"damage":8.0,"enemies":"Jaw Worm","floor":5.0,"turns":5.0},{"damage":1.0,"enemies":"2 Fungi Beasts","floor":7.0,"turns":2.0},{"damage":32.0,"enemies":"Gremlin Nob","floor":10.0,"turns":4.0},{"damage":0.0,"enemies":"Looter","floor":12.0,"turns":5.0},{"damage":1.0,"enemies":"Lagavulin","floor":14.0,"turns":5.0},{"damage":11.0,"enemies":"Hexaghost","floor":16.0,"turns":10.0},{"damage":8.0,"enemies":"Spheric Guardian","floor":18.0,"turns":5.0},{"damage":14.0,"enemies":"Chosen","floor":19.0,"turns":6.0},{"damage":12.0,"enemies":"Centurion and Healer","floor":22.0,"turns":8.0},{"damage":0.0,"enemies":"Book of Stabbing","floor":25.0,"turns":6.0},{"damage":6.0,"enemies":"Slavers","floor":27.0,"turns":4.0},{"damage":1.0,"enemies":"Sentry and Sphere","floor":28.0,"turns":6.0},{"damage":22.0,"enemies":"Masked Bandits","floor":29.0,"turns":4.0},{"damage":16.0,"enemies":"Snake Plant","floor":31.0,"turns":6.0},{"damage":3.0,"enemies":"Automaton","floor":33.0,"turns":12.0},{"damage":0.0,"enemies":"3 Shapes","floor":35.0,"turns":6.0},{"damage":0.0,"enemies":"3 Darklings","floor":38.0,"turns":3.0},{"damage":0.0,"enemies":"Reptomancer","floor":40.0,"turns":7.0},{"damage":0.0,"enemies":"4 Shapes","floor":41.0,"turns":15.0},{"damage":30,"enemies":"Nemesis","floor":42,"turns":15},{"damage":15,"enemies":"Spire Growth","floor":44,"turns":2}],"seed_played":"-4812498431413148253","potions_obtained":[{"floor":5.0,"key":"SteroidPotion"},{"floor":7.0,"key":"BlessingOfTheForge"},{"floor":10.0,"key":"AttackPotion"},{"floor":12.0,"key":"Block Potion"},{"floor":19.0,"key":"DistilledChaos"},{"floor":22.0,"key":"EssenceOfSteel"},{"floor":29.0,"key":"AttackPotion"},{"floor":31.0,"key":"AttackPotion"},{"floor":35.0,"key":"Dexterity Potion"},{"floor":38.0,"key":"SpeedPotion"},{"floor":40.0,"key":"FocusPotion"}],"is_trial":false,"path_per_floor":["M","?","M","?","M","R","M","?","T","E","R","M","$","E","R","B",null,"M","M","?","$","M","R","?","E","T","E","M","?","?","M","R","B",null,"M","$","?","M","?","E","M","E","T","M"],"character_chosen":"DEFECT","items_purchased":["PreservedInsect","Cold Snap","Defragment","Regen Potion","Apotheosis","Hologram"],"campfire_rested":1,"item_purchase_floors":[13,13,21,21,36,36],"current_hp_per_floor":[63,63,59,52,44,44,43,43,43,16,37,37,37,36,36,30,61,53,44,44,44,52,52,46,51,51,50,49,27,27,11,11,18,31,31,31,21,21,21,25,31,13,13,0,0],"gold":128,"neow_bonus":"THREE_RARE_CARDS","is_daily":false,"chose_seed":false,"campfire_upgraded":4,"win_rate":0.0,"timestamp":1611838491,"path_taken":["M","?","M","?","?","R","M","?","T","E","R","M","$","E","R","BOSS","M","M","?","$","M","R","?","E","T","E","M","?","?","?","R","BOSS","M","$","?","M","?","E","?","E","T","M"],"items_purchased_type":["Relic","Card","Card","Potion","Card","Card"],"build_version":"2020-12-22","purchased_purges":1,"victory":false,"max_hp_per_floor":[71,71,71,71,71,71,71,71,71,71,71,71,71,71,71,71,71,71,71,71,71,71,71,71,71,71,71,71,71,35,35,35,35,35,35,35,35,35,35,35,35,35,35,35,35],"relic_stats":{"Centennial Puzzle":[36],"Happy Flower":[10],"counters":[23,143],"Bronze Scales":[0],"PreservedInsect":225,"Black Star":4,"Orichalcum":[120],"obtain_stats":[{"Girya":40,"Happy Flower":40,"PreservedInsect":13,"Frozen Egg 2":25,"Orichalcum":27,"Ancient Tea Set":26,"SlaversCollar":34,"Centennial Puzzle":10,"Bronze Scales":42,"Molten Egg 2":25,"Bag of Marbles":14,"Black Star":17,"Red Mask":29,"Cracked Core":0,"Symbiotic Virus":42,"Toy Ornithopter":9},{"Girya":20,"Happy Flower":20,"PreservedInsect":6,"Frozen Egg 2":12,"Orichalcum":13,"Ancient Tea Set":12,"SlaversCollar":17,"Centennial Puzzle":5,"Bronze Scales":22,"Molten Egg 2":12,"Bag of Marbles":7,"Black Star":8,"Red Mask":15,"Cracked Core":0,"Symbiotic Virus":22,"Toy Ornithopter":4},{"Girya":111,"Happy Flower":111,"PreservedInsect":23,"Frozen Egg 2":63,"Orichalcum":67,"Ancient Tea Set":63,"SlaversCollar":95,"Centennial Puzzle":18,"Bronze Scales":141,"Molten Egg 2":63,"Bag of Marbles":28,"Black Star":38,"Red Mask":77,"Cracked Core":0,"Symbiotic Virus":141,"Toy Ornithopter":14}],"Toy Ornithopter":44},"card_choices":[{"not_picked":["Amplify","Thunder Strike"],"picked":"Biased Cognition","floor":0.0},{"not_picked":["Compile Driver","Barrage"],"picked":"Hello World","floor":1.0},{"not_picked":["Steam","Stack"],"picked":"Darkness","floor":3.0},{"not_picked":["Gash","Reinforced Body"],"picked":"Chill","floor":5.0},{"not_picked":["Leap","Go for the Eyes"],"picked":"Coolheaded","floor":7.0},{"not_picked":["Chill","Turbo"],"picked":"Conserve Battery","floor":10.0},{"not_picked":["Beam Cell","Turbo"],"picked":"Hologram","floor":12.0},{"not_picked":["Aggregate","Barrage"],"picked":"All For One","floor":14.0},{"not_picked":["Meteor Strike","Seek"],"picked":"Echo Form","floor":16.0},{"not_picked":["Auto Shields+1","Rebound"],"picked":"BootSequence","floor":18.0},{"not_picked":["Streamline","Darkness"],"picked":"Redo","floor":19.0},{"not_picked":["Barrage","Gash"],"picked":"Steam","floor":22.0},{"not_picked":["Barrage+1","Blizzard+1"],"picked":"Electrodynamics+1","floor":25.0},{"not_picked":["Barrage+1","Redo"],"picked":"Go for the Eyes+1","floor":27.0},{"not_picked":["Consume","Leap"],"picked":"Turbo","floor":28.0},{"not_picked":["Turbo","Leap"],"picked":"Go for the Eyes+1","floor":31.0},{"not_picked":["Seek","Creative AI+1"],"picked":"Biased Cognition+1","floor":33.0},{"not_picked":["Barrage+1","Turbo"],"picked":"Sweeping Beam+1","floor":35.0},{"not_picked":["Good Instincts","Thinking Ahead"],"picked":"Dark Shackles","floor":37.0},{"not_picked":["Discovery","Swift Strike+1"],"picked":"Flash of Steel+1","floor":37.0},{"not_picked":["Madness","Thinking Ahead"],"picked":"Bandage Up","floor":37.0},{"not_picked":["Doom and Gloom+1","Heatsinks+1"],"picked":"Glacier+1","floor":38.0},{"not_picked":["Lockon+1","Steam"],"picked":"Beam Cell+1","floor":40.0},{"not_picked":["Rebound+1","Beam Cell+1"],"picked":"Steam Power","floor":41.0},{"not_picked":["Heatsinks+1","Ball Lightning+1"],"picked":"Steam+1","floor":42}],"player_experience":2711817,"relics_obtained":[{"floor":9.0,"key":"Toy Ornithopter"},{"floor":10.0,"key":"Centennial Puzzle"},{"floor":14.0,"key":"Bag of Marbles"},{"floor":25.0,"key":"Frozen Egg 2"},{"floor":25.0,"key":"Molten Egg 2"},{"floor":26.0,"key":"Ancient Tea Set"},{"floor":27.0,"key":"Orichalcum"},{"floor":29.0,"key":"Red Mask"},{"floor":40.0,"key":"Girya"},{"floor":40.0,"key":"Happy Flower"},{"floor":42,"key":"Bronze Scales"},{"floor":42,"key":"Symbiotic Virus"}],"event_choices":[{"damage_healed":0.0,"max_hp_gain":0.0,"max_hp_loss":0.0,"gold_gain":0.0,"cards_transformed":["Strike_B"],"event_name":"Living Wall","player_choice":"Change","floor":2.0,"gold_loss":0.0,"damage_taken":0.0,"cards_obtained":["Genetic Algorithm"]},{"cards_removed":["Strike_B"],"damage_healed":0.0,"max_hp_gain":0.0,"max_hp_loss":0.0,"gold_gain":0.0,"event_name":"Golden Wing","player_choice":"Card Removal","floor":4.0,"gold_loss":0.0,"damage_taken":7.0},{"damage_healed":0.0,"max_hp_gain":0.0,"max_hp_loss":0.0,"gold_gain":150.0,"event_name":"Liars Game","player_choice":"AGREE","floor":8.0,"gold_loss":0.0,"damage_taken":0.0,"cards_obtained":["Doubt"]},{"damage_healed":0.0,"max_hp_gain":0.0,"max_hp_loss":0.0,"gold_gain":0.0,"event_name":"Back to Basics","player_choice":"Simplicity","floor":20.0,"gold_loss":0.0,"damage_taken":0.0,"cards_upgraded":["Strike_B","Strike_B","Defend_B","Defend_B","Defend_B","Defend_B"]},{"damage_healed":0.0,"max_hp_gain":0.0,"max_hp_loss":0.0,"gold_gain":0.0,"event_name":"Nest","player_choice":"Joined the Cult","floor":24.0,"gold_loss":0.0,"damage_taken":6.0,"cards_obtained":["RitualDagger"]},{"damage_healed":0.0,"max_hp_gain":0.0,"max_hp_loss":0.0,"gold_gain":0.0,"event_name":"Masked Bandits","player_choice":"Fought Bandits","floor":29.0,"gold_loss":0.0,"damage_taken":0.0},{"damage_healed":0.0,"max_hp_gain":0.0,"max_hp_loss":36.0,"gold_gain":0.0,"event_name":"Ghosts","player_choice":"Became a Ghost","floor":30.0,"gold_loss":0.0,"damage_taken":0.0,"cards_obtained":["Ghostly","Ghostly","Ghostly"]},{"damage_healed":0.0,"max_hp_gain":0.0,"max_hp_loss":0.0,"gold_gain":0.0,"event_name":"SensoryStone","player_choice":"Memory 3","floor":37.0,"gold_loss":0.0,"damage_taken":10.0},{"cards_removed":["Hello World"],"damage_healed":0.0,"max_hp_gain":0.0,"max_hp_loss":0.0,"gold_gain":0.0,"event_name":"Purifier","player_choice":"Purged","floor":39.0,"gold_loss":0.0,"damage_taken":0.0}],"is_beta":false,"boss_relics":[{"not_picked":["Calling Bell","Philosopher\u0027s Stone"],"picked":"Black Star"},{"not_picked":["Nuclear Battery","Runic Dome"],"picked":"SlaversCollar"}],"items_purged_floors":[13],"is_endless":false,"potions_floor_spawned":[5,7,10,12,19,22,29,31,35,38,40],"killed_by":"Spire Growth","ascension_level":20}}