{"host":"h6t8hbb65u5mbq7r","time":1611817272,"event":{"mods":["AchievementEnabler","BaseMod","Colored Map","Minty Spire (QoL Compilation)","StSLib","SuperFastMode"],"gold_per_floor":[119,74,74,152,166,166,200,200,227,257,274,27,27,39,39,39,39],"floor_reached":16,"language":"JPN","playtime":351,"items_purged":[],"score":162,"play_id":"5bc686bc-0765-4a37-a89b-6913bfbb8225","local_time":"20210128160112","is_ascension_mode":true,"campfire_choices":[{"data":"Perseverance","floor":6.0,"key":"SMITH"},{"data":"Eruption","floor":8.0,"key":"SMITH"},{"data":"Perseverance","floor":13,"key":"SMITH"},{"data":"BowlingBash","floor":15,"key":"SMITH"}],"circlet_count":0,"master_deck":["AscendersBane","Strike_P","Strike_P","Strike_P","Strike_P","Defend_P","Defend_P","Defend_P","Defend_P","Eruption+1","Vigilance","Wallop+1","BowlingBash+1","Perseverance+1","InnerPeace","Perseverance+1","CrushJoints","Evaluate"],"relics":["PureWater","Juzu Bracelet","Letter Opener","Dream Catcher","Nunchaku","Bottled Lightning"],"acts_visited":["Exordium"],"potions_floor_usage":[16],"damage_taken":[{"damage":0.0,"enemies":"Cultist","floor":1.0,"turns":3.0},{"damage":0.0,"enemies":"2 Louse","floor":5.0,"turns":3.0},{"damage":8.0,"enemies":"Gremlin Nob","floor":7.0,"turns":4.0},{"damage":7,"enemies":"3 Sentries","floor":10,"turns":6},{"damage":0,"enemies":"Jaw Worm","floor":11,"turns":3},{"damage":1,"enemies":"2 Fungi Beasts","floor":14,"turns":3},{"damage":52,"enemies":"Hexaghost","floor":16,"turns":16}],"seed_played":"-5200720534128883902","potions_obtained":[{"floor":5.0,"key":"PowerPotion"},{"floor":10,"key":"Ancient Potion"},{"floor":14,"key":"Block Potion"}],"is_trial":false,"path_per_floor":["M","$","?","?","M","R","E","R","T","E","M","$","R","M","R","B"],"character_chosen":"WATCHER","items_purchased":["BowlingBash","Bottled Lightning"],"campfire_rested":0,"item_purchase_floors":[2,12],"current_hp_per_floor":[65,65,65,65,65,65,57,57,57,50,50,50,50,49,49,0,0],"gold":39,"neow_bonus":"RANDOM_COMMON_RELIC","is_daily":false,"chose_seed":false,"campfire_upgraded":4,"win_rate":0.0,"timestamp":1611817272,"path_taken":["M","?","?","?","M","R","E","R","T","E","M","$","R","M","R","BOSS"],"items_purchased_type":["Card","Relic"],"build_version":"2020-12-22","purchased_purges":0,"victory":false,"max_hp_per_floor":[72,72,72,72,72,72,72,72,72,72,72,72,72,72,72,72,72],"card_choices":[{"not_picked":["EmptyBody","ThirdEye"],"picked":"Wallop","floor":1.0},{"not_picked":["Crescendo","WreathOfFlame"],"picked":"Perseverance","floor":5.0},{"not_picked":["PathToVictory","SignatureMove"],"picked":"InnerPeace","floor":7.0},{"not_picked":["InnerPeace","SashWhip"],"picked":"Perseverance","floor":10},{"not_picked":["BowlingBash","ThirdEye"],"picked":"CrushJoints","floor":11},{"not_picked":["InnerPeace","PathToVictory"],"picked":"Evaluate","floor":14}],"player_experience":955422,"relics_obtained":[{"floor":7.0,"key":"Letter Opener"},{"floor":9.0,"key":"Dream Catcher"},{"floor":10,"key":"Nunchaku"}],"event_choices":[{"damage_healed":0.0,"max_hp_gain":0.0,"max_hp_loss":0.0,"gold_gain":0.0,"event_name":"Living Wall","player_choice":"Grow","floor":3.0,"gold_loss":0.0,"damage_taken":0.0,"cards_upgraded":["Wallop"]},{"damage_healed":0.0,"max_hp_gain":0.0,"max_hp_loss":0.0,"gold_gain":78.0,"event_name":"Golden Wing","player_choice":"Gained Gold","floor":4.0,"gold_loss":0.0,"damage_taken":0.0}],"is_beta":false,"boss_relics":[],"items_purged_floors":[],"is_endless":false,"potions_floor_spawned":[5,10,14],"killed_by":"Hexaghost","ascension_level":10}}