{"host":"fuszjwm6fqgjjp4d","time":1611792491,"event":{"mods":["BaseMod","Bestiary","Colored Map","DeckTracker","Minty Spire (QoL Compilation)","Permanent Neow","Relic Sorter","Relic Stats","StSLib"],"gold_per_floor":[211,222,297,572,92,92,126,126,126,142,142,161,161,190,190,261,261,279,289,305,230,230,263,263,277,277,277,277,317,317,327,327,327,327],"floor_reached":33,"language":"ENG","playtime":1314,"items_purged":["Regret"],"score":761,"play_id":"830c9e17-7ae7-4a65-bd13-366e86a1bcb7","local_time":"20210127180811","is_ascension_mode":true,"campfire_choices":[{"data":"Eruption","floor":6.0,"key":"SMITH"},{"data":"Omniscience","floor":8.0,"key":"SMITH"},{"data":"TalkToTheHand","floor":11.0,"key":"SMITH"},{"data":"Conclude","floor":13,"key":"SMITH"},{"data":"ConjureBlade","floor":15,"key":"SMITH"},{"floor":24,"key":"REST"},{"floor":28,"key":"REST"},{"floor":30,"key":"REST"},{"floor":32,"key":"REST"}],"circlet_count":0,"master_deck":["AscendersBane","Strike_P","Strike_P+1","Strike_P","Defend_P+1","Defend_P","Defend_P","Defend_P","Eruption+1","Vigilance","TalkToTheHand+1","FollowUp+1","Conclude+1","Omniscience+1","FlyingSleeves","CutThroughFate","ConjureBlade+1","LessonLearned","Perseverance+1","Study+1","FearNoEvil","FollowUp+1","Wallop"],"relics":["PureWater","Mango","Yang","Tiny Chest","Kunai","Fusion Hammer","Blue Candle","Letter Opener","CeramicFish","White Beast Statue"],"acts_visited":["Exordium","TheCity"],"potions_floor_usage":[18,20,23,33,33],"damage_taken":[{"damage":2.0,"enemies":"Cultist","floor":1.0,"turns":3.0},{"damage":3.0,"enemies":"Small Slimes","floor":2.0,"turns":4.0},{"damage":24.0,"enemies":"3 Sentries","floor":7.0,"turns":10.0},{"damage":2.0,"enemies":"2 Louse","floor":10.0,"turns":2.0},{"damage":0.0,"enemies":"Large Slime","floor":12.0,"turns":2.0},{"damage":0,"enemies":"Gremlin Nob","floor":14,"turns":3},{"damage":0,"enemies":"Hexaghost","floor":16,"turns":9},{"damage":4,"enemies":"Shell Parasite","floor":18,"turns":4},{"damage":6,"enemies":"3 Byrds","floor":19,"turns":5},{"damage":23,"enemies":"3 Cultists","floor":20,"turns":5},{"damage":20,"enemies":"Book of Stabbing","floor":23,"turns":5},{"damage":6,"enemies":"Centurion and Healer","floor":25,"turns":6},{"damage":34,"enemies":"Gremlin Leader","floor":29,"turns":5},{"damage":27,"enemies":"Snake Plant","floor":31,"turns":5},{"damage":60,"enemies":"Automaton","floor":33,"turns":6}],"seed_played":"736727572021981434","potions_obtained":[{"floor":1.0,"key":"Fruit Juice"},{"floor":7.0,"key":"DistilledChaos"},{"floor":14,"key":"SkillPotion"},{"floor":19,"key":"Dexterity Potion"},{"floor":20,"key":"BottledMiracle"},{"floor":31,"key":"BottledMiracle"}],"is_trial":false,"path_per_floor":["M","M","?","?","$","R","E","R","T","M","R","M","R","E","R","B",null,"M","M","M","?","?","E","R","M","T","T","R","E","R","M","R","B"],"character_chosen":"WATCHER","items_purchased":["Conclude","Mango"],"campfire_rested":4,"item_purchase_floors":[5,5],"current_hp_per_floor":[59,56,45,45,59,59,35,35,35,33,33,33,33,33,33,33,70,66,60,37,37,25,5,29,23,23,23,47,13,37,10,34,0,0],"gold":327,"neow_bonus":"HUNDRED_GOLD","is_daily":false,"chose_seed":false,"campfire_upgraded":5,"win_rate":0.0,"timestamp":1611792491,"path_taken":["M","?","?","?","$","R","E","R","T","M","R","M","R","E","R","BOSS","M","M","?","?","?","E","R","M","T","?","R","E","R","M","R","BOSS"],"items_purchased_type":["Card","Relic"],"build_version":"2020-12-22","purchased_purges":1,"victory":false,"max_hp_per_floor":[68,68,68,68,82,82,82,82,82,82,82,82,82,82,82,82,82,82,82,82,82,82,82,82,82,82,82,82,82,82,82,82,87,87],"relic_stats":{"counters":[15,74],"Blue Candle":[0],"CeramicFish":9,"Yang":[154],"Tiny Chest":1,"Kunai":[29],"Letter Opener":[21],"obtain_stats":[{"Blue Candle":23,"CeramicFish":27,"Mango":5,"Yang":7,"Tiny Chest":9,"Fusion Hammer":17,"Kunai":14,"Letter Opener":26,"PureWater":0,"White Beast Statue":29},{"Blue Candle":11,"CeramicFish":12,"Mango":2,"Yang":3,"Tiny Chest":3,"Fusion Hammer":7,"Kunai":6,"Letter Opener":12,"PureWater":0,"White Beast Statue":13},{"Blue Candle":52,"CeramicFish":58,"Mango":7,"Yang":17,"Tiny Chest":17,"Fusion Hammer":33,"Kunai":24,"Letter Opener":58,"PureWater":0,"White Beast Statue":63}]},"card_choices":[{"not_picked":["FlurryOfBlows","CrushJoints"],"picked":"TalkToTheHand","floor":1.0},{"not_picked":["Protect","SignatureMove"],"picked":"FollowUp","floor":2.0},{"not_picked":["FollowUp","Evaluate"],"picked":"Omniscience","floor":7.0},{"not_picked":["Halt","Weave"],"picked":"FlyingSleeves","floor":10.0},{"not_picked":["Weave","Meditate"],"picked":"CutThroughFate","floor":12},{"not_picked":["CarveReality","DeceiveReality"],"picked":"ConjureBlade","floor":14},{"not_picked":["SpiritShield","Establishment"],"picked":"LessonLearned","floor":16},{"not_picked":["CrushJoints","Vengeance"],"picked":"Perseverance+1","floor":18},{"not_picked":["Crescendo","Evaluate"],"picked":"Study+1","floor":19},{"not_picked":["Swivel","SandsOfTime"],"picked":"FearNoEvil","floor":20},{"not_picked":["SashWhip","Collect"],"picked":"FollowUp","floor":23},{"not_picked":["InnerPeace","CutThroughFate","Fasting2"],"picked":"SKIP","floor":25},{"not_picked":["EmptyBody","FearNoEvil"],"picked":"Wallop","floor":29},{"not_picked":["Prostrate","Wireheading","DeusExMachina"],"picked":"SKIP","floor":31}],"player_experience":1391854,"relics_obtained":[{"floor":7.0,"key":"Yang"},{"floor":9.0,"key":"Tiny Chest"},{"floor":14,"key":"Kunai"},{"floor":23,"key":"Blue Candle"},{"floor":26,"key":"Letter Opener"},{"floor":27,"key":"CeramicFish"},{"floor":29,"key":"White Beast Statue"}],"event_choices":[{"damage_healed":0.0,"max_hp_gain":0.0,"max_hp_loss":0.0,"gold_gain":75.0,"event_name":"World of Goop","player_choice":"Gather Gold","floor":3.0,"gold_loss":0.0,"damage_taken":11.0},{"damage_healed":0.0,"max_hp_gain":0.0,"max_hp_loss":0.0,"gold_gain":275.0,"event_name":"Golden Shrine","player_choice":"Desecrate","floor":4.0,"gold_loss":0.0,"damage_taken":0.0,"cards_obtained":["Regret"]},{"cards_removed":["Strike_P"],"damage_healed":0,"gold_gain":0,"player_choice":"Gave Gold","damage_taken":0,"max_hp_gain":0,"max_hp_loss":0,"event_name":"Beggar","floor":21,"gold_loss":75},{"damage_healed":0,"gold_gain":0,"player_choice":"Damaged","damage_taken":12,"max_hp_gain":0,"max_hp_loss":0,"event_name":"Wheel of Change","floor":22,"gold_loss":0}],"is_beta":false,"boss_relics":[{"not_picked":["Coffee Dripper","Cursed Key"],"picked":"Fusion Hammer"}],"items_purged_floors":[5],"is_endless":false,"potions_floor_spawned":[1,7,14,19,20,31],"killed_by":"Automaton","ascension_level":20}}