{"host":"qc8p2flj7wsy3zpg","time":1611856169,"event":{"mods":["BaseMod","Highlight Path","Minty Spire (QoL Compilation)","Relic Stats","StSLib"],"gold_per_floor":[110,70,81,99,114,114,139,139,163,178,178,209,209,219,219,293,293,312,331,7,7,7,7,33,33,33],"floor_reached":25,"language":"ENG","playtime":2054,"items_purged":[],"score":462,"play_id":"ef200613-5bc5-4955-87f1-e6e87f544260","local_time":"20210128114929","is_ascension_mode":true,"campfire_choices":[{"data":"Defragment","floor":6,"key":"SMITH"},{"floor":11,"key":"REST"},{"data":"Zap","floor":13,"key":"SMITH"},{"floor":15,"key":"REST"},{"floor":23,"key":"REST"}],"circlet_count":0,"master_deck":["AscendersBane","Strike_B","Defend_B","Defend_B","Defend_B","Zap+1","Dualcast","Barrage","Rebound","Conserve Battery","Defragment+1","Recycle","Sweeping Beam","Ball Lightning","Thunder Strike","Seek+1","Scrape+1","Auto Shields+1","Static Discharge+1","Storm","Lockon","Coolheaded+1"],"relics":["Cracked Core","Orichalcum","Art of War","Lantern","Anchor","Astrolabe","Omamori","TungstenRod"],"acts_visited":["Exordium","TheCity"],"potions_floor_usage":[7,10,16,25],"damage_taken":[{"damage":5,"enemies":"2 Louse","floor":1,"turns":3},{"damage":0,"enemies":"Cultist","floor":3,"turns":3},{"damage":4,"enemies":"Small Slimes","floor":4,"turns":3},{"damage":13,"enemies":"Exordium Wildlife","floor":5,"turns":5},{"damage":24,"enemies":"Gremlin Nob","floor":7,"turns":4},{"damage":8,"enemies":"Gremlin Gang","floor":10,"turns":4},{"damage":18,"enemies":"Lagavulin","floor":12,"turns":7},{"damage":0,"enemies":"Exordium Thugs","floor":14,"turns":3},{"damage":20,"enemies":"Hexaghost","floor":16,"turns":9},{"damage":19,"enemies":"3 Byrds","floor":18,"turns":5},{"damage":6,"enemies":"Spheric Guardian","floor":19,"turns":4},{"damage":47,"enemies":"Book of Stabbing","floor":24,"turns":4},{"damage":14,"enemies":"Snake Plant","floor":25,"turns":3}],"seed_played":"7363660129316612144","potions_obtained":[{"floor":2,"key":"Strength Potion"},{"floor":2,"key":"SteroidPotion"},{"floor":4,"key":"FocusPotion"},{"floor":12,"key":"Weak Potion"},{"floor":18,"key":"Explosive Potion"}],"is_trial":false,"path_per_floor":["M","?","M","M","M","R","E","?","T","M","R","E","R","M","R","B",null,"M","M","$","?","?","R","E","M"],"character_chosen":"DEFECT","items_purchased":["Storm","Lockon","Omamori"],"campfire_rested":3,"item_purchase_floors":[20,20,20],"current_hp_per_floor":[59,59,59,55,42,42,18,23,23,15,37,19,19,19,41,21,62,43,37,37,37,37,59,12,0,0],"gold":33,"neow_bonus":"RANDOM_COMMON_RELIC","is_daily":false,"chose_seed":false,"campfire_upgraded":2,"win_rate":0.0,"timestamp":1611856169,"path_taken":["M","?","M","?","M","R","E","?","T","M","R","E","R","M","R","BOSS","M","M","$","?","?","R","E","?"],"items_purchased_type":["Card","Card","Relic"],"build_version":"2020-12-22","purchased_purges":0,"victory":false,"max_hp_per_floor":[71,71,71,71,71,71,71,76,76,76,76,76,76,76,76,76,76,76,76,76,76,76,76,76,76,76],"relic_stats":{"counters":[13,57],"Astrolabe":["Seek","Scrape","Auto Shields"],"Art of War":[4],"Orichalcum":[162],"obtain_stats":[{"Lantern":9,"Anchor":12,"Astrolabe":17,"Art of War":7,"Omamori":20,"Orichalcum":0,"Cracked Core":0,"TungstenRod":24},{"Lantern":5,"Anchor":7,"Astrolabe":9,"Art of War":5,"Omamori":11,"Orichalcum":0,"Cracked Core":0,"TungstenRod":12},{"Lantern":18,"Anchor":29,"Astrolabe":41,"Art of War":18,"Omamori":50,"Orichalcum":0,"Cracked Core":0,"TungstenRod":54}],"TungstenRod":3},"card_choices":[{"not_picked":["Hologram","Skim"],"picked":"Barrage","floor":1},{"not_picked":["Consume","Streamline"],"picked":"Rebound","floor":3},{"not_picked":["Rebound","Stack"],"picked":"Conserve Battery","floor":4},{"not_picked":["Self Repair","Doom and Gloom"],"picked":"Defragment","floor":5},{"not_picked":["Rebound","Barrage"],"picked":"Recycle","floor":7},{"not_picked":["Turbo","Stack"],"picked":"Sweeping Beam","floor":10},{"not_picked":["Heatsinks","Streamline"],"picked":"Ball Lightning","floor":12},{"not_picked":["Buffer","Reboot"],"picked":"Thunder Strike","floor":16},{"not_picked":["Heatsinks","Blizzard","Reprogram"],"picked":"SKIP","floor":18},{"not_picked":["Barrage","Steam Power"],"picked":"Static Discharge+1","floor":19},{"not_picked":["Fission","Blizzard"],"picked":"Coolheaded+1","floor":24}],"player_experience":2287910,"relics_obtained":[{"floor":7,"key":"Art of War"},{"floor":9,"key":"Lantern"},{"floor":12,"key":"Anchor"},{"floor":24,"key":"TungstenRod"}],"event_choices":[{"damage_healed":0,"gold_gain":0,"player_choice":"Bought 3 Potions","damage_taken":0,"max_hp_gain":0,"max_hp_loss":0,"event_name":"The Woman in Blue","floor":2,"gold_loss":0},{"damage_healed":0,"gold_gain":0,"player_choice":"Donut","damage_taken":0,"max_hp_gain":5,"max_hp_loss":0,"event_name":"Big Fish","floor":8,"gold_loss":0},{"damage_healed":0,"gold_gain":0,"player_choice":"Ignored","damage_taken":0,"max_hp_gain":0,"max_hp_loss":0,"event_name":"Vampires","floor":21,"gold_loss":0},{"cards_removed":["Strike_B"],"damage_healed":0,"gold_gain":0,"player_choice":"Purged","damage_taken":0,"max_hp_gain":0,"max_hp_loss":0,"event_name":"Purifier","floor":22,"gold_loss":0}],"is_beta":false,"boss_relics":[{"not_picked":["Empty Cage","Sozu"],"picked":"Astrolabe"}],"items_purged_floors":[],"is_endless":false,"potions_floor_spawned":[4,5,12,18],"killed_by":"Snake Plant","ascension_level":20}}