{"host":"jegehu1t82aiec5j","time":1611861831,"event":{"mods":["BaseMod","Colored Map","Minty Spire (QoL Compilation)","Relic Stats","StSLib"],"gold_per_floor":[117,20,20,35,49,78,78,93,93,93,125,144,144,161,161,235,235,249,27,27,27,37,37,67,67,67,77,93,112,112,145,145,222,222,233,252,252,262,24,24,54,54,54,66,96,121,121,146,146,146],"floor_reached":51,"language":"ENG","playtime":3151,"items_purged":["Reprogram","Reprogram"],"score":1355,"play_id":"5ab16f30-0f27-448c-bc8a-0753be627ec8","local_time":"20210128142351","is_ascension_mode":true,"campfire_choices":[{"data":"Go for the Eyes","floor":7,"key":"SMITH"},{"data":"Consume","floor":10,"key":"SMITH"},{"floor":13,"key":"REST"},{"data":"Hologram","floor":15,"key":"SMITH"},{"data":"Self Repair","floor":25,"key":"SMITH"},{"data":"Loop","floor":30,"key":"SMITH"},{"data":"White Noise","floor":32,"key":"SMITH"},{"data":"Fission","floor":40,"key":"SMITH"},{"floor":42,"key":"REST"},{"floor":49,"key":"REST"}],"circlet_count":0,"master_deck":["AscendersBane","Zap","Dualcast","Steam","Darkness","Meteor Strike","Chill","Go for the Eyes+1","Genetic Algorithm","Barrage","Sweeping Beam+1","Streamline+1","Consume+1","Self Repair+1","White Noise+1","Coolheaded","Hologram+1","Biased Cognition+1","Turbo","White Noise","Leap","All For One+1","Doom and Gloom","Loop+1","Meteor Strike","Creative AI","Conserve Battery+1","Fission+1","Coolheaded","Double Energy","Shame"],"relics":["WarpedTongs","Pandora\u0027s Box","Bag of Preparation","Bottled Lightning","Gambling Chip","Cursed Key","Potion Belt","Whetstone","Centennial Puzzle","Inserter","Blue Candle","Orichalcum","Ginger","Darkstone Periapt","Incense Burner"],"acts_visited":["Exordium","TheCity","TheBeyond"],"potions_floor_usage":[28,33,50,50,50],"damage_taken":[{"damage":4,"enemies":"2 Louse","floor":1,"turns":4},{"damage":6,"enemies":"Cultist","floor":4,"turns":4},{"damage":4,"enemies":"Jaw Worm","floor":5,"turns":4},{"damage":22,"enemies":"3 Sentries","floor":6,"turns":5},{"damage":0,"enemies":"Looter","floor":8,"turns":3},{"damage":34,"enemies":"Lagavulin","floor":11,"turns":7},{"damage":6,"enemies":"Blue Slaver","floor":12,"turns":5},{"damage":3,"enemies":"Exordium Thugs","floor":14,"turns":5},{"damage":19,"enemies":"Hexaghost","floor":16,"turns":9},{"damage":3,"enemies":"3 Byrds","floor":18,"turns":5},{"damage":0,"enemies":"2 Thieves","floor":22,"turns":4},{"damage":3,"enemies":"Gremlin Leader","floor":24,"turns":6},{"damage":1,"enemies":"Chosen and Byrds","floor":27,"turns":8},{"damage":0,"enemies":"Centurion and Healer","floor":28,"turns":6},{"damage":16,"enemies":"Snake Plant","floor":29,"turns":3},{"damage":11,"enemies":"Book of Stabbing","floor":31,"turns":6},{"damage":18,"enemies":"Collector","floor":33,"turns":8},{"damage":20,"enemies":"Orb Walker","floor":35,"turns":6},{"damage":0,"enemies":"3 Shapes","floor":36,"turns":9},{"damage":5,"enemies":"Sphere and 2 Shapes","floor":38,"turns":9},{"damage":60,"enemies":"Reptomancer","floor":41,"turns":7},{"damage":0,"enemies":"3 Darklings","floor":44,"turns":11},{"damage":6,"enemies":"Nemesis","floor":45,"turns":7},{"damage":13,"enemies":"Mind Bloom Boss Battle","floor":46,"turns":9},{"damage":12,"enemies":"Giant Head","floor":48,"turns":8},{"damage":52,"enemies":"Donu and Deca","floor":50,"turns":6}],"seed_played":"-878662502516557743","potions_obtained":[{"floor":4,"key":"EssenceOfDarkness"},{"floor":12,"key":"FearPotion"},{"floor":22,"key":"Regen Potion"},{"floor":24,"key":"PowerPotion"},{"floor":29,"key":"PowerPotion"},{"floor":35,"key":"BlessingOfTheForge"},{"floor":45,"key":"PotionOfCapacity"},{"floor":46,"key":"DistilledChaos"}],"is_trial":false,"path_per_floor":["M","$","?","M","M","E","R","M","T","R","E","M","R","M","R","B",null,"M","$","?","?","M","?","E","R","T","M","M","M","R","E","R","B",null,"M","M","?","M","$","R","E","R","T","M","E","?","T","E","R","B",null],"character_chosen":"DEFECT","items_purchased":["Sweeping Beam","Streamline","Potion Belt","Fission"],"campfire_rested":3,"item_purchase_floors":[2,2,19,39],"current_hp_per_floor":[60,60,60,54,50,28,28,35,35,35,8,16,37,34,34,22,59,63,63,43,43,50,50,54,54,54,63,76,70,70,59,59,51,70,60,70,70,76,76,76,26,48,48,58,62,59,59,57,76,24],"gold":146,"neow_bonus":"BOSS_RELIC","is_daily":false,"chose_seed":false,"campfire_upgraded":7,"win_rate":0.0,"timestamp":1611861831,"path_taken":["M","$","?","M","M","E","R","M","T","R","E","M","R","M","R","BOSS","M","$","?","?","M","?","E","R","T","?","M","M","R","E","R","BOSS","M","M","?","M","$","R","E","R","T","M","E","?","?","E","R","BOSS"],"items_purchased_type":["Card","Card","Relic","Card"],"build_version":"2020-12-22","purchased_purges":2,"victory":true,"max_hp_per_floor":[71,71,71,71,71,71,71,71,71,71,71,71,71,71,71,71,71,71,71,76,76,76,76,76,76,76,76,76,76,76,76,76,76,76,76,76,76,76,76,76,76,76,76,76,76,76,76,76,76,76],"relic_stats":{"Darkstone Periapt":0,"Inserter":[36],"counters":[26,163],"Blue Candle":[2],"Bag of Preparation":[44],"Whetstone":["All For One","Sweeping Beam"],"Ginger":[2],"Orichalcum":[18],"Cursed Key":1,"WarpedTongs":[161],"Centennial Puzzle":[24],"Gambling Chip":[76],"Pandora\u0027s Box":["Steam","Stack","Darkness","Reprogram","Meteor Strike","Chill","Go for the Eyes","Genetic Algorithm"],"obtain_stats":[{"Potion Belt":19,"Darkstone Periapt":47,"Inserter":34,"Blue Candle":41,"Bag of Preparation":6,"Incense Burner":48,"Whetstone":24,"Ginger":46,"Orichalcum":45,"Cursed Key":17,"WarpedTongs":0,"Centennial Puzzle":31,"Gambling Chip":11,"Pandora\u0027s Box":0,"Bottled Lightning":9,"Cracked Core":0},{"Potion Belt":10,"Darkstone Periapt":24,"Inserter":17,"Blue Candle":21,"Bag of Preparation":4,"Incense Burner":25,"Whetstone":12,"Ginger":24,"Orichalcum":23,"Cursed Key":9,"WarpedTongs":0,"Centennial Puzzle":16,"Gambling Chip":6,"Pandora\u0027s Box":0,"Bottled Lightning":5,"Cracked Core":0},{"Potion Belt":51,"Darkstone Periapt":150,"Inserter":92,"Blue Candle":123,"Bag of Preparation":17,"Incense Burner":157,"Whetstone":61,"Ginger":150,"Orichalcum":141,"Cursed Key":46,"WarpedTongs":0,"Centennial Puzzle":84,"Gambling Chip":27,"Pandora\u0027s Box":0,"Bottled Lightning":20,"Cracked Core":0}]},"card_choices":[{"not_picked":["Turbo","Scrape"],"picked":"Barrage","floor":1},{"not_picked":["BootSequence","Barrage"],"picked":"Consume","floor":4},{"not_picked":["Go for the Eyes","Tempest"],"picked":"Self Repair","floor":5},{"not_picked":["Beam Cell","Steam Power"],"picked":"Rebound","floor":6},{"not_picked":["Fusion","Coolheaded"],"picked":"White Noise","floor":8},{"not_picked":["Redo","Barrage","Hyperbeam"],"picked":"SKIP","floor":11},{"not_picked":["Turbo","Barrage"],"picked":"Coolheaded","floor":12},{"not_picked":["Rebound","Tempest"],"picked":"Hologram","floor":14},{"not_picked":["Fission","Hyperbeam"],"picked":"Biased Cognition","floor":16},{"not_picked":["Go for the Eyes","Hologram+1"],"picked":"Turbo","floor":18},{"not_picked":["BootSequence","Chaos+1"],"picked":"Leap","floor":22},{"not_picked":["Gash","Go for the Eyes"],"picked":"All For One","floor":24},{"not_picked":["Coolheaded","Compile Driver","Rebound"],"picked":"SKIP","floor":27},{"not_picked":["Compile Driver","Chaos"],"picked":"Doom and Gloom","floor":28},{"not_picked":["Stack","Ball Lightning"],"picked":"Loop","floor":29},{"not_picked":["Sweeping Beam","Compile Driver"],"picked":"Meteor Strike","floor":31},{"not_picked":["Biased Cognition","Multi-Cast"],"picked":"Creative AI","floor":33},{"not_picked":["Ball Lightning","Go for the Eyes"],"picked":"Conserve Battery+1","floor":35},{"not_picked":["Coolheaded","Doom and Gloom","Redo"],"picked":"SKIP","floor":36},{"not_picked":["Ball Lightning","Chaos","Stack"],"picked":"SKIP","floor":38},{"not_picked":["Conserve Battery","Machine Learning"],"picked":"Coolheaded","floor":41},{"not_picked":["Cold Snap+1","Scrape","Compile Driver"],"picked":"SKIP","floor":44},{"not_picked":["Storm+1","Double Energy+1","Thunder Strike"],"picked":"SKIP","floor":45},{"not_picked":["Steam","Fusion"],"picked":"Double Energy","floor":46},{"not_picked":["Rebound","Hologram","Leap"],"picked":"SKIP","floor":48}],"player_experience":2557135,"relics_obtained":[{"floor":6,"key":"Bag of Preparation"},{"floor":9,"key":"Bottled Lightning"},{"floor":11,"key":"Gambling Chip"},{"floor":24,"key":"Whetstone"},{"floor":31,"key":"Centennial Puzzle"},{"floor":41,"key":"Blue Candle"},{"floor":45,"key":"Orichalcum"},{"floor":46,"key":"Ginger"},{"floor":47,"key":"Darkstone Periapt"},{"floor":48,"key":"Incense Burner"}],"event_choices":[{"damage_healed":0,"gold_gain":0,"player_choice":"Upgraded","damage_taken":0,"max_hp_gain":0,"max_hp_loss":0,"event_name":"Upgrade Shrine","floor":3,"gold_loss":0,"cards_upgraded":["Streamline"]},{"damage_healed":0,"gold_gain":0,"player_choice":"Shed Blood","damage_taken":25,"max_hp_gain":5,"max_hp_loss":0,"event_name":"Forgotten Altar","floor":20,"gold_loss":0},{"damage_healed":0,"gold_gain":0,"cards_transformed":["Stack","Rebound"],"player_choice":"Became Test Subject","damage_taken":0,"max_hp_gain":0,"max_hp_loss":0,"event_name":"Drug Dealer","floor":21,"gold_loss":0,"cards_obtained":["White Noise","Reprogram"]},{"damage_healed":0,"gold_gain":0,"player_choice":"Upgraded","damage_taken":0,"max_hp_gain":0,"max_hp_loss":0,"event_name":"Upgrade Shrine","floor":23,"gold_loss":0,"cards_upgraded":["Biased Cognition"]},{"damage_healed":0,"gold_gain":0,"player_choice":"Ignored","damage_taken":0,"max_hp_gain":0,"max_hp_loss":0,"event_name":"Mysterious Sphere","floor":37,"gold_loss":0},{"damage_healed":0,"gold_gain":0,"player_choice":"Fight","damage_taken":0,"max_hp_gain":0,"max_hp_loss":0,"event_name":"MindBloom","floor":46,"gold_loss":0}],"is_beta":false,"boss_relics":[{"not_picked":["Astrolabe","Nuclear Battery"],"picked":"Cursed Key"},{"not_picked":["Black Star","Runic Dome"],"picked":"Inserter"}],"items_purged_floors":[19,39],"is_endless":false,"potions_floor_spawned":[4,12,16,22,24,29,31,35,44,45,46,48],"ascension_level":15}}