{"host":"p4v0hquynnreu717","time":1611849683,"event":{"mods":["BaseMod","Better Vampires","DeckTracker","Googly Eyes","Minty Spire (QoL Compilation)","Quick Restart","StSLib","SuperFastMode"],"gold_per_floor":[115,115,115,115,134,159,159,193,193,205,222,66,66,66,66,141,141,141,141],"floor_reached":18,"language":"ZHS","playtime":2847,"items_purged":[],"score":338,"play_id":"531f5ab4-fe1b-47f4-8e19-04c319ca620c","local_time":"20210129000123","is_ascension_mode":true,"campfire_choices":[{"data":"Neutralize","floor":7,"key":"SMITH"},{"data":"Predator","floor":13,"key":"SMITH"},{"data":"Footwork","floor":15,"key":"SMITH"}],"circlet_count":0,"master_deck":["AscendersBane","Strike_G","Strike_G","Strike_G","Strike_G","Strike_G","Defend_G","Defend_G","Defend_G","Defend_G","Defend_G","Survivor","Neutralize+1","Predator+1","Pain","Tools of the Trade","Footwork+1","Reflex","Malaise"],"relics":["Ring of the Serpent","NeowsBlessing","WarpedTongs","Calipers","Nunchaku","OrangePellets"],"acts_visited":["Exordium","TheCity"],"potions_floor_usage":[18],"damage_taken":[{"damage":0,"enemies":"Jaw Worm","floor":1,"turns":1},{"damage":2,"enemies":"2 Louse","floor":5,"turns":1},{"damage":0,"enemies":"3 Sentries","floor":6,"turns":1},{"damage":30,"enemies":"Gremlin Nob","floor":8,"turns":5},{"damage":4,"enemies":"Small Slimes","floor":10,"turns":4},{"damage":0,"enemies":"Red Slaver","floor":11,"turns":4},{"damage":17,"enemies":"The Guardian","floor":16,"turns":16},{"damage":30,"enemies":"3 Byrds","floor":18,"turns":8}],"seed_played":"-9033772252413995948","potions_obtained":[{"floor":8,"key":"SkillPotion"},{"floor":11,"key":"DuplicationPotion"}],"is_trial":false,"path_per_floor":["M","?","?","?","M","E","R","E","T","M","M","$","R","$","R","B",null,"M"],"character_chosen":"THE_SILENT","items_purchased":["OrangePellets"],"campfire_rested":0,"item_purchase_floors":[12],"current_hp_per_floor":[59,64,64,64,62,62,62,32,32,28,28,28,28,28,28,11,56,26,26],"gold":141,"neow_bonus":"THREE_ENEMY_KILL","is_daily":false,"chose_seed":false,"campfire_upgraded":3,"win_rate":0.0,"timestamp":1611849683,"path_taken":["M","?","?","?","M","E","R","E","T","?","M","$","R","?","R","BOSS","M"],"items_purchased_type":["Relic"],"build_version":"2020-12-22","purchased_purges":0,"victory":false,"max_hp_per_floor":[66,71,71,71,71,71,71,71,71,71,71,71,71,71,71,71,71,71,71],"card_choices":[{"not_picked":["Flying Knee","Dagger Spray"],"picked":"Predator","floor":1},{"not_picked":["Dodge and Roll","Outmaneuver","Cloak And Dagger"],"picked":"SKIP","floor":5},{"not_picked":["Backflip","Underhanded Strike"],"picked":"Tools of the Trade","floor":6},{"not_picked":["Deadly Poison","Quick Slash"],"picked":"Footwork","floor":8},{"not_picked":["Finisher","Dodge and Roll"],"picked":"Reflex","floor":10},{"not_picked":["Slice","Dagger Throw","Catalyst"],"picked":"SKIP","floor":11},{"not_picked":["Storm of Steel","Envenom"],"picked":"Malaise","floor":16}],"player_experience":785775,"relics_obtained":[{"floor":6,"key":"Calipers"},{"floor":8,"key":"Nunchaku"}],"event_choices":[{"damage_healed":0,"gold_gain":0,"player_choice":"Donut","damage_taken":0,"max_hp_gain":5,"max_hp_loss":0,"event_name":"Big Fish","floor":2,"gold_loss":0},{"damage_healed":0,"gold_gain":0,"player_choice":"Ignored","damage_taken":0,"max_hp_gain":0,"max_hp_loss":0,"event_name":"Liars Game","floor":3,"gold_loss":0},{"damage_healed":0,"gold_gain":0,"player_choice":"Rummage","damage_taken":0,"relics_obtained":["WarpedTongs"],"max_hp_gain":0,"max_hp_loss":0,"event_name":"Accursed Blacksmith","floor":4,"gold_loss":0,"cards_obtained":["Pain"]}],"is_beta":false,"boss_relics":[{"not_picked":["Busted Crown","Ectoplasm"],"picked":"Ring of the Serpent"}],"items_purged_floors":[],"is_endless":false,"potions_floor_spawned":[8,11,16],"killed_by":"3 Byrds","ascension_level":15}}