{"host":"hpn0uxah5qjr7pa6","time":1611798737,"event":{"mods":["Act Like it!","BaseMod","BetterRewards","Colored Powertips","Conspire","Downfall","Hallownest","Hermit","Hubris","Infinite Spire","Minty Spire (QoL Compilation)","Quick Restart","Replay The Spire","StSLib","The Jungle"],"gold_per_floor":[99,117,117,33,53,68,68,68,86,86,112,112,112,131,142,245,245,245,257,271,285,122,122,193,193,193,193,213,50,50,61,78,78,78,78],"floor_reached":33,"language":"ENG","playtime":1493,"items_purged":[],"score":274,"play_id":"37629983-d18c-465c-83e3-b2a1995aa15d","local_time":"20210127175217","is_ascension_mode":true,"campfire_choices":[{"data":"Enlightenment","floor":1,"key":"SMITH"},{"floor":8,"key":"REST"},{"floor":10,"key":"REST"},{"floor":13,"key":"REST"},{"data":"bronze:Repulsor","floor":18,"key":"SMITH"},{"floor":25,"key":"REST"},{"floor":30,"key":"REST"}],"circlet_count":0,"master_deck":["bronze:Strike","bronze:Strike","bronze:Strike","bronze:Strike","bronze:Defend","bronze:Defend","bronze:Defend","bronze:Defend","bronze:Replicate","bronze:Goto","Enlightenment+1","bronze:WhirlingStrike","bronze:Spike","bronze:ChosenStrike","bronze:OilSpill","bronze:Flail","bronze:Separator","bronze:OilSpill","bronze:Repulsor+1","bronze:ChosenStrike+1","bronze:OilSpill+1","bronze:DigitalCarnage+1","bronze:Optimize","bronze:Repair+1","bronze:Separator+1"],"relics":["bronze:BronzeCore","Durian","Bird Faced Urn","Runic Pyramid","downfall:RedIOU","hubris:BottledRain","Chameleon Ring","Regal Pillow"],"acts_visited":["Exordium","TheCity"],"potions_floor_usage":[9,15,16,16,20,21,28,31],"damage_taken":[{"damage":2,"enemies":"2 Louse","floor":2,"turns":4},{"damage":54,"enemies":"2 Louse","floor":3,"turns":3},{"damage":0,"enemies":"downfall:FleeingMerchant","floor":4,"turns":4},{"damage":2,"enemies":"Jaw Worm","floor":5,"turns":2},{"damage":0,"enemies":"Cultist","floor":6,"turns":3},{"damage":4,"enemies":"3 Louse","floor":9,"turns":2},{"damage":19,"enemies":"Gremlin Nob","floor":11,"turns":4},{"damage":13,"enemies":"Red Slaver","floor":14,"turns":3},{"damage":0,"enemies":"2 Fungi Beasts","floor":15,"turns":2},{"damage":16,"enemies":"SI_SHIV_ARCHETYPE","floor":16,"turns":5},{"damage":6,"enemies":"3 Byrds","floor":19,"turns":3},{"damage":11,"enemies":"Shell Parasite","floor":20,"turns":4},{"damage":18,"enemies":"3 Cultists","floor":21,"turns":4},{"damage":5,"enemies":"downfall:FleeingMerchant","floor":22,"turns":4},{"damage":8,"enemies":"Snake Plant","floor":28,"turns":2},{"damage":15,"enemies":"downfall:FleeingMerchant","floor":29,"turns":4},{"damage":10,"enemies":"Chosen and Byrds","floor":31,"turns":3},{"damage":49,"enemies":"Shelled Parasite and Fungi","floor":32,"turns":5},{"damage":38,"enemies":"DF_ARCHETYPE_CLAW","floor":33,"turns":3}],"seed_played":"6076190937186847146","potions_obtained":[{"floor":5,"key":"BlessingOfTheForge"},{"floor":6,"key":"AttackPotion"},{"floor":11,"key":"SteroidPotion"},{"floor":14,"key":"Fire Potion"},{"floor":16,"key":"Guardian:BlockOnCardUsePotion"},{"floor":19,"key":"PowerPotion"},{"floor":21,"key":"Dexterity Potion"},{"floor":28,"key":"Adrenaline Potion"}],"is_trial":false,"path_per_floor":["R","M","?","$","M","M","T","R","M","R","E","?","R","M","M","B",null,"R","M","M","M","$","?","T","R","T","?","M","$","R","M","M","B"],"character_chosen":"THE_AUTOMATON","items_purchased":["bronze:Flail","Bag of Preparation","Regal Pillow"],"campfire_rested":5,"item_purchase_floors":[4,22,29],"current_hp_per_floor":[70,68,14,14,12,12,17,39,35,57,38,38,60,49,49,35,75,75,69,60,46,43,43,43,65,65,65,57,46,75,67,32,0,0,0],"gold":78,"neow_bonus":"RANDOM_COLORLESS","is_daily":false,"chose_seed":false,"campfire_upgraded":2,"win_rate":0.0,"timestamp":1611798737,"path_taken":["R","M","?","$","M","M","T","R","M","R","E","?","R","M","M","BOSS","R","M","M","M","$","?","T","R","?","?","M","$","R","?","M","BOSS"],"items_purchased_type":["Card","Relic","Relic"],"build_version":"2020-12-22","purchased_purges":0,"victory":false,"max_hp_per_floor":[70,70,70,70,70,70,75,75,75,75,75,75,75,75,75,75,75,75,75,75,75,75,75,75,75,75,75,75,75,75,75,75,75,75,75],"card_choices":[{"not_picked":["Dark Shackles","Blind"],"picked":"Enlightenment","floor":0},{"not_picked":["bronze:Turbo","bronze:Branch"],"picked":"bronze:WhirlingStrike","floor":2},{"not_picked":[],"picked":"bronze:Spike","floor":3},{"not_picked":["bronze:DelayedGuard","bronze:OilSpill"],"picked":"bronze:ChosenStrike","floor":3},{"not_picked":["bronze:NullPointer","bronze:ForLoop"],"picked":"bronze:OilSpill","floor":4},{"not_picked":["bronze:Invalidate","bronze:MaxOutput","bronze:Philosophize"],"picked":"SKIP","floor":5},{"not_picked":["bronze:Branch","bronze:WildBeam"],"picked":"bronze:Separator","floor":6},{"not_picked":["bronze:Optimize","bronze:Branch"],"picked":"bronze:OilSpill","floor":9},{"not_picked":["bronze:Refactor","bronze:CloningBeam"],"picked":"bronze:Repulsor","floor":11},{"not_picked":["bronze:Refactor","bronze:Deprecate","bronze:ChildClass"],"picked":"SKIP","floor":14},{"not_picked":["bronze:WildBeam","bronze:Deprecate","bronze:Return"],"picked":"SKIP","floor":15},{"not_picked":["bronze:BuggyMess+1","bronze:Return+1"],"picked":"bronze:ChosenStrike+1","floor":19},{"not_picked":["bronze:Separator","bronze:Safeguard"],"picked":"bronze:OilSpill+1","floor":20},{"not_picked":["bronze:Safeguard","bronze:DelayedGuard"],"picked":"bronze:DigitalCarnage+1","floor":21},{"not_picked":["bronze:WildBeam","bronze:Format","bronze:FollowUp"],"picked":"SKIP","floor":22},{"not_picked":["bronze:Separator","bronze:ChosenStrike"],"picked":"bronze:Optimize","floor":28},{"not_picked":["bronze:Philosophize","bronze:Return","bronze:BitShift"],"picked":"SKIP","floor":29},{"not_picked":["bronze:Turbo","bronze:ChosenStrike"],"picked":"bronze:Repair+1","floor":31},{"not_picked":["bronze:Iterate","bronze:BronzeOrb"],"picked":"bronze:Separator+1","floor":32}],"player_experience":113179,"relics_obtained":[{"floor":7,"key":"Durian"},{"floor":11,"key":"Bird Faced Urn"},{"floor":24,"key":"hubris:BottledRain"},{"floor":26,"key":"Chameleon Ring"}],"event_choices":[{"damage_healed":0,"gold_gain":0,"player_choice":"Ignored","damage_taken":0,"max_hp_gain":0,"max_hp_loss":0,"event_name":"Ghosts","floor":27,"gold_loss":0}],"is_beta":false,"boss_relics":[{"not_picked":["Calling Bell","hubris:Stopwatch"],"picked":"Runic Pyramid"}],"items_purged_floors":[],"is_endless":false,"potions_floor_spawned":[5,6,11,14,16,19,21,28],"killed_by":"DF_ARCHETYPE_CLAW","ascension_level":2}}