{"host":"gndxudri6ebovps6","time":1611809742,"event":{"mods":["AchievementEnabler","Act Like it!","Aspiration","BaseMod","Better Altar","Better Match","Better Note","Better Sensory Stone","Better Skull","Better Vampires","BetterRewards","Block Reminder","Conspire","GifTheSpireLib","Hubris","Infinite Spire","Marked Mod","Minty Spire (QoL Compilation)","Pale of the Ancients","Quick Restart","Replay The Spire","Shop Mod","Spicy Shops","Spikes Relics","StSLib","Stuff the Spire","The Bug Knight","The Cursed","The Disciple","The Judge","The Mystic","The Necromancer","everything is the same but u backflip on backflip"],"gold_per_floor":[117,134,134,144,160,160,192,192,192,192,209,209,241,259,259,355,355,369,55,55,80,98,98,23,23,23,95,95,130,130,144,144,144,144],"floor_reached":33,"language":"ENG","playtime":1133,"items_purged":["Pride","Normality"],"score":504,"play_id":"45e5ddd2-80df-4f1e-b99c-14d815430752","local_time":"20210128025542","is_ascension_mode":true,"campfire_choices":[{"data":"Invigoration","floor":6,"key":"SMITH"},{"data":"Perfected Strike","floor":8,"key":"SMITH"},{"data":"Sword Boomerang","floor":10,"key":"SMITH"},{"data":"Perfected Strike","floor":12,"key":"SMITH"},{"data":"Replay:Undeath\u0027s Touch","floor":15,"key":"SMITH"},{"data":"infinitespire:OneForAll","floor":23,"key":"SMITH"},{"floor":28,"key":"REST"},{"floor":30,"key":"REST"},{"data":"StuffTheSpire:Perfection","floor":32,"key":"SMITH"}],"circlet_count":0,"master_deck":["Strike_R+1","Strike_R+1","Strike_R+1","Strike_R+1","Strike_R+1","Defend_R+1","Defend_R+1","Defend_R+1","Defend_R+1","Replay:Undeath\u0027s Touch+1","Sword Boomerang+1","Invigoration+1","Perfected Strike+1","Perfected Strike+1","Flex+1","Immolate","Body Slam+1","Flex+1","infinitespire:OneForAll+1","StuffTheSpire:Perfection+1","Voices","hubris:StunningStrike","Disarm"],"relics":["Burning Blood","Boot","infinitespire:WardingShard","Red Skull","Whetstone","aspiration:SeaSaltIceCream","aspiration:Nostalgia","Replay:M_SmolderingBlood","hubris:DeckOfHolding","hubris:BottledRain","StuffTheSpire:Barrel","Empty Cage","MiniBlackHole","aspiration:Lifesprig","SpikesRelics:DaevaFist","aspiration:RitualStick","conspire:Flyswatter","ReplayTheSpireMod:CursedCoin","Regal Pillow","Omamori"],"acts_visited":["Exordium","TheCity"],"potions_floor_usage":[5,11,13,21,22,31],"damage_taken":[{"damage":0,"enemies":"Cultist","floor":1,"turns":2},{"damage":0,"enemies":"Jaw Worm","floor":2,"turns":3},{"damage":13,"enemies":"conspire:RoseBush","floor":4,"turns":2},{"damage":6,"enemies":"3 Louse","floor":5,"turns":3},{"damage":12,"enemies":"Gremlin Nob","floor":7,"turns":3},{"damage":0,"enemies":"2 Fungi Beasts","floor":11,"turns":1},{"damage":14,"enemies":"3 Sentries","floor":13,"turns":4},{"damage":8,"enemies":"conspire:2 RoseBushes","floor":14,"turns":5},{"damage":42,"enemies":"Hexaghost","floor":16,"turns":5},{"damage":26,"enemies":"Shell Parasite","floor":18,"turns":4},{"damage":10,"enemies":"conspire:MimicChest","floor":21,"turns":4},{"damage":0,"enemies":"Chosen","floor":22,"turns":3},{"damage":53,"enemies":"Book of Stabbing","floor":29,"turns":5},{"damage":3,"enemies":"Snake Plant","floor":31,"turns":4},{"damage":80,"enemies":"conspire:MysteriousRune","floor":33,"turns":6}],"seed_played":"1218141962626395479","potions_obtained":[{"floor":2,"key":"Energy Potion"},{"floor":7,"key":"Energy Potion"},{"floor":11,"key":"Regen Potion"},{"floor":18,"key":"AttackPotion"},{"floor":21,"key":"ColorlessPotion"},{"floor":22,"key":"ElixirPotion"},{"floor":29,"key":"Regen Potion"}],"is_trial":false,"path_per_floor":["M","M","T","M","M","R","E","R","T","R","M","R","E","M","R","B",null,"M","$","?","?","M","R","?","?","T","$","R","E","R","M","R","B"],"character_chosen":"IRONCLAD","items_purchased":["Boot","infinitespire:WardingShard","Red Skull","Whetstone","MiniBlackHole","aspiration:Lifesprig","ReplayTheSpireMod:CursedCoin","Regal Pillow"],"campfire_rested":2,"item_purchase_floors":[0,0,0,0,19,19,27,27],"current_hp_per_floor":[42,48,48,41,41,41,35,35,35,35,41,41,45,43,43,7,62,42,42,42,38,44,44,44,28,28,28,67,20,59,74,74,0,0],"gold":144,"neow_bonus":"","is_daily":false,"chose_seed":false,"campfire_upgraded":7,"win_rate":0.0,"timestamp":1611809742,"path_taken":["M","M","?","?","M","R","E","R","T","R","M","R","E","M","R","BOSS","M","$","?","?","M","R","?","?","T","$","R","E","R","M","R","BOSS"],"items_purchased_type":["Relic","Relic","Relic","Relic","Relic","Relic","Relic","Relic"],"build_version":"2020-12-22","purchased_purges":2,"victory":false,"max_hp_per_floor":[80,80,80,80,80,80,80,80,80,80,80,80,80,80,80,80,80,80,80,80,80,80,80,80,80,80,80,80,80,80,80,80,80,80],"card_choices":[{"not_picked":["Perfected Strike","Carnage"],"picked":"Replay:Undeath\u0027s Touch","floor":1},{"not_picked":["Power Through","Perfected Strike"],"picked":"Sword Boomerang","floor":2},{"not_picked":["Power Through","Armaments"],"picked":"Headbutt","floor":4},{"not_picked":["True Grit","Shrug It Off"],"picked":"Invigoration","floor":5},{"not_picked":["Twin Strike","Power Through"],"picked":"Perfected Strike","floor":7},{"not_picked":["Bloodletting","StuffTheSpire:RockThrow"],"picked":"Perfected Strike","floor":11},{"not_picked":["Uppercut","StuffTheSpire:Slingshot"],"picked":"Flex","floor":13},{"not_picked":["Halt","ForeignInfluence","Crescendo"],"picked":"SKIP","floor":14},{"not_picked":["Impervious","StuffTheSpire:TitanForm"],"picked":"Immolate","floor":16},{"not_picked":["Life Link","Shrug It Off"],"picked":"Body Slam","floor":18},{"not_picked":["Dual Wield","Combust"],"picked":"Flex","floor":21},{"not_picked":["Wild Strike","Pommel Strike+1"],"picked":"infinitespire:OneForAll","floor":22},{"not_picked":["Life Link","Twin Strike+1"],"picked":"hubris:StunningStrike","floor":29},{"not_picked":["Second Wind","Wild Strike"],"picked":"Disarm","floor":31}],"player_experience":513080,"relics_obtained":[{"floor":3,"key":"aspiration:SeaSaltIceCream"},{"floor":7,"key":"hubris:DeckOfHolding"},{"floor":9,"key":"hubris:BottledRain"},{"floor":13,"key":"StuffTheSpire:Barrel"},{"floor":21,"key":"SpikesRelics:DaevaFist"},{"floor":26,"key":"conspire:Flyswatter"},{"floor":29,"key":"Omamori"}],"event_choices":[{"damage_healed":0,"gold_gain":0,"player_choice":"Simplicity","damage_taken":0,"max_hp_gain":0,"max_hp_loss":0,"event_name":"Back to Basics","floor":20,"gold_loss":0,"cards_upgraded":["Strike_R","Strike_R","Strike_R","Defend_R","Defend_R","Defend_R","Defend_R"]}],"is_beta":false,"boss_relics":[{"not_picked":["hubris:BlackHole","infinitespire:Cupcake"],"picked":"Empty Cage"}],"items_purged_floors":[0,19],"is_endless":false,"potions_floor_spawned":[2,7,11,18,21,22,29],"killed_by":"conspire:MysteriousRune","ascension_level":7}}