{"host":"7jl348xfsxr8glry","time":1611819843,"event":{"mods":["AchievementEnabler","BaseMod","Colored Map","Minty Spire (QoL Compilation)","Random Character Button","Unceasing Turn Reminder"],"gold_per_floor":[118,138,156,173,51,51,68,68,136,136,136,67,77,93,93,195,195,206,220,19,36,49,49,49,61,87,87,105,105,105,137,137,241,241,251,251,263,276,24,24,24,24,24,49,49,68,78,78,78],"floor_reached":48,"language":"ENG","playtime":3691,"items_purged":["Defend_P","Defend_P","Strike_P"],"score":501,"play_id":"7b6bfe4c-cb9e-4234-a000-c6e45428f1a2","local_time":"20210128184403","is_ascension_mode":false,"campfire_choices":[{"floor":6,"key":"REST"},{"floor":8,"key":"REST"},{"data":"EmptyBody","floor":11,"key":"SMITH"},{"data":"SandsOfTime","floor":15,"key":"SMITH"},{"floor":24,"key":"REST"},{"floor":27,"key":"REST"},{"floor":29,"key":"REST"},{"floor":32,"key":"REST"},{"floor":40,"key":"REST"},{"floor":42,"key":"REST"},{"floor":45,"key":"REST"}],"circlet_count":0,"master_deck":["Defend_P","Eruption+1","Vigilance+1","FlurryOfBlows","PathToVictory","ThirdEye","EmptyBody","FlurryOfBlows","EmptyBody+1","MentalFortress","CrushJoints","SandsOfTime+1","CurseOfTheBell","Conclude","CutThroughFate","JustLucky","FollowUp","FlurryOfBlows","FearNoEvil","ThirdEye+1","Judgement","PathToVictory","SashWhip","MentalFortress","Weave+1","CrushJoints+1","FlurryOfBlows+1"],"relics":["PureWater","Shuriken","Calling Bell","Omamori","Blue Candle","Lizard Tail","Membership Card","Ancient Tea Set","Calipers","Empty Cage","Strawberry","Sling","Vajra","Damaru"],"acts_visited":["Exordium","TheCity","TheBeyond"],"potions_floor_usage":[16,21,21,33,46],"damage_taken":[{"damage":0,"enemies":"Cultist","floor":1,"turns":2},{"damage":1,"enemies":"Jaw Worm","floor":2,"turns":3},{"damage":10,"enemies":"Small Slimes","floor":3,"turns":3},{"damage":27,"enemies":"Gremlin Gang","floor":4,"turns":6},{"damage":9,"enemies":"Lots of Slimes","floor":7,"turns":6},{"damage":4,"enemies":"Exordium Wildlife","floor":13,"turns":4},{"damage":5,"enemies":"3 Louse","floor":14,"turns":3},{"damage":10,"enemies":"Hexaghost","floor":16,"turns":7},{"damage":19,"enemies":"Spheric Guardian","floor":18,"turns":5},{"damage":23,"enemies":"2 Thieves","floor":19,"turns":4},{"damage":14,"enemies":"Shelled Parasite and Fungi","floor":21,"turns":5},{"damage":10,"enemies":"Cultist and Chosen","floor":22,"turns":6},{"damage":17,"enemies":"Snake Plant","floor":25,"turns":5},{"damage":7,"enemies":"Centurion and Healer","floor":28,"turns":4},{"damage":32,"enemies":"Slavers","floor":31,"turns":4},{"damage":43,"enemies":"Collector","floor":33,"turns":11},{"damage":23,"enemies":"Orb Walker","floor":35,"turns":3},{"damage":20,"enemies":"3 Shapes","floor":37,"turns":2},{"damage":27,"enemies":"Spire Growth","floor":38,"turns":5},{"damage":51,"enemies":"Nemesis","floor":44,"turns":7},{"damage":32,"enemies":"Transient","floor":46,"turns":5},{"damage":21,"enemies":"4 Shapes","floor":47,"turns":7},{"damage":22,"enemies":"Jaw Worm Horde","floor":48,"turns":1}],"seed_played":"4601005915126153975","potions_obtained":[{"floor":1,"key":"BlessingOfTheForge"},{"floor":4,"key":"Explosive Potion"},{"floor":7,"key":"DistilledChaos"},{"floor":18,"key":"Fire Potion"},{"floor":19,"key":"CultistPotion"},{"floor":25,"key":"SteroidPotion"},{"floor":31,"key":"DistilledChaos"},{"floor":35,"key":"DuplicationPotion"},{"floor":47,"key":"SpeedPotion"}],"is_trial":false,"path_per_floor":["M","M","M","M","$","R","M","R","T","?","R","$","M","M","R","B",null,"M","M","$","M","M","?","R","M","T","R","M","R","?","E","R","B",null,"M","?","M","M","$","R","?","R","T","E","R","M","M","M"],"character_chosen":"WATCHER","items_purchased":["FlurryOfBlows","MentalFortress","Membership Card","MentalFortress","Strawberry","Sling"],"campfire_rested":9,"item_purchase_floors":[5,12,20,39,39,39],"current_hp_per_floor":[72,71,61,34,34,55,46,67,67,67,67,67,63,58,58,48,72,53,30,30,16,6,6,27,10,10,31,24,45,69,37,58,15,72,49,49,29,2,9,32,32,55,55,4,27,39,18,0,0],"gold":78,"neow_bonus":"UPGRADE_CARD","is_daily":false,"chose_seed":false,"campfire_upgraded":2,"win_rate":0.0,"timestamp":1611819843,"path_taken":["M","M","M","M","$","R","M","R","T","?","R","?","M","M","R","BOSS","M","?","$","M","M","?","R","M","T","R","M","R","?","E","R","BOSS","M","?","M","M","$","R","?","R","T","E","R","M","?","M"],"items_purchased_type":["Card","Card","Relic","Card","Relic","Relic"],"build_version":"2020-12-22","purchased_purges":3,"victory":false,"max_hp_per_floor":[72,72,72,72,72,72,72,72,72,72,72,72,72,72,72,72,72,72,72,72,72,72,72,72,72,72,72,72,72,72,72,72,72,72,72,72,72,72,79,79,79,79,79,79,79,79,79,79,79],"card_choices":[{"not_picked":["Weave","JustLucky"],"picked":"FlurryOfBlows","floor":1},{"not_picked":["Evaluate","ThirdEye"],"picked":"PathToVictory","floor":2},{"not_picked":["Evaluate","ReachHeaven"],"picked":"ThirdEye","floor":3},{"not_picked":["Worship","Crescendo"],"picked":"EmptyBody","floor":4},{"not_picked":["WaveOfTheHand","JustLucky"],"picked":"EmptyBody","floor":7},{"not_picked":["BowlingBash","Wallop"],"picked":"CrushJoints","floor":13},{"not_picked":["InnerPeace","CrushJoints"],"picked":"SandsOfTime","floor":14},{"not_picked":["Study","Fasting2"],"picked":"Conclude","floor":18},{"not_picked":["Consecrate","SandsOfTime"],"picked":"CutThroughFate","floor":19},{"not_picked":["Prostrate+1","Vengeance+1"],"picked":"JustLucky","floor":21},{"not_picked":["Weave","Protect"],"picked":"FollowUp","floor":22},{"not_picked":["ReachHeaven","WheelKick"],"picked":"FlurryOfBlows","floor":25},{"not_picked":["TalkToTheHand+1","ClearTheMind"],"picked":"FearNoEvil","floor":28},{"not_picked":["Halt","InnerPeace"],"picked":"ThirdEye+1","floor":31},{"not_picked":["Wish","SpiritShield"],"picked":"Judgement","floor":33},{"not_picked":["ClearTheMind","Halt+1","Worship+1"],"picked":"SKIP","floor":35},{"not_picked":["Meditate+1","ClearTheMind"],"picked":"PathToVictory","floor":37},{"not_picked":["Establishment","FollowUp"],"picked":"SashWhip","floor":38},{"not_picked":["JustLucky+1","Consecrate"],"picked":"Weave+1","floor":44},{"not_picked":["Prostrate+1","FlyingSleeves"],"picked":"CrushJoints+1","floor":46},{"not_picked":["Consecrate","Scrawl"],"picked":"FlurryOfBlows+1","floor":47}],"player_experience":151973,"relics_obtained":[{"floor":9,"key":"Shuriken"},{"floor":17,"key":"Omamori"},{"floor":17,"key":"Blue Candle"},{"floor":17,"key":"Lizard Tail"},{"floor":26,"key":"Ancient Tea Set"},{"floor":31,"key":"Calipers"},{"floor":43,"key":"Vajra"},{"floor":44,"key":"Damaru"}],"event_choices":[{"damage_healed":0,"gold_gain":0,"player_choice":"Forge","damage_taken":0,"max_hp_gain":0,"max_hp_loss":0,"event_name":"Accursed Blacksmith","floor":10,"gold_loss":0,"cards_upgraded":["Vigilance"]},{"damage_healed":0,"gold_gain":0,"player_choice":"Ignored","damage_taken":0,"max_hp_gain":0,"max_hp_loss":0,"event_name":"Cursed Tome","floor":23,"gold_loss":0},{"damage_healed":24,"gold_gain":0,"player_choice":"Heal","damage_taken":0,"max_hp_gain":0,"max_hp_loss":0,"event_name":"The Library","floor":30,"gold_loss":0},{"cards_removed":["Strike_P"],"damage_healed":0,"gold_gain":0,"player_choice":"Removed Attack","damage_taken":0,"max_hp_gain":0,"max_hp_loss":0,"event_name":"Falling","floor":36,"gold_loss":0},{"cards_removed":["Defend_P"],"damage_healed":0,"gold_gain":0,"player_choice":"Purged","damage_taken":0,"max_hp_gain":0,"max_hp_loss":0,"event_name":"Purifier","floor":41,"gold_loss":0}],"is_beta":false,"boss_relics":[{"not_picked":["Astrolabe","SacredBark"],"picked":"Calling Bell"},{"not_picked":["Velvet Choker","Philosopher\u0027s Stone"],"picked":"Empty Cage"}],"items_purged_floors":[5,20,39],"is_endless":false,"potions_floor_spawned":[1,4,7,18,19,25,31,35,38,44,47],"killed_by":"Jaw Worm Horde","ascension_level":0}}