{"host":"8rqsnaeml9gxb0kp","time":1611797944,"event":{"mods":["AchievementEnabler","BaseMod","Dark Map","Minty Spire (QoL Compilation)","StSLib"],"gold_per_floor":[114,128,141,160,171,171,203,203,203,203,93,125,47,61,61,140,140,154,154,154,201,213,248,248,248,248,268,20,51,51,70,70,146,146,165,165,3,3,17,17,43,58,58,58,71,82,82,82],"floor_reached":47,"language":"ENG","playtime":2255,"items_purged":["Decay","Regret","Regret"],"score":941,"play_id":"8d8a65ae-9a4d-4b74-9316-4d1deec2ada2","local_time":"20210127173904","is_ascension_mode":true,"campfire_choices":[{"data":"Bash","floor":6,"key":"SMITH"},{"data":"Hemokinesis","floor":8,"key":"SMITH"},{"floor":10,"key":"REST"},{"data":"Rupture","floor":15,"key":"SMITH"},{"floor":24,"key":"REST"},{"floor":30,"key":"REST"},{"data":"Flame Barrier","floor":32,"key":"SMITH"},{"data":"Echo Form","floor":40,"key":"SMITH"},{"data":"Night Terror","floor":44,"key":"SMITH"}],"circlet_count":0,"master_deck":["AscendersBane","Defend_R+1","Defend_R+1","Defend_R","Defend_R","Bash+1","Thunderclap","Cleave","Hemokinesis+1","Cleave","Headbutt","Wild Strike","Rupture+1","Power Through","Clothesline","Limit Break","Clothesline","Bite","Bite","Bite","Bite","Bite","Flame Barrier+1","Double Tap","Rupture+1","Night Terror+1","Echo Form+1","Inflame","PiercingWail+1","Hologram+1","Ghostly Armor+1","Parasite"],"relics":["Cursed Key","War Paint","Singing Bowl","Gremlin Horn","SlaversCollar","Bronze Scales","Vajra","Self Forming Clay","PrismaticShard","Blue Candle","Philosopher\u0027s Stone","Eternal Feather"],"acts_visited":["Exordium","TheCity","TheBeyond"],"potions_floor_usage":[12,16,29,31,33,41,42,45,47],"damage_taken":[{"damage":2,"enemies":"Jaw Worm","floor":1,"turns":3},{"damage":0,"enemies":"Small Slimes","floor":2,"turns":2},{"damage":0,"enemies":"Cultist","floor":3,"turns":2},{"damage":7,"enemies":"2 Fungi Beasts","floor":4,"turns":2},{"damage":8,"enemies":"Exordium Thugs","floor":5,"turns":3},{"damage":17,"enemies":"3 Sentries","floor":7,"turns":6},{"damage":11,"enemies":"Lagavulin","floor":12,"turns":5},{"damage":0,"enemies":"3 Louse","floor":14,"turns":1},{"damage":23,"enemies":"Hexaghost","floor":16,"turns":6},{"damage":13,"enemies":"Chosen","floor":18,"turns":5},{"damage":13,"enemies":"3 Byrds","floor":22,"turns":3},{"damage":38,"enemies":"Book of Stabbing","floor":23,"turns":5},{"damage":16,"enemies":"Centurion and Healer","floor":27,"turns":4},{"damage":33,"enemies":"Slavers","floor":29,"turns":5},{"damage":0,"enemies":"Snecko","floor":31,"turns":3},{"damage":4,"enemies":"Collector","floor":33,"turns":4},{"damage":12,"enemies":"3 Shapes","floor":35,"turns":4},{"damage":6,"enemies":"Orb Walker","floor":39,"turns":3},{"damage":30,"enemies":"Reptomancer","floor":41,"turns":6},{"damage":31,"enemies":"Maw","floor":42,"turns":7},{"damage":12,"enemies":"Transient","floor":45,"turns":5},{"damage":34,"enemies":"Writhing Mass","floor":46,"turns":8},{"damage":51,"enemies":"Maw","floor":47,"turns":5}],"seed_played":"2065370811681850047","potions_obtained":[{"floor":2,"key":"Swift Potion"},{"floor":4,"key":"Weak Potion"},{"floor":12,"key":"Fruit Juice"},{"floor":16,"key":"Energy Potion"},{"floor":23,"key":"FearPotion"},{"floor":31,"key":"Fruit Juice"},{"floor":33,"key":"SteroidPotion"},{"floor":39,"key":"DistilledChaos"},{"floor":42,"key":"BloodPotion"},{"floor":46,"key":"AttackPotion"}],"is_trial":false,"path_per_floor":["M","M","M","M","M","R","E","R","T","R","$","E","$","M","R","B",null,"M","?","?","T","M","E","R","?","T","M","$","E","R","M","R","B",null,"M","?","$","?","M","R","E","M","T","R","M","M","M"],"character_chosen":"IRONCLAD","items_purchased":["Rupture","Power Through","PrismaticShard","Inflame"],"campfire_rested":3,"item_purchase_floors":[11,13,28,37],"current_hp_per_floor":[70,70,70,63,55,55,38,38,38,62,62,58,58,58,58,35,74,61,60,60,60,53,23,41,41,41,33,33,12,31,42,42,44,64,60,60,60,60,54,54,40,36,36,54,48,30,0,0],"gold":82,"neow_bonus":"BOSS_RELIC","is_daily":false,"chose_seed":false,"campfire_upgraded":6,"win_rate":0.0,"timestamp":1611797944,"path_taken":["M","M","M","M","M","R","E","R","T","R","$","E","$","M","R","BOSS","M","?","?","?","M","E","R","?","T","M","$","E","R","M","R","BOSS","M","?","$","?","M","R","E","?","T","R","M","M","M"],"items_purchased_type":["Card","Card","Relic","Card"],"build_version":"2020-12-22","purchased_purges":3,"victory":false,"max_hp_per_floor":[80,80,80,80,80,80,80,80,80,80,80,87,87,87,87,87,87,87,60,60,60,62,62,62,62,62,64,64,64,64,71,71,71,71,73,73,73,69,69,69,69,69,69,69,71,73,73,73],"card_choices":[{"not_picked":["Wild Strike","Body Slam"],"picked":"Thunderclap","floor":1},{"not_picked":["Twin Strike","Shrug It Off"],"picked":"Cleave","floor":2},{"not_picked":["Combust","Body Slam"],"picked":"Hemokinesis","floor":3},{"not_picked":["Clothesline","Thunderclap"],"picked":"Cleave","floor":4},{"not_picked":["Thunderclap","Flex"],"picked":"Headbutt","floor":5},{"not_picked":["Searing Blow","Flex"],"picked":"Wild Strike","floor":7},{"not_picked":["Barricade","Fiend Fire","Cleave"],"picked":"Singing Bowl","floor":12},{"not_picked":["Reckless Charge","Blood for Blood"],"picked":"Clothesline","floor":14},{"not_picked":["Double Tap","Feed"],"picked":"Limit Break","floor":16},{"not_picked":["Second Wind","True Grit"],"picked":"Clothesline","floor":18},{"not_picked":["Whirlwind","Twin Strike","Body Slam"],"picked":"Singing Bowl","floor":22},{"not_picked":["Pommel Strike","Pummel"],"picked":"Double Tap","floor":23},{"not_picked":["Burning Pact","Wild Strike","Body Slam+1"],"picked":"Singing Bowl","floor":27},{"not_picked":["Flex","Blade Dance"],"picked":"Night Terror","floor":29},{"not_picked":["Redo","Quick Slash","SashWhip"],"picked":"Singing Bowl","floor":31},{"not_picked":["Wraith Form v2","Corpse Explosion"],"picked":"Echo Form","floor":33},{"not_picked":["CutThroughFate","Metallicize","Study"],"picked":"Singing Bowl","floor":35},{"not_picked":["Flex","Reflex"],"picked":"PiercingWail+1","floor":39},{"not_picked":["Choke","Steam Power"],"picked":"Hologram+1","floor":41},{"not_picked":["Bloodletting","Warcry"],"picked":"Ghostly Armor+1","floor":42},{"not_picked":["Conserve Battery","WreathOfFlame","Evaluate+1"],"picked":"Singing Bowl","floor":45},{"not_picked":["Bane+1","Calculated Gamble","CutThroughFate"],"picked":"Singing Bowl","floor":46}],"player_experience":153192,"relics_obtained":[{"floor":7,"key":"War Paint"},{"floor":9,"key":"Singing Bowl"},{"floor":12,"key":"Gremlin Horn"},{"floor":21,"key":"Bronze Scales"},{"floor":23,"key":"Vajra"},{"floor":26,"key":"Self Forming Clay"},{"floor":29,"key":"Blue Candle"},{"floor":41,"key":"Eternal Feather"}],"event_choices":[{"damage_healed":0,"gold_gain":0,"player_choice":"Became a vampire","damage_taken":0,"max_hp_gain":0,"max_hp_loss":27,"event_name":"Vampires","floor":19,"gold_loss":0,"cards_obtained":["Bite","Bite","Bite","Bite","Bite"]},{"damage_healed":0,"gold_gain":0,"player_choice":"Read","damage_taken":0,"max_hp_gain":0,"max_hp_loss":0,"event_name":"The Library","floor":20,"gold_loss":0,"cards_obtained":["Flame Barrier"]},{"damage_healed":0,"gold_gain":0,"player_choice":"Copied","damage_taken":0,"max_hp_gain":0,"max_hp_loss":0,"event_name":"Duplicator","floor":25,"gold_loss":0,"cards_obtained":["Rupture"]},{"damage_healed":0,"gold_gain":0,"player_choice":"Ignored","damage_taken":0,"max_hp_gain":0,"max_hp_loss":0,"event_name":"Tomb of Lord Red Mask","floor":36,"gold_loss":0},{"damage_healed":0,"gold_gain":0,"player_choice":"Max HP","damage_taken":0,"max_hp_gain":0,"max_hp_loss":4,"event_name":"Winding Halls","floor":38,"gold_loss":0}],"is_beta":false,"boss_relics":[{"not_picked":["Tiny House","Pandora\u0027s Box"],"picked":"SlaversCollar"},{"not_picked":["Calling Bell","Runic Dome"],"picked":"Philosopher\u0027s Stone"}],"items_purged_floors":[11,28,37],"is_endless":false,"potions_floor_spawned":[2,4,12,16,23,31,33,39,42,46],"killed_by":"Maw","ascension_level":13}}