{"host":"hqsnl0mtmp1qafm7","time":1611836890,"event":{"mods":["AchievementEnabler","Aspiration","BaseMod","Better Altar","Better Match","Better Note","Better Sensory Stone","Better Skull","Better Third Choice","Colored Map","Colored Powertips","Conspire","Curses Come First","Downfall","Friendly Minions","Hermit","Highlight Path","Hubris","Ironclad Rager","Minty Spire (QoL Compilation)","Permanent Neow","Quick Restart","Rare Cards Sparkle","Replay The Spire","Retaliation","StSLib","The Blue Laboratory","The Runesmith","Wandering Minibosses","egg"],"gold_per_floor":[112,112,112,128,147,147,177,188,188,223,118,118,118,132,132,229,229,241,259,259,259,271,300,300,317,364,382,413,413,441,21,21,117,117,131,146,146,164,178,210,230,250,250,5,5,30,0,0,0,0,0,0],"floor_reached":53,"language":"ENG","playtime":2768,"items_purged":["Injury"],"score":913,"play_id":"582991fa-8dab-4808-9ba5-db8e8a812f1c","local_time":"20210128072810","is_ascension_mode":true,"campfire_choices":[{"data":"Crystallizer","floor":6.0,"key":"SMITH"},{"floor":29.0,"key":"REST"},{"floor":32.0,"key":"REST"},{"floor":45,"key":"REST"},{"floor":51,"key":"REST"}],"circlet_count":0,"master_deck":["conspire:GhostlyStrike+1","conspire:GhostlyStrike+1","conspire:GhostlyStrike+1","conspire:GhostlyStrike+1","conspire:GhostlyDefend","conspire:GhostlyDefend","conspire:GhostlyDefend","conspire:GhostlyDefend","Zap+1","Twin Strike","Barrage+1","Crystallizer+1","Echo Form+1","Sweeping Beam+1","Limit Break","Twin Strike+1","Chaos+1","Sweeping Beam+1","Echo Form","wanderingMiniBosses:FinaleOfPromise","wanderingMiniBosses:FinaleOfPromise","Capacitor+1","Twin Strike+1","Heavy Blade+1","aspiration:Polymerization","Violence+1","Jack Of All Trades","Replay:BasicMightCard","Amplify","White Noise+1","FTL+1","ReplayTheSpireMod:Dual Polarity+1","Reinforced Body+1","Panic Button+1"],"relics":["Cracked Core","aspiration:Nostalgia","m_IronCrown","Molten Egg 2","Replay:Bottled Eggs","Strawberry","Happy Flower","HornCleat","aspiration:RitualDagger","wanderingMiniBosses:Blackblade","Runesmith:AutoHammer","hubris:Towel","Bag of Preparation","Ice Cream","The Courier","Fusion Hammer","Blood Vial","conspire:Boomerang","Strange Spoon","aspiration:Lifesprig","War Paint","Red Mask","DDmod:BarbedSlagRelic"],"acts_visited":["Exordium","TheCity","TheBeyond"],"potions_floor_usage":[42,52],"damage_taken":[{"damage":0.0,"enemies":"2 Louse","floor":1.0,"turns":3.0},{"damage":7.0,"enemies":"Jaw Worm","floor":4.0,"turns":3.0},{"damage":6.0,"enemies":"Cultist","floor":5.0,"turns":3.0},{"damage":35.0,"enemies":"3 Sentries","floor":7.0,"turns":7.0},{"damage":14.0,"enemies":"Red Slaver","floor":8.0,"turns":3.0},{"damage":16.0,"enemies":"Gremlin Nob","floor":10.0,"turns":3.0},{"damage":0.0,"enemies":"Large Slime","floor":14.0,"turns":4.0},{"damage":23.0,"enemies":"Fading Forest","floor":16.0,"turns":11.0},{"damage":37.0,"enemies":"2 Thieves","floor":18.0,"turns":4.0},{"damage":47.0,"enemies":"Shell Parasite","floor":19.0,"turns":6.0},{"damage":9.0,"enemies":"Sentry and Sphere","floor":22.0,"turns":3.0},{"damage":63.0,"enemies":"Slavers","floor":23.0,"turns":5.0},{"damage":23.0,"enemies":"Shelled Parasite and Fungi","floor":25.0,"turns":3.0},{"damage":13.0,"enemies":"3 Cultists","floor":27.0,"turns":3.0},{"damage":41.0,"enemies":"Gremlin Leader","floor":28.0,"turns":4.0},{"damage":39.0,"enemies":"Book of Stabbing","floor":30.0,"turns":4.0},{"damage":44.0,"enemies":"Collector","floor":33.0,"turns":5.0},{"damage":33.0,"enemies":"3 Darklings","floor":35.0,"turns":5.0},{"damage":17.0,"enemies":"Orb Walker","floor":36.0,"turns":2.0},{"damage":21.0,"enemies":"Writhing Mass","floor":38.0,"turns":3.0},{"damage":44.0,"enemies":"Jaw Worm Horde","floor":39.0,"turns":4.0},{"damage":54.0,"enemies":"Nemesis","floor":40.0,"turns":5.0},{"damage":22.0,"enemies":"Sphere and 2 Shapes","floor":41.0,"turns":5.0},{"damage":30,"enemies":"Spire Growth","floor":42,"turns":4},{"damage":39,"enemies":"Giant Head","floor":46,"turns":6},{"damage":93,"enemies":"Awakened One","floor":52,"turns":7}],"seed_played":"-4183195035134980397","potions_obtained":[{"floor":7.0,"key":"conspire:TimeTravelPotion"},{"floor":8.0,"key":"Languid Potion"},{"floor":10.0,"key":"DDmod:CleansePotion"},{"floor":18.0,"key":"blueLaboratory:EmptyBottle"},{"floor":22.0,"key":"Dexterity Potion"},{"floor":25.0,"key":"blueLaboratory:BottledHope"},{"floor":28.0,"key":"Adrenaline Potion"},{"floor":36.0,"key":"blueLaboratory:Moonshine"},{"floor":40.0,"key":"FearPotion"},{"floor":41.0,"key":"blueLaboratory:BottleOfVodka"},{"floor":46,"key":"FairyPotion"}],"is_trial":false,"path_per_floor":["M","?","?","M","M","R","E","M","T","E","$","T","?","M","R_BF","B",null,"M","M","?","?","M","E","?","M","T","M","E","R","E","$","R","B",null,"M","M","?","M","M","E","M","M","T","$","R","E","?","PTL","PTL","?","R","B",null],"character_chosen":"DEFECT","items_purchased":["Twin Strike+1","Chaos","aspiration:Polymerization","Violence","Jack Of All Trades","Replay:BasicMightCard","Strange Spoon","aspiration:Lifesprig"],"campfire_rested":4,"item_purchase_floors":[11,11,31,31,31,31,44,44],"current_hp_per_floor":[75,75,75,74,74,74,45,37,44,50,50,50,50,56,56,67,82,51,10,10,10,7,53,53,46,46,58,45,69,57,57,81,82,82,77,75,75,77,54,23,22,19,19,19,43,72,72,72,72,72,82,69],"gold":0,"neow_bonus":"NOSTALGIA","is_daily":false,"chose_seed":false,"campfire_upgraded":1,"win_rate":0.0,"timestamp":1611836890,"path_taken":["M","?","?","?","M","R","E","M","T","E","$","?","?","M","R_BF","BOSS","M","M","?","?","?","E","?","M","T","M","E","R","E","$","R","BOSS","M","M","?","M","M","E","?","M","T","$","R","E","?","PTL","PTL","?","R","BOSS"],"items_purchased_type":["Card","Card","Card","Card","Card","Card","Relic","Relic"],"build_version":"2020-12-22","purchased_purges":1,"victory":true,"max_hp_per_floor":[75,75,75,75,75,75,75,75,82,82,82,82,82,82,82,82,82,82,82,82,82,82,82,82,82,82,82,82,82,82,82,82,82,82,82,82,82,82,82,82,82,82,82,82,82,82,82,82,82,82,82,82],"card_choices":[{"not_picked":["Turbo","Steam"],"picked":"Twin Strike","floor":1.0},{"not_picked":["Heatsinks","Beam Cell+1"],"picked":"Barrage+1","floor":4.0},{"not_picked":["champ:GutPunch+1","Steam"],"picked":"Crystallizer","floor":5.0},{"not_picked":["Barrage+1","Cold Snap+1"],"picked":"Echo Form","floor":7.0},{"not_picked":["Steam Power","Hello World"],"picked":"Sweeping Beam+1","floor":8.0},{"not_picked":["Turbo","ReplayTheSpireMod:LeadingStrike+1"],"picked":"Limit Break","floor":10.0},{"not_picked":["Genetic Algorithm","champ:AdrenalArmor"],"picked":"Sweeping Beam+1","floor":14.0},{"not_picked":["Machine Learning","Amplify"],"picked":"Echo Form","floor":16.0},{"not_picked":["Barrage+1","Beam Cell+1","Stack"],"picked":"SKIP","floor":18.0},{"not_picked":[],"picked":"wanderingMiniBosses:FinaleOfPromise","floor":19.0},{"not_picked":["BasicCrystalCard","Conserve Battery","Creative AI"],"picked":"SKIP","floor":19.0},{"not_picked":["Beam Cell+1","Coolheaded+1","Gash+1"],"picked":"SKIP","floor":22.0},{"not_picked":["Time Bomb","Steam","champ:AdrenalArmor"],"picked":"SKIP","floor":23.0},{"not_picked":["Conserve Battery","Compile Driver+1"],"picked":"Capacitor+1","floor":25.0},{"not_picked":["Life Link","ReplayTheSpireMod:Fabricate Wheel"],"picked":"Twin Strike+1","floor":27.0},{"not_picked":["champ:GutPunch+1","Rupture"],"picked":"Heavy Blade+1","floor":28.0},{"not_picked":["Beam Cell+1","conspire:SharedLibrary+1","Compile Driver+1"],"picked":"SKIP","floor":30.0},{"not_picked":["Core Surge+1","Multi-Cast"],"picked":"Amplify","floor":33.0},{"not_picked":["Gash+1","ReplayTheSpireMod:Calculation Training+1","Ball Lightning+1"],"picked":"SKIP","floor":35.0},{"not_picked":["Rebound+1","Steam Power","conspire:Rain+1"],"picked":"SKIP","floor":36.0},{"not_picked":["Time Bomb","Beam Cell+1"],"picked":"White Noise+1","floor":38.0},{"not_picked":["Blood for Blood+1","Panic Button+1"],"picked":"FTL+1","floor":39.0},{"not_picked":["Stack","Echo Form"],"picked":"ReplayTheSpireMod:Dual Polarity+1","floor":40.0},{"not_picked":["Conserve Battery","Barrage+1"],"picked":"Reinforced Body+1","floor":41.0},{"not_picked":["Turbo+1","Heatsinks"],"picked":"Panic Button+1","floor":42},{"not_picked":["Ball Lightning+1","Crystallizer","Sweeping Beam+1"],"picked":"SKIP","floor":46}],"player_experience":97153,"relics_obtained":[{"floor":7.0,"key":"Replay:Bottled Eggs"},{"floor":9.0,"key":"Strawberry"},{"floor":10.0,"key":"Happy Flower"},{"floor":12.0,"key":"HornCleat"},{"floor":19.0,"key":"wanderingMiniBosses:Blackblade"},{"floor":23.0,"key":"Runesmith:AutoHammer"},{"floor":26.0,"key":"Bag of Preparation"},{"floor":28.0,"key":"Ice Cream"},{"floor":30.0,"key":"The Courier"},{"floor":40.0,"key":"Blood Vial"},{"floor":43,"key":"conspire:Boomerang"},{"floor":46,"key":"War Paint"}],"event_choices":[{"cards_removed":["Dualcast"],"damage_healed":0.0,"max_hp_gain":0.0,"max_hp_loss":0.0,"gold_gain":0.0,"event_name":"Bonfire Elementals","player_choice":"Offered Basic","floor":3.0,"gold_loss":0.0,"damage_taken":0.0},{"damage_healed":0.0,"max_hp_gain":0.0,"max_hp_loss":0.0,"gold_gain":0.0,"event_name":"conspire:LoneGhost","player_choice":"Agree","floor":13.0,"gold_loss":0.0,"damage_taken":0.0},{"cards_removed":["Injury"],"damage_healed":0.0,"max_hp_gain":0.0,"max_hp_loss":0.0,"gold_gain":0.0,"event_name":"betterNote:BetterNote","player_choice":"Give","floor":20.0,"gold_loss":0.0,"damage_taken":0.0,"cards_obtained":["None"]},{"damage_healed":0.0,"max_hp_gain":0.0,"max_hp_loss":0.0,"gold_gain":0.0,"event_name":"Duplicator","player_choice":"Copied","floor":21.0,"gold_loss":0.0,"damage_taken":0.0,"cards_obtained":["wanderingMiniBosses:FinaleOfPromise"]},{"damage_healed":0.0,"max_hp_gain":0.0,"max_hp_loss":0.0,"gold_gain":0.0,"event_name":"Upgrade Shrine","player_choice":"Upgraded","floor":37.0,"gold_loss":0.0,"damage_taken":0.0,"cards_upgraded":["Echo Form"]},{"damage_healed":0,"gold_gain":0,"player_choice":"Paid","damage_taken":0,"relics_obtained":["Red Mask"],"max_hp_gain":0,"max_hp_loss":0,"event_name":"Tomb of Lord Red Mask","floor":47,"gold_loss":30}],"is_beta":false,"boss_relics":[{"not_picked":["aspiration:SilentSkillbook","Kintsugi"],"picked":"aspiration:RitualDagger"},{"not_picked":["Nuclear Battery","Calling Bell"],"picked":"Fusion Hammer"}],"items_purged_floors":[31],"is_endless":false,"potions_floor_spawned":[7,8,10,18,22,25,28,36,38,40,41,46],"ascension_level":2}}