{"host":"17xjy7b7ubl548g2","time":1611799141,"event":{"mods":["2.2 Compatiblity","Act Like it!","Aspiration","Astrologer","Bard","BaseMod","Challenge The Spire","ChefMod","Colored Map","Colored Powertips","Conspire","Elementarium","Energized Spire","Gensokyo","GifTheSpireLib","Halation","Hallownest","Hermit","Hubris","Infinite Spire","Jedi Mod","Jorbs\u0027s Wanderer Trilogy","Marisa（霧雨　魔理沙）","Marked Mod","Menagerie","Minty Spire (QoL Compilation)","Permanent Neow","Reliquary","Replay The Spire","Robot Space Explorer","Spicy Shops","Spire Arcade","StSLib","Stuff the Spire","The Blue Laboratory","The Bug Knight","The Construct","The Disciple","The Hayseed","The Hierophant","The Marked","The Runesmith","The Sage","TheFirefly"],"gold_per_floor":[119,119,119,119,130,130,130,130],"floor_reached":7,"language":"ENG","playtime":401,"items_purged":[],"score":78,"play_id":"b6ef3d9c-4027-4768-b496-fea54eccb923","local_time":"20210127205901","is_ascension_mode":true,"campfire_choices":[{"data":"Vigilance","floor":6,"key":"SMITH"}],"circlet_count":0,"master_deck":["AscendersBane","Strike_P","Strike_P","Strike_P","Strike_P","Defend_P","Defend_P","Defend_P","Defend_P","Eruption+1","Vigilance+1","Perseverance","CutThroughFate","DeceiveReality"],"relics":["PureWater","hubris:Icosahedron"],"acts_visited":["Exordium"],"potions_floor_usage":[],"damage_taken":[{"damage":15,"enemies":"Gensokyo:3_Fairies","floor":1,"turns":4},{"damage":3,"enemies":"Gensokyo:2_Kodama","floor":5,"turns":4},{"damage":1,"enemies":"Gensokyo:Aya","floor":7,"turns":5}],"seed_played":"6428500243116003101","potions_obtained":[],"is_trial":false,"path_per_floor":["M","?","?","?","M","R","E"],"character_chosen":"WATCHER","items_purchased":[],"campfire_rested":0,"item_purchase_floors":[],"current_hp_per_floor":[46,46,46,42,39,39,38,38],"gold":130,"neow_bonus":"THREE_CARDS","is_daily":false,"chose_seed":false,"campfire_upgraded":1,"win_rate":0.0,"timestamp":1611799141,"path_taken":["M","?","?","?","M","R","E"],"items_purchased_type":[],"build_version":"2020-12-22","purchased_purges":0,"victory":false,"max_hp_per_floor":[68,68,68,68,68,68,68,68],"card_choices":[{"not_picked":["ClearTheMind","Evaluate"],"picked":"Perseverance","floor":0},{"not_picked":["Evaluate","MarkedMod:PinPointDefense"],"picked":"CutThroughFate","floor":1},{"not_picked":["ClearTheMind","FollowUp"],"picked":"DeceiveReality","floor":5}],"player_experience":1997282,"relics_obtained":[],"event_choices":[{"damage_healed":0,"gold_gain":0,"player_choice":"Leave","damage_taken":0,"max_hp_gain":0,"max_hp_loss":0,"event_name":"conspire:Investor","floor":4,"gold_loss":0}],"is_beta":false,"boss_relics":[],"items_purged_floors":[],"is_endless":false,"potions_floor_spawned":[],"killed_by":"Gensokyo:Aya","ascension_level":20}}