{"host":"o6j8h35axmoodbwy","time":1611843323,"event":{"mods":["2.2 Compatiblity","Act Like it!","BaseMod","Colored Map","Colored Powertips","Faster Ascension Climbing","Gensokyo","MarisaÅiñ∂âJÅ@ñÇóùçπÅj","Minty Spire (QoL Compilation)","Prisma Mod","Quick Restart","Shop Mod","StSLib","SuperFastMode","Td1madao Mod"],"gold_per_floor":[118,48,48,68,68,97,97,126,126,126,138,155,155,175,175,273,273,284,309,127,127,143,143,171,171,171,171,199,199,218,19,19,115,115,120,39,55,55,66,76,76,76,156,57,69,84,86,91,91,61],"floor_reached":51,"language":"JPN","playtime":3975,"items_purged":["Strike_C","Strike_C","Black Shadow"],"score":758,"play_id":"5208544b-f937-42e1-8c7b-4bd55f31a4d5","local_time":"20210128231523","is_ascension_mode":true,"campfire_choices":[{"data":"Knight Kick","floor":7,"key":"SMITH"},{"data":"Revenge","floor":10,"key":"SMITH"},{"data":"Fixing","floor":13,"key":"SMITH"},{"data":"Afterwards","floor":15,"key":"SMITH"},{"data":"Black Contract","floor":23,"key":"SMITH"},{"data":"Preparedness","floor":27,"key":"SMITH"},{"floor":29,"key":"REST"},{"floor":32,"key":"REST"},{"floor":41,"key":"REST"},{"floor":49,"key":"REST"}],"circlet_count":0,"master_deck":["Defend_C","Defend_C","Defend_C","Knight Kick+1","Chip","Fire Up","Thunder Jump+1","Fixing+1","Black Execution","Revenge+1","Fixing","Load Balancing","Afterwards+1","Black Contract+1","New Defend Magic+1","Break Into+1","Preparedness+1","Reflection Mechanism","Cooling Song","Bugfix","Shockwave Tdmadao","Ruin Defend+1","Money Cant Rescue+1","Black Shadow+1","E MP","Gravity Defend+1","Fire Blade+1","Fixing+1","Transfer Energy+1","Defend System"],"relics":["Apod","NeowsBlessing","Du-Vu Doll","Lizard Tail","Mercury Hourglass","Sozu","Red Mask","Boot","Funny","Omamori","Membership Card","Astrolabe","WarpedTongs","Molten Egg 2","Medical Kit"],"acts_visited":["Exordium","TheCity","TheBeyond"],"potions_floor_usage":[39,50],"damage_taken":[{"damage":0,"enemies":"Cultist","floor":1,"turns":1},{"damage":0,"enemies":"Jaw Worm","floor":4,"turns":1},{"damage":0,"enemies":"Gremlin Nob","floor":6,"turns":1},{"damage":25,"enemies":"3 Sentries","floor":8,"turns":8},{"damage":0,"enemies":"Small Slimes","floor":11,"turns":2},{"damage":0,"enemies":"3 Louse","floor":12,"turns":2},{"damage":0,"enemies":"Exordium Thugs","floor":14,"turns":2},{"damage":0,"enemies":"Slime Boss","floor":16,"turns":7},{"damage":0,"enemies":"Chosen","floor":18,"turns":3},{"damage":0,"enemies":"Masked Bandits","floor":19,"turns":4},{"damage":0,"enemies":"Spheric Guardian","floor":22,"turns":3},{"damage":38,"enemies":"Slavers","floor":24,"turns":4},{"damage":25,"enemies":"Gremlin Leader","floor":28,"turns":4},{"damage":16,"enemies":"Shelled Parasite and Fungi","floor":30,"turns":4},{"damage":9,"enemies":"Automaton","floor":33,"turns":7},{"damage":7,"enemies":"3 Shapes","floor":35,"turns":4},{"damage":17,"enemies":"3 Darklings","floor":37,"turns":5},{"damage":1,"enemies":"4 Shapes","floor":39,"turns":4},{"damage":7,"enemies":"Writhing Mass","floor":40,"turns":5},{"damage":0,"enemies":"Spire Growth","floor":45,"turns":5},{"damage":0,"enemies":"Transient","floor":46,"turns":5},{"damage":0,"enemies":"3 Darklings","floor":47,"turns":5},{"damage":6,"enemies":"Sphere and 2 Shapes","floor":48,"turns":7},{"damage":55,"enemies":"Awakened One","floor":50,"turns":15}],"seed_played":"-7279160829041632551","potions_obtained":[{"floor":6,"key":"SmokeBomb"},{"floor":11,"key":"SneckoOil"},{"floor":16,"key":"FearPotion"}],"is_trial":false,"path_per_floor":["M","$","?","M","?","E","R","E","T","R","M","M","R","M","R","B",null,"M","?","$","?","M","R","E","?","T","R","E","R","M","$","R","B",null,"M","$","M","?","M","M","R","?","T","$","M","M","M","M","R","B",null],"character_chosen":"TD1MADAO_CLASS","items_purchased":["Thunder Jump","Preparedness","Black Shadow","Membership Card","E MP","Fire Blade+1","Medical Kit"],"campfire_rested":4,"item_purchase_floors":[2,20,20,31,36,44,44],"current_hp_per_floor":[70,70,70,70,75,75,75,50,50,50,50,50,50,50,50,50,75,75,75,75,75,75,75,37,37,37,37,12,34,18,18,40,31,75,68,68,51,51,50,43,65,65,65,65,65,65,65,59,75,20],"gold":61,"neow_bonus":"THREE_ENEMY_KILL","is_daily":false,"chose_seed":false,"campfire_upgraded":6,"win_rate":0.0,"timestamp":1611843323,"path_taken":["M","$","?","?","?","E","R","E","T","R","M","M","R","M","R","BOSS","M","?","$","?","?","R","E","?","T","R","E","R","M","?","R","BOSS","M","?","M","?","M","?","R","?","T","$","M","M","M","M","R","BOSS"],"items_purchased_type":["Card","Card","Card","Relic","Card","Card","Relic"],"build_version":"2020-12-22","purchased_purges":3,"victory":true,"max_hp_per_floor":[70,70,70,70,75,75,75,75,75,75,75,75,75,75,75,75,75,75,75,75,75,75,75,75,75,75,75,75,75,75,75,75,75,75,75,75,75,75,75,75,75,75,75,75,75,75,75,75,75,75],"card_choices":[{"not_picked":["Fire Blade","Rupture"],"picked":"Fire Up","floor":1},{"not_picked":["Transfer Energy","Load Balancing"],"picked":"Fixing","floor":4},{"not_picked":["Transfer Energy","Thunder Jump"],"picked":"Black Execution","floor":6},{"not_picked":["Oblique Hack","Three Hit"],"picked":"Revenge","floor":8},{"not_picked":["Resistance","Coercion"],"picked":"Fixing","floor":11},{"not_picked":["Afterwards","Preloading"],"picked":"Load Balancing","floor":12},{"not_picked":["Defend System","White Contract"],"picked":"Afterwards","floor":14},{"not_picked":["Backup","Memory Alloy"],"picked":"Black Contract","floor":16},{"not_picked":["Ruin Defend","Machining"],"picked":"New Defend Magic+1","floor":18},{"not_picked":["Resistance","Black Execution"],"picked":"Break Into+1","floor":19},{"not_picked":["Here Defend Chip","Revenge"],"picked":"Reflection Mechanism","floor":22},{"not_picked":["Recovery Mechanism","Thunder Jump","Preparedness"],"picked":"SKIP","floor":24},{"not_picked":["Rupture","Pod Fire+1"],"picked":"Cooling Song","floor":28},{"not_picked":["Black Shadow","Cursed Blade"],"picked":"Bugfix","floor":30},{"not_picked":["Data Freezing","Bursts"],"picked":"Shockwave Tdmadao","floor":33},{"not_picked":["Light Attack+1","Resistance+1","Thunder Jump+1"],"picked":"SKIP","floor":35},{"not_picked":["Break Into+1","White Contract","Provocative+1"],"picked":"SKIP","floor":37},{"not_picked":["Afterwards","Provocative+1","Fire Up"],"picked":"SKIP","floor":39},{"not_picked":["Rupture","Sudden Beat+1"],"picked":"Gravity Defend+1","floor":40},{"not_picked":["Floating Swing Kick+1","Trader+1"],"picked":"Fixing+1","floor":45},{"not_picked":["Sudden Beat+1","Black Dance+1"],"picked":"Transfer Energy+1","floor":46},{"not_picked":["Light Attack+1","Lunge+1","Fixing+1"],"picked":"SKIP","floor":47},{"not_picked":["Resistance+1","Three Hit+1"],"picked":"Defend System","floor":48}],"player_experience":419043,"relics_obtained":[{"floor":6,"key":"Du-Vu Doll"},{"floor":8,"key":"Lizard Tail"},{"floor":9,"key":"Mercury Hourglass"},{"floor":19,"key":"Red Mask"},{"floor":24,"key":"Boot"},{"floor":26,"key":"Funny"},{"floor":28,"key":"Omamori"},{"floor":43,"key":"Molten Egg 2"}],"event_choices":[{"damage_healed":0,"gold_gain":0,"player_choice":"Upgraded","damage_taken":0,"max_hp_gain":0,"max_hp_loss":0,"event_name":"Upgrade Shrine","floor":3,"gold_loss":0,"cards_upgraded":["Thunder Jump"]},{"damage_healed":0,"gold_gain":0,"player_choice":"Donut","damage_taken":0,"max_hp_gain":5,"max_hp_loss":0,"event_name":"Big Fish","floor":5,"gold_loss":0},{"damage_healed":0,"gold_gain":0,"player_choice":"Fought Bandits","damage_taken":0,"max_hp_gain":0,"max_hp_loss":0,"event_name":"Masked Bandits","floor":19,"gold_loss":0},{"damage_healed":0,"gold_gain":0,"player_choice":"Got Potions","damage_taken":0,"max_hp_gain":0,"max_hp_loss":0,"event_name":"Lab","floor":21,"gold_loss":0},{"damage_healed":0,"gold_gain":0,"player_choice":"Ignored","damage_taken":0,"max_hp_gain":0,"max_hp_loss":0,"event_name":"Vampires","floor":25,"gold_loss":0},{"damage_healed":0,"gold_gain":0,"player_choice":"Rummage","damage_taken":0,"relics_obtained":["WarpedTongs"],"max_hp_gain":0,"max_hp_loss":0,"event_name":"Accursed Blacksmith","floor":38,"gold_loss":0,"cards_obtained":["Pain"]},{"damage_healed":0,"gold_gain":0,"player_choice":"Ignored","damage_taken":0,"max_hp_gain":0,"max_hp_loss":0,"event_name":"Mysterious Sphere","floor":42,"gold_loss":0}],"is_beta":false,"boss_relics":[{"not_picked":["Fusion Hammer","Busted Crown"],"picked":"Sozu"},{"not_picked":["Runic Pyramid","Empty Cage"],"picked":"Astrolabe"}],"items_purged_floors":[20,31,36],"is_endless":false,"potions_floor_spawned":[6,11,16,18,22,33,35,39,45],"ascension_level":1}}