{"host":"a1eatafr7pisesky","time":1611811554,"event":{"mods":["AchievementEnabler","BaseMod","Colored Map","Keyboard Shortcuts","Minty Spire (QoL Compilation)","Say the Spire","StSLib","SuperFastMode","everything is the same but u backflip on backflip"],"gold_per_floor":[113,38,53,64,14,14,14,41,115,115,15,30,48,48,48],"floor_reached":14,"language":"KOR","playtime":259,"items_purged":["Defend_R","Strike_R"],"score":153,"play_id":"a6c296c0-9ebb-40ea-a2c9-8a03820ebf6a","local_time":"20210128142554","is_ascension_mode":true,"campfire_choices":[{"data":"Offering","floor":6.0,"key":"SMITH"},{"data":"Body Slam","floor":10.0,"key":"SMITH"}],"circlet_count":0,"master_deck":["AscendersBane","Strike_R","Strike_R","Strike_R","Defend_R","Defend_R","Defend_R","Bash","Offering+1","Cleave","Sword Boomerang","Body Slam+1","Battle Trance","Reaper","Shrug It Off"],"relics":["Burning Blood","Art of War","Blue Candle"],"acts_visited":["Exordium"],"potions_floor_usage":[14],"damage_taken":[{"damage":8.0,"enemies":"Small Slimes","floor":1.0,"turns":4.0},{"damage":8.0,"enemies":"2 Louse","floor":3.0,"turns":2.0},{"damage":13.0,"enemies":"Jaw Worm","floor":4.0,"turns":3.0},{"damage":14.0,"enemies":"Gremlin Nob","floor":8.0,"turns":3.0},{"damage":17.0,"enemies":"Blue Slaver","floor":12.0,"turns":3.0},{"damage":37,"enemies":"Gremlin Gang","floor":13,"turns":3},{"damage":17,"enemies":"Lagavulin","floor":14,"turns":7}],"seed_played":"3533296636178036812","potions_obtained":[{"floor":8.0,"key":"HeartOfIron"}],"is_trial":false,"path_per_floor":["M","$","M","M","?","R","$","E","T","R","$","M","M","E"],"character_chosen":"IRONCLAD","items_purchased":[],"campfire_rested":0,"item_purchase_floors":[],"current_hp_per_floor":[66,66,64,57,57,57,57,49,49,49,49,38,16,0,0],"gold":48,"neow_bonus":"ONE_RANDOM_RARE_CARD","is_daily":false,"chose_seed":false,"campfire_upgraded":2,"win_rate":0.0,"timestamp":1611811554,"path_taken":["M","$","M","M","?","R","$","E","T","R","$","M","M","E"],"items_purchased_type":[],"build_version":"2020-12-22","purchased_purges":2,"victory":false,"max_hp_per_floor":[75,75,75,75,75,75,75,75,75,75,75,75,75,75,75],"card_choices":[{"not_picked":["Thunderclap","Clash"],"picked":"Cleave","floor":1.0},{"not_picked":["Havoc","Rupture"],"picked":"Sword Boomerang","floor":3.0},{"not_picked":["Heavy Blade","Twin Strike"],"picked":"Body Slam","floor":4.0},{"not_picked":["Sword Boomerang","Shrug It Off"],"picked":"Battle Trance","floor":8.0},{"not_picked":["Blood for Blood","Shockwave"],"picked":"Reaper","floor":12.0},{"not_picked":["Headbutt","Iron Wave"],"picked":"Shrug It Off","floor":13}],"player_experience":374286,"relics_obtained":[{"floor":8.0,"key":"Art of War"},{"floor":9.0,"key":"Blue Candle"}],"event_choices":[{"cards_removed":["Strike_R"],"damage_healed":0.0,"max_hp_gain":0.0,"max_hp_loss":0.0,"gold_gain":0.0,"event_name":"The Cleric","player_choice":"Card Removal","floor":5.0,"gold_loss":50.0,"damage_taken":0.0}],"is_beta":false,"boss_relics":[],"items_purged_floors":[2,11],"is_endless":false,"potions_floor_spawned":[8],"killed_by":"Lagavulin","ascension_level":14}}