{"host":"ydujlihd8f5px9gp","time":1611792823,"event":{"mods":["BaseMod","Block Reminder","Colored Map","Downfall","Minty Spire (QoL Compilation)","StSLib","ojb\u0027s Info Mod"],"gold_per_floor":[99,117,134,144,200,218,242,242,242,256,282,282,111,129,147,249,249,249,260,260,360,370,384,384,384,384,384,384],"floor_reached":26,"language":"ENG","playtime":1789,"items_purged":[],"score":210,"play_id":"ad1fe784-aa1b-48c9-a105-8fd1fd815948","local_time":"20210127221343","is_ascension_mode":false,"campfire_choices":[{"data":"Slimebound:CorrosiveSpit","floor":1,"key":"SMITH"},{"data":"Slimebound:Split","floor":9,"key":"SMITH"},{"data":"Slimebound:Overexert","floor":18,"key":"SMITH"}],"circlet_count":0,"master_deck":["Slimebound:Strike_Slimebound","Slimebound:Strike_Slimebound","Slimebound:Strike_Slimebound+1","Slimebound:Tackle","Slimebound:Defend_Slimebound","Slimebound:Defend_Slimebound","Slimebound:Defend_Slimebound","Slimebound:Defend_Slimebound","Slimebound:Split+1","Slimebound:CorrosiveSpit+1","Slimebound:GoopSpray+1","Slimebound:SplitAcid","Slimebound:LeechEnergy+1","Slimebound:SplitLeeching","Slimebound:SplitBruiser","Slimebound:LivingWall","Slimebound:SplitLeeching","Slimebound:Overexert+1","Slimebound:ComboTackle","Slimebound:RainOfGoop","Slimebound:SlimeTap","Slimebound:Teamwork","Slimebound:LivingWall","Slimebound:LeadByExample","Slimebound:Split","Slimebound:HauntingLick","Slimebound:LeadByExample","Slimebound:MassFeed","Impatience","downfall:Icky","Slimebound:ComboTackle","Slimebound:GrowthPunch+1","Slimebound:ViciousTackle","downfall:Bewildered"],"relics":["Slimebound:AbsorbEndCombat","Centennial Puzzle","Whetstone","Nunchaku","Prayer Wheel","Slimebound:SelfDamagePreventRelic","Black Star","downfall:GremlinSack","Kunai","sneckomod:BabySnecko"],"acts_visited":["Exordium","TheCity"],"potions_floor_usage":[22,26,26],"damage_taken":[{"damage":4,"enemies":"Jaw Worm","floor":2,"turns":3},{"damage":11,"enemies":"Small Slimes","floor":3,"turns":3},{"damage":0,"enemies":"2 Louse","floor":4,"turns":2},{"damage":20,"enemies":"3 Sentries","floor":5,"turns":5},{"damage":0,"enemies":"2 Fungi Beasts","floor":6,"turns":2},{"damage":4,"enemies":"Exordium Thugs","floor":10,"turns":4},{"damage":25,"enemies":"3 Sentries","floor":11,"turns":5},{"damage":3,"enemies":"downfall:FleeingMerchant","floor":13,"turns":4},{"damage":3,"enemies":"Exordium Wildlife","floor":14,"turns":3},{"damage":11,"enemies":"Large Slime","floor":15,"turns":4},{"damage":16,"enemies":"DF_ARCHETYPE_STREAMLINE","floor":16,"turns":9},{"damage":0,"enemies":"Chosen","floor":19,"turns":4},{"damage":35,"enemies":"Chosen","floor":21,"turns":4},{"damage":12,"enemies":"Snake Plant","floor":22,"turns":3},{"damage":3,"enemies":"3 Cultists","floor":23,"turns":3},{"damage":17,"enemies":"Slavers","floor":26,"turns":1}],"seed_played":"5222228219128124447","potions_obtained":[{"floor":2,"key":"DuplicationPotion"},{"floor":4,"key":"Weak Potion"},{"floor":14,"key":"SpeedPotion"},{"floor":16,"key":"BlessingOfTheForge"},{"floor":22,"key":"Explosive Potion"}],"is_trial":false,"path_per_floor":["R","M","M","M","?","M","T","?","R","M","E","?","$","M","M","B",null,"R","M","?","?","M","M","T","?","E"],"character_chosen":"SLIMEBOUND","items_purchased":["Slimebound:SelfDamagePreventRelic"],"campfire_rested":0,"item_purchase_floors":[13],"current_hp_per_floor":[71,69,66,68,52,58,58,46,46,48,23,23,28,31,24,16,71,71,71,58,25,18,17,17,17,0,0,0],"gold":384,"neow_bonus":"TEN_PERCENT_HP_BONUS","is_daily":false,"chose_seed":false,"campfire_upgraded":3,"win_rate":0.0,"timestamp":1611792823,"path_taken":["R","M","M","M","?","M","T","?","R","M","E","?","$","M","M","BOSS","R","M","?","?","?","M","T","?","E"],"items_purchased_type":["Relic"],"build_version":"2020-12-22","purchased_purges":0,"victory":false,"max_hp_per_floor":[71,71,71,71,71,71,71,71,71,71,71,71,71,71,71,71,71,71,71,76,76,79,79,79,79,79,79,79],"card_choices":[{"not_picked":["Slimebound:LeadByExample","Slimebound:Chomp"],"picked":"Slimebound:GoopSpray","floor":2},{"not_picked":["Slimebound:LeechEnergy","Slimebound:HauntingLick"],"picked":"Slimebound:SplitAcid","floor":3},{"not_picked":["Slimebound:FinishingTackle","Slimebound:ItLooksTasty"],"picked":"Slimebound:LeechEnergy","floor":4},{"not_picked":["Slimebound:ItLooksTasty","Slimebound:ForwardTackle"],"picked":"Slimebound:SplitLeeching","floor":5},{"not_picked":["Slimebound:Schlurp","Slimebound:HauntingLick"],"picked":"Slimebound:SplitBruiser","floor":6},{"not_picked":["Slimebound:ProtectTheBoss","Slimebound:HauntingLick"],"picked":"Slimebound:LivingWall","floor":10},{"not_picked":["Slimebound:ComboTackle","Slimebound:HauntingLick"],"picked":"Slimebound:SplitLeeching","floor":11},{"not_picked":["Slimebound:ItLooksTasty","Slimebound:Chomp"],"picked":"Slimebound:Overexert","floor":13},{"not_picked":["Slimebound:SplitMire","Slimebound:SamplingLick"],"picked":"Slimebound:ComboTackle","floor":14},{"not_picked":["Slimebound:BestDefense","Slimebound:LivingWall"],"picked":"Slimebound:RainOfGoop","floor":14},{"not_picked":["Slimebound:GrowthPunch","Slimebound:Dissolve"],"picked":"Slimebound:SlimeTap","floor":15},{"not_picked":["Slimebound:ProtectTheBoss","Slimebound:LeechEnergy","Slimebound:GoopTackle"],"picked":"SKIP","floor":15},{"not_picked":["Slimebound:OozeBath","Slimebound:FirmFortitude"],"picked":"Slimebound:Teamwork","floor":16},{"not_picked":["Slimebound:GrowthPunch","Slimebound:MegaLick"],"picked":"Slimebound:LivingWall","floor":19},{"not_picked":["Slimebound:ItLooksTasty","Slimebound:GoopSpray+1"],"picked":"Slimebound:LeadByExample","floor":19},{"not_picked":["Slimebound:LeechEnergy+1","Slimebound:SamplingLick"],"picked":"Slimebound:ComboTackle","floor":21},{"not_picked":["Slimebound:RollThrough","Slimebound:FirmFortitude"],"picked":"Slimebound:GrowthPunch+1","floor":22},{"not_picked":["Slimebound:Grow+1","Slimebound:SamplingLick","Slimebound:LeechingTouch"],"picked":"SKIP","floor":22},{"not_picked":["Slimebound:SamplingLick+1","Slimebound:SpikyOuterGoop"],"picked":"Slimebound:ViciousTackle","floor":23},{"not_picked":["Slimebound:SplitMire","Slimebound:FinishingTackle","Slimebound:SlimeSpikes"],"picked":"SKIP","floor":23}],"player_experience":154448,"relics_obtained":[{"floor":5,"key":"Centennial Puzzle"},{"floor":7,"key":"Whetstone"},{"floor":11,"key":"Prayer Wheel"},{"floor":21,"key":"downfall:GremlinSack"},{"floor":24,"key":"Kunai"}],"event_choices":[{"damage_healed":0,"gold_gain":0,"player_choice":"Success","damage_taken":12,"relics_obtained":["Nunchaku"],"max_hp_gain":0,"max_hp_loss":0,"event_name":"Scrap Ooze","floor":8,"gold_loss":0},{"damage_healed":0,"gold_gain":0,"player_choice":"Grow","damage_taken":0,"max_hp_gain":0,"max_hp_loss":0,"event_name":"Living Wall","floor":12,"gold_loss":0,"cards_upgraded":["Slimebound:GoopSpray"]}],"is_beta":false,"boss_relics":[{"not_picked":["SlaversCollar","Fusion Hammer"],"picked":"Black Star"}],"items_purged_floors":[],"is_endless":false,"potions_floor_spawned":[2,4,14,16,21,22,23],"killed_by":"Slavers","ascension_level":0}}