{"host":"l5zfpd2l2htson6l","time":1611855791,"event":{"mods":["AchievementEnabler","BaseMod","Colored Map","Colored Powertips","Minty Spire (QoL Compilation)","Permanent Neow","Quick Restart","Rare Cards Sparkle","Relic Stats","SuperFastMode"],"gold_per_floor":[114,125,144,144,144,144,171,196,244,16,43,43,77,77,77,175,175,195,41,41,54,73,104,104,115,115,150,150,168,195,51,51,146,146,164,0,12,26,26,54,54,83,83,83,115,165,177,206,206,206,206,206,55,85,85],"floor_reached":56,"language":"ENG","playtime":5205,"items_purged":["Strike_R","Strike_R"],"score":1885,"play_id":"2088ff69-10bd-4471-81ca-a865ab4db17b","local_time":"20210128094311","is_ascension_mode":true,"campfire_choices":[{"data":"Flame Barrier","floor":6.0,"key":"SMITH"},{"floor":12.0,"key":"REST"},{"data":"Armaments","floor":15.0,"key":"SMITH"},{"data":"Heavy Blade","floor":24.0,"key":"SMITH"},{"data":"Dual Wield","floor":32.0,"key":"SMITH"},{"data":"Limit Break","floor":41.0,"key":"SMITH"},{"data":"Double Tap","floor":44.0,"key":"SMITH"},{"floor":49.0,"key":"RECALL"},{"data":"Berserk","floor":52.0,"key":"SMITH"}],"circlet_count":0,"master_deck":["AscendersBane","Strike_R+1","Defend_R","Defend_R","Defend_R","Defend_R","Bash","Limit Break+1","Heavy Blade+1","Flex+1","Flame Barrier+1","Armaments+1","Hemokinesis","Double Tap+1","Shockwave+1","Ghostly","Ghostly","Ghostly","Ghostly","Ghostly","Infernal Blade+1","Pommel Strike+1","Inflame+1","Whirlwind+1","Dual Wield+1","Inflame+1","Berserk+1","Thunderclap+1","Headbutt+1","Havoc+1","Dark Embrace+1"],"relics":["Burning Blood","Boot","Ancient Tea Set","Regal Pillow","Centennial Puzzle","Ornamental Fan","StrikeDummy","Velvet Choker","Sling","Art of War","Meat on the Bone","Mercury Hourglass","Blood Vial","Frozen Eye","Coffee Dripper","Red Mask","Turnip","Whetstone","Unceasing Top","Prayer Wheel","Pocketwatch","Anchor"],"acts_visited":["Exordium","TheCity","TheBeyond","TheEnding"],"potions_floor_usage":[55],"damage_taken":[{"damage":5.0,"enemies":"Small Slimes","floor":1.0,"turns":4.0},{"damage":6.0,"enemies":"2 Louse","floor":2.0,"turns":4.0},{"damage":12.0,"enemies":"Jaw Worm","floor":3.0,"turns":3.0},{"damage":40.0,"enemies":"3 Sentries","floor":7.0,"turns":11.0},{"damage":40.0,"enemies":"Lagavulin","floor":11.0,"turns":10.0},{"damage":24.0,"enemies":"3 Sentries","floor":13.0,"turns":15.0},{"damage":12.0,"enemies":"Slime Boss","floor":16.0,"turns":7.0},{"damage":3.0,"enemies":"Spheric Guardian","floor":18.0,"turns":4.0},{"damage":7.0,"enemies":"3 Byrds","floor":21.0,"turns":7.0},{"damage":2.0,"enemies":"Snake Plant","floor":22.0,"turns":5.0},{"damage":11.0,"enemies":"Gremlin Leader","floor":23.0,"turns":6.0},{"damage":2.0,"enemies":"Snecko","floor":25.0,"turns":5.0},{"damage":6.0,"enemies":"Slavers","floor":27.0,"turns":7.0},{"damage":1.0,"enemies":"Centurion and Healer","floor":29.0,"turns":4.0},{"damage":17.0,"enemies":"Book of Stabbing","floor":30.0,"turns":3.0},{"damage":3.0,"enemies":"Collector","floor":33.0,"turns":5.0},{"damage":2.0,"enemies":"Orb Walker","floor":35.0,"turns":3.0},{"damage":0.0,"enemies":"3 Shapes","floor":37.0,"turns":5.0},{"damage":5.0,"enemies":"Writhing Mass","floor":38.0,"turns":6.0},{"damage":3.0,"enemies":"Reptomancer","floor":40.0,"turns":5.0},{"damage":2.0,"enemies":"Giant Head","floor":42.0,"turns":6.0},{"damage":4.0,"enemies":"Reptomancer","floor":45.0,"turns":4.0},{"damage":4.0,"enemies":"Mind Bloom Boss Battle","floor":46.0,"turns":6.0},{"damage":11.0,"enemies":"Spire Growth","floor":47.0,"turns":6.0},{"damage":3.0,"enemies":"Nemesis","floor":48.0,"turns":3.0},{"damage":13.0,"enemies":"Donu and Deca","floor":50.0,"turns":6.0},{"damage":5.0,"enemies":"Shield and Spear","floor":54.0,"turns":5.0},{"damage":37,"enemies":"The Heart","floor":55,"turns":7}],"seed_played":"2803383619109540597","potions_obtained":[{"floor":2.0,"key":"Dexterity Potion"},{"floor":3.0,"key":"BloodPotion"},{"floor":11.0,"key":"DistilledChaos"},{"floor":13.0,"key":"DuplicationPotion"},{"floor":16.0,"key":"Dexterity Potion"},{"floor":18.0,"key":"Explosive Potion"},{"floor":27.0,"key":"Weak Potion"},{"floor":30.0,"key":"DuplicationPotion"},{"floor":35.0,"key":"SmokeBomb"},{"floor":40.0,"key":"Block Potion"},{"floor":54.0,"key":"Energy Potion"}],"is_trial":false,"path_per_floor":["M","M","M","?","?","R","E","T","T","$","E","R","E","?","R","B",null,"M","$","?","M","M","E","R","M","T","E","?","M","E","$","R","B",null,"M","?","M","M","?","E","R","E","T","R","E","?","M","E","R","B",null,"R","$","E","B",null],"character_chosen":"IRONCLAD","items_purchased":["Centennial Puzzle","Sling","Frozen Eye","Strength Potion"],"campfire_rested":1,"item_purchase_floors":[10,19,31,53],"current_hp_per_floor":[73,73,67,60,60,60,26,26,26,26,8,47,29,29,29,23,66,69,69,40,39,40,35,35,39,39,39,39,40,29,29,29,34,39,40,40,40,40,40,40,40,40,40,40,40,40,35,40,40,33,38,38,38,40,21],"gold":85,"neow_bonus":"ONE_RANDOM_RARE_CARD","is_daily":false,"chose_seed":false,"campfire_upgraded":7,"win_rate":0.0,"timestamp":1611855791,"path_taken":["M","M","M","?","?","R","E","?","T","$","E","R","E","?","R","BOSS","M","?","?","M","M","E","R","M","T","E","?","M","E","?","R","BOSS","M","?","M","M","?","E","R","E","T","R","E","?","M","E","R","BOSS","R","$","E","BOSS"],"items_purchased_type":["Relic","Relic","Relic","Potion"],"build_version":"2020-12-22","purchased_purges":2,"victory":true,"max_hp_per_floor":[80,80,80,80,80,80,80,80,80,80,80,80,80,80,80,80,80,80,80,40,40,40,40,40,40,40,40,40,40,40,40,40,40,40,40,40,40,40,40,40,40,40,40,40,40,40,40,40,40,40,40,40,40,40,40],"relic_stats":{"Regal Pillow":15,"counters":[28,161],"Whetstone":["Strike_R","Whirlwind"],"Boot":[10],"Burning Blood":138,"Mercury Hourglass":[287],"Blood Vial":7,"Centennial Puzzle":[69],"Ornamental Fan":[32],"Prayer Wheel":1,"Turnip":[2],"Art of War":[20],"obtain_stats":[{"Regal Pillow":9,"Velvet Choker":17,"Whetstone":42,"Boot":7,"Ancient Tea Set":8,"Sling":19,"Burning Blood":0,"Mercury Hourglass":27,"Blood Vial":30,"Frozen Eye":31,"Centennial Puzzle":10,"Anchor":54,"Ornamental Fan":11,"Prayer Wheel":46,"Turnip":40,"Art of War":23,"Coffee Dripper":34,"Red Mask":36,"StrikeDummy":13,"Unceasing Top":45,"Meat on the Bone":26,"Pocketwatch":48},{"Regal Pillow":4,"Velvet Choker":7,"Whetstone":21,"Boot":4,"Ancient Tea Set":4,"Sling":8,"Burning Blood":0,"Mercury Hourglass":13,"Blood Vial":15,"Frozen Eye":15,"Centennial Puzzle":4,"Anchor":27,"Ornamental Fan":5,"Prayer Wheel":23,"Turnip":20,"Art of War":11,"Coffee Dripper":16,"Red Mask":17,"StrikeDummy":6,"Unceasing Top":22,"Meat on the Bone":12,"Pocketwatch":25},{"Regal Pillow":22,"Velvet Choker":54,"Whetstone":124,"Boot":22,"Ancient Tea Set":22,"Sling":58,"Burning Blood":0,"Mercury Hourglass":88,"Blood Vial":95,"Frozen Eye":95,"Centennial Puzzle":22,"Anchor":154,"Ornamental Fan":32,"Prayer Wheel":134,"Turnip":118,"Art of War":76,"Coffee Dripper":100,"Red Mask":103,"StrikeDummy":47,"Unceasing Top":128,"Meat on the Bone":81,"Pocketwatch":143}],"Unceasing Top":[2],"Meat on the Bone":12,"Pocketwatch":[18]},"card_choices":[{"not_picked":["Combust","Seeing Red"],"picked":"Heavy Blade","floor":1.0},{"not_picked":["Iron Wave","Thunderclap"],"picked":"Flex","floor":2.0},{"not_picked":["Heavy Blade","Feel No Pain"],"picked":"Flame Barrier","floor":3.0},{"not_picked":["Reckless Charge","Corruption"],"picked":"Armaments","floor":7.0},{"not_picked":["Thunderclap","Body Slam","True Grit"],"picked":"SKIP","floor":11.0},{"not_picked":["Thunderclap","Iron Wave"],"picked":"Hemokinesis","floor":13.0},{"not_picked":["Barricade","Impervious"],"picked":"Double Tap","floor":16.0},{"not_picked":["Hemokinesis+1","Dropkick"],"picked":"Shockwave+1","floor":18.0},{"not_picked":["Perfected Strike","Heavy Blade+1","Searing Blow"],"picked":"SKIP","floor":21.0},{"not_picked":["Clothesline","Warcry","Wild Strike+1"],"picked":"SKIP","floor":22.0},{"not_picked":["Flex+1","Searing Blow"],"picked":"Infernal Blade+1","floor":23.0},{"not_picked":["True Grit","Body Slam"],"picked":"Pommel Strike+1","floor":25.0},{"not_picked":["Juggernaut","Bloodletting"],"picked":"Inflame+1","floor":27.0},{"not_picked":["Warcry","Wild Strike"],"picked":"Dual Wield","floor":29.0},{"not_picked":["Pummel","True Grit"],"picked":"Inflame+1","floor":30.0},{"not_picked":["Reaper","Barricade"],"picked":"Berserk","floor":33.0},{"not_picked":["Intimidate+1","Shrug It Off+1"],"picked":"Thunderclap+1","floor":35.0},{"not_picked":["Flex","Second Wind+1"],"picked":"Headbutt+1","floor":37.0},{"not_picked":["Hemokinesis+1","Blood for Blood+1"],"picked":"Havoc+1","floor":38.0},{"not_picked":["Flex+1","Heavy Blade","Ghostly Armor"],"picked":"SKIP","floor":40.0},{"not_picked":["Thunderclap+1","Iron Wave+1","Heavy Blade"],"picked":"SKIP","floor":42.0},{"not_picked":["Heavy Blade+1","Clothesline","Havoc+1"],"picked":"SKIP","floor":45.0},{"not_picked":["Headbutt+1","Fire Breathing","Flex"],"picked":"SKIP","floor":47.0},{"not_picked":["Uppercut+1","Wild Strike+1","Evolve"],"picked":"SKIP","floor":47.0},{"not_picked":["Limit Break","Body Slam+1","Havoc"],"picked":"SKIP","floor":48.0},{"not_picked":["Clash","Sword Boomerang"],"picked":"Dark Embrace+1","floor":54.0}],"player_experience":753114,"relics_obtained":[{"floor":7.0,"key":"Boot"},{"floor":8.0,"key":"Ancient Tea Set"},{"floor":9.0,"key":"Regal Pillow"},{"floor":11.0,"key":"Ornamental Fan"},{"floor":13.0,"key":"StrikeDummy"},{"floor":23.0,"key":"Art of War"},{"floor":26.0,"key":"Meat on the Bone"},{"floor":27.0,"key":"Mercury Hourglass"},{"floor":30.0,"key":"Blood Vial"},{"floor":40.0,"key":"Turnip"},{"floor":42.0,"key":"Whetstone"},{"floor":45.0,"key":"Unceasing Top"},{"floor":46.0,"key":"Prayer Wheel"},{"floor":48.0,"key":"Pocketwatch"},{"floor":54.0,"key":"Anchor"}],"event_choices":[{"cards_removed":["Strike_R"],"damage_healed":0.0,"max_hp_gain":0.0,"max_hp_loss":0.0,"gold_gain":0.0,"event_name":"Golden Wing","player_choice":"Card Removal","floor":4.0,"gold_loss":0.0,"damage_taken":7.0},{"damage_healed":0.0,"max_hp_gain":0.0,"max_hp_loss":0.0,"gold_gain":0.0,"event_name":"Living Wall","player_choice":"Grow","floor":5.0,"gold_loss":0.0,"damage_taken":0.0,"cards_upgraded":["Flex"]},{"cards_removed":["Strike_R"],"damage_healed":0.0,"max_hp_gain":0.0,"max_hp_loss":0.0,"gold_gain":0.0,"event_name":"Bonfire Elementals","player_choice":"Offered Basic","floor":14.0,"gold_loss":0.0,"damage_taken":0.0},{"damage_healed":0.0,"max_hp_gain":0.0,"max_hp_loss":40.0,"gold_gain":0.0,"event_name":"Ghosts","player_choice":"Became a Ghost","floor":20.0,"gold_loss":0.0,"damage_taken":0.0,"cards_obtained":["Ghostly","Ghostly","Ghostly","Ghostly","Ghostly"]},{"damage_healed":0.0,"max_hp_gain":0.0,"max_hp_loss":0.0,"gold_gain":0.0,"event_name":"The Library","player_choice":"Read","floor":28.0,"gold_loss":0.0,"damage_taken":0.0,"cards_obtained":["Whirlwind"]},{"damage_healed":0.0,"max_hp_gain":0.0,"max_hp_loss":0.0,"gold_gain":0.0,"event_name":"Tomb of Lord Red Mask","player_choice":"Paid","floor":36.0,"gold_loss":164.0,"damage_taken":0.0,"relics_obtained":["Red Mask"]},{"damage_healed":0.0,"max_hp_gain":0.0,"max_hp_loss":0.0,"gold_gain":0.0,"event_name":"SensoryStone","player_choice":"Memory 1","floor":39.0,"gold_loss":0.0,"damage_taken":0.0},{"damage_healed":0.0,"max_hp_gain":0.0,"max_hp_loss":0.0,"gold_gain":0.0,"event_name":"MindBloom","player_choice":"Fight","floor":46.0,"gold_loss":0.0,"damage_taken":0.0}],"is_beta":false,"boss_relics":[{"not_picked":["Runic Dome","Sozu"],"picked":"Velvet Choker"},{"not_picked":["Black Star","Tiny House"],"picked":"Coffee Dripper"}],"items_purged_floors":[10,53],"is_endless":false,"potions_floor_spawned":[2,3,11,13,16,18,27,30,35,38,40,45,47,54],"ascension_level":11}}