{"host":"7eytxr1oawi6r5nr","time":1611863873,"event":{"mods":["BaseMod","Better Third Choice","Curses Come First","Dark Map","Hermit","Hubris","Ironclad Rager","Jorbs\u0027s Wanderer Trilogy","Minty Spire (QoL Compilation)","Permanent Neow","Quick Restart","Rare Cards Sparkle","Relic Filter Mod","Reliquary","Replay The Spire","Robot Space Explorer","Shade Mod","StSLib","The Cursed","The Disciple","The Dragon Tamer","The Forsaken","The Hayseed","The IronCluck","The Marked","The Mystic","The Runesmith","The Servant 0.9.4","TheSurvivalist","UnlockEverythingMod","Weighted Paths","Wide Potions"],"gold_per_floor":[115,130,130,142,317,317,317,317],"floor_reached":7,"language":"ENG","playtime":475,"items_purged":[],"score":41,"play_id":"da9250e5-f168-46f9-9114-af3f5e58a8bc","local_time":"20210128195753","is_ascension_mode":false,"campfire_choices":[{"floor":6,"key":"REST"}],"circlet_count":0,"master_deck":["survmod:Strike","survmod:Strike","survmod:Strike","survmod:Strike","survmod:Defend","survmod:Defend","survmod:Defend","survmod:Defend","survmod:VersatileOffense","survmod:Sprint","survmod:Decoy","survmod:NockAnArrow","survmod:PenetratingShot","survmod:FindCover","Doubt"],"relics":["survmod:InnateMutation"],"acts_visited":["Exordium"],"potions_floor_usage":[7],"damage_taken":[{"damage":9,"enemies":"Jaw Worm","floor":1,"turns":6},{"damage":3,"enemies":"Small Slimes","floor":2,"turns":4},{"damage":0,"enemies":"2 Louse","floor":4,"turns":3},{"damage":54,"enemies":"Gremlin Nob","floor":7,"turns":7}],"seed_played":"91972999579715135","potions_obtained":[{"floor":1,"key":"PowerPotion"}],"is_trial":false,"path_per_floor":["M","M","?","M","?","R","E"],"character_chosen":"THE_SURVIVOR","items_purchased":[],"campfire_rested":1,"item_purchase_floors":[],"current_hp_per_floor":[41,38,38,38,38,50,0,0],"gold":317,"neow_bonus":"ONE_RANDOM_RARE_CARD","is_daily":false,"chose_seed":false,"campfire_upgraded":0,"win_rate":0.0,"timestamp":1611863873,"path_taken":["M","M","?","M","?","R","E"],"items_purchased_type":[],"build_version":"2020-12-22","purchased_purges":0,"victory":false,"max_hp_per_floor":[50,50,50,50,50,50,50,50],"card_choices":[{"not_picked":["survmod:ExplosiveTrap","survmod:QuickDash"],"picked":"survmod:NockAnArrow","floor":1},{"not_picked":["survmod:UnfortunateEscape","survmod:FocusedFire"],"picked":"survmod:PenetratingShot","floor":2},{"not_picked":["survmod:Adaptability","survmod:GoForFace"],"picked":"survmod:FindCover","floor":4}],"player_experience":166781,"relics_obtained":[],"event_choices":[{"damage_healed":0,"gold_gain":175,"player_choice":"AGREE","damage_taken":142,"max_hp_gain":0,"max_hp_loss":0,"event_name":"betterThird:BetterSerpent","floor":5,"gold_loss":0}],"is_beta":false,"boss_relics":[],"items_purged_floors":[],"is_endless":false,"potions_floor_spawned":[1],"killed_by":"Gremlin Nob","ascension_level":0}}