{"host":"mmro3auxcbu5pwad","time":1611852936,"event":{"mods":["Aspiration","BaseMod","Conspire","Energized Spire","Halation","Hubris","Infinite Spire","Minty Spire (QoL Compilation)","Permanent Neow","Replay The Spire","StSLib"],"gold_per_floor":[112,112,127,174,190,190,203,203,251,285,132,132,132,32,32,131,131,146,161,161,71,91,91,91,91,91,111,125,141,160,35,35,135,185,201,201,51,68,84,84,37,37,89,89,109,109,109,109,124,124,124,124],"floor_reached":53,"language":"ENG","playtime":1399,"items_purged":["Strike_G","Defend_G","Strike_G","Defend_G","Defend_G","Strike_G"],"score":798,"play_id":"1f89b85c-229b-4882-9d33-1fe2c138203d","local_time":"20210128175536","is_ascension_mode":true,"campfire_choices":[{"data":"Adrenaline","floor":6,"key":"SMITH"},{"data":"Neutralize","floor":8,"key":"SMITH"},{"floor":15,"key":"REST"},{"data":"Survivor","floor":23,"key":"SMITH"},{"data":"infinitespire:Gouge","floor":25,"key":"SMITH"},{"data":"Backflip","floor":32,"key":"SMITH"},{"data":"Strike_G","floor":40,"key":"SMITH"},{"data":"Defend_G+1","floor":42,"key":"SMITH"},{"data":"Defend_G+2","floor":44,"key":"SMITH"},{"data":"Defend_G+3","floor":51,"key":"SMITH"}],"circlet_count":0,"master_deck":["Strike_G+1","Strike_G+1","Defend_G+4","Survivor+1","Neutralize+1","Adrenaline+1","Quick Slash+1","Flying Knee","Footwork+1","Grand Finale+1","Dagger Throw","infinitespire:Gouge+1","Dagger Throw","Backflip+1","Quick Slash+1","Slice+1","Parasite","Flying Knee","Deflect"],"relics":["Ring of the Snake","Blood Vial","Simple Rune","Anchor","hubris:Icosahedron","aspiration:PoetsPen_weak","Pantograph","Ring of the Serpent","Replay:WaspNest","Tiny House","infinitespire:Satchel"],"acts_visited":["Exordium","TheCity","TheBeyond"],"potions_floor_usage":[4,39,45,52],"damage_taken":[{"damage":0,"enemies":"Cultist","floor":1,"turns":4},{"damage":0,"enemies":"Small Slimes","floor":3,"turns":2},{"damage":23,"enemies":"conspire:MimicChest","floor":4,"turns":6},{"damage":1,"enemies":"Jaw Worm","floor":5,"turns":2},{"damage":4,"enemies":"Red Slaver","floor":7,"turns":3},{"damage":8,"enemies":"Replay:BlueRogue","floor":10,"turns":5},{"damage":31,"enemies":"Fading Forest","floor":16,"turns":11},{"damage":0,"enemies":"Chosen","floor":18,"turns":1},{"damage":0,"enemies":"Shell Parasite","floor":19,"turns":3},{"damage":10,"enemies":"Snake Plant","floor":22,"turns":3},{"damage":0,"enemies":"Sentry and Sphere","floor":27,"turns":1},{"damage":0,"enemies":"Chosen and Byrds","floor":28,"turns":3},{"damage":0,"enemies":"Snecko","floor":29,"turns":1},{"damage":0,"enemies":"3 Cultists","floor":30,"turns":2},{"damage":11,"enemies":"conspire:MysteriousRune","floor":33,"turns":3},{"damage":0,"enemies":"3 Darklings","floor":35,"turns":1},{"damage":0,"enemies":"Orb Walker","floor":38,"turns":1},{"damage":0,"enemies":"Writhing Mass","floor":39,"turns":2},{"damage":16,"enemies":"4 Shapes","floor":45,"turns":2},{"damage":0,"enemies":"Maw","floor":49,"turns":3},{"damage":0,"enemies":"Time Eater","floor":52,"turns":3}],"seed_played":"-1642654892344894878","potions_obtained":[{"floor":1,"key":"Adrenaline Potion"},{"floor":4,"key":"FearPotion"},{"floor":7,"key":"Elixir"},{"floor":19,"key":"Reflective Coating"},{"floor":27,"key":"SkillPotion"},{"floor":30,"key":"ColorlessPotion"},{"floor":34,"key":"CultistPotion"},{"floor":45,"key":"AttackPotion"},{"floor":46,"key":"LiquidBronze"}],"is_trial":false,"path_per_floor":["M","$","M","?","M","R","M","R","T","E","$","?","?","$","R","B",null,"M","M","?","?","M","R","AVR","R","T","M","M","M","M","$","R","B",null,"M","T","$","M","M","R","$","R","T","R","M","?","PTL","PTL","M","$","R","B",null],"character_chosen":"THE_SILENT","items_purchased":["Footwork","Flying Knee"],"campfire_rested":1,"item_purchase_floors":[11,41],"current_hp_per_floor":[70,58,58,35,36,36,34,34,34,28,28,28,28,28,49,30,70,70,70,70,70,60,60,60,60,60,62,64,66,68,68,68,59,75,75,75,75,75,75,75,75,75,75,75,59,59,59,59,61,61,61,75],"gold":124,"neow_bonus":"ONE_RANDOM_RARE_CARD","is_daily":false,"chose_seed":false,"campfire_upgraded":9,"win_rate":0.0,"timestamp":1611852936,"path_taken":["M","?","?","?","?","R","M","R","T","E","$","?","?","?","R","BOSS","M","M","?","?","M","R","AVR","R","T","M","M","M","M","$","R","BOSS","M","?","$","?","M","R","?","R","T","R","M","?","PTL","PTL","?","?","R","BOSS"],"items_purchased_type":["Card","Card"],"build_version":"2020-12-22","purchased_purges":6,"victory":true,"max_hp_per_floor":[70,70,70,70,70,70,70,70,70,70,70,70,70,70,70,70,70,70,70,70,70,70,70,70,70,70,70,70,70,70,70,70,70,75,75,75,75,75,75,75,75,75,75,75,75,75,75,75,75,75,75,75],"card_choices":[{"not_picked":["ReplayTheSpireMod:Speed Training","Fluid Movement"],"picked":"Quick Slash","floor":1},{"not_picked":["Quick Slash","Deadly Poison"],"picked":"Flying Knee","floor":3},{"not_picked":["Choke","hubris:SlightOfHand","Deadly Poison"],"picked":"SKIP","floor":5},{"not_picked":["PiercingWail","Noxious Fumes","Slice"],"picked":"SKIP","floor":7},{"not_picked":["Outmaneuver","Choke","Hidden Blade"],"picked":"SKIP","floor":10},{"not_picked":["Bullet Time","Phantasmal Killer"],"picked":"Grand Finale","floor":16},{"not_picked":["Accuracy","Tactician","Poisoned Stab"],"picked":"SKIP","floor":18},{"not_picked":["Blade Dance","Dagger Spray"],"picked":"Dagger Throw","floor":19},{"not_picked":["Deadly Poison+1","conspire:DoublingDagger","Toxin Wave+1"],"picked":"SKIP","floor":22},{"not_picked":["Deadly Poison","Tools of the Trade","Dagger Spray"],"picked":"SKIP","floor":27},{"not_picked":["hubris:SlightOfHand","Escape Plan"],"picked":"Dagger Throw","floor":28},{"not_picked":["Underhanded Strike","Flying Knee"],"picked":"Backflip","floor":29},{"not_picked":["Draining Mist","Sucker Punch","Dagger Throw"],"picked":"SKIP","floor":30},{"not_picked":["Hidden Blade+1","Slice"],"picked":"Quick Slash+1","floor":34},{"not_picked":["hubris:Sniper","Caltrops","Bane+1"],"picked":"SKIP","floor":35},{"not_picked":["Tactician+1","Escape Plan"],"picked":"Slice+1","floor":38},{"not_picked":["Finisher","Slice","Hidden Blade"],"picked":"SKIP","floor":39},{"not_picked":["Endless Agony+1","Caltrops"],"picked":"Deflect","floor":45},{"not_picked":["Caltrops+1","Poisoned Stab+1","Corpse Explosion"],"picked":"SKIP","floor":49}],"player_experience":75653,"relics_obtained":[{"floor":4,"key":"Blood Vial"},{"floor":9,"key":"Simple Rune"},{"floor":10,"key":"Anchor"},{"floor":26,"key":"Replay:WaspNest"},{"floor":43,"key":"infinitespire:Satchel"}],"event_choices":[{"damage_healed":0,"gold_gain":0,"player_choice":"Ignored","damage_taken":0,"max_hp_gain":0,"max_hp_loss":0,"event_name":"The Mausoleum","floor":20,"gold_loss":0},{"cards_removed":["Defend_G"],"damage_healed":0,"gold_gain":0,"player_choice":"Upgrade and Remove","damage_taken":0,"max_hp_gain":0,"max_hp_loss":0,"event_name":"Designer","floor":21,"gold_loss":90,"cards_upgraded":["Quick Slash"]},{"damage_healed":0,"gold_gain":0,"player_choice":"Got Potions","damage_taken":0,"max_hp_gain":0,"max_hp_loss":0,"event_name":"Lab","floor":46,"gold_loss":0}],"is_beta":false,"boss_relics":[{"not_picked":["Painkiller Herb","halation:LoveArrow"],"picked":"aspiration:PoetsPen_weak"},{"not_picked":["halation:ForbiddenBikini","hubris:Stopwatch"],"picked":"Tiny House"}],"items_purged_floors":[2,2,11,14,31,37],"is_endless":false,"potions_floor_spawned":[1,4,7,19,27,30,35,45,49],"ascension_level":2}}