{"host":"drjz7zl15rqtgg20","time":1611802163,"event":{"mods":["BaseMod","Downfall","Minty Spire (QoL Compilation)","StSLib"],"gold_per_floor":[99,109,72,87,87,106,106,6,38,48,48,48,48,60,79,179,179,79,99,99,99,117,117,144,2,2,2,2,2,2,33,47,47,47,47],"floor_reached":33,"language":"ENG","playtime":1749,"items_purged":["Slimebound:Strike_Slimebound"],"score":327,"play_id":"25edd270-13be-4c77-81f7-4c924fb70586","local_time":"20210127214923","is_ascension_mode":true,"campfire_choices":[{"floor":1,"key":"RECALL"},{"data":"Slimebound:LevelUp","floor":8,"key":"SMITH"},{"data":"Slimebound:SplitSpecialist","floor":11,"key":"SMITH"},{"data":"Slimebound:AcidTongue","floor":13,"key":"SMITH"},{"data":"Slimebound:SelfFormingGoo","floor":18,"key":"SMITH"},{"data":"Slimebound:SlimeBarrage","floor":23,"key":"SMITH"},{"data":"Slimebound:Darklings","floor":28,"key":"SMITH"},{"data":"Slimebound:Split","floor":30,"key":"SMITH"}],"circlet_count":0,"master_deck":["Slimebound:Strike_Slimebound","Slimebound:Tackle","Slimebound:Defend_Slimebound","Slimebound:Defend_Slimebound","Slimebound:Split+1","Slimebound:CorrosiveSpit","Slimebound:RainOfGoop","Slimebound:LivingWall","Slimebound:GoopSpray","Slimebound:LevelUp+1","Slimebound:Darklings+1","Slimebound:AcidTongue+1","Slimebound:SplitSpecialist+1","Slimebound:GrowthPunch","Slimebound:SlimeBarrage+1","Slimebound:SelfFormingGoo+1","Slimebound:SlimeTap+1","Shame","Slimebound:SplitBruiser","Slimebound:Repurpose+1"],"relics":["Slimebound:AbsorbEndCombat","downfall:HeartBlessingRed","Slimebound:MaxSlimesRelic","Cursed Key","downfall:HeartBlessingBlue","Juzu Bracelet","Happy Flower","Prayer Wheel"],"acts_visited":["Exordium","TheCity"],"potions_floor_usage":[9,22,22,31],"damage_taken":[{"damage":7,"enemies":"Jaw Worm","floor":2,"turns":3},{"damage":0,"enemies":"downfall:FleeingMerchant","floor":3,"turns":4},{"damage":2,"enemies":"Cultist","floor":4,"turns":3},{"damage":14,"enemies":"Small Slimes","floor":6,"turns":5},{"damage":27,"enemies":"Gremlin Nob","floor":9,"turns":4},{"damage":0,"enemies":"Red Slaver","floor":10,"turns":4},{"damage":8,"enemies":"3 Louse","floor":14,"turns":3},{"damage":7,"enemies":"2 Fungi Beasts","floor":15,"turns":3},{"damage":18,"enemies":"IC_STATUS_ARCHETYPE","floor":16,"turns":6},{"damage":6,"enemies":"Shell Parasite","floor":19,"turns":5},{"damage":0,"enemies":"Chosen and Byrds","floor":22,"turns":4},{"damage":3,"enemies":"downfall:FleeingMerchant","floor":25,"turns":4},{"damage":23,"enemies":"Slavers","floor":31,"turns":5},{"damage":18,"enemies":"Snecko","floor":32,"turns":3},{"damage":42,"enemies":"SI_MIRROR_ARCHETYPE","floor":33,"turns":6}],"seed_played":"4821293716844228923","potions_obtained":[{"floor":4,"key":"Slimebound:ThreeZeroPotion"},{"floor":10,"key":"Fire Potion"},{"floor":16,"key":"sneckomod:MuddlingPotion"},{"floor":19,"key":"AttackPotion"},{"floor":29,"key":"CultistPotion"},{"floor":31,"key":"Slimebound:SlimedPotion"}],"is_trial":false,"path_per_floor":["R","M","$","M","?","M","T","R","E","M","R","?","R","M","M","B",null,"R","M","?","?","M","R","T","$","?","?","R","?","R","E","M","B"],"character_chosen":"SLIMEBOUND","items_purchased":["Slimebound:GoopSpray","Slimebound:SplitBruiser"],"campfire_rested":0,"item_purchase_floors":[3,25],"current_hp_per_floor":[65,62,65,63,63,51,51,51,30,32,32,32,32,28,25,13,65,75,73,73,59,65,65,65,68,68,68,68,68,68,51,35,0,0,0],"gold":47,"neow_bonus":"TRANSFORM_CARD","is_daily":false,"chose_seed":false,"campfire_upgraded":7,"win_rate":0.0,"timestamp":1611802163,"path_taken":["R","M","$","M","?","?","T","R","E","M","R","?","R","?","M","BOSS","R","M","?","?","M","R","T","$","?","?","R","?","R","E","M","BOSS"],"items_purchased_type":["Card","Card"],"build_version":"2020-12-22","purchased_purges":1,"victory":false,"max_hp_per_floor":[65,65,65,65,65,65,65,65,65,65,65,65,65,65,65,65,65,75,75,75,80,80,80,80,80,80,80,80,80,80,80,80,80,80,80],"card_choices":[{"not_picked":["Slimebound:Nibble","Slimebound:Prepare"],"picked":"Slimebound:LivingWall","floor":2},{"not_picked":["Slimebound:GoopTackle","Slimebound:LeechEnergy","Slimebound:SlimeBarrage"],"picked":"SKIP","floor":3},{"not_picked":["Slimebound:LivingWall","Slimebound:Schlurp"],"picked":"Slimebound:LevelUp","floor":4},{"not_picked":["Slimebound:FinishingTackle","Slimebound:Schlurp"],"picked":"Slimebound:AcidTongue","floor":6},{"not_picked":["Slimebound:LeechingTouch","Slimebound:ItLooksTasty"],"picked":"Slimebound:SplitSpecialist","floor":9},{"not_picked":["Slimebound:HauntingLick","Slimebound:LeechEnergy"],"picked":"Slimebound:GrowthPunch","floor":10},{"not_picked":["Slimebound:GoopSpray","Slimebound:RollThrough","Slimebound:SplitAcid"],"picked":"SKIP","floor":14},{"not_picked":["Slimebound:GoopSpray","Slimebound:SplitLeeching"],"picked":"Slimebound:SlimeBarrage","floor":15},{"not_picked":["Slimebound:WasteNot","Slimebound:DuplicatedForm"],"picked":"Slimebound:SelfFormingGoo","floor":16},{"not_picked":["Slimebound:HauntingLick","Slimebound:SplitLeeching"],"picked":"Slimebound:SlimeTap+1","floor":19},{"not_picked":["Slimebound:AcidTongue","Slimebound:Prepare","Slimebound:ComboTackle+1"],"picked":"SKIP","floor":22},{"not_picked":["Slimebound:GoopTackle","Slimebound:ViciousTackle","Slimebound:Replication"],"picked":"SKIP","floor":25},{"not_picked":["Slimebound:GoopTackle","Slimebound:FormOfPuddle","Slimebound:Chomp+1"],"picked":"SKIP","floor":31},{"not_picked":["Slimebound:FinishingTackle","Slimebound:GoopTackle"],"picked":"Slimebound:Repurpose+1","floor":32},{"not_picked":["Slimebound:ItLooksTasty","Slimebound:ProtectTheBoss","Slimebound:TongueLash"],"picked":"SKIP","floor":32}],"player_experience":578184,"relics_obtained":[{"floor":9,"key":"Slimebound:MaxSlimesRelic"},{"floor":24,"key":"Juzu Bracelet"},{"floor":31,"key":"Prayer Wheel"}],"event_choices":[],"is_beta":false,"boss_relics":[{"not_picked":["Pandora\u0027s Box","bronze:MakeshiftBattery"],"picked":"Cursed Key"}],"items_purged_floors":[25],"is_endless":false,"potions_floor_spawned":[4,10,16,19,31],"killed_by":"SI_MIRROR_ARCHETYPE","ascension_level":3}}