{"host":"2j5d0uw0vihq8b8w","time":1611812196,"event":{"mods":["2.2 Compatiblity","AchievementEnabler","BaseMod","BetterRewards","Colored Map","Colored Powertips","Custom Start","DeckTracker","Minty Spire (QoL Compilation)","Permanent Neow","Quick Restart","Rare Cards Sparkle","StSLib","SuperFastMode"],"gold_per_floor":[115,115,115,129,145,145,160,160,210,210,222,249,249,283,283,283,283],"floor_reached":16,"language":"KOR","playtime":533,"items_purged":[],"score":220,"play_id":"91363f3e-889b-42f6-8b4c-9aae8129f870","local_time":"20210128143636","is_ascension_mode":true,"campfire_choices":[{"data":"True Grit","floor":6.0,"key":"SMITH"},{"data":"Bash","floor":8.0,"key":"SMITH"},{"floor":10.0,"key":"REST"},{"floor":13.0,"key":"REST"},{"data":"Limit Break","floor":15.0,"key":"SMITH"}],"circlet_count":0,"master_deck":["AscendersBane","Strike_R+1","Strike_R","Strike_R+1","Strike_R+1","Strike_R","Defend_R","Defend_R","Defend_R","Defend_R","Bash+1","The Bomb","Twin Strike","Limit Break+1","True Grit+1","Headbutt+1","Metallicize","Pommel Strike","Inflame"],"relics":["Burning Blood","Vajra","Akabeko","Whetstone"],"acts_visited":["Exordium"],"potions_floor_usage":[16,16],"damage_taken":[{"damage":16.0,"enemies":"Small Slimes","floor":1.0,"turns":3.0},{"damage":7.0,"enemies":"2 Louse","floor":4.0,"turns":2.0},{"damage":1.0,"enemies":"Cultist","floor":5.0,"turns":3.0},{"damage":8.0,"enemies":"Blue Slaver","floor":7.0,"turns":4.0},{"damage":18.0,"enemies":"Large Slime","floor":11.0,"turns":4.0},{"damage":27.0,"enemies":"3 Sentries","floor":12.0,"turns":5.0},{"damage":20.0,"enemies":"Lagavulin","floor":14.0,"turns":6.0},{"damage":17,"enemies":"The Guardian","floor":16,"turns":8}],"seed_played":"2806339379104303030","potions_obtained":[{"floor":1.0,"key":"SpeedPotion"},{"floor":7.0,"key":"SteroidPotion"}],"is_trial":false,"path_per_floor":["M","?","?","M","M","R","M","R","T","R","M","E","R","E","R","B"],"character_chosen":"IRONCLAD","items_purchased":[],"campfire_rested":2,"item_purchase_floors":[],"current_hp_per_floor":[40,17,17,16,21,21,19,19,19,41,29,8,30,16,16,0,0],"gold":283,"neow_bonus":"RANDOM_COLORLESS_2","is_daily":false,"chose_seed":false,"campfire_upgraded":3,"win_rate":0.0,"timestamp":1611812196,"path_taken":["M","?","?","M","M","R","M","R","T","R","?","E","R","E","R","BOSS"],"items_purchased_type":[],"build_version":"2020-12-22","purchased_purges":0,"victory":false,"max_hp_per_floor":[75,75,75,75,75,75,75,75,75,75,75,75,75,75,75,75,75],"card_choices":[{"not_picked":["Thinking Ahead","Violence"],"picked":"The Bomb","floor":0.0},{"not_picked":["Perfected Strike","Burning Pact"],"picked":"Twin Strike","floor":1.0},{"not_picked":["Body Slam","Clash","Metallicize"],"picked":"SKIP","floor":4.0},{"not_picked":["Cleave","Havoc"],"picked":"True Grit","floor":5.0},{"not_picked":["Infernal Blade","Warcry"],"picked":"Headbutt","floor":7.0},{"not_picked":["Dual Wield","Clothesline"],"picked":"Metallicize","floor":11.0},{"not_picked":["Infernal Blade","Fire Breathing"],"picked":"Pommel Strike","floor":12.0},{"not_picked":["Rupture","Seeing Red"],"picked":"Inflame","floor":14.0}],"player_experience":713397,"relics_obtained":[{"floor":9.0,"key":"Vajra"},{"floor":12.0,"key":"Akabeko"},{"floor":14.0,"key":"Whetstone"}],"event_choices":[{"damage_healed":0.0,"max_hp_gain":0.0,"max_hp_loss":0.0,"gold_gain":0.0,"event_name":"Shining Light","player_choice":"Entered Light","floor":2.0,"gold_loss":0.0,"damage_taken":23.0,"cards_upgraded":["Strike_R","Strike_R"]},{"damage_healed":0.0,"max_hp_gain":0.0,"max_hp_loss":0.0,"gold_gain":0.0,"event_name":"Match and Keep!","player_choice":"1 cards matched","floor":3.0,"gold_loss":0.0,"damage_taken":0.0,"cards_obtained":["Limit Break"]}],"is_beta":false,"boss_relics":[],"items_purged_floors":[],"is_endless":false,"potions_floor_spawned":[1,7],"killed_by":"The Guardian","ascension_level":20}}