{"host":"gbsupkmj5cka9iw4","time":1611835680,"event":{"mods":["BaseMod","Better Note","BetterRewards","Minty Spire (QoL Compilation)","Say the Spire","Shop Mod","StSLib"],"gold_per_floor":[116,134,146,67,33,63,93,142,142,142,69,114,114,143,143,221,221,239,239,256,274,59,89,15,465,465,465,510,888,902,957,957,1031,1031,1088,1124,1141,1227,877,903,913,608,632,665,732,792,792,772,772,772],"floor_reached":51,"language":"ENG","playtime":3891,"items_purged":["Strike_P","Strike_P","Strike_P","Defend_P"],"score":2063,"play_id":"720a99f4-764e-4af8-bda1-ba4259e52d10","local_time":"20210128210800","is_ascension_mode":true,"campfire_choices":[{"data":"Enlightenment","floor":10.0,"key":"SMITH"},{"data":"Ragnarok","floor":13.0,"key":"SMITH"},{"data":"SandsOfTime","floor":15.0,"key":"SMITH"},{"floor":27.0,"key":"REST"},{"data":"Ragnarok","floor":32.0,"key":"SMITH"},{"data":"Wireheading","floor":47,"key":"SMITH"},{"floor":49,"key":"REST"}],"circlet_count":0,"master_deck":["AscendersBane","Strike_P","Defend_P","Defend_P","Defend_P","Eruption","Vigilance","Judgement","Ragnarok+1","DeceiveReality","TalkToTheHand","SandsOfTime+1","BattleHymn","Enlightenment+1","HandOfGreed","Wireheading","Wallop","Weave","Omniscience","Wireheading+1","Tantrum","Prostrate","MentalFortress","Wallop","FearNoEvil","Conclude","Scrawl","EmptyBody","Ragnarok+1","Study","Apotheosis","Adaptation","Wish","MentalFortress","Wish","Scrawl","Protect+1","Wish","Omniscience"],"relics":["PureWater","Orrery","Damaru","Lantern","Bronze Scales","Dream Catcher","Mercury Hourglass","MealTicket","Snecko Eye","Centennial Puzzle","Bottled Flame","Old Coin","Blue Candle","Philosopher\u0027s Stone","Membership Card","Juzu Bracelet","DollysMirror","Blood Vial","Strawberry","Bag of Marbles","Ancient Tea Set","Bottled Tornado"],"acts_visited":["Exordium","TheCity","TheBeyond"],"potions_floor_usage":[44,46,50],"damage_taken":[{"damage":0.0,"enemies":"Cultist","floor":1.0,"turns":2.0},{"damage":0.0,"enemies":"2 Louse","floor":2.0,"turns":2.0},{"damage":2.0,"enemies":"Jaw Worm","floor":3.0,"turns":3.0},{"damage":0.0,"enemies":"Lagavulin","floor":6.0,"turns":4.0},{"damage":0.0,"enemies":"Exordium Thugs","floor":7.0,"turns":4.0},{"damage":0.0,"enemies":"Gremlin Nob","floor":8.0,"turns":3.0},{"damage":10.0,"enemies":"3 Sentries","floor":12.0,"turns":4.0},{"damage":0.0,"enemies":"Lagavulin","floor":14.0,"turns":4.0},{"damage":0.0,"enemies":"Slime Boss","floor":16.0,"turns":3.0},{"damage":5.0,"enemies":"Shell Parasite","floor":18.0,"turns":2.0},{"damage":0.0,"enemies":"Spheric Guardian","floor":20.0,"turns":2.0},{"damage":19.0,"enemies":"Snake Plant","floor":21.0,"turns":2.0},{"damage":19.0,"enemies":"Slavers","floor":23.0,"turns":3.0},{"damage":0.0,"enemies":"Shelled Parasite and Fungi","floor":28.0,"turns":2.0},{"damage":0.0,"enemies":"Gremlin Leader","floor":29.0,"turns":3.0},{"damage":0.0,"enemies":"Centurion and Healer","floor":30.0,"turns":2.0},{"damage":35.0,"enemies":"Book of Stabbing","floor":31.0,"turns":3.0},{"damage":16.0,"enemies":"Automaton","floor":33.0,"turns":5.0},{"damage":0.0,"enemies":"3 Shapes","floor":35.0,"turns":1.0},{"damage":0.0,"enemies":"3 Darklings","floor":36.0,"turns":3.0},{"damage":0.0,"enemies":"Spire Growth","floor":37.0,"turns":1.0},{"damage":9.0,"enemies":"Jaw Worm Horde","floor":38.0,"turns":5.0},{"damage":0.0,"enemies":"Nemesis","floor":40.0,"turns":5.0},{"damage":2.0,"enemies":"4 Shapes","floor":41.0,"turns":2.0},{"damage":9,"enemies":"Reptomancer","floor":44,"turns":4},{"damage":3,"enemies":"3 Darklings","floor":45,"turns":2},{"damage":11,"enemies":"Nemesis","floor":46,"turns":5},{"damage":5,"enemies":"Time Eater","floor":50,"turns":8}],"seed_played":"9125809477300197619","potions_obtained":[{"floor":1.0,"key":"Strength Potion"},{"floor":2.0,"key":"Explosive Potion"},{"floor":12.0,"key":"ColorlessPotion"},{"floor":28.0,"key":"FairyPotion"},{"floor":36.0,"key":"LiquidMemories"},{"floor":37.0,"key":"Block Potion"},{"floor":41.0,"key":"ColorlessPotion"},{"floor":44,"key":"DuplicationPotion"},{"floor":48,"key":"CultistPotion"}],"is_trial":false,"path_per_floor":["M","M","M","$","$","E","M","E","T","R","$","E","R","E","R","B",null,"M","?","M","M","$","E","$","?","T","R","M","E","M","E","R","B",null,"M","M","M","M","$","E","M","$","T","E","M","E","R","?","R","B",null],"character_chosen":"WATCHER","items_purchased":["Orrery","SandsOfTime","BattleHymn","Enlightenment","HandOfGreed","Wireheading","FairyPotion","Damaru","Wireheading","Tantrum","FearNoEvil","Apotheosis","Adaptation","MentalFortress","Membership Card","Wish","SneckoOil","DollysMirror","Blood Vial","Strawberry"],"campfire_rested":2,"item_purchase_floors":[0,0,0,0,0,0,0,0,4,5,11,22,22,24,39,39,39,42,42,42],"current_hp_per_floor":[33,33,31,31,31,31,31,31,31,31,31,21,21,21,21,21,56,51,51,51,32,47,28,43,20,20,40,40,40,40,5,5,20,56,56,56,56,47,62,62,60,75,75,66,65,56,56,56,75,70],"gold":772,"neow_bonus":"","is_daily":false,"chose_seed":false,"campfire_upgraded":5,"win_rate":0.0,"timestamp":1611835680,"path_taken":["M","M","M","?","$","E","?","E","T","R","$","E","R","E","R","BOSS","M","?","M","M","$","E","?","?","T","R","?","E","M","E","R","BOSS","M","M","M","M","$","E","M","?","T","E","M","E","R","?","R","BOSS"],"items_purchased_type":["Relic","Card","Card","Card","Card","Card","Potion","Relic","Card","Card","Card","Card","Card","Card","Relic","Card","Potion","Relic","Relic","Relic"],"build_version":"2020-12-22","purchased_purges":4,"victory":true,"max_hp_per_floor":[68,68,68,68,68,68,68,68,68,68,68,68,68,68,68,68,68,68,68,68,68,68,68,68,68,68,68,68,68,68,68,68,68,68,68,68,68,68,68,68,68,75,75,75,75,75,75,75,75,75],"card_choices":[{"not_picked":["Consecrate","Halt"],"picked":"Judgement","floor":0.0},{"not_picked":["ThirdEye","EmptyBody"],"picked":"Ragnarok","floor":0.0},{"not_picked":["CarveReality","CrushJoints"],"picked":"DeceiveReality","floor":0.0},{"not_picked":["FlurryOfBlows","EmptyBody"],"picked":"TalkToTheHand","floor":0.0},{"not_picked":["ThirdEye","Nirvana"],"picked":"Wallop","floor":1.0},{"not_picked":["Evaluate","SignatureMove"],"picked":"Weave","floor":2.0},{"not_picked":["Prostrate","Consecrate"],"picked":"Omniscience","floor":3.0},{"not_picked":["Indignation","Consecrate"],"picked":"Prostrate","floor":6.0},{"not_picked":["JustLucky","Protect"],"picked":"MentalFortress","floor":7.0},{"not_picked":["Tantrum","FlyingSleeves"],"picked":"Wallop","floor":8.0},{"not_picked":["ForeignInfluence","Adaptation"],"picked":"Conclude","floor":12.0},{"not_picked":["SashWhip","Perseverance","PathToVictory"],"picked":"SKIP","floor":14.0},{"not_picked":["MasterReality","Devotion"],"picked":"Scrawl","floor":16.0},{"not_picked":["Indignation","Halt","EmptyBody"],"picked":"SKIP","floor":18.0},{"not_picked":["Indignation","Halt"],"picked":"EmptyBody","floor":18.0},{"not_picked":["JustLucky","PathToVictory","DeceiveReality"],"picked":"SKIP","floor":20.0},{"not_picked":["CrushJoints","ForeignInfluence+1"],"picked":"Study","floor":21.0},{"not_picked":["Consecrate","WindmillStrike"],"picked":"Wish","floor":23.0},{"not_picked":["Prostrate","WindmillStrike","EmptyBody+1"],"picked":"SKIP","floor":28.0},{"not_picked":["ForeignInfluence","BattleHymn","ClearTheMind"],"picked":"SKIP","floor":29.0},{"not_picked":["Halt","ForeignInfluence"],"picked":"Wish","floor":30.0},{"not_picked":["LikeWater","WindmillStrike+1","CutThroughFate"],"picked":"SKIP","floor":31.0},{"not_picked":["Blasphemy","LessonLearned"],"picked":"Scrawl","floor":33.0},{"not_picked":["Evaluate","EmptyFist","WindmillStrike"],"picked":"SKIP","floor":35.0},{"not_picked":["BattleHymn+1","SashWhip","FollowUp"],"picked":"SKIP","floor":36.0},{"not_picked":["Fasting2","Wireheading+1"],"picked":"Protect+1","floor":37.0},{"not_picked":["FlurryOfBlows","SashWhip","Conclude+1"],"picked":"SKIP","floor":38.0},{"not_picked":["WindmillStrike","LessonLearned","WreathOfFlame"],"picked":"SKIP","floor":40.0},{"not_picked":["Protect","Consecrate","Crescendo"],"picked":"SKIP","floor":41.0},{"not_picked":["Conclude","Fasting2","SignatureMove"],"picked":"SKIP","floor":44},{"not_picked":["ThirdEye","Prostrate+1","SashWhip"],"picked":"SKIP","floor":45},{"not_picked":["MentalFortress","JustLucky","Prostrate"],"picked":"SKIP","floor":46}],"player_experience":788900,"relics_obtained":[{"floor":6.0,"key":"Lantern"},{"floor":8.0,"key":"Bronze Scales"},{"floor":9.0,"key":"Dream Catcher"},{"floor":12.0,"key":"Mercury Hourglass"},{"floor":14.0,"key":"MealTicket"},{"floor":23.0,"key":"Centennial Puzzle"},{"floor":26.0,"key":"Bottled Flame"},{"floor":29.0,"key":"Old Coin"},{"floor":31.0,"key":"Blue Candle"},{"floor":40.0,"key":"Juzu Bracelet"},{"floor":43.0,"key":"Bag of Marbles"},{"floor":44,"key":"Ancient Tea Set"},{"floor":46,"key":"Bottled Tornado"}],"event_choices":[{"damage_healed":0.0,"max_hp_gain":0.0,"max_hp_loss":0.0,"gold_gain":0.0,"event_name":"Match and Keep!","player_choice":"1 cards matched","floor":19.0,"gold_loss":0.0,"damage_taken":0.0,"cards_obtained":["Ragnarok"]},{"damage_healed":0.0,"max_hp_gain":0.0,"max_hp_loss":0.0,"gold_gain":450.0,"event_name":"Knowing Skull","player_choice":"GOLD GOLD GOLD GOLD GOLD ","floor":25.0,"potions_obtained":[],"gold_loss":0.0,"damage_taken":46.0,"cards_obtained":[]},{"damage_healed":0,"gold_gain":0,"player_choice":"Bought 1 Potion","damage_taken":0,"max_hp_gain":0,"max_hp_loss":0,"event_name":"The Woman in Blue","floor":48,"gold_loss":0}],"is_beta":false,"boss_relics":[{"not_picked":["VioletLotus","Empty Cage"],"picked":"Snecko Eye"},{"not_picked":["Runic Dome","Coffee Dripper"],"picked":"Philosopher\u0027s Stone"}],"items_purged_floors":[0,0,39,42],"is_endless":false,"potions_floor_spawned":[1,2,7,12,16,20,21,23,28,30,36,37,41,44],"ascension_level":15}}