{"host":"6ba7gjmswb86fwtm","time":1611861602,"event":{"mods":["AchievementEnabler","Aspiration","BaseMod","Better Third Choice","BetterRewards","Colored Map","Conspire","Custom Start","Downfall","Energized Spire","Hermit","Hubris","Infinite Spire","Jorbs\u0027s Wanderer Trilogy","Koishi","Mad Scientist","Marisa????????","Minty Spire (QoL Compilation)","Permanent Neow","Quick Restart","Relic Sorter","Relic Stats","Reliquary","Replay The Spire","Shop Mod","Spicy Shops","StSLib","Td1madao Mod","The Animator","The Bug Knight","The Cursed","The Disciple","The Exalted","The Hierophant","The Mystic","The Necromancer","The Poker Player","The Runesmith","The Servant 0.9.4","Wandering Minibosses"],"gold_per_floor":[117,135,153,153,8,8,34,59,85,117,129,161,186,223,223,324,324,355,377,222,222,249,287,333,365,418,458,493,533,569,569,569,692,692,714,67,132,160,181,222,260,260,260,295,295,335,352,389,389,501,501,501],"floor_reached":51,"language":"ENG","playtime":5244,"items_purged":["Koishi:UnconsciousUrges"],"score":1480,"play_id":"24422d57-5352-4df8-b6bc-5e5be3ec8444","local_time":"20210128112002","daily_mods":["SealedDeck","Vintage","Heirloom","Flight","DeadlyEvents","Elite Swarm"],"is_ascension_mode":true,"campfire_choices":[{"floor":6.0,"key":"REST"},{"data":"Koishi:ReflexRadar","floor":42.0,"key":"SMITH"},{"floor":45.0,"key":"DIG"},{"data":"wanderingMiniBosses:FinaleOfPromise","floor":49,"key":"SMITH"}],"circlet_count":0,"master_deck":["Koishi:MindNumbingTerror+1","Koishi:TraumaticStroke","Koishi:ReflexRadar+1","Koishi:SubterraneanRose","Koishi:RacingHeart","Koishi:RacingHeart","Koishi:PredatoryInstincts","Koishi:PredatoryInstincts","Koishi:Catatonia+1","Koishi:HeartStoppingHorror+1","Koishi:Ego+1","Koishi:TerrifyingSpectre+1","Koishi:HeartfeltFancy","Koishi:Heartbroken+1","Koishi:FadingMemory+1","Koishi:ImGoingToCallYouNow+1","Koishi:ImGoingToCallYouNow+1","Koishi:FadingMemory+1","Koishi:TerrifyingSpectre+1","Koishi:SuperEgo+1","TheCursedMod:Dregs","wanderingMiniBosses:FinaleOfPromise+1","Koishi:PredatoryInstincts+1","Koishi:PredatoryInstincts+1","sneckomod:UnknownClassTHE_CHAMP_GRAY+1","stsjorbsmod:GatherPower+1","Bromod:FashionFrame+1","hermit:Gambit+1"],"relics":["Koishi:ImaginaryFriend","replay:Trail_Library","FossilizedHelix","Bromod:ArcaneTempo","Anchor","Orichalcum","Pet Ghost","Sundial","Koishi:BloodstainedWhiteRose","Slimebound:PreparedRelic","infinitespire:EmpoweringShard","reliquary:RosewoodLute","Whetstone","Replay:Bandana","infinitespire:Magic Flask","hexamod:BolsterEngine","Golden Egg","Painkiller Herb","sneckomod:BlankCard","Guardian:PocketSentry","Guide Book","Enchiridion","reliquary:Stiletto","conspire:DeflatedDodgeball","infinitespire:CursedDice","Torii","Gambling Chip","Nunchaku","InkBottle","Bromod:ArcaneNullifier","reliquary:RedPaperclip","wanderingMiniBosses:Blackblade","Happy Flower","PrismaticShard","reliquary:BrokenClock","ReplayTheSpireMod:Shallot","CatCart","hexamod:Sixitude","Replay:Multitool","infinitespire:Golems Mask","hubris:DisguiseKit","Bottled Tornado","hubris:BottledRain","hubris:CuriousFeather","conspire:GiftBox","Mercury Hourglass","Letter Opener"],"acts_visited":["Exordium","TheCity","TheBeyond","Exordium"],"potions_floor_usage":[],"damage_taken":[{"damage":0.0,"enemies":"Cultist","floor":1.0,"turns":4.0},{"damage":0.0,"enemies":"2 Louse","floor":2.0,"turns":2.0},{"damage":0.0,"enemies":"Small Slimes","floor":3.0,"turns":3.0},{"damage":11.0,"enemies":"Lagavulin","floor":7.0,"turns":5.0},{"damage":0.0,"enemies":"Gremlin Nob","floor":8.0,"turns":3.0},{"damage":3.0,"enemies":"3 Sentries","floor":10.0,"turns":5.0},{"damage":0.0,"enemies":"Exordium Thugs","floor":11.0,"turns":4.0},{"damage":0.0,"enemies":"Lagavulin","floor":12.0,"turns":4.0},{"damage":19.0,"enemies":"3 Sentries","floor":14.0,"turns":5.0},{"damage":1.0,"enemies":"The Guardian","floor":16.0,"turns":5.0},{"damage":0.0,"enemies":"Shell Parasite","floor":18.0,"turns":3.0},{"damage":3.0,"enemies":"conspire:HollyBat","floor":19.0,"turns":5.0},{"damage":0.0,"enemies":"Snecko","floor":22.0,"turns":3.0},{"damage":0.0,"enemies":"Nightmare","floor":23.0,"turns":4.0},{"damage":0.0,"enemies":"HollowMod:Nosk","floor":24.0,"turns":4.0},{"damage":0.0,"enemies":"Gremlin Leader","floor":25.0,"turns":2.0},{"damage":2.0,"enemies":"Replay:Snechameleon","floor":27.0,"turns":3.0},{"damage":0.0,"enemies":"conspire:Head Lice","floor":28.0,"turns":2.0},{"damage":0.0,"enemies":"Replay:Snechameleon","floor":29.0,"turns":2.0},{"damage":0.0,"enemies":"Book of Stabbing","floor":30.0,"turns":3.0},{"damage":0.0,"enemies":"hubris:MusketHawk","floor":33.0,"turns":3.0},{"damage":0.0,"enemies":"3 Darklings","floor":35.0,"turns":3.0},{"damage":0.0,"enemies":"Orin","floor":37.0,"turns":3.0},{"damage":0.0,"enemies":"3 Shapes","floor":38.0,"turns":2.0},{"damage":0.0,"enemies":"Maw","floor":39.0,"turns":2.0},{"damage":0.0,"enemies":"R_Hoarder","floor":40.0,"turns":3.0},{"damage":0.0,"enemies":"Reptomancer","floor":41.0,"turns":2.0},{"damage":0.0,"enemies":"Nemesis","floor":44.0,"turns":2.0},{"damage":0.0,"enemies":"Reptomancer","floor":46.0,"turns":2.0},{"damage":0,"enemies":"Jaw Worm Horde","floor":47,"turns":2},{"damage":0,"enemies":"Transient","floor":48,"turns":3},{"damage":0,"enemies":"conspire:OrnateMirror","floor":50,"turns":1}],"seed_played":"3187629015331361310","potions_obtained":[{"floor":2.0,"key":"champ:CounterPotion"},{"floor":3.0,"key":"Explosive Potion"},{"floor":8.0,"key":"CultistPotion"},{"floor":11.0,"key":"SteroidPotion"},{"floor":19.0,"key":"Elixir"},{"floor":23.0,"key":"SpeedPotion"},{"floor":30.0,"key":"Milkshake"},{"floor":37.0,"key":"infinitespire:BlackPotion"},{"floor":38.0,"key":"SmokeBomb"},{"floor":40.0,"key":"Swift Potion"},{"floor":41.0,"key":"EssenceOfSteel"},{"floor":46,"key":"BlessingOfTheForge"},{"floor":48,"key":"SteroidPotion"}],"is_trial":true,"path_per_floor":["M","M","M","?","$","R","E","E","T","E","M","E","T","E","R_BF","B",null,"?","?","T","?","?","NM","E","E","T","E","E","E","E","?","T","B",null,"?","T","?","?","?","E","E","T","T","E","T","E","?","?","T","B",null],"character_chosen":"KOISHI","items_purchased":["Koishi:BloodstainedWhiteRose","Guide Book","PrismaticShard","Koishi:PredatoryInstincts","reliquary:BrokenClock","ReplayTheSpireMod:Shallot"],"campfire_rested":1,"item_purchase_floors":[5,20,36,36,36,36],"current_hp_per_floor":[60,60,60,14,14,32,42,55,55,60,60,60,60,60,60,60,60,60,60,60,44,59,60,60,60,60,59,60,60,60,60,60,60,60,60,60,60,60,60,60,60,60,60,60,60,60,60,60,60,60,60,60],"gold":501,"neow_bonus":"","is_daily":false,"chose_seed":false,"campfire_upgraded":2,"win_rate":0.0,"timestamp":1611861602,"path_taken":["M","M","?","?","$","R","E","E","T","E","?","E","?","E","R_BF","BOSS","?","?","T","?","?","NM","E","E","T","E","E","E","E","?","T","BOSS","?","T","?","?","?","E","E","T","T","E","T","E","?","?","T","BOSS"],"items_purchased_type":["Relic","Relic","Relic","Card","Relic","Relic"],"build_version":"2020-12-22","purchased_purges":1,"victory":false,"max_hp_per_floor":[60,60,60,60,60,60,60,60,60,60,60,60,60,60,60,60,60,60,60,60,60,60,60,60,60,60,60,60,60,60,60,60,60,60,60,60,60,60,60,60,60,60,60,60,60,60,60,60,60,60,60,60],"relic_stats":{"Nunchaku":[5],"Torii":0,"Happy Flower":[7],"counters":[32,99],"Sundial":[22],"Gambling Chip":[13],"Whetstone":["Koishi:MindNumbingTerror","Koishi:Catatonia"],"Letter Opener":[5],"Orichalcum":[30],"obtain_stats":[{"Golden Egg":14,"Bromod:ArcaneNullifier":31,"Whetstone":10,"Bottled Tornado":43,"Sundial":4,"infinitespire:Golems Mask":40,"replay:Trail_Library":0,"Happy Flower":35,"Guardian:PocketSentry":19,"infinitespire:Magic Flask":12,"Letter Opener":48,"conspire:GiftBox":46,"wanderingMiniBosses:Blackblade":35,"ReplayTheSpireMod:Shallot":36,"Slimebound:PreparedRelic":7,"infinitespire:EmpoweringShard":8,"reliquary:BrokenClock":36,"CatCart":37,"aspiration:Lifesprig":26,"Torii":27,"sneckomod:BlankCard":18,"Enchiridion":21,"Painkiller Herb":17,"Replay:Multitool":39,"PrismaticShard":36,"Pet Ghost":4,"Replay:Bandana":11,"Nunchaku":29,"Mummified Hand":25,"Gambling Chip":28,"Bromod:ArcaneTempo":1,"hubris:CuriousFeather":45,"Koishi:BloodstainedWhiteRose":5,"InkBottle":30,"hubris:DisguiseKit":41,"infinitespire:CursedDice":24,"Guide Book":20,"hexamod:Sixitude":38,"Orichalcum":3,"reliquary:RosewoodLute":9,"Mercury Hourglass":47,"Anchor":2,"reliquary:RedPaperclip":34,"reliquary:Stiletto":22,"hexamod:BolsterEngine":13,"conspire:DeflatedDodgeball":23,"FossilizedHelix":0,"Koishi:ImaginaryFriend":0,"hubris:BottledRain":44},{"Golden Egg":9,"Bromod:ArcaneNullifier":20,"Whetstone":6,"Bottled Tornado":27,"Sundial":3,"infinitespire:Golems Mask":26,"replay:Trail_Library":0,"Happy Flower":22,"Guardian:PocketSentry":12,"infinitespire:Magic Flask":8,"Letter Opener":31,"conspire:GiftBox":29,"wanderingMiniBosses:Blackblade":22,"ReplayTheSpireMod:Shallot":22,"Slimebound:PreparedRelic":4,"infinitespire:EmpoweringShard":5,"reliquary:BrokenClock":22,"CatCart":23,"aspiration:Lifesprig":16,"Torii":17,"sneckomod:BlankCard":11,"Enchiridion":12,"Painkiller Herb":10,"Replay:Multitool":25,"PrismaticShard":22,"Pet Ghost":3,"Replay:Bandana":7,"Nunchaku":19,"Mummified Hand":16,"Gambling Chip":18,"Bromod:ArcaneTempo":1,"hubris:CuriousFeather":28,"Koishi:BloodstainedWhiteRose":3,"InkBottle":20,"hubris:DisguiseKit":27,"infinitespire:CursedDice":15,"Guide Book":12,"hexamod:Sixitude":24,"Orichalcum":3,"reliquary:RosewoodLute":5,"Mercury Hourglass":30,"Anchor":2,"reliquary:RedPaperclip":21,"reliquary:Stiletto":13,"hexamod:BolsterEngine":8,"conspire:DeflatedDodgeball":14,"FossilizedHelix":0,"Koishi:ImaginaryFriend":0,"hubris:BottledRain":28},{"Golden Egg":35,"Bromod:ArcaneNullifier":71,"Whetstone":22,"Bottled Tornado":89,"Sundial":9,"infinitespire:Golems Mask":87,"replay:Trail_Library":0,"Happy Flower":77,"Guardian:PocketSentry":48,"infinitespire:Magic Flask":30,"Letter Opener":98,"conspire:GiftBox":93,"wanderingMiniBosses:Blackblade":77,"ReplayTheSpireMod:Shallot":77,"Slimebound:PreparedRelic":14,"infinitespire:EmpoweringShard":17,"reliquary:BrokenClock":77,"CatCart":80,"aspiration:Lifesprig":61,"Torii":64,"sneckomod:BlankCard":43,"Enchiridion":48,"Painkiller Herb":40,"Replay:Multitool":84,"PrismaticShard":77,"Pet Ghost":9,"Replay:Bandana":26,"Nunchaku":68,"Mummified Hand":61,"Gambling Chip":66,"Bromod:ArcaneTempo":4,"hubris:CuriousFeather":91,"Koishi:BloodstainedWhiteRose":9,"InkBottle":71,"hubris:DisguiseKit":89,"infinitespire:CursedDice":59,"Guide Book":48,"hexamod:Sixitude":82,"Orichalcum":9,"reliquary:RosewoodLute":17,"Mercury Hourglass":95,"Anchor":6,"reliquary:RedPaperclip":74,"reliquary:Stiletto":51,"hexamod:BolsterEngine":30,"conspire:DeflatedDodgeball":55,"FossilizedHelix":0,"Koishi:ImaginaryFriend":0,"hubris:BottledRain":91}],"InkBottle":[22],"Mercury Hourglass":[12]},"card_choices":[{"not_picked":["Koishi:RuptureMind","Koishi:FormlessExistence"],"picked":"Koishi:HeartStoppingHorror","floor":7.0},{"not_picked":["Koishi:GrowingPain","Koishi:SilentAndRestless","Koishi:Heartbroken"],"picked":"SKIP","floor":8.0},{"not_picked":["Koishi:RollingInRichesHeart","Koishi:RuptureMind"],"picked":"Koishi:Ego","floor":10.0},{"not_picked":["Koishi:GrowingPain","Koishi:ConditionedTeleport"],"picked":"Koishi:TerrifyingSpectre","floor":12.0},{"not_picked":["Koishi:ConditionedTeleport","Koishi:PerfectMindControl"],"picked":"Koishi:Heartbroken","floor":14.0},{"not_picked":["Koishi:TerrifyingSpectre","Koishi:MindStellarRelief"],"picked":"Koishi:FadingMemory","floor":16.0},{"not_picked":["Koishi:Ego","Koishi:SilentAndRestless","Koishi:ConfinedInnocent"],"picked":"SKIP","floor":23.0},{"not_picked":["Koishi:GrowingPain","Koishi:SuperEgo"],"picked":"Koishi:ImGoingToCallYouNow","floor":24.0},{"not_picked":["Koishi:SilentAndRestless","Koishi:RollingInRichesHeart"],"picked":"Koishi:ImGoingToCallYouNow","floor":25.0},{"not_picked":["Koishi:RuptureMind","Koishi:ConditionedTeleport"],"picked":"Koishi:FadingMemory","floor":27.0},{"not_picked":["Koishi:HeartStoppingHorror","Koishi:MentalBreakdown","Koishi:FadingMemory"],"picked":"SKIP","floor":28.0},{"not_picked":["Koishi:TerrifyingSpectre","Koishi:FormlessExistence","Koishi:RuptureMind"],"picked":"SKIP","floor":29.0},{"not_picked":["Koishi:FormlessExistence","Koishi:RuptureMind"],"picked":"Koishi:TerrifyingSpectre","floor":29.0},{"not_picked":["Koishi:RollingInRichesHeart","Koishi:GrowingPain"],"picked":"Koishi:SuperEgo","floor":30.0},{"not_picked":[],"picked":"wanderingMiniBosses:FinaleOfPromise","floor":35.0},{"not_picked":["Black Spear+1","hermit:Ricochet"],"picked":"sneckomod:UnknownClassTHE_CHAMP_GRAY+1","floor":37.0},{"not_picked":["animator:Albedo","aspiration:Lunge"],"picked":"stsjorbsmod:GatherPower","floor":40.0},{"not_picked":["hierophant:Anathema","Bromod:SplitChamber"],"picked":"Bromod:FashionFrame","floor":41.0},{"not_picked":["sneckomod:Transmogrify","CollectingQuirk","Slimebound:PrepareCrush"],"picked":"hermit:Gambit","floor":44.0},{"not_picked":["ReplayTheSpireMod:Fabricate Wheel","sneckomod:Cheat","Im Angry","Slimebound:WasteNot"],"picked":"SKIP","floor":46}],"player_experience":609859,"relics_obtained":[{"floor":1.0,"key":"Bromod:ArcaneTempo"},{"floor":2.0,"key":"Anchor"},{"floor":3.0,"key":"Orichalcum"},{"floor":7.0,"key":"Slimebound:PreparedRelic"},{"floor":8.0,"key":"infinitespire:EmpoweringShard"},{"floor":9.0,"key":"reliquary:RosewoodLute"},{"floor":10.0,"key":"Whetstone"},{"floor":11.0,"key":"Replay:Bandana"},{"floor":12.0,"key":"infinitespire:Magic Flask"},{"floor":13.0,"key":"hexamod:BolsterEngine"},{"floor":14.0,"key":"Golden Egg"},{"floor":18.0,"key":"sneckomod:BlankCard"},{"floor":19.0,"key":"Guardian:PocketSentry"},{"floor":21.0,"key":"Enchiridion"},{"floor":22.0,"key":"reliquary:Stiletto"},{"floor":23.0,"key":"conspire:DeflatedDodgeball"},{"floor":24.0,"key":"infinitespire:CursedDice"},{"floor":25.0,"key":"Mummified Hand"},{"floor":26.0,"key":"aspiration:Lifesprig"},{"floor":27.0,"key":"Torii"},{"floor":28.0,"key":"Gambling Chip"},{"floor":29.0,"key":"Nunchaku"},{"floor":30.0,"key":"InkBottle"},{"floor":35.0,"key":"wanderingMiniBosses:Blackblade"},{"floor":35.0,"key":"Happy Flower"},{"floor":37.0,"key":"CatCart"},{"floor":38.0,"key":"hexamod:Sixitude"},{"floor":39.0,"key":"Replay:Multitool"},{"floor":40.0,"key":"infinitespire:Golems Mask"},{"floor":41.0,"key":"hubris:DisguiseKit"},{"floor":43.0,"key":"Bottled Tornado"},{"floor":44.0,"key":"hubris:BottledRain"},{"floor":45.0,"key":"hubris:CuriousFeather"},{"floor":46,"key":"conspire:GiftBox"},{"floor":47,"key":"Mercury Hourglass"},{"floor":48,"key":"Letter Opener"}],"event_choices":[{"damage_healed":0.0,"max_hp_gain":0.0,"max_hp_loss":0.0,"gold_gain":1.0,"event_name":"betterThird:BetterScrap","player_choice":"Relic Relic ","floor":4.0,"gold_loss":0.0,"damage_taken":46.0,"cards_obtained":["Ghostly Armor"]},{"damage_healed":0.0,"max_hp_gain":0.0,"max_hp_loss":0.0,"gold_gain":0.0,"event_name":"Cursed Tome","player_choice":"Obtained Book","floor":21.0,"gold_loss":0.0,"damage_taken":16.0},{"damage_healed":0.0,"max_hp_gain":0.0,"max_hp_loss":0.0,"gold_gain":0.0,"event_name":"OrinTheCat","player_choice":"Fight","floor":37.0,"gold_loss":0.0,"damage_taken":0.0}],"is_beta":false,"boss_relics":[{"not_picked":["hubris:CrackedHourglass","aspiration:PoetsPen_weak"],"picked":"Painkiller Herb"},{"not_picked":["aspiration:MarisaSkillbook","Koishi:ColorfulDays"],"picked":"reliquary:RedPaperclip"},{"not_picked":["conspire:SlowCooker","energizedSpire:RedRose","hubris:GrandSneckoEye"]}],"items_purged_floors":[36],"is_endless":true,"potions_floor_spawned":[2,3,8,11,19,23,24,29,30,37,38,40,41,46,48,50],"ascension_level":1}}