{"host":"vyjryxuuuxkt43k4","time":1611825499,"event":{"mods":["AchievementEnabler","BaseMod","Colored Map","DeckTracker","Keyboard Shortcuts","Minty Spire (QoL Compilation)","Permanent Neow","Quick Restart","Rare Cards Sparkle","StSLib","SuperFastMode","everything is the same but u backflip on backflip"],"gold_per_floor":[364,378,396,396,160,186,186,219,246,262,262,290,1,1,13,101,113,137,163,175,187,217,229,229],"floor_reached":23,"language":"KOR","playtime":799,"items_purged":["Parasite"],"score":418,"play_id":"255e5f19-25ab-4988-8383-ba85fc5087d6","local_time":"20210128181819","is_ascension_mode":true,"campfire_choices":[{"data":"Perfected Strike","floor":7.0,"key":"SMITH"},{"floor":11.0,"key":"REST"},{"data":"Apotheosis","floor":15.0,"key":"SMITH"}],"circlet_count":0,"master_deck":["AscendersBane","Strike_R","Strike_R","Strike_R","Strike_R","Strike_R","Defend_R","Defend_R","Defend_R","Defend_R","Bash","Perfected Strike","Wild Strike","Perfected Strike+1","Shockwave","Fire Breathing","Apotheosis+1","Immolate","Perfected Strike","Twin Strike","Body Slam+1"],"relics":["Burning Blood","Happy Flower","Strawberry","Anchor","MealTicket","Bottled Tornado","MawBank","Black Star","Nilry\u0027s Codex"],"acts_visited":["Exordium","TheCity"],"potions_floor_usage":[16,16,23,23],"damage_taken":[{"damage":24.0,"enemies":"Jaw Worm","floor":1.0,"turns":4.0},{"damage":17.0,"enemies":"Cultist","floor":2.0,"turns":4.0},{"damage":0.0,"enemies":"Small Slimes","floor":3.0,"turns":3.0},{"damage":30.0,"enemies":"Lagavulin","floor":6.0,"turns":7.0},{"damage":30.0,"enemies":"3 Sentries","floor":8.0,"turns":7.0},{"damage":0.0,"enemies":"2 Fungi Beasts","floor":10.0,"turns":2.0},{"damage":8.0,"enemies":"Gremlin Nob","floor":12.0,"turns":3.0},{"damage":27,"enemies":"Hexaghost","floor":16,"turns":6},{"damage":27,"enemies":"Chosen","floor":18,"turns":4},{"damage":28,"enemies":"3 Byrds","floor":19,"turns":5},{"damage":9,"enemies":"Snake Plant","floor":22,"turns":3},{"damage":15,"enemies":"Book of Stabbing","floor":23,"turns":2}],"seed_played":"-3501640816150916627","potions_obtained":[{"floor":3.0,"key":"Regen Potion"},{"floor":10.0,"key":"Swift Potion"},{"floor":12.0,"key":"PowerPotion"},{"floor":19,"key":"Explosive Potion"},{"floor":22,"key":"SkillPotion"}],"is_trial":false,"path_per_floor":["M","M","M","?","$","E","R","E","T","M","R","E","$","?","R","B",null,"M","M","?","?","M","E"],"character_chosen":"IRONCLAD","items_purchased":["Happy Flower","Apotheosis","DuplicationPotion"],"campfire_rested":1,"item_purchase_floors":[5,13,13],"current_hp_per_floor":[50,39,45,34,34,32,32,8,8,14,37,35,50,45,45,24,65,44,22,1,17,14,0,0],"gold":229,"neow_bonus":"TWO_FIFTY_GOLD","is_daily":false,"chose_seed":false,"campfire_upgraded":2,"win_rate":0.0,"timestamp":1611825499,"path_taken":["M","M","M","?","$","E","R","E","T","M","R","E","?","?","R","BOSS","M","M","?","?","M","E"],"items_purchased_type":["Relic","Card","Potion"],"build_version":"2020-12-22","purchased_purges":1,"victory":false,"max_hp_per_floor":[75,75,75,75,72,79,79,79,79,79,79,79,79,79,79,79,79,79,79,79,79,79,79,79],"card_choices":[{"not_picked":["Flex","Havoc"],"picked":"Perfected Strike","floor":1.0},{"not_picked":["Clash","Sentinel"],"picked":"Wild Strike","floor":2.0},{"not_picked":["Armaments","Warcry"],"picked":"Perfected Strike","floor":3.0},{"not_picked":["True Grit","Entrench","Sever Soul"],"picked":"SKIP","floor":6.0},{"not_picked":["Heavy Blade","Rupture"],"picked":"Shockwave","floor":8.0},{"not_picked":["Body Slam","Warcry"],"picked":"Fire Breathing","floor":10.0},{"not_picked":["Limit Break","Searing Blow","Clash"],"picked":"SKIP","floor":12.0},{"not_picked":["Bludgeon","Juggernaut"],"picked":"Immolate","floor":16},{"not_picked":["Blood for Blood","Dual Wield"],"picked":"Perfected Strike","floor":18},{"not_picked":["Warcry","Thunderclap"],"picked":"Twin Strike","floor":19},{"not_picked":["Cleave","Heavy Blade"],"picked":"Body Slam+1","floor":22}],"player_experience":454442,"relics_obtained":[{"floor":6.0,"key":"Strawberry"},{"floor":8.0,"key":"Anchor"},{"floor":9.0,"key":"MealTicket"},{"floor":12.0,"key":"Bottled Tornado"},{"floor":20,"key":"Nilry\u0027s Codex"}],"event_choices":[{"damage_healed":0.0,"max_hp_gain":0.0,"max_hp_loss":0.0,"gold_gain":0.0,"event_name":"Wheel of Change","player_choice":"Damaged","floor":4.0,"gold_loss":0.0,"damage_taken":11.0},{"damage_healed":0.0,"max_hp_gain":0.0,"max_hp_loss":0.0,"gold_gain":0.0,"event_name":"Scrap Ooze","player_choice":"Success","floor":14.0,"gold_loss":0.0,"damage_taken":5.0,"relics_obtained":["MawBank"]},{"damage_healed":0,"gold_gain":0,"player_choice":"Obtained Book","damage_taken":21,"max_hp_gain":0,"max_hp_loss":0,"event_name":"Cursed Tome","floor":20,"gold_loss":0},{"damage_healed":16,"gold_gain":0,"player_choice":"Heal","damage_taken":0,"max_hp_gain":0,"max_hp_loss":0,"event_name":"The Library","floor":21,"gold_loss":0}],"is_beta":false,"boss_relics":[{"not_picked":["Busted Crown","SacredBark"],"picked":"Black Star"}],"items_purged_floors":[5],"is_endless":false,"potions_floor_spawned":[3,10,12,19,22],"killed_by":"Book of Stabbing","ascension_level":20}}