{"host":"k85tjwrh7mjrrc9a","time":1611872059,"event":{"mods":["AchievementEnabler","BaseMod","Colored Powertips","Highlight Path","Minty Spire (QoL Compilation)","Rare Cards Sparkle","StSLib"],"gold_per_floor":[115,36,36,186,110,110,110,110,110,110,151,170,170,185,185,185,185],"floor_reached":16,"language":"ENG","playtime":426,"items_purged":[],"score":173,"play_id":"a075ebbf-aecc-4843-b0b4-49cf311e0957","local_time":"20210128171419","is_ascension_mode":true,"campfire_choices":[{"data":"Whirlwind","floor":6,"key":"SMITH"},{"data":"Bash","floor":8,"key":"SMITH"},{"data":"Limit Break","floor":10,"key":"SMITH"},{"data":"Twin Strike","floor":13,"key":"SMITH"},{"floor":15,"key":"REST"}],"circlet_count":0,"master_deck":["AscendersBane","Strike_R","Strike_R","Strike_R","Strike_R","Strike_R","Defend_R","Defend_R","Defend_R","Defend_R","Bash+1","Thunderclap","Wild Strike","Limit Break+1","Injury","Doubt","Whirlwind+1","Pain","Twin Strike+1"],"relics":["Burning Blood","Golden Idol","WarpedTongs","The Courier","Pen Nib"],"acts_visited":["Exordium"],"potions_floor_usage":[],"damage_taken":[{"damage":5,"enemies":"Small Slimes","floor":1,"turns":3},{"damage":41,"enemies":"Gremlin Nob","floor":11,"turns":5},{"damage":2,"enemies":"Jaw Worm","floor":12,"turns":3},{"damage":8,"enemies":"2 Louse","floor":14,"turns":2},{"damage":61,"enemies":"Hexaghost","floor":16,"turns":7}],"seed_played":"-6833860195953700796","potions_obtained":[{"floor":12,"key":"Energy Potion"},{"floor":14,"key":"BlessingOfTheForge"}],"is_trial":false,"path_per_floor":["M","$","?","?","$","R","?","R","T","R","E","M","R","M","R","B"],"character_chosen":"IRONCLAD","items_purchased":["Limit Break","Whirlwind"],"campfire_rested":1,"item_purchase_floors":[2,5],"current_hp_per_floor":[69,69,69,69,69,69,69,69,69,69,34,38,38,36,58,0,0],"gold":185,"neow_bonus":"THREE_CARDS","is_daily":false,"chose_seed":false,"campfire_upgraded":4,"win_rate":0.0,"timestamp":1611872059,"path_taken":["M","$","?","?","?","R","?","R","T","R","E","M","R","M","R","BOSS"],"items_purchased_type":["Card","Card"],"build_version":"2020-12-22","purchased_purges":0,"victory":false,"max_hp_per_floor":[75,75,75,75,75,75,75,75,75,75,75,75,75,75,75,75,75],"card_choices":[{"not_picked":["Body Slam","Anger"],"picked":"Thunderclap","floor":0},{"not_picked":["Warcry","Havoc"],"picked":"Wild Strike","floor":1},{"not_picked":["Rupture","Thunderclap"],"picked":"Twin Strike","floor":11},{"not_picked":["Wild Strike","Twin Strike","Clash"],"picked":"SKIP","floor":12},{"not_picked":["Metallicize","Burning Pact","Cleave"],"picked":"SKIP","floor":14}],"player_experience":236316,"relics_obtained":[{"floor":9,"key":"The Courier"},{"floor":11,"key":"Pen Nib"}],"event_choices":[{"damage_healed":0,"gold_gain":0,"player_choice":"Take Wound","damage_taken":0,"relics_obtained":["Golden Idol"],"max_hp_gain":0,"max_hp_loss":0,"event_name":"Golden Idol","floor":3,"gold_loss":0,"cards_obtained":["Injury"]},{"damage_healed":0,"gold_gain":150,"player_choice":"AGREE","damage_taken":0,"max_hp_gain":0,"max_hp_loss":0,"event_name":"Liars Game","floor":4,"gold_loss":0,"cards_obtained":["Doubt"]},{"damage_healed":0,"gold_gain":0,"player_choice":"Rummage","damage_taken":0,"relics_obtained":["WarpedTongs"],"max_hp_gain":0,"max_hp_loss":0,"event_name":"Accursed Blacksmith","floor":7,"gold_loss":0,"cards_obtained":["Pain"]}],"is_beta":false,"boss_relics":[],"items_purged_floors":[],"is_endless":false,"potions_floor_spawned":[12,14],"killed_by":"Hexaghost","ascension_level":16}}