{"host":"5tzvto3beate6p8b","time":1611841057,"event":{"mods":["BaseMod","Colored Map","Minty Spire (QoL Compilation)","StSLib","SuperFastMode"],"gold_per_floor":[117,267,139,139,14,14,44,44,44,44,44,56,82,92,92,169,169,180,196,196,29,49,49,49],"floor_reached":23,"language":"JPN","playtime":1108,"items_purged":["Doubt","Injury"],"score":394,"play_id":"ab82d241-d33f-4772-b443-0ee97e42a6d6","local_time":"20210128223737","is_ascension_mode":true,"campfire_choices":[{"data":"Skewer","floor":6,"key":"SMITH"},{"data":"Blade Dance","floor":8,"key":"SMITH"},{"data":"Neutralize","floor":10,"key":"SMITH"},{"data":"Finisher","floor":15,"key":"SMITH"}],"circlet_count":0,"master_deck":["AscendersBane","Strike_G","Strike_G","Strike_G","Strike_G","Defend_G","Defend_G","Defend_G","Defend_G","Defend_G","Survivor","Neutralize+1","Venomology","Skewer+1","Dagger Throw","Blade Dance+1","Choke","Cloak And Dagger","Finisher+1","Heel Hook","A Thousand Cuts","Dagger Spray+1","Predator","Envenom","Sucker Punch"],"relics":["Ring of the Snake","Akabeko","HornCleat","Pen Nib","WristBlade","InkBottle"],"acts_visited":["Exordium","TheCity"],"potions_floor_usage":[7,7,13,13,13,16,16,18,23,23,23],"damage_taken":[{"damage":0,"enemies":"Jaw Worm","floor":1,"turns":7},{"damage":21,"enemies":"Gremlin Nob","floor":7,"turns":4},{"damage":0,"enemies":"2 Louse","floor":12,"turns":1},{"damage":5,"enemies":"3 Sentries","floor":13,"turns":9},{"damage":0,"enemies":"Small Slimes","floor":14,"turns":2},{"damage":15,"enemies":"Hexaghost","floor":16,"turns":8},{"damage":0,"enemies":"Spheric Guardian","floor":18,"turns":1},{"damage":0,"enemies":"Chosen","floor":19,"turns":2},{"damage":0,"enemies":"Snecko","floor":22,"turns":3},{"damage":62,"enemies":"Book of Stabbing","floor":23,"turns":5}],"seed_played":"-3164507860231976946","potions_obtained":[{"floor":12,"key":"EntropicBrew"},{"floor":16,"key":"Swift Potion"},{"floor":19,"key":"LiquidMemories"}],"is_trial":false,"path_per_floor":["M","?","$","?","$","R","E","R","T","R","?","M","E","M","R","B",null,"M","M","T","$","M","E"],"character_chosen":"THE_SILENT","items_purchased":["Fire Potion","Dagger Throw","Envenom"],"campfire_rested":0,"item_purchase_floors":[3,5,21],"current_hp_per_floor":[59,59,59,64,64,64,43,43,43,43,43,43,38,38,38,23,59,59,59,59,59,59,0,0],"gold":49,"neow_bonus":"THREE_RARE_CARDS","is_daily":false,"chose_seed":false,"campfire_upgraded":4,"win_rate":0.0,"timestamp":1611841057,"path_taken":["M","?","$","?","$","R","E","R","T","R","?","M","E","M","R","BOSS","M","M","?","$","M","E"],"items_purchased_type":["Potion","Card","Card"],"build_version":"2020-12-22","purchased_purges":2,"victory":false,"max_hp_per_floor":[66,66,66,71,71,71,71,71,71,71,71,71,71,71,71,71,71,71,71,71,71,71,71,71],"card_choices":[{"not_picked":["Phantasmal Killer","After Image"],"picked":"Venomology","floor":0},{"not_picked":["Dodge and Roll","Quick Slash"],"picked":"Skewer","floor":1},{"not_picked":["Prepared","Dodge and Roll"],"picked":"Blade Dance","floor":7},{"not_picked":["Deadly Poison","Dagger Throw"],"picked":"Cloak And Dagger","floor":12},{"not_picked":["Underhanded Strike","Backflip"],"picked":"Finisher","floor":13},{"not_picked":["Backflip","Poisoned Stab"],"picked":"Heel Hook","floor":14},{"not_picked":["Night Terror","Unload"],"picked":"A Thousand Cuts","floor":16},{"not_picked":["Underhanded Strike","Leg Sweep"],"picked":"Dagger Spray+1","floor":18},{"not_picked":["Backflip","Outmaneuver"],"picked":"Predator","floor":19},{"not_picked":["Deflect","Setup"],"picked":"Sucker Punch","floor":22}],"player_experience":677415,"relics_obtained":[{"floor":7,"key":"Akabeko"},{"floor":9,"key":"HornCleat"},{"floor":13,"key":"Pen Nib"},{"floor":20,"key":"InkBottle"}],"event_choices":[{"damage_healed":0,"gold_gain":150,"player_choice":"AGREE","damage_taken":0,"max_hp_gain":0,"max_hp_loss":0,"event_name":"Liars Game","floor":2,"gold_loss":0,"cards_obtained":["Doubt"]},{"damage_healed":0,"gold_gain":0,"player_choice":"Donut","damage_taken":0,"max_hp_gain":5,"max_hp_loss":0,"event_name":"Big Fish","floor":4,"gold_loss":0},{"damage_healed":0,"gold_gain":0,"cards_transformed":["Strike_G"],"player_choice":"Transformed","damage_taken":0,"max_hp_gain":0,"max_hp_loss":0,"event_name":"Transmorgrifier","floor":11,"gold_loss":0,"cards_obtained":["Choke"]}],"is_beta":false,"boss_relics":[{"not_picked":["Ring of the Serpent","Runic Pyramid"],"picked":"WristBlade"}],"items_purged_floors":[3,5],"is_endless":false,"potions_floor_spawned":[12,13,16,19],"killed_by":"Book of Stabbing","ascension_level":20}}