{"host":"g8iwl4xt8d9tko0g","time":1611837424,"event":{"mods":["AchievementEnabler","Bartender","BaseMod","Better Match","Better Sensory Stone","Better Skull","Block Reminder","Colored Map","Colored Powertips","Downfall","Energized Spire","Evolution","Googly Eyes","Halation","Highlight Path","Hubris","LagranYue(???·?)","Luminous","Magitek Elite","Marisa????????","Melee Mod","Minty Spire (QoL Compilation)","Reliquary","Replay The Spire","Shop Mod","Spire Arcade","StSLib","SuperFastMode","The Alterego","The Animator","The Bladedancer","The Marked","The Mystic","The Servant 0.9.4","The Wild Card","Transform Curses","Uncapped","everything is the same but u backflip on backflip"],"gold_per_floor":[116,116,132,151,151,185,185,214,214,214,225,225,225,6,6,110,110,126,126,143,155,218,218,218,218,287,287,307,324,324,335,335,430,492,505,149,0,0,0],"floor_reached":38,"language":"ENG","playtime":1677,"items_purged":["animator:Genos","animator:Defend"],"score":374,"play_id":"216f350e-53e9-4fe2-abcb-0316ae8cd50f","local_time":"20210128043704","is_ascension_mode":false,"campfire_choices":[{"floor":7,"key":"REST"},{"data":"animator:ElricAlphonse","floor":13,"key":"SMITH"},{"data":"animator:Cocytus","floor":15,"key":"SMITH"},{"floor":23,"key":"REST"},{"floor":25,"key":"REST"},{"data":"animator:ElricEdward","floor":27,"key":"SMITH"},{"floor":32,"key":"REST"}],"circlet_count":0,"master_deck":["animator:Cocytus+1","animator:Cocytus+1","animator:Defend+1","animator:Defend","animator:ElricEdward+1","animator:ElricAlphonse+1","animator:MaesHughes","animator:Greed","animator:WinryRockbell+1"],"relics":["animator:LivingPicture","animator:TheMissingPiece","EVO:Axolotl","LagranYue:RandomDrawCardRelic","hubris:Towel","Tintinnabulum","reliquary:JackalopeAntler","Strange Spoon","Sundial","Tiny House","reliquary:PurpleTingedLeaf","Red Mask"],"acts_visited":["Exordium","TheCity","TheBeyond"],"potions_floor_usage":[11,28,28,28,29,33,35,38],"damage_taken":[{"damage":1,"enemies":"Small Slimes","floor":1,"turns":3},{"damage":0,"enemies":"Cultist","floor":3,"turns":3},{"damage":7,"enemies":"Jaw Worm","floor":4,"turns":3},{"damage":29,"enemies":"3 Sentries","floor":6,"turns":8},{"damage":13,"enemies":"Blue Slaver","floor":8,"turns":3},{"damage":10,"enemies":"Red Slaver","floor":11,"turns":4},{"damage":14,"enemies":"Hexaghost","floor":16,"turns":10},{"damage":24,"enemies":"Shell Parasite","floor":18,"turns":6},{"damage":11,"enemies":"Spheric Guardian","floor":20,"turns":4},{"damage":3,"enemies":"Snecko","floor":21,"turns":6},{"damage":3,"enemies":"Snake Plant","floor":28,"turns":2},{"damage":11,"enemies":"Centurion and Healer","floor":29,"turns":6},{"damage":19,"enemies":"Shelled Parasite and Fungi","floor":31,"turns":4},{"damage":66,"enemies":"Champ","floor":33,"turns":13},{"damage":13,"enemies":"Orb Walker","floor":35,"turns":5},{"damage":73,"enemies":"2 Orb Walkers","floor":38,"turns":3}],"seed_played":"4409997716920196452","potions_obtained":[{"floor":6,"key":"Adrenaline Potion"},{"floor":8,"key":"Regen Potion"},{"floor":16,"key":"Block Potion"},{"floor":22,"key":"champ:CounterPotion"},{"floor":28,"key":"Weak Potion"},{"floor":29,"key":"FairyPotion"},{"floor":31,"key":"AttackPotion"},{"floor":33,"key":"Elixir"},{"floor":35,"key":"Dexterity Potion"}],"is_trial":false,"path_per_floor":["M","?","M","M","?","E","R","M","T","?","M","?","R","$","R","B",null,"M","?","M","M","?","R","?","R","T","R","M","M","?","M","R","B",null,"M","$","?","?"],"character_chosen":"THE_ANIMATOR","items_purchased":["Strange Spoon","reliquary:PurpleTingedLeaf"],"campfire_rested":4,"item_purchase_floors":[14,36],"current_hp_per_floor":[65,66,66,59,59,30,50,38,39,40,40,41,42,43,44,31,66,42,43,33,31,6,26,27,47,48,49,47,37,38,20,40,7,72,59,60,61,0,0],"gold":0,"neow_bonus":"REMOVE_CARD","is_daily":false,"chose_seed":false,"campfire_upgraded":3,"win_rate":0.0,"timestamp":1611837424,"path_taken":["M","?","?","M","?","E","R","M","T","?","?","?","R","$","R","BOSS","M","?","?","M","?","R","?","R","T","R","M","M","?","?","R","BOSS","M","$","?","?"],"items_purchased_type":["Relic","Relic"],"build_version":"2020-12-22","purchased_purges":2,"victory":false,"max_hp_per_floor":[66,66,66,66,66,66,66,66,66,66,66,66,66,66,66,66,66,66,66,66,66,66,66,66,66,66,66,66,66,66,66,66,67,72,72,72,72,72,72],"card_choices":[{"not_picked":["animator:DolaSchwi","animator:DolaCouronne","animator:ElricAlphonse"],"picked":"SKIP","floor":1},{"not_picked":["animator:Azekura","animator:Rider","animator:Guy"],"picked":"SKIP","floor":3},{"not_picked":["animator:Illya","animator:Wiz","animator:Gillette"],"picked":"SKIP","floor":4},{"not_picked":["animator:RinTohsaka","animator:YunYun","animator:ShinjiMatou"],"picked":"SKIP","floor":6},{"not_picked":["animator:Shichika","animator:Mitsuba"],"picked":"animator:MaesHughes","floor":8},{"not_picked":["animator:Shigure","animator:UneriGinkaku","animator:FielNirvalen"],"picked":"SKIP","floor":11},{"not_picked":["animator:Kazuma","animator:ChaikaBohdan","animator:Yuuichirou+1"],"picked":"SKIP","floor":18},{"not_picked":["animator:Archer","animator:Alexander","animator:Shinoa"],"picked":"SKIP","floor":20},{"not_picked":["animator:Guy+1","animator:AcuraAkari","animator:Azekura"],"picked":"SKIP","floor":21},{"not_picked":["animator:MaesHughes","animator:Chris","animator:Kazuma"],"picked":"SKIP","floor":28},{"not_picked":["animator:Guy","animator:Emonzaemon","animator:Kazuma"],"picked":"SKIP","floor":29},{"not_picked":["animator:CrowleyEusford","animator:ShinjiMatou","animator:RinTohsaka+1"],"picked":"SKIP","floor":31},{"not_picked":["animator:Hans","animator:ChaikaTrabant"],"picked":"animator:Greed","floor":33},{"not_picked":["animator:DolaRiku","animator:MaesHughes"],"picked":"animator:WinryRockbell+1","floor":34},{"not_picked":["animator:Mitsuba+1","animator:Vanir+1","animator:Assassin"],"picked":"SKIP","floor":35}],"player_experience":203413,"relics_obtained":[{"floor":6,"key":"Tintinnabulum"},{"floor":9,"key":"reliquary:JackalopeAntler"},{"floor":26,"key":"Sundial"}],"event_choices":[{"cards_removed":["animator:Genos"],"damage_healed":5,"gold_gain":0,"player_choice":"Offered Common","damage_taken":0,"max_hp_gain":0,"max_hp_loss":0,"event_name":"Bonfire Elementals","floor":2,"gold_loss":0},{"cards_removed":["animator:Genos"],"damage_healed":5,"gold_gain":0,"player_choice":"Offered Special","damage_taken":0,"max_hp_gain":0,"max_hp_loss":0,"event_name":"Bonfire Elementals","floor":2,"gold_loss":0},{"damage_healed":0,"gold_gain":0,"player_choice":"Bought 0 Potions","damage_taken":0,"max_hp_gain":0,"max_hp_loss":0,"event_name":"The Woman in Blue","floor":10,"gold_loss":0},{"damage_healed":0,"gold_gain":0,"player_choice":"Fled","damage_taken":0,"max_hp_gain":0,"max_hp_loss":0,"event_name":"Scrap Ooze","floor":12,"gold_loss":0},{"damage_healed":0,"gold_gain":0,"player_choice":"Upgraded","damage_taken":0,"max_hp_gain":0,"max_hp_loss":0,"event_name":"Upgrade Shrine","floor":19,"gold_loss":0,"cards_upgraded":["animator:Cocytus"]},{"damage_healed":0,"gold_gain":0,"player_choice":"Paid","damage_taken":0,"relics_obtained":["Red Mask"],"max_hp_gain":0,"max_hp_loss":0,"event_name":"Tomb of Lord Red Mask","floor":37,"gold_loss":149},{"damage_healed":0,"gold_gain":0,"player_choice":"Fight","damage_taken":0,"max_hp_gain":0,"max_hp_loss":0,"event_name":"Mysterious Sphere","floor":38,"gold_loss":0}],"is_beta":false,"boss_relics":[{"not_picked":["energizedSpire:OgreHead","hubris:CrackedHourglass","halation:ForbiddenBikini"]},{"not_picked":["hubris:GrandSneckoEye","ChewingGum"],"picked":"Tiny House"}],"items_purged_floors":[14,36],"is_endless":false,"potions_floor_spawned":[6,8,16,28,29,31,33,35],"killed_by":"2 Orb Walkers","ascension_level":0}}