{"host":"cxn6tbf67hppzwy1","time":1611827853,"event":{"mods":["BaseMod","Minty Spire (QoL Compilation)","Replay The Spire","Shop Mod","StSLib","Waifu the Spire","¡¾ÒÅÎï¿¨ÅÆ¡¿REMEMod"],"gold_per_floor":[109,109,127,146,166,166,201,201,201,235,235,247,275,290,302,74,74,178,178,193,234,134,178,219,248,248,248,324,324,334,394,435,435,435],"floor_reached":33,"language":"ZHS","playtime":989,"items_purged":["Strike_P","Defend_P"],"score":470,"play_id":"d962349f-b405-4d30-a389-4d7e61b2360a","local_time":"20210128175733","is_ascension_mode":true,"campfire_choices":[{"data":"Eruption","floor":6.0,"key":"SMITH"},{"data":"Wish","floor":27,"key":"SMITH"},{"data":"Fasting2","floor":29,"key":"SMITH"}],"circlet_count":0,"master_deck":["Strike_P","Strike_P","Defend_P","Defend_P","Defend_P","Eruption+1","Vigilance","Unload","CarveReality","Tantrum","Pray","Fasting2+1","Ragnarok+1","Wish+1","Sanctity","Adaptation+1"],"relics":["REME_ComplimentaryCards","Sozu","Bag of Preparation","Simple Rune","Sundial","CaptainsWheel","ReplayTheSpireMod:DimensionalGlitch","Pet Ghost","Bottled Tornado"],"acts_visited":["Exordium","TheCity"],"potions_floor_usage":[],"damage_taken":[{"damage":0.0,"enemies":"2 Louse","floor":1.0,"turns":2.0},{"damage":0.0,"enemies":"Cultist","floor":3.0,"turns":2.0},{"damage":0.0,"enemies":"Jaw Worm","floor":4.0,"turns":2.0},{"damage":4.0,"enemies":"Red Slaver","floor":5.0,"turns":2.0},{"damage":6.0,"enemies":"Replay:BlueRogue","floor":7.0,"turns":4.0},{"damage":15.0,"enemies":"3 Sentries","floor":10.0,"turns":3.0},{"damage":0.0,"enemies":"Looter","floor":12.0,"turns":1.0},{"damage":0.0,"enemies":"Gremlin Nob","floor":13.0,"turns":2.0},{"damage":0.0,"enemies":"Blue Slaver","floor":14.0,"turns":1.0},{"damage":14.0,"enemies":"Lots of Slimes","floor":15.0,"turns":2.0},{"damage":39,"enemies":"The Guardian","floor":18,"turns":7},{"damage":6,"enemies":"3 Byrds","floor":20,"turns":3},{"damage":0,"enemies":"Chosen","floor":21,"turns":3},{"damage":0,"enemies":"3 Cultists","floor":23,"turns":3},{"damage":0,"enemies":"Snecko","floor":24,"turns":3},{"damage":32,"enemies":"Book of Stabbing","floor":25,"turns":4},{"damage":0,"enemies":"Shelled Parasite and Fungi","floor":30,"turns":2},{"damage":9,"enemies":"Replay:Snechameleon","floor":31,"turns":4},{"damage":2,"enemies":"Snake Plant","floor":32,"turns":3},{"damage":7,"enemies":"Centurion and Healer","floor":33,"turns":2}],"seed_played":"7410205538507362674","potions_obtained":[],"is_trial":false,"path_per_floor":["M","?","M","M","M","R","E","PTL","PTL","E","T","M","E","M","M","$","R","B",null,"M","M","$","M","M","E","?","R","T","R","M","E","M","M"],"character_chosen":"WATCHER","items_purchased":["Ragnarok"],"campfire_rested":0,"item_purchase_floors":[16],"current_hp_per_floor":[65,65,65,65,61,61,55,55,55,40,40,40,40,40,26,26,47,8,56,50,50,50,50,50,18,18,18,18,18,18,9,7,0,0],"gold":435,"neow_bonus":"BOSS_RELIC","is_daily":false,"chose_seed":false,"campfire_upgraded":3,"win_rate":0.0,"timestamp":1611827853,"path_taken":["M","?","M","M","M","R","E","PTL","PTL","E","T","M","E","?","M","?","R","BOSS","M","?","$","M","M","E","?","R","T","R","?","E","M","M"],"items_purchased_type":["Card"],"build_version":"2020-12-22","purchased_purges":2,"victory":false,"max_hp_per_floor":[72,72,72,72,72,72,72,72,72,72,72,72,72,72,72,72,72,72,72,72,72,72,72,72,72,72,72,72,72,72,72,72,72,72],"card_choices":[{"not_picked":["Consecrate","Evaluate","Halt"],"picked":"SKIP","floor":1.0},{"not_picked":["FearNoEvil","Consecrate"],"picked":"CarveReality","floor":3.0},{"not_picked":["FlyingSleeves","Protect","Evaluate"],"picked":"SKIP","floor":4.0},{"not_picked":["ClearTheMind","WreathOfFlame","SashWhip"],"picked":"SKIP","floor":5.0},{"not_picked":["SashWhip","FlurryOfBlows"],"picked":"Tantrum","floor":7.0},{"not_picked":["Replay:Cycle","Replay:DivineShield","FollowUp"],"picked":"SKIP","floor":10.0},{"not_picked":["FollowUp","Weave","Omniscience"],"picked":"SKIP","floor":12.0},{"not_picked":["Meditate","Replay:DivineShield"],"picked":"Pray","floor":13.0},{"not_picked":["JustLucky","SashWhip","REME_Repentance"],"picked":"SKIP","floor":14.0},{"not_picked":["JustLucky","EmptyFist","Fasting2"],"picked":"SKIP","floor":15.0},{"not_picked":["JustLucky","EmptyFist"],"picked":"Fasting2","floor":15.0},{"not_picked":["Judgement","Omniscience"],"picked":"Wish","floor":18},{"not_picked":["Replay:ManipulateFuture","Protect","Consecrate"],"picked":"SKIP","floor":20},{"not_picked":["Consecrate+1","WheelKick","Wireheading"],"picked":"SKIP","floor":21},{"not_picked":["PathToVictory","ThirdEye+1","Pray"],"picked":"SKIP","floor":23},{"not_picked":["PathToVictory","ThirdEye+1","Pray"],"picked":"SKIP","floor":23},{"not_picked":["Replay:AtTheReady","Replay:ManipulateFuture","Prostrate+1"],"picked":"SKIP","floor":24},{"not_picked":["Replay:AtTheReady","Replay:ManipulateFuture","Prostrate+1"],"picked":"SKIP","floor":24},{"not_picked":["WreathOfFlame","REME_MusicOfDeath","Replay:ManipulateFuture"],"picked":"SKIP","floor":25},{"not_picked":["Replay:DivineShield+1","Replay:ManipulateFuture","DeceiveReality"],"picked":"SKIP","floor":30},{"not_picked":["EmptyBody","Replay:Anticipation","Tantrum"],"picked":"SKIP","floor":31},{"not_picked":["CutThroughFate+1","REME_MusicOfDeath"],"picked":"Adaptation+1","floor":32}],"player_experience":51931,"relics_obtained":[{"floor":7.0,"key":"Bag of Preparation"},{"floor":10.0,"key":"Simple Rune"},{"floor":11.0,"key":"Sundial"},{"floor":13.0,"key":"CaptainsWheel"},{"floor":25,"key":"Pet Ghost"},{"floor":31,"key":"Bottled Tornado"}],"event_choices":[{"cards_removed":["Strike_P"],"damage_healed":0.0,"max_hp_gain":0.0,"max_hp_loss":0.0,"gold_gain":0.0,"event_name":"Bonfire Elementals","player_choice":"Offered Basic","floor":2.0,"gold_loss":0.0,"damage_taken":0.0},{"damage_healed":0,"gold_gain":0,"player_choice":"1 cards matched","damage_taken":0,"max_hp_gain":0,"max_hp_loss":0,"event_name":"Match and Keep!","floor":26,"gold_loss":0,"cards_obtained":["Sanctity"]}],"is_beta":false,"boss_relics":[{"not_picked":["VioletLotus","SacredBark"],"picked":"ReplayTheSpireMod:DimensionalGlitch"}],"items_purged_floors":[16,22],"is_endless":false,"potions_floor_spawned":[4,5,7,12,25,30,31,32],"killed_by":"Centurion and Healer","ascension_level":8}}