{"host":"gaqyve1328ta0etl","time":1611872249,"event":{"mods":["BaseMod","Colored Map","Colored Powertips","Googly Eyes","Minty Spire (QoL Compilation)","Shop Mod","StSLib","SuperFastMode","The Hierophant","The Runesmith"],"gold_per_floor":[114,39,114,126,26,26,1,1,26,26,26,41,41,76,76,199,199,218,239,87,106,131,131,131],"floor_reached":23,"language":"ENG","playtime":661,"items_purged":["Strike_R","Strike_R"],"score":302,"play_id":"7c9bc248-bd56-46ff-97cd-b507a18bb916","local_time":"20210128141729","is_ascension_mode":true,"campfire_choices":[{"data":"Body Slam","floor":6,"key":"SMITH"},{"data":"Panacea","floor":8,"key":"SMITH"},{"data":"Shrug It Off","floor":10,"key":"SMITH"},{"floor":15,"key":"REST"}],"circlet_count":0,"master_deck":["AscendersBane","Strike_R","Defend_R","Defend_R","Defend_R","Defend_R","Bash","Panacea+1","Flame Barrier+1","Body Slam+1","Shrug It Off+1","Iron Wave","Rampage","Immolate","Havoc+1","Body Slam+1","Barricade","True Grit"],"relics":["Burning Blood","Vajra","Golden Idol","Matryoshka","Empty Cage"],"acts_visited":["Exordium","TheCity"],"potions_floor_usage":[14],"damage_taken":[{"damage":0,"enemies":"2 Louse","floor":1,"turns":3},{"damage":23,"enemies":"Cultist","floor":4,"turns":7},{"damage":0,"enemies":"Jaw Worm","floor":12,"turns":3},{"damage":5,"enemies":"Lagavulin","floor":14,"turns":7},{"damage":22,"enemies":"The Guardian","floor":16,"turns":15},{"damage":33,"enemies":"Spheric Guardian","floor":18,"turns":8},{"damage":1,"enemies":"2 Thieves","floor":19,"turns":4},{"damage":10,"enemies":"Snake Plant","floor":21,"turns":5},{"damage":16,"enemies":"Shelled Parasite and Fungi","floor":22,"turns":5},{"damage":38,"enemies":"Gremlin Leader","floor":23,"turns":4}],"seed_played":"-4292241917562440804","potions_obtained":[{"floor":4,"key":"SpeedPotion"},{"floor":14,"key":"Weak Potion"},{"floor":22,"key":"Strength Potion"}],"is_trial":false,"path_per_floor":["M","$","?","M","$","R","$","R","T","R","?","M","?","E","R","B",null,"M","M","$","M","M","E"],"character_chosen":"IRONCLAD","items_purchased":["Shrug It Off","Barricade"],"campfire_rested":1,"item_purchase_floors":[7,20],"current_hp_per_floor":[78,78,70,53,53,53,53,53,53,53,53,59,39,40,64,48,72,45,50,50,46,36,0,0],"gold":131,"neow_bonus":"RANDOM_COLORLESS","is_daily":false,"chose_seed":false,"campfire_upgraded":3,"win_rate":0.0,"timestamp":1611872249,"path_taken":["M","$","?","?","$","R","$","R","T","R","?","?","?","E","R","BOSS","M","M","$","M","M","E"],"items_purchased_type":["Card","Card"],"build_version":"2020-12-22","purchased_purges":2,"victory":false,"max_hp_per_floor":[80,80,80,80,80,80,80,80,80,80,80,80,80,80,80,80,80,80,80,80,80,80,80,80],"card_choices":[{"not_picked":["PanicButton","Forethought"],"picked":"Panacea","floor":0},{"not_picked":["Anger","Shockwave"],"picked":"Flame Barrier","floor":1},{"not_picked":["Clothesline","Pummel"],"picked":"Body Slam","floor":4},{"not_picked":["Blood for Blood","Perfected Strike"],"picked":"Iron Wave","floor":12},{"not_picked":["Blood for Blood","Cleave"],"picked":"Rampage","floor":14},{"not_picked":["Exhume","Fiend Fire"],"picked":"Immolate","floor":16},{"not_picked":["Reckless Charge","Shockwave"],"picked":"Havoc+1","floor":18},{"not_picked":["Pommel Strike","Armaments"],"picked":"Body Slam+1","floor":19},{"not_picked":["Anger","Armaments","Combust"],"picked":"SKIP","floor":21},{"not_picked":["Sword Boomerang","Wild Strike+1"],"picked":"True Grit","floor":22}],"player_experience":2051174,"relics_obtained":[{"floor":9,"key":"Vajra"},{"floor":14,"key":"Matryoshka"}],"event_choices":[{"damage_healed":0,"gold_gain":75,"player_choice":"Touch","damage_taken":8,"max_hp_gain":0,"max_hp_loss":0,"event_name":"FaceTrader","floor":3,"gold_loss":0},{"damage_healed":0,"gold_gain":0,"player_choice":"Forge","damage_taken":0,"max_hp_gain":0,"max_hp_loss":0,"event_name":"Accursed Blacksmith","floor":11,"gold_loss":0,"cards_upgraded":["Flame Barrier"]},{"damage_healed":0,"gold_gain":0,"player_choice":"Take Damage","damage_taken":20,"relics_obtained":["Golden Idol"],"max_hp_gain":0,"max_hp_loss":0,"event_name":"Golden Idol","floor":13,"gold_loss":0}],"is_beta":false,"boss_relics":[{"not_picked":["Ectoplasm","Runic Dome"],"picked":"Empty Cage"}],"items_purged_floors":[2,5],"is_endless":false,"potions_floor_spawned":[4,14,22],"killed_by":"Gremlin Leader","ascension_level":12}}