{"host":"i6mndjcatnxpmw23","time":1611852959,"event":{"mods":["BaseMod","Hunter ??","Marisa????????","Minty Spire (QoL Compilation)","Shop Mod","The Servant 0.9.4","UnlockEverythingMod"],"gold_per_floor":[109,128,128,146,180,225,240,254,254,254,287,287,287,301,301,419,419,439,472,497,497,422,422,451,451,476,510,510,510,510],"floor_reached":29,"language":"ZHS","playtime":2705,"items_purged":[],"score":249,"play_id":"f6872caf-7abc-44b2-8c72-b7dadb88d52a","local_time":"20210129005559","is_ascension_mode":false,"campfire_choices":[{"floor":10,"key":"REST"},{"floor":12,"key":"REST"},{"data":"SprinkleStarSeal","floor":15,"key":"SMITH"},{"data":"BinaryStars","floor":23,"key":"SMITH"}],"circlet_count":0,"master_deck":["Strike_MRS+1","Strike_MRS","Defend_MRS","Defend_MRS","Defend_MRS","Defend_MRS+1","MasterSpark","UpSweep","PowerUp","IllusionStar","WitchOfGreed","Singularity","PowerUp","UltimateShortwave","Occultation","DarkMatter","SprinkleStarSeal+1","BinaryStars+1","Acceleration+1","MagicChant","SprinkleStarSeal","CasketOfStar","FairyDestructionRay+1"],"relics":["MiniHakkero","NeowsBlessing","Eternal Feather","Bird Faced Urn","Black Star","MagicBroom","StoneCalendar","Art of War","Unceasing Top"],"acts_visited":["Exordium","TheCity"],"potions_floor_usage":[6,6,7,8,8,14,16,20,20,24,24,29,29],"damage_taken":[{"damage":0,"enemies":"Cultist","floor":1,"turns":1},{"damage":0,"enemies":"Jaw Worm","floor":2,"turns":1},{"damage":0,"enemies":"2 Louse","floor":4,"turns":1},{"damage":34,"enemies":"Gremlin Gang","floor":5,"turns":5},{"damage":19,"enemies":"Lagavulin","floor":6,"turns":5},{"damage":4,"enemies":"Blue Slaver","floor":7,"turns":4},{"damage":0,"enemies":"2 Fungi Beasts","floor":8,"turns":4},{"damage":23,"enemies":"Exordium Wildlife","floor":11,"turns":6},{"damage":7,"enemies":"Blue Slaver","floor":14,"turns":2},{"damage":33,"enemies":"The Guardian","floor":16,"turns":13},{"damage":14,"enemies":"Spheric Guardian","floor":18,"turns":5},{"damage":7,"enemies":"Shell Parasite","floor":19,"turns":7},{"damage":43,"enemies":"Chosen and Byrds","floor":20,"turns":10},{"damage":27,"enemies":"Slavers","floor":24,"turns":3},{"damage":3,"enemies":"Shelled Parasite and Fungi","floor":27,"turns":4},{"damage":18,"enemies":"Book of Stabbing","floor":29,"turns":5}],"seed_played":"-4401831968283004494","potions_obtained":[{"floor":1,"key":"FearPotion"},{"floor":5,"key":"GamblersBrew"},{"floor":5,"key":"FearPotion"},{"floor":6,"key":"SneckoOil"},{"floor":6,"key":"BlessingOfTheForge"},{"floor":11,"key":"PowerPotion"},{"floor":11,"key":"Fire Potion"},{"floor":16,"key":"Ancient Potion"},{"floor":19,"key":"ColorlessPotion"},{"floor":20,"key":"Fruit Juice"},{"floor":20,"key":"ColorlessPotion"},{"floor":24,"key":"DistilledChaos"},{"floor":27,"key":"Energy Potion"}],"is_trial":false,"path_per_floor":["M","M","?","M","M","E","M","M","T","R","M","R","?","M","R","B",null,"M","M","M","?","?","R","E","?","T","M","?","E"],"character_chosen":"MARISA","items_purchased":[],"campfire_rested":2,"item_purchase_floors":[],"current_hp_per_floor":[75,75,60,60,26,7,3,3,3,34,15,46,46,41,50,23,75,61,58,19,19,19,31,11,11,11,12,12,0,0],"gold":510,"neow_bonus":"THREE_ENEMY_KILL","is_daily":false,"chose_seed":false,"campfire_upgraded":2,"win_rate":0.0,"timestamp":1611852959,"path_taken":["M","?","?","M","M","E","M","M","T","R","M","R","?","M","R","BOSS","M","?","M","?","?","R","E","?","T","?","?","E"],"items_purchased_type":[],"build_version":"2020-12-22","purchased_purges":0,"victory":false,"max_hp_per_floor":[75,75,75,75,75,75,75,75,75,75,75,75,75,75,75,75,75,75,75,75,75,75,75,80,80,80,80,80,80,80],"card_choices":[{"not_picked":["GravityBeat","MilkyWay"],"picked":"PowerUp","floor":1},{"not_picked":["GasGiant","RefractionSpark"],"picked":"IllusionStar","floor":2},{"not_picked":["MagicChant","GrandCross"],"picked":"WitchOfGreed","floor":4},{"not_picked":["DC","ShootingEcho"],"picked":"Singularity","floor":5},{"not_picked":["ShootingEcho","Acceleration"],"picked":"PowerUp","floor":6},{"not_picked":["ShootTheMoon","PowerUp"],"picked":"UltimateShortwave","floor":7},{"not_picked":["MeteoricShower","OpenUniverse"],"picked":"Occultation","floor":8},{"not_picked":["BlazeAway","MysteriousBeam"],"picked":"DarkMatter","floor":11},{"not_picked":["OrrerysSun","DoubleSpark"],"picked":"SprinkleStarSeal","floor":14},{"not_picked":["BlazingStar","AbsoluteMagnitude"],"picked":"BinaryStars","floor":16},{"not_picked":["GravityBeat","AsteroidBelt"],"picked":"Acceleration+1","floor":18},{"not_picked":["SprinkleStarSeal","DarkMatter"],"picked":"MagicChant","floor":19},{"not_picked":["EnergyRecoil","DC"],"picked":"SprinkleStarSeal","floor":20},{"not_picked":["DC","Acceleration+1"],"picked":"CasketOfStar","floor":24},{"not_picked":["EnergyFlow","PowerUp"],"picked":"FairyDestructionRay+1","floor":27}],"player_experience":14104,"relics_obtained":[{"floor":6,"key":"Eternal Feather"},{"floor":9,"key":"Bird Faced Urn"},{"floor":24,"key":"MagicBroom"},{"floor":24,"key":"StoneCalendar"},{"floor":26,"key":"Art of War"}],"event_choices":[{"damage_healed":0,"gold_gain":0,"player_choice":"Entered Light","damage_taken":15,"max_hp_gain":0,"max_hp_loss":0,"event_name":"Shining Light","floor":3,"gold_loss":0,"cards_upgraded":["Strike_MRS","Defend_MRS"]},{"cards_removed":["Strike_MRS"],"damage_healed":0,"gold_gain":0,"player_choice":"Purged","damage_taken":0,"max_hp_gain":0,"max_hp_loss":0,"event_name":"Purifier","floor":13,"gold_loss":0},{"damage_healed":0,"gold_gain":0,"player_choice":"Ignored","damage_taken":0,"max_hp_gain":0,"max_hp_loss":0,"event_name":"Vampires","floor":21,"gold_loss":0},{"cards_removed":["Strike_MRS"],"damage_healed":0,"gold_gain":0,"player_choice":"Gave Gold","damage_taken":0,"max_hp_gain":0,"max_hp_loss":0,"event_name":"Beggar","floor":22,"gold_loss":75},{"damage_healed":0,"gold_gain":0,"player_choice":"Ignored","damage_taken":0,"max_hp_gain":0,"max_hp_loss":0,"event_name":"Ghosts","floor":25,"gold_loss":0},{"damage_healed":0,"gold_gain":0,"player_choice":"Opened","damage_taken":0,"relics_obtained":["Unceasing Top"],"max_hp_gain":0,"max_hp_loss":0,"event_name":"The Mausoleum","floor":28,"gold_loss":0}],"is_beta":false,"boss_relics":[{"not_picked":["Astrolabe","Philosopher\u0027s Stone"],"picked":"Black Star"}],"items_purged_floors":[],"is_endless":false,"potions_floor_spawned":[1,5,6,11,20,24,27],"killed_by":"Book of Stabbing","ascension_level":0}}