{"host":"kqjncq1jgqa58i7s","time":1611831120,"event":{"mods":["AchievementEnabler","BaseMod","Colored Map","Minty Spire (QoL Compilation)","Relic Stats"],"gold_per_floor":[110,120,138,138,156,189,29,29,56,56,73,96,128,145,145,224,224,239,251,166,216,58,58,58],"floor_reached":23,"language":"ENG","playtime":1021,"items_purged":[],"score":452,"play_id":"14c854a7-6f68-41ee-91f9-bf503ca1adcc","local_time":"20210128115200","is_ascension_mode":true,"campfire_choices":[{"data":"TalkToTheHand","floor":8,"key":"SMITH"},{"data":"Eruption","floor":10,"key":"SMITH"},{"data":"ConjureBlade","floor":15,"key":"SMITH"}],"circlet_count":0,"master_deck":["AscendersBane","Strike_P+1","Strike_P","Strike_P","Defend_P","Defend_P+1","Defend_P","Defend_P+1","Eruption+1","Vigilance","Perseverance","TalkToTheHand+1","CarveReality","ConjureBlade+1","FollowUp+1","FlyingSleeves","Vengeance","Meditate","Omniscience","EmptyMind"],"relics":["Sozu","Vajra","Whetstone","War Paint","Bag of Marbles","Akabeko","Runic Pyramid","Darkstone Periapt","PreservedInsect"],"acts_visited":["Exordium","TheCity"],"potions_floor_usage":[],"damage_taken":[{"damage":3,"enemies":"2 Louse","floor":1,"turns":4},{"damage":0,"enemies":"Cultist","floor":2,"turns":3},{"damage":0,"enemies":"Jaw Worm","floor":3,"turns":4},{"damage":4,"enemies":"Blue Slaver","floor":5,"turns":4},{"damage":10,"enemies":"Gremlin Nob","floor":6,"turns":3},{"damage":0,"enemies":"Looter","floor":11,"turns":1},{"damage":0,"enemies":"Lagavulin","floor":13,"turns":4},{"damage":0,"enemies":"Exordium Wildlife","floor":14,"turns":1},{"damage":36,"enemies":"The Guardian","floor":16,"turns":8},{"damage":17,"enemies":"2 Thieves","floor":18,"turns":2},{"damage":16,"enemies":"Shell Parasite","floor":19,"turns":3},{"damage":27,"enemies":"Slavers","floor":23,"turns":2}],"seed_played":"7726610080769720296","potions_obtained":[],"is_trial":false,"path_per_floor":["M","M","M","?","M","E","$","R","T","R","M","T","E","M","R","B",null,"M","M","?","?","$","E"],"character_chosen":"WATCHER","items_purchased":["Whetstone","PreservedInsect"],"campfire_rested":0,"item_purchase_floors":[7,22],"current_hp_per_floor":[58,58,58,58,54,44,44,44,44,44,44,44,44,44,44,8,53,36,20,20,20,20,0,0],"gold":58,"neow_bonus":"BOSS_RELIC","is_daily":false,"chose_seed":false,"campfire_upgraded":3,"win_rate":0.0,"timestamp":1611831120,"path_taken":["M","M","M","?","M","E","?","R","T","R","M","?","E","M","R","BOSS","M","M","?","?","?","E"],"items_purchased_type":["Relic","Relic"],"build_version":"2020-12-22","purchased_purges":0,"victory":false,"max_hp_per_floor":[68,68,68,68,68,68,68,68,68,68,68,68,68,68,68,68,68,68,68,68,68,68,68,68],"relic_stats":{"Sozu":6,"Darkstone Periapt":0,"counters":[12,39],"PreservedInsect":41,"Whetstone":["Strike_P","FollowUp"],"War Paint":["Defend_P","Defend_P"],"obtain_stats":[{"Sozu":0,"Darkstone Periapt":20,"Vajra":6,"PreservedInsect":22,"Bag of Marbles":12,"Whetstone":7,"PureWater":0,"War Paint":9,"Akabeko":13,"Runic Pyramid":17},{"Sozu":0,"Darkstone Periapt":11,"Vajra":5,"PreservedInsect":11,"Bag of Marbles":6,"Whetstone":5,"PureWater":0,"War Paint":5,"Akabeko":7,"Runic Pyramid":9},{"Sozu":0,"Darkstone Periapt":37,"Vajra":18,"PreservedInsect":37,"Bag of Marbles":19,"Whetstone":18,"PureWater":0,"War Paint":18,"Akabeko":23,"Runic Pyramid":32}]},"card_choices":[{"not_picked":["ThirdEye","SandsOfTime"],"picked":"Perseverance","floor":1},{"not_picked":["Evaluate","Sanctity"],"picked":"TalkToTheHand","floor":2},{"not_picked":["CutThroughFate","Evaluate"],"picked":"CarveReality","floor":3},{"not_picked":["Worship","DeusExMachina"],"picked":"FollowUp","floor":5},{"not_picked":["Protect","DeceiveReality"],"picked":"FlyingSleeves","floor":6},{"not_picked":["BowlingBash","Prostrate","ThirdEye"],"picked":"SKIP","floor":11},{"not_picked":["Consecrate","SashWhip"],"picked":"Vengeance","floor":13},{"not_picked":["Consecrate","SignatureMove"],"picked":"Meditate","floor":14},{"not_picked":["Judgement","Alpha"],"picked":"Omniscience","floor":16},{"not_picked":["SashWhip","EmptyFist","FlyingSleeves"],"picked":"SKIP","floor":18},{"not_picked":["BowlingBash","Consecrate"],"picked":"EmptyMind","floor":19}],"player_experience":1638613,"relics_obtained":[{"floor":6,"key":"Vajra"},{"floor":9,"key":"War Paint"},{"floor":12,"key":"Bag of Marbles"},{"floor":13,"key":"Akabeko"}],"event_choices":[{"damage_healed":0,"gold_gain":0,"cards_transformed":["Strike_P"],"player_choice":"Transformed","damage_taken":0,"max_hp_gain":0,"max_hp_loss":0,"event_name":"Transmorgrifier","floor":4,"gold_loss":0,"cards_obtained":["ConjureBlade"]},{"damage_healed":0,"gold_gain":0,"player_choice":"Obtained Relic","damage_taken":0,"relics_obtained":["Darkstone Periapt"],"max_hp_gain":0,"max_hp_loss":0,"event_name":"Addict","floor":20,"gold_loss":85},{"damage_healed":0,"gold_gain":50,"player_choice":"Stole From Cult","damage_taken":0,"max_hp_gain":0,"max_hp_loss":0,"event_name":"Nest","floor":21,"gold_loss":0}],"is_beta":false,"boss_relics":[{"not_picked":["SacredBark","Calling Bell"],"picked":"Runic Pyramid"}],"items_purged_floors":[],"is_endless":false,"potions_floor_spawned":[3,11,13,14,18,19],"killed_by":"Slavers","ascension_level":20}}