{"host":"ymmeoa1x24ihslbm","time":1611830233,"event":{"mods":["AchievementEnabler","BaseMod","Colored Map","Colored Powertips","Defuse TimeMaze Blight","Highlight Path","Minty Spire (QoL Compilation)","Permanent Neow","Quick Restart","StSLib","Unceasing Turn Reminder"],"gold_per_floor":[20,20,33,49,67,67,87,37,37,66,66,66,78,95,95,196,246,256,256,256,267,278,278,309,325,325,325,325,325],"floor_reached":28,"language":"ENG","playtime":1213,"items_purged":[],"score":328,"play_id":"6444c701-bf33-4fcc-8c04-581e020fae85","local_time":"20210128113713","is_ascension_mode":true,"campfire_choices":[{"data":"Wallop","floor":6.0,"key":"SMITH"},{"data":"Vigilance","floor":12,"key":"SMITH"},{"data":"ForeignInfluence","floor":15,"key":"SMITH"},{"data":"LessonLearned","floor":23,"key":"SMITH"},{"data":"Worship","floor":27,"key":"SMITH"}],"circlet_count":0,"master_deck":["Defend_P","Defend_P","Defend_P+1","Eruption+1","Vigilance+1","Ragnarok+1","Wallop+1","Pray","Devotion","EmptyFist","ForeignInfluence+1","LessonLearned+1","Worship+1","Bite","Bite","Bite","Bite","Bite","WheelKick+1","Prostrate+1"],"relics":["PureWater","Bottled Lightning","Kunai","Tiny House","Toxic Egg 2","FossilizedHelix","Orichalcum"],"acts_visited":["Exordium","TheCity"],"potions_floor_usage":[10,10,22,28,28],"damage_taken":[{"damage":2.0,"enemies":"Jaw Worm","floor":1.0,"turns":3.0},{"damage":0.0,"enemies":"Small Slimes","floor":3.0,"turns":2.0},{"damage":0.0,"enemies":"2 Louse","floor":4.0,"turns":1.0},{"damage":0.0,"enemies":"Blue Slaver","floor":5.0,"turns":1.0},{"damage":1.0,"enemies":"Exordium Thugs","floor":7.0,"turns":5.0},{"damage":3,"enemies":"3 Sentries","floor":10,"turns":6},{"damage":1,"enemies":"Looter","floor":13,"turns":3},{"damage":0,"enemies":"Exordium Wildlife","floor":14,"turns":4},{"damage":36,"enemies":"Hexaghost","floor":16,"turns":8},{"damage":11,"enemies":"2 Thieves","floor":18,"turns":4},{"damage":16,"enemies":"Shell Parasite","floor":21,"turns":7},{"damage":1,"enemies":"Chosen and Byrds","floor":22,"turns":6},{"damage":51,"enemies":"Book of Stabbing","floor":24,"turns":5},{"damage":0,"enemies":"Snecko","floor":25,"turns":3},{"damage":20,"enemies":"Gremlin Leader","floor":28,"turns":2}],"seed_played":"-6840578277646028016","potions_obtained":[{"floor":1.0,"key":"Dexterity Potion"},{"floor":4.0,"key":"AttackPotion"},{"floor":7.0,"key":"AttackPotion"},{"floor":17,"key":"CultistPotion"},{"floor":18,"key":"LiquidBronze"},{"floor":21,"key":"SpeedPotion"},{"floor":22,"key":"AttackPotion"}],"is_trial":false,"path_per_floor":["M","?","M","M","M","R","M","?","T","E","$","R","M","M","R","B",null,"M","?","?","M","M","R","E","M","T","R","E"],"character_chosen":"WATCHER","items_purchased":[],"campfire_rested":0,"item_purchase_floors":[],"current_hp_per_floor":[70,70,70,70,70,70,69,69,69,66,66,66,65,65,65,29,66,55,53,53,43,53,53,8,14,14,14,0,0],"gold":325,"neow_bonus":"THREE_RARE_CARDS","is_daily":false,"chose_seed":false,"campfire_upgraded":5,"win_rate":0.0,"timestamp":1611830233,"path_taken":["M","?","M","M","M","R","M","?","T","E","$","R","M","M","R","BOSS","M","?","?","M","M","R","E","M","T","R","E"],"items_purchased_type":[],"build_version":"2020-12-22","purchased_purges":0,"victory":false,"max_hp_per_floor":[72,72,72,72,72,72,72,72,72,72,72,72,72,72,72,72,77,77,53,53,53,53,53,53,53,53,53,53,53],"card_choices":[{"not_picked":["Scrawl","ConjureBlade"],"picked":"Ragnarok","floor":0.0},{"not_picked":["MentalFortress","FlurryOfBlows"],"picked":"Wallop","floor":1.0},{"not_picked":["ReachHeaven","Evaluate"],"picked":"Pray","floor":3.0},{"not_picked":["FollowUp","JustLucky","Protect"],"picked":"SKIP","floor":4.0},{"not_picked":["InnerPeace","SignatureMove","EmptyBody"],"picked":"SKIP","floor":5.0},{"not_picked":["Crescendo","Weave"],"picked":"Devotion","floor":7.0},{"not_picked":["DeceiveReality","Wish"],"picked":"EmptyFist","floor":10},{"not_picked":["BowlingBash","Indignation","DeceiveReality"],"picked":"SKIP","floor":13},{"not_picked":["WreathOfFlame","Wallop"],"picked":"ForeignInfluence","floor":14},{"not_picked":["ConjureBlade","Alpha"],"picked":"LessonLearned","floor":16},{"not_picked":["ThirdEye","CutThroughFate"],"picked":"Worship","floor":17},{"not_picked":["WreathOfFlame","SandsOfTime+1","EmptyBody"],"picked":"SKIP","floor":18},{"not_picked":["ClearTheMind+1","Consecrate","BattleHymn"],"picked":"SKIP","floor":21},{"not_picked":["Pray+1","ClearTheMind+1"],"picked":"WheelKick+1","floor":22},{"not_picked":["CarveReality","FlyingSleeves","Vengeance+1"],"picked":"SKIP","floor":24},{"not_picked":["FlyingSleeves+1","WaveOfTheHand+1"],"picked":"Prostrate+1","floor":25}],"player_experience":712099,"relics_obtained":[{"floor":9.0,"key":"Bottled Lightning"},{"floor":10,"key":"Kunai"},{"floor":24,"key":"FossilizedHelix"},{"floor":26,"key":"Orichalcum"}],"event_choices":[{"damage_healed":0.0,"max_hp_gain":0.0,"max_hp_loss":0.0,"gold_gain":0.0,"event_name":"Living Wall","player_choice":"Grow","floor":2.0,"gold_loss":0.0,"damage_taken":0.0,"cards_upgraded":["Eruption"]},{"cards_removed":["Defend_P"],"damage_healed":0.0,"max_hp_gain":0.0,"max_hp_loss":0.0,"gold_gain":0.0,"event_name":"The Cleric","player_choice":"Card Removal","floor":8.0,"gold_loss":50.0,"damage_taken":0.0},{"damage_healed":0,"gold_gain":0,"player_choice":"Became a vampire","damage_taken":0,"max_hp_gain":0,"max_hp_loss":24,"event_name":"Vampires","floor":19,"gold_loss":0,"cards_obtained":["Bite","Bite","Bite","Bite","Bite"]},{"damage_healed":0,"gold_gain":0,"player_choice":"Opened","damage_taken":0,"relics_obtained":["Toxic Egg 2"],"max_hp_gain":0,"max_hp_loss":0,"event_name":"The Mausoleum","floor":20,"gold_loss":0}],"is_beta":false,"boss_relics":[{"not_picked":["Philosopher\u0027s Stone","Fusion Hammer"],"picked":"Tiny House"}],"items_purged_floors":[],"is_endless":false,"potions_floor_spawned":[1,4,7,18,21,22],"killed_by":"Gremlin Leader","ascension_level":5}}