{"host":"vyjryxuuuxkt43k4","time":1611820254,"event":{"mods":["AchievementEnabler","BaseMod","Colored Map","DeckTracker","Keyboard Shortcuts","Minty Spire (QoL Compilation)","Permanent Neow","Quick Restart","Rare Cards Sparkle","StSLib","SuperFastMode","everything is the same but u backflip on backflip"],"gold_per_floor":[111,126,140,140,155,155,175,175,175,201,211,211,222,253,253,253,253],"floor_reached":16,"language":"KOR","playtime":8349,"items_purged":[],"score":228,"play_id":"47d369f0-6be2-463c-96f8-dfd51765a813","local_time":"20210128165054","is_ascension_mode":true,"campfire_choices":[{"data":"Whirlwind","floor":6.0,"key":"SMITH"},{"data":"Inflame","floor":8.0,"key":"SMITH"},{"data":"Heavy Blade","floor":12.0,"key":"SMITH"},{"data":"Dual Wield","floor":15.0,"key":"SMITH"}],"circlet_count":0,"master_deck":["AscendersBane","Strike_R","Strike_R","Strike_R","Defend_R","Defend_R","Defend_R","Defend_R","Bash","Whirlwind+1","Dual Wield+1","Inflame+1","Shrug It Off","Disarm","Heavy Blade+1","Feel No Pain"],"relics":["Burning Blood","HornCleat","Bottled Tornado","Pear"],"acts_visited":["Exordium"],"potions_floor_usage":[16,16],"damage_taken":[{"damage":2.0,"enemies":"Cultist","floor":1.0,"turns":4.0},{"damage":19.0,"enemies":"Jaw Worm","floor":2.0,"turns":5.0},{"damage":3.0,"enemies":"2 Louse","floor":3.0,"turns":4.0},{"damage":19.0,"enemies":"Blue Slaver","floor":5.0,"turns":6.0},{"damage":0.0,"enemies":"3 Louse","floor":7.0,"turns":2.0},{"damage":36.0,"enemies":"Lagavulin","floor":10.0,"turns":7.0},{"damage":10.0,"enemies":"Gremlin Gang","floor":11.0,"turns":2.0},{"damage":2.0,"enemies":"Exordium Wildlife","floor":13.0,"turns":2.0},{"damage":21.0,"enemies":"Gremlin Nob","floor":14.0,"turns":4.0},{"damage":29,"enemies":"Hexaghost","floor":16,"turns":9}],"seed_played":"4257717737995953236","potions_obtained":[{"floor":5.0,"key":"ColorlessPotion"},{"floor":7.0,"key":"BloodPotion"},{"floor":13.0,"key":"EntropicBrew"},{"floor":14.0,"key":"Explosive Potion"}],"is_trial":false,"path_per_floor":["M","M","M","?","M","R","M","R","T","E","M","R","M","E","R","B"],"character_chosen":"IRONCLAD","items_purchased":[],"campfire_rested":0,"item_purchase_floors":[],"current_hp_per_floor":[72,59,62,55,42,42,48,48,48,33,29,29,33,28,28,0,0],"gold":253,"neow_bonus":"TRANSFORM_CARD","is_daily":false,"chose_seed":false,"campfire_upgraded":4,"win_rate":0.0,"timestamp":1611820254,"path_taken":["M","?","M","?","M","R","M","R","T","E","M","R","M","E","R","BOSS"],"items_purchased_type":[],"build_version":"2020-12-22","purchased_purges":0,"victory":false,"max_hp_per_floor":[75,75,75,75,75,75,75,75,75,75,75,75,75,85,85,85,85],"card_choices":[{"not_picked":["Pommel Strike","Clash"],"picked":"Dual Wield","floor":1.0},{"not_picked":["True Grit","Battle Trance"],"picked":"Inflame","floor":2.0},{"not_picked":["Armaments","Sentinel"],"picked":"Shrug It Off","floor":3.0},{"not_picked":["Sentinel","Warcry"],"picked":"Disarm","floor":5.0},{"not_picked":["Cleave","Havoc"],"picked":"Heavy Blade","floor":7.0},{"not_picked":["Sentinel","Limit Break"],"picked":"Feel No Pain","floor":10.0},{"not_picked":["Iron Wave","Perfected Strike","Body Slam"],"picked":"SKIP","floor":11.0},{"not_picked":["Anger","Cleave","Heavy Blade"],"picked":"SKIP","floor":13.0},{"not_picked":["Cleave","Rampage","Body Slam"],"picked":"SKIP","floor":14.0}],"player_experience":442462,"relics_obtained":[{"floor":9.0,"key":"HornCleat"},{"floor":10.0,"key":"Bottled Tornado"},{"floor":14.0,"key":"Pear"}],"event_choices":[{"cards_removed":["Strike_R"],"damage_healed":0.0,"max_hp_gain":0.0,"max_hp_loss":0.0,"gold_gain":0.0,"event_name":"Golden Wing","player_choice":"Card Removal","floor":4.0,"gold_loss":0.0,"damage_taken":7.0}],"is_beta":false,"boss_relics":[],"items_purged_floors":[],"is_endless":false,"potions_floor_spawned":[5,7,13,14],"killed_by":"Hexaghost","ascension_level":20}}