{"host":"oz4ht6ec7xzo36kd","time":1611852795,"event":{"mods":["Act Like it!","BaseMod","Friendly Minions","Marisa¡]Ãú«B¡@Å]²z¨F¡^","Minty Spire (QoL Compilation)","Remilia¡]Á¢¦Ì²ú?¡^","StSLib","The Marked","The Servant 0.9.4","WarShipGirlsR/??¤Ö¤kR mod","Youmu¡]»î¾z§¯?¡^"],"gold_per_floor":[15,0,0,13,33,58,58,83,83,117,131,131,150,175,175,175,175],"floor_reached":16,"language":"ZHT","playtime":855,"items_purged":[],"score":130,"play_id":"2957a2ee-1747-455d-8651-7b5aaa217d8e","local_time":"20210129005315","is_ascension_mode":false,"campfire_choices":[{"floor":7,"key":"RECALL"},{"data":"theMarked:TakeOffHeels","floor":12,"key":"SMITH"},{"data":"theMarked:StartUp","floor":15,"key":"SMITH"}],"circlet_count":0,"master_deck":["theMarked:Strike","theMarked:Strike","theMarked:Strike","theMarked:Strike","theMarked:Strike","theMarked:Defend","theMarked:Defend","theMarked:Defend","theMarked:Defend","theMarked:SoldierOfQuellstein","theMarked:WardOff","theMarked:ResourceFulStrike","theMarked:ElectricStrings","theMarked:BindingBlade+1","theMarked:MysticalArsenal","theMarked:BanishingWave","theMarked:Reabsorb","theMarked:ContemptForTheProud","theMarked:StartUp+1","theMarked:TakeOffHeels+1","theMarked:ComboAttacks"],"relics":["theMarked:ArtifactOfAir","Blood Vial","Gambling Chip","Kunai","Bottled Lightning","Bag of Preparation"],"acts_visited":["Exordium"],"potions_floor_usage":[6,14,14,16],"damage_taken":[{"damage":3,"enemies":"Small Slimes","floor":1,"turns":3},{"damage":7,"enemies":"2 Louse","floor":4,"turns":2},{"damage":1,"enemies":"Cultist","floor":5,"turns":5},{"damage":8,"enemies":"3 Sentries","floor":6,"turns":7},{"damage":14,"enemies":"Lagavulin","floor":8,"turns":5},{"damage":26,"enemies":"Gremlin Nob","floor":10,"turns":4},{"damage":0,"enemies":"Large Slime","floor":11,"turns":5},{"damage":10,"enemies":"Exordium Thugs","floor":13,"turns":7},{"damage":9,"enemies":"3 Sentries","floor":14,"turns":3},{"damage":21,"enemies":"Slime Boss","floor":16,"turns":3}],"seed_played":"-5843909210853536968","potions_obtained":[{"floor":5,"key":"Block Potion"},{"floor":10,"key":"SteroidPotion"},{"floor":11,"key":"Strength Potion"},{"floor":13,"key":"ColorlessPotion"}],"is_trial":false,"path_per_floor":["M","?","?","M","M","E","R","E","T","E","M","R","M","E","R","B"],"character_chosen":"THE_DEFAULT","items_purchased":[],"campfire_rested":0,"item_purchase_floors":[],"current_hp_per_floor":[81,81,81,74,73,65,65,53,53,29,31,31,23,16,16,0,0],"gold":175,"neow_bonus":"TWENTY_PERCENT_HP_BONUS","is_daily":false,"chose_seed":false,"campfire_upgraded":2,"win_rate":0.0,"timestamp":1611852795,"path_taken":["M","?","?","M","M","E","R","E","T","E","M","R","M","E","R","BOSS"],"items_purchased_type":[],"build_version":"2020-12-22","purchased_purges":0,"victory":false,"max_hp_per_floor":[84,84,84,84,84,84,84,84,84,84,84,84,84,84,84,84,84],"card_choices":[{"not_picked":["theMarked:LightningStrikesTwice","theMarked:EmpowerWeapon"],"picked":"theMarked:WardOff","floor":1},{"not_picked":[],"picked":"theMarked:ResourceFulStrike","floor":2},{"not_picked":[],"picked":"theMarked:ElectricStrings","floor":2},{"not_picked":[],"picked":"theMarked:BindingBlade","floor":2},{"not_picked":["theMarked:TakeCover","theMarked:SelfDefenseTraining"],"picked":"theMarked:MysticalArsenal","floor":4},{"not_picked":["theMarked:Overthink","theMarked:Aftermath"],"picked":"theMarked:BanishingWave","floor":5},{"not_picked":["theMarked:Friction","theMarked:SwordAndMagic"],"picked":"theMarked:Reabsorb","floor":6},{"not_picked":["theMarked:WastefulAttack","theMarked:PowerFlow"],"picked":"theMarked:ContemptForTheProud","floor":8},{"not_picked":["theMarked:WardOff","theMarked:MysticalArsenal"],"picked":"theMarked:StartUp","floor":10},{"not_picked":["theMarked:BanishingStrike","theMarked:SwordAndMagic"],"picked":"theMarked:TakeOffHeels","floor":11},{"not_picked":["theMarked:PowerFlow","theMarked:WastefulAttack"],"picked":"theMarked:ComboAttacks","floor":13},{"not_picked":["theMarked:Aftermath","theMarked:Improvise","theMarked:Convert"],"picked":"SKIP","floor":14}],"player_experience":412055,"relics_obtained":[{"floor":6,"key":"Blood Vial"},{"floor":8,"key":"Gambling Chip"},{"floor":9,"key":"Kunai"},{"floor":10,"key":"Bottled Lightning"},{"floor":14,"key":"Bag of Preparation"}],"event_choices":[{"damage_healed":0,"gold_gain":0,"player_choice":"Upgraded","damage_taken":0,"max_hp_gain":0,"max_hp_loss":0,"event_name":"Upgrade Shrine","floor":3,"gold_loss":0,"cards_upgraded":["theMarked:BindingBlade"]}],"is_beta":false,"boss_relics":[],"items_purged_floors":[],"is_endless":false,"potions_floor_spawned":[5,10,11,13],"killed_by":"Slime Boss","ascension_level":0}}