{"host":"vzygucmp2u9s1xuv","time":1611850546,"event":{"mods":["BaseMod","Colored Map","DeckTracker","Keyboard Shortcuts","Minty Spire (QoL Compilation)","Quick Restart","StSLib","SuperFastMode"],"gold_per_floor":[114,40,40,54,72,72,72,72,72,90,115,115,165,215,215,215,215],"floor_reached":16,"language":"KOR","playtime":325,"items_purged":[],"score":176,"play_id":"1a368ecd-f7f1-44e3-ba1d-0633c1bc86b0","local_time":"20210129011546","is_ascension_mode":true,"campfire_choices":[{"data":"Blade Dance","floor":6,"key":"SMITH"},{"data":"Endless Agony","floor":8,"key":"SMITH"},{"floor":15,"key":"REST"}],"circlet_count":0,"master_deck":["AscendersBane","Strike_G","Strike_G","Strike_G","Strike_G","Defend_G","Defend_G","Defend_G","Defend_G","Defend_G","Survivor","Neutralize","Acrobatics","Footwork","Blade Dance+1","Endless Agony+1","Finisher","Blade Dance","Deflect"],"relics":["Ring of the Snake","NeowsBlessing","Juzu Bracelet","Pen Nib","SsserpentHead"],"acts_visited":["Exordium"],"potions_floor_usage":[16,16],"damage_taken":[{"damage":0,"enemies":"Cultist","floor":1,"turns":1},{"damage":0,"enemies":"Small Slimes","floor":4,"turns":1},{"damage":0,"enemies":"Jaw Worm","floor":5,"turns":1},{"damage":0,"enemies":"3 Louse","floor":10,"turns":3},{"damage":30,"enemies":"3 Sentries","floor":11,"turns":8},{"damage":56,"enemies":"Hexaghost","floor":16,"turns":14}],"seed_played":"-1317891351515631853","potions_obtained":[{"floor":10,"key":"Regen Potion"},{"floor":14,"key":"Weak Potion"}],"is_trial":false,"path_per_floor":["M","$","$","M","M","R","?","R","T","M","E","?","?","?","R","B"],"character_chosen":"THE_SILENT","items_purchased":["Footwork"],"campfire_rested":1,"item_purchase_floors":[2],"current_hp_per_floor":[59,59,59,59,59,59,52,52,52,52,22,22,22,22,41,0,0],"gold":215,"neow_bonus":"THREE_ENEMY_KILL","is_daily":false,"chose_seed":false,"campfire_upgraded":2,"win_rate":0.0,"timestamp":1611850546,"path_taken":["M","?","$","?","M","R","?","R","T","M","E","?","?","?","R","BOSS"],"items_purchased_type":["Card"],"build_version":"2020-12-22","purchased_purges":0,"victory":false,"max_hp_per_floor":[66,66,66,66,66,66,66,66,66,66,66,66,66,66,66,66,66],"card_choices":[{"not_picked":["Quick Slash","Underhanded Strike"],"picked":"Acrobatics","floor":1},{"not_picked":["Backflip","Sucker Punch"],"picked":"Blade Dance","floor":4},{"not_picked":["Blur","Acrobatics"],"picked":"Endless Agony","floor":5},{"not_picked":["Sucker Punch","Tactician"],"picked":"Finisher","floor":10},{"not_picked":["Outmaneuver","Predator"],"picked":"Blade Dance","floor":11}],"player_experience":662643,"relics_obtained":[{"floor":9,"key":"Juzu Bracelet"},{"floor":11,"key":"Pen Nib"}],"event_choices":[{"cards_removed":["Strike_G"],"damage_healed":0,"gold_gain":0,"player_choice":"Card Removal","damage_taken":7,"max_hp_gain":0,"max_hp_loss":0,"event_name":"Golden Wing","floor":7,"gold_loss":0},{"damage_healed":0,"gold_gain":0,"player_choice":"Trade","damage_taken":0,"relics_obtained":["SsserpentHead"],"max_hp_gain":0,"max_hp_loss":0,"event_name":"FaceTrader","floor":12,"gold_loss":0},{"damage_healed":0,"gold_gain":0,"player_choice":"1 cards matched","damage_taken":0,"max_hp_gain":0,"max_hp_loss":0,"event_name":"Match and Keep!","floor":13,"gold_loss":0,"cards_obtained":["Deflect"]},{"damage_healed":0,"gold_gain":0,"player_choice":"Got Potions","damage_taken":0,"max_hp_gain":0,"max_hp_loss":0,"event_name":"Lab","floor":14,"gold_loss":0}],"is_beta":false,"boss_relics":[],"items_purged_floors":[],"is_endless":false,"potions_floor_spawned":[10],"killed_by":"Hexaghost","ascension_level":16}}