{"host":"4kmvpqjeiacgn1pr","time":1611878064,"event":{"mods":["AchievementEnabler","BaseMod","Better Altar","Better Match","Better Note","Better Sensory Stone","Better Skull","Better Third Choice","Colored Map","Colored Powertips","Curses Come First","Highlight Path","Hubris","Infinite Spire","Minty Spire (QoL Compilation)","Permanent Neow","Quick Restart","Rare Cards Sparkle","Replay The Spire","Spicy Shops","StSLib","The Jungle"],"gold_per_floor":[117,39,39,39,55,55,105,119,119,119,216,238,255,299,299,299,299,301,301],"floor_reached":18,"language":"ENG","playtime":735,"items_purged":[],"score":180,"play_id":"440444a2-1c2a-4d01-a3b8-a1aa165f0a8e","local_time":"20210128185424","is_ascension_mode":true,"campfire_choices":[{"data":"Dagger Spray","floor":6,"key":"SMITH"},{"data":"Neutralize","floor":10,"key":"SMITH"},{"data":"Parasite","floor":17,"key":"PURGE"}],"circlet_count":0,"master_deck":["AscendersBane","Strike_G","Strike_G","Strike_G","Strike_G","Defend_G","Defend_G","Defend_G","Defend_G","Survivor","Neutralize+1","Toxin Wave","Dagger Spray+1","Outmaneuver+1","Burst+1","Footwork","Dodge and Roll+1","Bouncing Flask+1"],"relics":["Ring of the Snake","Golden Idol","Toxic Egg 2","ReplayTheSpireMod:Ring of Collecting","Ring of Greed","hubris:MobiusCoin","MealTicket","Ring of Fury","infinitespire:Midas Blood","Blue Candle","infinitespire:EmpoweringShard"],"acts_visited":["Exordium"],"potions_floor_usage":[11,13],"damage_taken":[{"damage":0,"enemies":"Cultist","floor":1,"turns":4},{"damage":4,"enemies":"Jaw Worm","floor":5,"turns":3},{"damage":12,"enemies":"Small Slimes","floor":8,"turns":3},{"damage":5,"enemies":"3 Sentries","floor":11,"turns":4},{"damage":5,"enemies":"Blue Slaver","floor":12,"turns":3},{"damage":2,"enemies":"Looter","floor":13,"turns":2},{"damage":15,"enemies":"Lagavulin","floor":14,"turns":9},{"damage":5,"enemies":"The Guardian","floor":18,"turns":4}],"seed_played":"3512449090089639364","potions_obtained":[{"floor":1,"key":"SteroidPotion"},{"floor":11,"key":"FearPotion"}],"is_trial":false,"path_per_floor":["M","$","?","T","M","R","?","M","T","R","E","M","M","E","PTL","PTL","R_BF","B"],"character_chosen":"THE_SILENT","items_purchased":["Dagger Spray"],"campfire_rested":0,"item_purchase_floors":[2],"current_hp_per_floor":[45,45,45,45,41,41,41,29,29,29,24,19,17,2,2,2,2,0,0],"gold":301,"neow_bonus":"REMOVE_TWO","is_daily":false,"chose_seed":false,"campfire_upgraded":2,"win_rate":0.0,"timestamp":1611878064,"path_taken":["M","?","?","?","M","R","?","M","T","R","E","M","?","E","PTL","PTL","R_BF","BOSS"],"items_purchased_type":["Card"],"build_version":"2020-12-22","purchased_purges":0,"victory":false,"max_hp_per_floor":[70,70,65,65,65,65,65,65,65,65,65,65,65,65,65,65,62,62,62],"card_choices":[{"not_picked":["Sucker Punch","Underhanded Strike"],"picked":"Toxin Wave","floor":1},{"not_picked":["Quick Slash","Slice"],"picked":"Outmaneuver+1","floor":5},{"not_picked":["Slice","Flechettes","Dagger Throw"],"picked":"SKIP","floor":8},{"not_picked":["Poisoned Stab","Outmaneuver+1"],"picked":"Burst+1","floor":11},{"not_picked":["ReplayTheSpireMod:Shiv Toss+1","Underhanded Strike"],"picked":"Footwork","floor":12},{"not_picked":["Flying Knee","Choke"],"picked":"Dodge and Roll+1","floor":13},{"not_picked":["Cloak And Dagger+1","Leg Sweep+1"],"picked":"Bouncing Flask+1","floor":14}],"player_experience":374108,"relics_obtained":[{"floor":4,"key":"Toxic Egg 2"},{"floor":7,"key":"ReplayTheSpireMod:Ring of Collecting"},{"floor":7,"key":"Ring of Greed"},{"floor":7,"key":"hubris:MobiusCoin"},{"floor":7,"key":"MealTicket"},{"floor":9,"key":"Ring of Fury"},{"floor":9,"key":"infinitespire:Midas Blood"},{"floor":11,"key":"Blue Candle"},{"floor":14,"key":"infinitespire:EmpoweringShard"}],"event_choices":[{"damage_healed":0,"gold_gain":0,"player_choice":"Lose Max HP","damage_taken":0,"relics_obtained":["Golden Idol"],"max_hp_gain":0,"max_hp_loss":5,"event_name":"Golden Idol","floor":3,"gold_loss":0}],"is_beta":false,"boss_relics":[],"items_purged_floors":[],"is_endless":false,"potions_floor_spawned":[1,11],"killed_by":"The Guardian","ascension_level":10}}