{"host":"ewns8ifhbubwkcum","time":1611851653,"event":{"mods":["BaseMod","Block Reminder","Colored Map","Colored Powertips","Downfall","Highlight Path","Minty Spire (QoL Compilation)","Permanent Neow","Quick Restart","Random Character Button","StSLib"],"gold_per_floor":[349,368,38,52,52,82,82,97,97,6,35,46,46,72,85,188,188,188,207,223,242,242,257,257,291,310,3,3,103,119,204,224,329,329,129,140,156,173,173,191,191,218,218,238,258,158,188,103,113,113,113,138,14,14,14,14,14,14],"floor_reached":56,"language":"ENG","playtime":6692,"items_purged":["champ:Strike","champ:Strike"],"score":1651,"play_id":"2654e3f3-c723-4c43-94d9-a2efe7b7533f","local_time":"20210128103413","is_ascension_mode":true,"campfire_choices":[{"floor":1.0,"key":"REST"},{"data":"champ:DefensiveStyle","floor":13.0,"key":"SMITH"},{"data":"champ:SwordSigil","floor":18.0,"key":"SMITH"},{"floor":28.0,"key":"RECALL"},{"data":"champ:SwordSigil","floor":35.0,"key":"SMITH"},{"data":"champ:ArenaPreparation","floor":46.0,"key":"SMITH"},{"data":"champ:Lariat","floor":54.0,"key":"SMITH"}],"circlet_count":0,"master_deck":["champ:Defend","champ:Defend+1","champ:Defend","champ:Defend","champ:Execute+1","champ:Taunt","champ:DefensiveStyle+1","champ:FocusedDefense","champ:RageSigil+1","champ:Lariat","champ:SwordSigil+1","champ:Circumvent","champ:SwordSigil+1","champ:ShieldSigil","champ:PreciseThrust","champ:VampiricStrike","champ:DefensiveStyle","champ:HoldFirm","champ:FlashCut+1","champ:StanceDance","champ:Lariat+1","champ:TornadoPunch+1","champ:Duel","champ:SwordSigil","champ:ArenaPreparation+1","champ:TripleStrike","champ:TripleStrike","champ:DefensiveShout+1","champ:ShieldSigil+1","champ:SteelEdge","champ:ShieldThrow","champ:FlashCut+1","champ:MurderStrike","champ:ShieldSigil","champ:Lariat+1","champ:ShieldWall+1"],"relics":["champ:ChampionCrown","Singing Bowl","Shuriken","War Paint","MealTicket","Bag of Preparation","Empty Cage","Nloth\u0027s Gift","Mummified Hand","Dream Catcher","Bronze Scales","champ:BlackKnightHelmet","InkBottle","Black Star","downfall:HeartBlessingGreen","downfall:HeartBlessingRed","Lantern","Juzu Bracelet","Frozen Egg 2","downfall:HeartBlessingBlue","Thread and Needle","Sundial","Centennial Puzzle","Whetstone","Pen Nib","champ:GladiatorsBookOfMartialProwess"],"acts_visited":["Exordium","TheCity","TheBeyond","TheEnding"],"potions_floor_usage":[55,56],"damage_taken":[{"damage":15.0,"enemies":"Jaw Worm","floor":2.0,"turns":4.0},{"damage":10.0,"enemies":"downfall:FleeingMerchant","floor":3.0,"turns":4.0},{"damage":10.0,"enemies":"Small Slimes","floor":4.0,"turns":3.0},{"damage":48.0,"enemies":"3 Sentries","floor":6.0,"turns":10.0},{"damage":10.0,"enemies":"Cultist","floor":8.0,"turns":2.0},{"damage":20.0,"enemies":"downfall:FleeingMerchant","floor":10.0,"turns":4.0},{"damage":11.0,"enemies":"Gremlin Nob","floor":11.0,"turns":4.0},{"damage":17.0,"enemies":"2 Fungi Beasts","floor":12.0,"turns":4.0},{"damage":10.0,"enemies":"Lagavulin","floor":14.0,"turns":4.0},{"damage":35.0,"enemies":"Lots of Slimes","floor":15.0,"turns":5.0},{"damage":5.0,"enemies":"IC_STATUS_ARCHETYPE","floor":16.0,"turns":4.0},{"damage":0.0,"enemies":"Spheric Guardian","floor":19.0,"turns":3.0},{"damage":54.0,"enemies":"Snecko","floor":20.0,"turns":6.0},{"damage":5.0,"enemies":"Snake Plant","floor":21.0,"turns":2.0},{"damage":0.0,"enemies":"Chosen and Byrds","floor":23.0,"turns":5.0},{"damage":16.0,"enemies":"Slavers","floor":25.0,"turns":6.0},{"damage":0.0,"enemies":"Snecko","floor":26.0,"turns":2.0},{"damage":13.0,"enemies":"downfall:FleeingMerchant","floor":27.0,"turns":4.0},{"damage":18.0,"enemies":"downfall:FleeingMerchant","floor":29.0,"turns":5.0},{"damage":7.0,"enemies":"Cultist and Chosen","floor":30.0,"turns":4.0},{"damage":0.0,"enemies":"Centurion and Healer","floor":32.0,"turns":3.0},{"damage":0.0,"enemies":"DF_ARCHETYPE_CLAW","floor":33.0,"turns":7.0},{"damage":0.0,"enemies":"Orb Walker","floor":36.0,"turns":1.0},{"damage":0.0,"enemies":"3 Shapes","floor":37.0,"turns":4.0},{"damage":11.0,"enemies":"Writhing Mass","floor":38.0,"turns":3.0},{"damage":4.0,"enemies":"4 Shapes","floor":40.0,"turns":6.0},{"damage":28.0,"enemies":"Reptomancer","floor":42.0,"turns":4.0},{"damage":0.0,"enemies":"Spire Growth","floor":44.0,"turns":2.0},{"damage":10.0,"enemies":"Jaw Worm Horde","floor":45.0,"turns":2.0},{"damage":15.0,"enemies":"Nemesis","floor":47.0,"turns":5.0},{"damage":25.0,"enemies":"downfall:FleeingMerchant","floor":48.0,"turns":4.0},{"damage":7.0,"enemies":"Transient","floor":49.0,"turns":5.0},{"damage":44.0,"enemies":"SI_POISON_ARCHETYPE","floor":50.0,"turns":9.0},{"damage":22.0,"enemies":"downfall:CharBossMerchant","floor":52.0,"turns":5.0},{"damage":76,"enemies":"downfall:NeowBoss","floor":55,"turns":16},{"damage":51,"enemies":"downfall:NeowBossFinal","floor":56,"turns":5}],"seed_played":"-8475617501700268486","potions_obtained":[{"floor":4.0,"key":"LiquidBronze"},{"floor":9.0,"key":"Swift Potion"},{"floor":9.0,"key":"AttackPotion"},{"floor":9.0,"key":"Weak Potion"},{"floor":11.0,"key":"champ:CounterPotion"},{"floor":12.0,"key":"Fruit Juice"},{"floor":14.0,"key":"Swift Potion"},{"floor":16.0,"key":"EssenceOfSteel"},{"floor":21.0,"key":"SneckoOil"},{"floor":23.0,"key":"SteroidPotion"},{"floor":25.0,"key":"Explosive Potion"},{"floor":29.0,"key":"SkillPotion"},{"floor":32.0,"key":"EssenceOfSteel"},{"floor":33.0,"key":"FearPotion"},{"floor":36.0,"key":"Regen Potion"},{"floor":38.0,"key":"CultistPotion"},{"floor":45.0,"key":"GamblersBrew"},{"floor":47.0,"key":"PowerPotion"},{"floor":49.0,"key":"Energy Potion"}],"is_trial":false,"path_per_floor":["R","M","$","M","?","E","T","M","?","$","E","M","R","E","M","B",null,"R","M","M","M","?","M","T","E","M","$","R","?","M","?","M","B",null,"R","M","M","M","?","M","T","E","T","M","M","R","E","$","M","B",null,"E","$","R","B","B"],"character_chosen":"THE_CHAMP","items_purchased":["Singing Bowl","champ:RageSigil","champ:SwordSigil","champ:ArenaPreparation","Bronze Scales","Centennial Puzzle","champ:Lariat","Whetstone","DuplicationPotion","FearPotion"],"campfire_rested":1,"item_purchase_floors":[3,3,10,27,27,48,48,48,53,53],"current_hp_per_floor":[90,85,85,85,85,62,62,64,64,79,78,76,76,81,81,76,97,97,97,75,70,70,70,70,54,54,66,66,50,43,25,27,27,103,103,103,103,94,94,90,90,72,72,72,74,84,84,99,94,50,119,107,119,119,43,0,0,0],"gold":14,"neow_bonus":"TWO_FIFTY_GOLD","is_daily":false,"chose_seed":false,"campfire_upgraded":5,"win_rate":0.0,"timestamp":1611851653,"path_taken":["R","M","$","M","?","E","T","M","?","$","E","M","R","E","M","BOSS","R","M","M","?","?","M","T","E","?","$","R","?","M","?","M","BOSS","R","M","M","M","?","M","T","E","?","M","M","R","E","$","M","BOSS","E","$","R","BOSS","BOSS"],"items_purchased_type":["Relic","Card","Card","Card","Relic","Relic","Card","Relic","Potion","Potion"],"build_version":"2020-12-22","purchased_purges":2,"victory":false,"max_hp_per_floor":[90,90,90,90,90,90,90,92,92,92,92,92,92,97,97,97,97,97,97,99,99,99,99,99,99,99,99,99,101,101,101,103,103,103,103,103,103,105,105,105,105,105,105,105,107,117,117,117,119,119,119,119,119,119,119,119,119,119],"card_choices":[{"not_picked":["champ:Shatter","champ:StanceDance"],"picked":"champ:DefensiveStyle","floor":2.0},{"not_picked":["champ:Shatter","champ:TornadoPunch"],"picked":"champ:FocusedDefense","floor":3.0},{"not_picked":["champ:Shatter","champ:FocusedBerserking"],"picked":"champ:Lariat","floor":4.0},{"not_picked":["champ:StanceDance","champ:SteelEdge"],"picked":"champ:SwordSigil","floor":6.0},{"not_picked":["champ:CrookedStrike","champ:BerserkersShout","champ:PerfectedStrike"],"picked":"Singing Bowl","floor":8.0},{"not_picked":["champ:BladeFlurry","champ:CalledShot"],"picked":"champ:Circumvent","floor":10.0},{"not_picked":["champ:DefensiveShout","champ:Encircle"],"picked":"champ:ShieldSigil","floor":11.0},{"not_picked":["champ:BerserkerStyle","champ:IgnorePain"],"picked":"champ:PreciseThrust","floor":12.0},{"not_picked":["champ:GutPunch","champ:AdrenalArmor"],"picked":"champ:VampiricStrike","floor":14.0},{"not_picked":["champ:Shatter","champ:Encircle","champ:ShieldSigil"],"picked":"champ:DefensiveStyle","floor":15.0},{"not_picked":["champ:HeavySlash","champ:Improvising","champ:LastStand"],"picked":"champ:HoldFirm","floor":16.0},{"not_picked":["champ:ShieldSigil","champ:AdrenalArmor+1","champ:EndlessRage+1"],"picked":"champ:FlashCut+1","floor":19.0},{"not_picked":["champ:StanceDance","champ:CrownThrow","champ:BladeFlurry+1","champ:EnGarde"],"picked":"Singing Bowl","floor":20.0},{"not_picked":["champ:VampiricStrike","champ:FanOfKnives","champ:CrownThrow+1"],"picked":"champ:StanceDance","floor":21.0},{"not_picked":["champ:Improvising","champ:GladiatorStyle"],"picked":"champ:Lariat+1","floor":23.0},{"not_picked":["champ:PreciseThrust","champ:DancingMaster"],"picked":"champ:TornadoPunch","floor":25.0},{"not_picked":["champ:StanceDance+1","champ:FancyFootwork"],"picked":"champ:Duel","floor":26.0},{"not_picked":["champ:StanceDance","champ:AdrenalArmor"],"picked":"champ:SwordSigil","floor":27.0},{"not_picked":["champ:StrikeOfGenius","champ:RapidStrikes","champ:AdrenalArmor"],"picked":"Singing Bowl","floor":29.0},{"not_picked":["champ:FlashCut","champ:FanOfKnives+1"],"picked":"champ:TripleStrike","floor":30.0},{"not_picked":["champ:CalledShot","champ:RapidStrikes","champ:BladeFlurry"],"picked":"Singing Bowl","floor":32.0},{"not_picked":["champ:HeavySlash","champ:DancingMaster"],"picked":"champ:TripleStrike","floor":33.0},{"not_picked":["champ:AdrenalArmor","champ:Shatter+1"],"picked":"champ:DefensiveShout+1","floor":36.0},{"not_picked":["champ:GutPunch+1","champ:DancingMaster"],"picked":"champ:ShieldSigil+1","floor":37.0},{"not_picked":["champ:EnragedBash","champ:CrownThrow+1","champ:EndlessRage"],"picked":"Singing Bowl","floor":38.0},{"not_picked":["champ:SetATrap+1","champ:FlashCut+1"],"picked":"champ:SteelEdge","floor":40.0},{"not_picked":["champ:CrownThrow+1","champ:HoldFirm"],"picked":"champ:ShieldThrow","floor":42.0},{"not_picked":["champ:BerserkersShout+1","champ:Encircle"],"picked":"champ:FlashCut+1","floor":44.0},{"not_picked":["champ:PreciseThrust","champ:StrikeOfGenius+1","champ:Endure+1"],"picked":"Singing Bowl","floor":45.0},{"not_picked":["champ:GutPunch","champ:ViciousMockery+1"],"picked":"champ:MurderStrike","floor":47.0},{"not_picked":["champ:MurderStrike","champ:EnGarde"],"picked":"champ:ShieldSigil","floor":48.0},{"not_picked":["champ:BerserkersShout","champ:FancyFootwork+1","champ:DefensiveShout"],"picked":"Singing Bowl","floor":49.0},{"not_picked":["champ:RageSigil","champ:SwordThrow"],"picked":"champ:ShieldWall+1","floor":52.0}],"player_experience":1033448,"relics_obtained":[{"floor":6.0,"key":"War Paint"},{"floor":7.0,"key":"MealTicket"},{"floor":11.0,"key":"Bag of Preparation"},{"floor":14.0,"key":"Question Card"},{"floor":24.0,"key":"Mummified Hand"},{"floor":25.0,"key":"Dream Catcher"},{"floor":29.0,"key":"champ:BlackKnightHelmet"},{"floor":29.0,"key":"InkBottle"},{"floor":42.0,"key":"Lantern"},{"floor":42.0,"key":"Juzu Bracelet"},{"floor":43.0,"key":"Frozen Egg 2"},{"floor":47.0,"key":"Thread and Needle"},{"floor":47.0,"key":"Sundial"},{"floor":52.0,"key":"Pen Nib"},{"floor":52.0,"key":"champ:GladiatorsBookOfMartialProwess"}],"event_choices":[{"damage_healed":0.0,"max_hp_gain":0.0,"max_hp_loss":0.0,"gold_gain":0.0,"event_name":"Lab","player_choice":"Got Potions","floor":9.0,"gold_loss":0.0,"damage_taken":0.0}],"is_beta":false,"boss_relics":[{"not_picked":["Sozu","Coffee Dripper"],"picked":"Empty Cage"},{"not_picked":["Velvet Choker","Runic Dome"],"picked":"Black Star"}],"items_purged_floors":[27,48],"is_endless":false,"potions_floor_spawned":[4,11,12,14,16,21,23,25,29,32,33,36,38,45,47,49],"killed_by":"downfall:NeowBossFinal","ascension_level":1}}