{"host":"Troy","time":1611855573,"event":{"mods":["BaseMod","Colored Map","Highlight Path","Minty Spire (QoL Compilation)","Permanent Neow"],"gold_per_floor":[17,17,17,36,36,72,72,85,85,85,85],"floor_reached":10,"language":"ENG","playtime":476,"items_purged":[],"score":116,"play_id":"b8416382-28f7-4ddb-873e-a7d5eed66bd1","local_time":"20210128123933","is_ascension_mode":true,"campfire_choices":[{"data":"Fiend Fire","floor":7,"key":"SMITH"}],"circlet_count":0,"master_deck":["AscendersBane","Strike_R","Strike_R","Strike_R","Strike_R","Strike_R","Defend_R","Defend_R","Defend_R","Defend_R","Bash","Cleave","Dropkick","Fiend Fire+1","Dark Embrace"],"relics":["Burning Blood","Ginger","Bird Faced Urn","Golden Idol","Tiny Chest","Gambling Chip"],"acts_visited":["Exordium"],"potions_floor_usage":[6,10,10],"damage_taken":[{"damage":11,"enemies":"Cultist","floor":1,"turns":4},{"damage":8,"enemies":"Jaw Worm","floor":4,"turns":4},{"damage":40,"enemies":"3 Sentries","floor":6,"turns":8},{"damage":0,"enemies":"2 Louse","floor":8,"turns":2},{"damage":47,"enemies":"Lagavulin","floor":10,"turns":5}],"seed_played":"-8207479048635984059","potions_obtained":[{"floor":1,"key":"Ancient Potion"},{"floor":3,"key":"FearPotion"},{"floor":8,"key":"SkillPotion"}],"is_trial":false,"path_per_floor":["M","T","?","M","?","E","R","M","T","E"],"character_chosen":"IRONCLAD","items_purchased":[],"campfire_rested":0,"item_purchase_floors":[],"current_hp_per_floor":[63,63,63,61,61,27,27,33,33,0,0],"gold":85,"neow_bonus":"ONE_RARE_RELIC","is_daily":false,"chose_seed":false,"campfire_upgraded":1,"win_rate":0.0,"timestamp":1611855573,"path_taken":["M","?","?","?","?","E","R","M","T","E"],"items_purchased_type":[],"build_version":"2020-12-18","purchased_purges":0,"victory":false,"max_hp_per_floor":[75,75,75,75,68,68,68,68,68,68,68],"card_choices":[{"not_picked":["Feel No Pain","Clash"],"picked":"Cleave","floor":1},{"not_picked":["Flame Barrier","Shrug It Off"],"picked":"Dropkick","floor":4},{"not_picked":["Cleave","Reaper"],"picked":"Fiend Fire","floor":6},{"not_picked":["Anger","Flame Barrier"],"picked":"Dark Embrace","floor":8}],"player_experience":4092022,"relics_obtained":[{"floor":2,"key":"Bird Faced Urn"},{"floor":6,"key":"Tiny Chest"},{"floor":9,"key":"Gambling Chip"}],"event_choices":[{"damage_healed":0,"gold_gain":0,"player_choice":"Got Potions","damage_taken":0,"max_hp_gain":0,"max_hp_loss":0,"event_name":"Lab","floor":3,"gold_loss":0},{"damage_healed":0,"gold_gain":0,"player_choice":"Lose Max HP","damage_taken":0,"relics_obtained":["Golden Idol"],"max_hp_gain":0,"max_hp_loss":7,"event_name":"Golden Idol","floor":5,"gold_loss":0}],"is_beta":true,"boss_relics":[],"items_purged_floors":[],"is_endless":false,"potions_floor_spawned":[1,8],"killed_by":"Lagavulin","ascension_level":15}}