{"host":"6pi3nqc17y3b7f6a","time":1611840512,"event":{"mods":["Act Like it!","Aspiration","Astrologer","Bartender","BaseMod","Beaked The Cultist","Bestiary","Better Match","Better Sensory Stone","Better Skull","Better Third Choice","Better Vampires","BetterRewards","CapriCore","Challenge The Spire","ChefMod","Chen","Clockwork Mod","Colored Map","Colored Powertips","Colorless Booster Pack","Conspire","Defuse TimeMaze Blight","Dio Mod","Duelist Mod","Elementarium","Energized Spire","Fox Events","Friendly Minions","Gensokyo","GifTheSpireLib","Gremlin Mod","GungeonMod","Halation","Hallownest","Highlight Path","Hubris","Hyrulean Relics","Infinite Spire","JesterMod","KinomotoSakuraMod(????)","Koishi","Mad Scientist","Magitek Elite","Marisa????????","Melee Mod","Menagerie","Mimic Mod","Minty Spire (QoL Compilation)","Nova Terra(??·??)","Pale of the Ancients","Pikachu Mod","Potionbrewer","Quarter Circle Forward PUNCH!","Quick Restart","Random Character Button","Rare Cards Sparkle","Reimu??????","Remilia??????","Replay The Spire","Robot Space Explorer","SCP261 Mod","SIMod","SOS???????","Shedinja","Shop Mod","Spikes Relics","StSLib","Stuff the Spire","SuperFastMode","The Administrix","The Alterego","The Animator","The Bug Knight","The Construct","The Dragon Tamer","The Dragonkin","The Forsaken","The Hierophant","The Immortal","The Jester","The Kombatant","The Marked","The Mystic","The Poker Player","The Problem Sleuth","The Runesmith","The Sage","The Senshi","The Servant 0.9.4","The Showman","The Spell Scribe","The Vixen","The Wild Card","TheBandit","TheHero","TheSwordswoman","Trackpad","Treasure Hunter","Wandering Minibosses","Yakumo Yukari mod","Yuyuko","??????REMEMod"],"gold_per_floor":[111,126,56,56,56,71,88,122,135,152,178,88,13,30,55,75,75,173,173,193,203,203,222,76,106,124,159,192,192,242,255,255,273,273,374,374,384,7,7,23,23,51,51,51,51],"floor_reached":44,"language":"ENG","playtime":4900,"items_purged":["Strike_RR","Defend_TS"],"score":542,"play_id":"967f4559-48e1-455a-a4da-43459c42f997","local_time":"20210128052831","is_ascension_mode":false,"campfire_choices":[{"floor":17.0,"key":"RECALL"},{"data":"Menagerie:WallOfBlossoms","floor":32,"key":"SMITH"},{"data":"GemstoneDetection","floor":43,"key":"SMITH"}],"circlet_count":0,"master_deck":["Strike_RD","ConcertedEfforts","HarmonyShield","Shedinja:Substitute","Mischief","Smile","TakeTheLead","ThunderCloud","Menagerie:LoxodonWarhammer","Menagerie:WallOfBlossoms+1","Charge","AppleFever","TwentyPercentcooler","ServeMeal","Harmanyblast","GemstoneDetection+1","Generousity","TasteRainbow","Anxiousness","Tornado","TasteRainbow","AllByMyself","PartyTime","LadiesDemeanor","LadiesDemeanor","Yay","Magic","FriendOfNature","REME_SpectralBlade","Unload","Deflect+1","Perfectionism","CheerUp","PinkiePromise","Dear_Princess","Mischief+1","AllByMyself","Batlization","FriendshipIsMagic","InspirationRecovery","RashStunts+1","FarmExpert+1","Panache","conspire:Banana","BehindTheScene+1","Winterwrapup","KillingWithKindness"],"relics":["The_element_of_harmony","REME_ComplimentaryCards","NeowsBlessing","Replay:Rubber Ducky","halation:PromiseList","MerchantsRug","Runesmith:AutoHammer","CrazyTorch:ReiMu","Bottled Lightning","Elementarium:ElementariumTrophy","energizedSpire:MagnifyingGlass","DemoMod:GundromedaStrain","Bag of Marbles"],"acts_visited":["Menagerie:Menagerie","Elementarium:Elementarium","Gensokyo:Gensokyoest"],"potions_floor_usage":[27,27,35,35,42],"damage_taken":[{"damage":0.0,"enemies":"Menagerie:2_RABBITS","floor":1.0,"turns":1.0},{"damage":0.0,"enemies":"Menagerie:WhisperingWraith","floor":2.0,"turns":2.0},{"damage":0.0,"enemies":"Menagerie:MonstrousExperiment","floor":6.0,"turns":1.0},{"damage":10.0,"enemies":"Menagerie:EntropyWarlock","floor":7.0,"turns":4.0},{"damage":1.0,"enemies":"Menagerie:Hydra","floor":8.0,"turns":8.0},{"damage":5.0,"enemies":"Menagerie:MENAGERIE_WILDLIFE","floor":9.0,"turns":4.0},{"damage":1.0,"enemies":"Menagerie:BEAST_MAGE_AND_PROWLING_AMALGAM","floor":10.0,"turns":15.0},{"damage":9.0,"enemies":"Menagerie:MeltingSalamander","floor":14.0,"turns":7.0},{"damage":16.0,"enemies":"Menagerie:VoidReaper","floor":15.0,"turns":5.0},{"damage":2.0,"enemies":"Menagerie:3_RABBITS","floor":16.0,"turns":5.0},{"damage":7.0,"enemies":"Menagerie:Chimera","floor":18.0,"turns":17.0},{"damage":0.0,"enemies":"Elementarium:Cyclone","floor":20.0,"turns":10.0},{"damage":0.0,"enemies":"Elementarium:VoidCorruption","floor":21.0,"turns":7.0},{"damage":0.0,"enemies":"Elementarium:3_ELEMENTALS","floor":23.0,"turns":4.0},{"damage":2.0,"enemies":"Elementarium:WarGolem","floor":25.0,"turns":4.0},{"damage":7,"enemies":"Elementarium:STONE_GOLEMS","floor":26,"turns":6},{"damage":21,"enemies":"Elementarium:ElementalPortal","floor":27,"turns":9},{"damage":0,"enemies":"Elementarium:VOID_CORRUPTION_AND_TAR_GOLEM","floor":28,"turns":7},{"damage":27,"enemies":"Elementarium:VOID_CORRUPTION_AND_TAR_GOLEM","floor":31,"turns":10},{"damage":9,"enemies":"Elementarium:3_ELEMENTALS","floor":33,"turns":8},{"damage":70,"enemies":"Elementarium:GolemEmperor","floor":35,"turns":16},{"damage":67,"enemies":"Gensokyo:3_Boulders","floor":37,"turns":6},{"damage":0,"enemies":"Gensokyo:3_Bats","floor":40,"turns":3},{"damage":20,"enemies":"Gensokyo:Marisa","floor":42,"turns":6},{"damage":14,"enemies":"Gensokyo:Kasen","floor":44,"turns":2}],"seed_played":"-194827364544709327","potions_obtained":[{"floor":1.0,"key":"construct:ShiftPotion"},{"floor":2.0,"key":"Fire Potion"},{"floor":7.0,"key":"DistilledChaos"},{"floor":8.0,"key":"Block Potion"},{"floor":9.0,"key":"Elixir"},{"floor":12.0,"key":"SCP261:DewritoBlazePotion"},{"floor":18.0,"key":"Energy Potion"},{"floor":23.0,"key":"Explosive Potion"},{"floor":25.0,"key":"LiquidBronze"},{"floor":26,"key":"ColorlessPotion"},{"floor":33,"key":"Swift Potion"},{"floor":40,"key":"Weak Potion"}],"is_trial":false,"path_per_floor":["M","M","?","PTL","PTL","M","M","E","M","M","T","?","$","M","E","M","R_BF","B",null,"M","M","?","M","$","E","M","E","MIM","?","?","M","R","M","R_BF","B",null,"M","$","T","M","?","E","R","E"],"character_chosen":"TWI_CLASS","items_purchased":["MerchantsRug","Panache","conspire:Banana"],"campfire_rested":0,"item_purchase_floors":[24,38,38],"current_hp_per_floor":[82,82,82,82,82,82,75,78,77,80,80,80,80,75,63,63,63,60,82,82,82,82,82,82,82,82,68,78,78,78,66,66,64,82,12,82,19,19,19,24,24,12,12,0,0],"gold":51,"neow_bonus":"THREE_ENEMY_KILL","is_daily":false,"chose_seed":false,"campfire_upgraded":2,"win_rate":0.0,"timestamp":1611840511,"path_taken":["M","?","?","PTL","PTL","M","M","E","M","M","T","?","?","M","E","M","R_BF","BOSS","M","?","?","M","$","E","M","E","MIM","?","?","?","R","M","R_BF","BOSS","M","$","?","M","?","E","R","E"],"items_purchased_type":["Relic","Card","Card"],"build_version":"2020-12-22","purchased_purges":2,"victory":false,"max_hp_per_floor":[82,82,82,82,82,82,82,82,82,82,82,82,82,82,82,82,82,82,82,82,82,82,82,82,82,82,82,82,82,82,82,82,82,82,82,82,82,82,82,82,82,83,83,83,83],"card_choices":[{"not_picked":["PartyTime"],"picked":"Mischief","floor":1.0},{"not_picked":["Tornado"],"picked":"Smile","floor":1.0},{"not_picked":["Anxiousness"],"picked":"TakeTheLead","floor":2.0},{"not_picked":["Charge"],"picked":"ThunderCloud","floor":2.0},{"not_picked":["Menagerie:LightningBolt"],"picked":"Menagerie:LoxodonWarhammer","floor":3.0},{"not_picked":["Menagerie:Foresee"],"picked":"Menagerie:WallOfBlossoms","floor":3.0},{"not_picked":["TenInstruments"],"picked":"Charge","floor":6.0},{"not_picked":["Charge"],"picked":"AppleFever","floor":6.0},{"not_picked":["Return_To_Past"],"picked":"TwentyPercentcooler","floor":7.0},{"not_picked":["Whining"],"picked":"ServeMeal","floor":7.0},{"not_picked":["Dear_Princess"],"picked":"Harmanyblast","floor":8.0},{"not_picked":["Louder"],"picked":"GemstoneDetection","floor":8.0},{"not_picked":["TH:Mimic"],"picked":"SKIP","floor":8.0},{"not_picked":["Winterwrapup"],"picked":"Generousity","floor":9.0},{"not_picked":["Mischief","FarmExpert"],"picked":"SKIP","floor":9.0},{"not_picked":["FarmExpert"],"picked":"TasteRainbow","floor":10.0},{"not_picked":["LoveMe","GemstoneDetection"],"picked":"SKIP","floor":10.0},{"not_picked":["TH:Mimic"],"picked":"SKIP","floor":11.0},{"not_picked":["Charge"],"picked":"Anxiousness","floor":14.0},{"not_picked":["Smile","ReinventMyself"],"picked":"SKIP","floor":14.0},{"not_picked":["AlloutStrike"],"picked":"Tornado","floor":15.0},{"not_picked":["AppleFever"],"picked":"TasteRainbow","floor":15.0},{"not_picked":["TH:TreasureMap"],"picked":"SKIP","floor":15.0},{"not_picked":["TasteRainbow"],"picked":"AllByMyself","floor":16.0},{"not_picked":["SwiftKick"],"picked":"PartyTime","floor":16.0},{"not_picked":["MessyAndOrderly"],"picked":"LadiesDemeanor","floor":18.0},{"not_picked":["MirrorLake"],"picked":"LadiesDemeanor","floor":18.0},{"not_picked":["AppleFever"],"picked":"Yay","floor":20.0},{"not_picked":["AppleFever"],"picked":"Magic","floor":20.0},{"not_picked":["Whining"],"picked":"FriendOfNature","floor":21.0},{"not_picked":["BehindTheScene","Anxiousness"],"picked":"SKIP","floor":21.0},{"not_picked":["RushToSky"],"picked":"Perfectionism","floor":23.0},{"not_picked":["ThunderCloud","MirrorLake"],"picked":"SKIP","floor":23.0},{"not_picked":["RunningOfTheLeaves"],"picked":"CheerUp","floor":25.0},{"not_picked":["TH:Mimic"],"picked":"SKIP","floor":25.0},{"not_picked":["ServeMeal","TasteRainbow"],"picked":"SKIP","floor":25.0},{"not_picked":["ReinventMyself","Generousity"],"picked":"SKIP","floor":26},{"not_picked":["Charge","PartyAlone"],"picked":"SKIP","floor":26},{"not_picked":["CowboySkills"],"picked":"PinkiePromise","floor":27},{"not_picked":["TH:CursedSword"],"picked":"SKIP","floor":27},{"not_picked":["HideCarefully","AppleFever"],"picked":"SKIP","floor":27},{"not_picked":["HideCarefully"],"picked":"Dear_Princess","floor":28},{"not_picked":["TasteRainbow"],"picked":"Mischief+1","floor":28},{"not_picked":["Lasso"],"picked":"AllByMyself","floor":31},{"not_picked":["CheerUp"],"picked":"Batlization","floor":31},{"not_picked":["Mischief","FriendOfNature"],"picked":"SKIP","floor":33},{"not_picked":["FriendOfNature","ReinventMyself"],"picked":"SKIP","floor":33},{"not_picked":["InspirationRecovery"],"picked":"FriendshipIsMagic","floor":35},{"not_picked":["Sisterhood"],"picked":"InspirationRecovery","floor":35},{"not_picked":["Magic_Beam"],"picked":"RashStunts+1","floor":37},{"not_picked":["Return_To_Past"],"picked":"FarmExpert+1","floor":37},{"not_picked":["TH:TreasureMap"],"picked":"SKIP","floor":39},{"not_picked":["BigDeal+1"],"picked":"BehindTheScene+1","floor":40},{"not_picked":["Lasso"],"picked":"Winterwrapup","floor":40},{"not_picked":["FriendOfNature"],"picked":"KillingWithKindness","floor":42},{"not_picked":["TH:PixieDust"],"picked":"SKIP","floor":42},{"not_picked":["ThunderCloud","Whining+1"],"picked":"SKIP","floor":42}],"player_experience":678169,"relics_obtained":[{"floor":8.0,"key":"Replay:Rubber Ducky"},{"floor":15.0,"key":"halation:PromiseList"},{"floor":25.0,"key":"Runesmith:AutoHammer"},{"floor":27,"key":"CrazyTorch:ReiMu"},{"floor":28,"key":"Bottled Lightning"},{"floor":39,"key":"DemoMod:GundromedaStrain"},{"floor":42,"key":"Bag of Marbles"}],"event_choices":[{"damage_healed":0.0,"max_hp_gain":0.0,"max_hp_loss":0.0,"gold_gain":0.0,"event_name":"Menagerie:MagicPeddler","player_choice":"Spells","floor":3.0,"gold_loss":70.0,"damage_taken":0.0},{"damage_healed":0,"gold_gain":50,"player_choice":"Take","damage_taken":0,"max_hp_gain":0,"max_hp_loss":0,"event_name":"Elementarium:StickySituation","floor":30,"gold_loss":0}],"is_beta":false,"boss_relics":[{"not_picked":["aspiration:MobileForge","qcfpunch:Dark_Gi","vexMod:TanglingVine"]},{"not_picked":["sagemod:Falmels_Amulet","infinitespire:Cupcake"],"picked":"energizedSpire:MagnifyingGlass"}],"items_purged_floors":[13,38],"is_endless":false,"potions_floor_spawned":[1,2,7,8,9,18,23,25,26,33,40],"killed_by":"Gensokyo:Kasen","ascension_level":0}}