{"host":"9xv6exvwmlpefxuw","time":1611814819,"event":{"mods":["ATMod(阿瑾Mod)","AchievementEnabler","Act Like it!","Aspiration","BaseMod","Chen","Colored Powertips","Conspire","Downfall","Friendly Minions","Gensokyo","GifTheSpireLib","KinomotoSakuraMod(木之本樱)","Koishi","KomeijiMod","Lobotomy","LobotomyExtend","Marisa（F雨　魔理沙）","Minty Spire (QoL Compilation)","MostiFishMod","Pale of the Ancients","Rare Cards Sparkle","Reimu（博丽灵梦）","Remilia_Scarlet Moed（蕾米莉亚・斯卡雷特）3.3.5","Remilia（蕾米莉亚）","RumiaBox-露米娅的神秘盒子","StSLib","The Administrix","The Mystic","The Servant 0.9.4","WarShipGirlsR/战舰少女R mod","Yakumo Yukari mod","Youmu（魂魄妖梦）","Yuyuko","[IsaacMod]以撒尖塔","[功能]功能增强和修复MOD","【功能Mod】混沌之环修复补丁","【遗物卡牌】REMEMod"],"gold_per_floor":[210,210,96,111,130,130,168,168,248,248,263,302,321,356,356,476,476,500,500,524,443,285,304,185,241,241,297,297,463,463,631,631,835,835,934,934,934,1009,1048,1204,1352,1352,1352],"floor_reached":42,"language":"ZHS","playtime":11116,"items_purged":["Injury","Strike_B+1","Strike_B","Strike_B+1","Strike_B+1","Defend_B+1","Defend_B","Defend_B+1","Defend_B+1"],"score":676,"play_id":"cc7f095b-d6a3-4142-8d0e-185b70519cb5","local_time":"20210128142019","is_ascension_mode":true,"campfire_choices":[{"floor":6,"key":"RECALL"},{"data":"RemiliaMod:CWYW","floor":10,"key":"SMITH"},{"floor":15,"key":"REST"},{"floor":30,"key":"REST"},{"floor":32,"key":"REST"}],"circlet_count":0,"master_deck":["Zap+1","Dualcast+1","EpicFetus+1","Coolheaded+1","RemiliaMod:CWYW+1","Fusion+1","Defragment+1","Darkness+1","MostiFishMod:DawningShadow+1","MostiFishMod:Neptune+1","MostiFishMod:TheEndOfMoonlight+1","MostiFishMod:SparklingWater+1","MostiFishMod:FantasySummer","MostiFishMod:NightSea"],"relics":["Cracked Core","AT_ATBox","HushsDoor","REME_ComplimentaryCards","DaveBox","DSteel32","GuppysTail","SynthV:TestCard","Golden Idol","ImprovedEquipment","Omamori","HandDrill","Bronze Scales","aspiration:Lifesprig","aspiration:Stellarator","Bottled Lightning","Bottled Tornado","Mummified Hand","Ying","AT_MibuBalloonWealth","UnicornStump","NineVolt","BookofShadows","GuppysPaw","GodSword7","AT_ChloranthyRing","GodSword1","MoonlightInvasionPlan","DeathBook","Incense Burner"],"acts_visited":["Exordium","TheCity","TheBeyond"],"potions_floor_usage":[],"damage_taken":[{"damage":7,"enemies":"conspire:RoseBush","floor":1,"turns":3},{"damage":0,"enemies":"Cultist","floor":4,"turns":3},{"damage":2,"enemies":"Jaw Worm","floor":5,"turns":3},{"damage":26,"enemies":"Lagavulin","floor":7,"turns":5},{"damage":0,"enemies":"Large Slime","floor":11,"turns":3},{"damage":14,"enemies":"Gremlin Nob","floor":12,"turns":3},{"damage":0,"enemies":"2 Fungi Beasts","floor":13,"turns":3},{"damage":22,"enemies":"3 Sentries","floor":14,"turns":7},{"damage":26,"enemies":"The Guardian","floor":16,"turns":8},{"damage":0,"enemies":"conspire:FuzzyDice","floor":18,"turns":4},{"damage":21,"enemies":"Shell Parasite","floor":20,"turns":5},{"damage":10,"enemies":"Cultist and Chosen","floor":23,"turns":4},{"damage":14,"enemies":"REME_1_Revenger","floor":25,"turns":3},{"damage":18,"enemies":"conspire:SneckoGhost","floor":27,"turns":3},{"damage":18,"enemies":"Gremlin Leader","floor":29,"turns":4},{"damage":12,"enemies":"conspire:Head Lice","floor":31,"turns":3},{"damage":21,"enemies":"Collector","floor":33,"turns":4},{"damage":28,"enemies":"3 Shapes","floor":35,"turns":2},{"damage":5,"enemies":"Orb Walker","floor":39,"turns":3},{"damage":52,"enemies":"Reptomancer","floor":40,"turns":5},{"damage":15,"enemies":"3 Darklings","floor":41,"turns":3},{"damage":12,"enemies":"Nemesis","floor":42,"turns":1}],"seed_played":"7250609940215670508","potions_obtained":[{"floor":14,"key":"FairyPotion"},{"floor":29,"key":"Block Potion"},{"floor":31,"key":"Dexterity Potion"},{"floor":40,"key":"Regen Potion"}],"is_trial":false,"path_per_floor":["M","?","$","M","M","R","E","?","T","R","M","E","M","E","R","B",null,"M","?","M","$","$","M","$","E","T","E","?","E","R","E","R","B",null,"M","?","?","T","M","E","M","E"],"character_chosen":"DEFECT","items_purchased":["ImprovedEquipment","Omamori","HandDrill","Bottled Lightning","Defragment","Darkness","Bottled Tornado","Mummified Hand","Ying","AT_MibuBalloonWealth","UnicornStump","NineVolt"],"campfire_rested":3,"item_purchase_floors":[3,3,3,21,22,22,22,22,22,24,24,24],"current_hp_per_floor":[68,68,68,68,66,66,40,65,65,65,65,51,51,29,51,25,75,75,75,54,54,54,44,44,30,30,12,12,6,28,16,38,17,75,47,47,47,47,42,22,7,0,0],"gold":1352,"neow_bonus":"HUNDRED_GOLD","is_daily":false,"chose_seed":false,"campfire_upgraded":1,"win_rate":0.0,"timestamp":1611814819,"path_taken":["M","?","$","?","M","R","E","?","T","R","M","E","M","E","R","BOSS","M","?","?","?","$","M","$","E","T","E","?","E","R","E","R","BOSS","M","?","?","?","M","E","M","E"],"items_purchased_type":["Relic","Relic","Relic","Relic","Card","Card","Relic","Relic","Relic","Relic","Relic","Relic"],"build_version":"2020-12-22","purchased_purges":9,"victory":false,"max_hp_per_floor":[75,75,75,75,75,75,75,75,75,75,75,75,75,75,75,75,75,75,75,75,75,75,75,75,75,75,75,75,75,75,75,75,75,75,75,75,75,75,75,75,75,75,75],"card_choices":[{"not_picked":[],"picked":"EpicFetus","floor":0},{"not_picked":["Conserve Battery","Heatsinks"],"picked":"Coolheaded","floor":1},{"not_picked":["Bomb","Stack","Redo","Barrage","Streamline"],"picked":"SKIP","floor":4},{"not_picked":["MostiFishMod:Tomorrow","Cancel","Cold Snap","MostiFishMod:ReprogramOld","Gash"],"picked":"SKIP","floor":5},{"not_picked":["Melter","REME_Whirling","Coolheaded","Barrage","Buffer"],"picked":"SKIP","floor":7},{"not_picked":["Fan","Barrage","AT_HeatAcrobatics","Streamline","Static Discharge"],"picked":"SKIP","floor":11},{"not_picked":["Auto Shields","Rip and Tear","AT_HeatAcrobatics","REME_SelfUpgrade","Go for the Eyes"],"picked":"SKIP","floor":12},{"not_picked":["Go for the Eyes","Storm","AT_HeatAcrobatics","REME_SelfUpgrade"],"picked":"Fusion","floor":13},{"not_picked":["MostiFishMod:FluxCapactior","Steam","MostiFishMod:LinkProtocol","Coolheaded","Leap"],"picked":"SKIP","floor":14},{"not_picked":["Leap","Go for the Eyes+1","Beam Cell","Ball Lightning","Sweeping Beam"],"picked":"SKIP","floor":18},{"not_picked":["Hello World","Go for the Eyes","AT_DarkMatter","Barrage+1","Rebound"],"picked":"SKIP","floor":20},{"not_picked":["Sunder","Undo+1","Leap+1","Sweeping Beam","Barrage+1"],"picked":"SKIP","floor":23},{"not_picked":["Gash","AT_HeatAcrobatics","Machine Learning","Hologram"],"picked":"Fan+1","floor":25},{"not_picked":["MostiFishMod:Prepare","Steam+1","Gash","MostiFishMod:ReprogramOld","Compile Driver"],"picked":"SKIP","floor":27},{"not_picked":["MostiFishMod:Impulse","MostiFishMod:FluxCapactior","Rebound+1","Leap+1","Streamline"],"picked":"SKIP","floor":29},{"not_picked":["Steam","Coolheaded+1","MostiFishMod:SeaWaves","Conserve Battery+1","Thunder Strike"],"picked":"SKIP","floor":31},{"not_picked":["Thunder Strike","Electrodynamics","Core Surge","MostiFishMod:DeathFromBelow"],"picked":"MostiFishMod:DawningShadow","floor":33},{"not_picked":["Steam","Sunder","Cold Snap","Streamline","Go for the Eyes+1"],"picked":"SKIP","floor":35},{"not_picked":["Hello World","Storm","Skim","Steam Power","Cold Snap"],"picked":"SKIP","floor":39},{"not_picked":["Ball Lightning+1","Compile Driver+1","MostiFishMod:SeaWaves","Hello World","MostiFishMod:FluxCapactior+1"],"picked":"SKIP","floor":40},{"not_picked":["Compile Driver+1","Auto Shields+1","AT_HeatAcrobatics","Hologram+1","Barrage"],"picked":"SKIP","floor":41}],"player_experience":183548,"relics_obtained":[{"floor":1,"key":"SynthV:TestCard"},{"floor":7,"key":"Bronze Scales"},{"floor":14,"key":"aspiration:Lifesprig"},{"floor":25,"key":"BookofShadows"},{"floor":26,"key":"GuppysPaw"},{"floor":27,"key":"GodSword7"},{"floor":29,"key":"AT_ChloranthyRing"},{"floor":31,"key":"GodSword1"},{"floor":38,"key":"DeathBook"},{"floor":40,"key":"Incense Burner"}],"event_choices":[{"damage_healed":0,"gold_gain":0,"player_choice":"Take Wound","damage_taken":0,"relics_obtained":["Golden Idol"],"max_hp_gain":0,"max_hp_loss":0,"event_name":"Golden Idol","floor":2,"gold_loss":0,"cards_obtained":["Injury"]},{"damage_healed":25,"gold_gain":0,"player_choice":"CWYW","damage_taken":0,"max_hp_gain":0,"max_hp_loss":0,"event_name":"Remilia_CDSJ09","floor":8,"gold_loss":0},{"cards_removed":["Fan"],"damage_healed":0,"gold_gain":0,"player_choice":"Removed Skill","damage_taken":0,"max_hp_gain":0,"max_hp_loss":0,"event_name":"Falling","floor":37,"gold_loss":0}],"is_beta":false,"boss_relics":[{"not_picked":["EasyGame_NEW","ShadowXiaoBlade"],"picked":"aspiration:Stellarator"},{"not_picked":[]},{"not_picked":["aspiration:RitualDagger","Snecko Eye"],"picked":"MoonlightInvasionPlan"},{"not_picked":[]}],"items_purged_floors":[3,21,21,21,21,21,21,24,24],"is_endless":false,"potions_floor_spawned":[5,12,12,13,14,16,23,25,25,25,27,27,29,29,31,39,40,41],"killed_by":"Nemesis","ascension_level":1}}