{"host":"y7357sx8ps3jkgoj","time":1611815830,"event":{"mods":["BaseMod","Friendly Minions","Minty Spire (QoL Compilation)","Permanent Neow","Relic Stats","Shop Mod","StSLib","The Alterego","Uncapped","Unceasing Turn Reminder"],"gold_per_floor":[110,35,35,35,35,35,70,70,70,101,116,291,626,626,626,728,728,703,717,717,729,729,729,743,743,743],"floor_reached":25,"language":"ENG","playtime":1561,"items_purged":["alterego_mod:Defend"],"score":250,"play_id":"504d965e-95ae-4dfe-a4d4-d50b2e1a250b","local_time":"20210128003710","is_ascension_mode":true,"campfire_choices":[{"data":"alterego_mod:Cushion","floor":6,"key":"SMITH"},{"data":"alterego_mod:Bunnysuit","floor":8,"key":"SMITH"},{"data":"alterego_mod:Impale","floor":15,"key":"SMITH"},{"data":"alterego_mod:DiscoLights","floor":23,"key":"SMITH"}],"circlet_count":0,"master_deck":["alterego_mod:Strike","alterego_mod:Strike","alterego_mod:Strike","alterego_mod:Strike","alterego_mod:Defend","alterego_mod:Defend","alterego_mod:Defend","alterego_mod:Impale+1","alterego_mod:BigMeatyClaws+1","alterego_mod:BrynhildrsRune","alterego_mod:Cushion+1","alterego_mod:Bunnysuit+1","alterego_mod:TrickOrTreatment","alterego_mod:Skirt+1","alterego_mod:1TonWallop+1","alterego_mod:DiscoLights+1","alterego_mod:SakuraFive+1"],"relics":["alterego_mod:MasochisticConstitution","NeowsBlessing","The Courier","Molten Egg 2","Ginger","Old Coin","Eternal Feather","Black Star","Omamori"],"acts_visited":["Exordium","TheCity"],"potions_floor_usage":[19],"damage_taken":[{"damage":0,"enemies":"2 Louse","floor":1,"turns":2},{"damage":5,"enemies":"3 Sentries","floor":7,"turns":5},{"damage":4,"enemies":"Lagavulin","floor":10,"turns":5},{"damage":1,"enemies":"Cultist","floor":11,"turns":5},{"damage":22,"enemies":"Gremlin Nob","floor":13,"turns":5},{"damage":35,"enemies":"The Guardian","floor":16,"turns":15},{"damage":25,"enemies":"2 Thieves","floor":18,"turns":5},{"damage":23,"enemies":"Shell Parasite","floor":19,"turns":8},{"damage":61,"enemies":"Sentry and Sphere","floor":21,"turns":8},{"damage":17,"enemies":"Chosen and Byrds","floor":24,"turns":8},{"damage":53,"enemies":"Gremlin Leader","floor":25,"turns":6}],"seed_played":"-7972910858196145916","potions_obtained":[{"floor":10,"key":"Regen Potion"},{"floor":11,"key":"SpeedPotion"},{"floor":24,"key":"SteroidPotion"}],"is_trial":false,"path_per_floor":["M","$","?","$","$","R","E","R","T","E","M","?","E","T","R","B",null,"M","M","?","M","T","R","M","E"],"character_chosen":"The_Alterego","items_purchased":[],"campfire_rested":0,"item_purchase_floors":[],"current_hp_per_floor":[70,70,70,70,70,70,71,71,71,72,73,73,52,52,58,24,75,51,71,71,28,28,37,25,0,0],"gold":743,"neow_bonus":"THREE_ENEMY_KILL","is_daily":false,"chose_seed":false,"campfire_upgraded":4,"win_rate":0.0,"timestamp":1611815830,"path_taken":["M","$","?","?","$","R","E","R","T","E","?","?","E","?","R","BOSS","M","M","?","?","?","R","M","E"],"items_purchased_type":[],"build_version":"2020-12-22","purchased_purges":1,"victory":false,"max_hp_per_floor":[70,70,70,70,70,70,71,71,71,72,73,73,74,74,74,75,75,76,77,77,78,78,78,79,79,79],"relic_stats":{"counters":[11,72],"Eternal Feather":15,"Black Star":0,"Ginger":[14],"obtain_stats":[{"alterego_mod:MasochisticConstitution":0,"NeowsBlessing":0,"Molten Egg 2":9,"Eternal Feather":14,"The Courier":7,"Black Star":17,"Omamori":22,"Ginger":10,"Old Coin":13},{"alterego_mod:MasochisticConstitution":0,"NeowsBlessing":0,"Molten Egg 2":2,"Eternal Feather":5,"The Courier":2,"Black Star":6,"Omamori":9,"Ginger":3,"Old Coin":5},{"alterego_mod:MasochisticConstitution":0,"NeowsBlessing":0,"Molten Egg 2":7,"Eternal Feather":22,"The Courier":7,"Black Star":37,"Omamori":58,"Ginger":12,"Old Coin":22}]},"card_choices":[{"not_picked":["alterego_mod:Bounce","alterego_mod:Cooking"],"picked":"alterego_mod:Cushion","floor":1},{"not_picked":["alterego_mod:Complex","alterego_mod:Valentines"],"picked":"alterego_mod:Bunnysuit","floor":7},{"not_picked":["alterego_mod:Lingerie+1","alterego_mod:Maid+1","alterego_mod:TrashNCrash"],"picked":"SKIP","floor":10},{"not_picked":["alterego_mod:Mirror","alterego_mod:MagicResistance","alterego_mod:Undulate"],"picked":"SKIP","floor":11},{"not_picked":["alterego_mod:Nekomimi","alterego_mod:Cooking","alterego_mod:Valkyrie+1"],"picked":"SKIP","floor":13},{"not_picked":["alterego_mod:Palingenesis","alterego_mod:RingBreak"],"picked":"alterego_mod:TrickOrTreatment","floor":16},{"not_picked":["alterego_mod:Cooking","alterego_mod:MagicResistance"],"picked":"alterego_mod:Skirt+1","floor":18},{"not_picked":["alterego_mod:MagicResistance+1","alterego_mod:DestructionOfProperty"],"picked":"alterego_mod:1TonWallop+1","floor":19},{"not_picked":["alterego_mod:Jiggle+1","alterego_mod:1TonWallop+1"],"picked":"alterego_mod:DiscoLights","floor":21},{"not_picked":["alterego_mod:GachaTicket","alterego_mod:SakuraPetals+1"],"picked":"alterego_mod:SakuraFive+1","floor":24}],"player_experience":313231,"relics_obtained":[{"floor":7,"key":"The Courier"},{"floor":9,"key":"Molten Egg 2"},{"floor":10,"key":"Ginger"},{"floor":13,"key":"Old Coin"},{"floor":14,"key":"Eternal Feather"},{"floor":22,"key":"Omamori"}],"event_choices":[{"damage_healed":0,"gold_gain":0,"player_choice":"Upgraded","damage_taken":0,"max_hp_gain":0,"max_hp_loss":0,"event_name":"Upgrade Shrine","floor":3,"gold_loss":0,"cards_upgraded":["alterego_mod:BigMeatyClaws"]},{"damage_healed":0,"gold_gain":175,"player_choice":"AGREE","damage_taken":0,"max_hp_gain":0,"max_hp_loss":0,"event_name":"Liars Game","floor":12,"gold_loss":0,"cards_obtained":["Doubt"]},{"cards_removed":["Doubt"],"damage_healed":0,"gold_gain":0,"player_choice":"Purged","damage_taken":0,"max_hp_gain":0,"max_hp_loss":0,"event_name":"Purifier","floor":20,"gold_loss":0}],"is_beta":false,"boss_relics":[{"not_picked":["Snecko Eye","Runic Pyramid"],"picked":"Black Star"}],"items_purged_floors":[2],"is_endless":false,"potions_floor_spawned":[10,11,24],"killed_by":"Gremlin Leader","ascension_level":3}}