{"host":"cfluht5kr2kfk9p9","time":1611849734,"event":{"mods":["ATMod(°¢èªMod)","Act Like it!","Arknights The Spire","BaseMod","Gensokyo","Highlight Path","Minty Spire (QoL Compilation)","Quick Restart","Rare Cards Sparkle","Reimu£¨²©ÀöÁéÃÎ£©","Relic Stats","RumiaBox-Â¶Ã×æ«µÄÉñÃØºÐ×Ó","Spicy Shops","StSLib","TestMod","¡¾¹¦ÄÜMod¡¿»ìãçÖ®»·ÐÞ¸´²¹¶¡"],"gold_per_floor":[109,509,50,62,62,62,62,82,94,120,173,173,173,206,206,218,251,210,210,308,308,319,338,5,22,33,0,0,16,41,51,51,86,86,136,136,156,93,111,111,111,139,139,238,238,249,259,259,278,290,322,322,349,349,349,361,122,133,146,181,181,181,181,181,6,31,1],"floor_reached":68,"language":"ZHS","playtime":2906,"items_purged":["Defend_Lin:ReiMu","Strike_Lin:ReiMu","Gensokyo:ImpossibleRequest","Doubt","Strike_Lin:ReiMu","Reinforced Body"],"score":1843,"play_id":"5a2a7a31-9b13-45d9-a289-41ce514172e8","local_time":"20210129000214","is_ascension_mode":true,"campfire_choices":[{"data":"AT_KneejerkReflex","floor":7,"key":"SMITH"},{"data":"RainPray2:ReiMu","floor":12,"key":"SMITH"},{"data":"RainPray2:ReiMu","floor":15,"key":"SMITH"},{"data":"Enchanting:ReiMu","floor":19,"key":"SMITH"},{"data":"KamiRite:ReiMu","floor":34,"key":"SMITH"},{"data":"FoulBorder2:ReiMu","floor":36,"key":"SMITH"},{"data":"SubcavityFantasy:ReiMu","floor":43,"key":"SMITH"},{"data":"HakureiPhantom:ReiMu","floor":54,"key":"SMITH"},{"floor":61,"key":"RECALL"},{"data":"Mountainwind:ReiMu","floor":64,"key":"SMITH"}],"circlet_count":0,"master_deck":["Defend_Lin:ReiMu","Defend_Lin:ReiMu","Defend_Lin:ReiMu","Stagnation:ReiMu","RainPray2:ReiMu+1","LearningPray:ReiMu","TightArray:ReiMu","AirStrike:ReiMu","FoulBorder2:ReiMu+1","Enchanting:ReiMu+1","HakureiPhantom:ReiMu+1","DependentForm:ReiMu","Conquer:ReiMu+1","KamiRite:ReiMu+1","Dreaming:ReiMu","Mountainwind:ReiMu+1","AlertArray:ReiMu","SubAcupoint:ReiMu","UpKicking:ReiMu","YinYang:ReiMu","SubcavityFantasy:ReiMu+1","PassingAway:ReiMu+1","FantasyMoon:ReiMu+1","NineCharacters:ReiMu+1"],"relics":["FlyPower:ReiMu","AT_ATBox","NeowsBlessing","testmod-CasingShield","Membership Card","AT_TimeSand","testmod-Brilliant","ClockworkSouvenir","HornCleat","Gensokyo:Justice","Mastiff:ReiMu","testmod-IndustrialRevolution","Gensokyo:OccultBall","Boot","GodSword5","Cursed Key","GodSword3","Bag of Marbles","testmod-Justice","Du-Vu Doll","InkBottle","Happy Flower","PreservedInsect","Anchor","DonationBox:ReiMu","testmod-AssaultLearning","AT_ForceNature","Medical Kit","testmod-ObsoleteBoomerang","Kunai","Bag of Preparation","SkyOrb:ReiMu"],"acts_visited":["Exordium","Gensokyo:Gensokyo","Gensokyo:Gensokyoer","TheEnding"],"potions_floor_usage":[67],"damage_taken":[{"damage":0,"enemies":"Gensokyo:3_Fairies","floor":1,"turns":2},{"damage":0,"enemies":"Gensokyo:Python","floor":4,"turns":1},{"damage":0,"enemies":"Gensokyo:Gryphon","floor":8,"turns":1},{"damage":2,"enemies":"Gensokyo:2_Rabbits","floor":9,"turns":3},{"damage":4,"enemies":"Gensokyo:Mamizou","floor":10,"turns":5},{"damage":0,"enemies":"Gensokyo:Cirno","floor":14,"turns":4},{"damage":0,"enemies":"Gensokyo:VengefulSpirit","floor":16,"turns":3},{"damage":0,"enemies":"Gensokyo:Mamizou","floor":17,"turns":3},{"damage":12,"enemies":"Gensokyo:Yukari","floor":20,"turns":8},{"damage":0,"enemies":"Gensokyo:3_Dogs","floor":22,"turns":1},{"damage":14,"enemies":"Gensokyo:AngelMirror","floor":23,"turns":4},{"damage":0,"enemies":"Gensokyo:Wraith","floor":25,"turns":4},{"damage":0,"enemies":"Gensokyo:Swordslinger","floor":26,"turns":2},{"damage":10,"enemies":"Gensokyo:Monolith_and_Dog","floor":29,"turns":4},{"damage":9,"enemies":"Gensokyo:Koishi","floor":30,"turns":5},{"damage":6,"enemies":"Gensokyo:Wraith","floor":31,"turns":3},{"damage":0,"enemies":"Gensokyo:Tenshi","floor":33,"turns":2},{"damage":6,"enemies":"Gensokyo:Slime_Group","floor":37,"turns":4},{"damage":0,"enemies":"Gensokyo:Swordslinger","floor":39,"turns":3},{"damage":0,"enemies":"Gensokyo:Koishi","floor":42,"turns":4},{"damage":3,"enemies":"Gensokyo:Kaguya","floor":44,"turns":6},{"damage":0,"enemies":"Gensokyo:3_Boulders","floor":46,"turns":2},{"damage":0,"enemies":"Gensokyo:AncientGuardian","floor":47,"turns":5},{"damage":0,"enemies":"Gensokyo:4_Bats","floor":49,"turns":1},{"damage":0,"enemies":"Gensokyo:SeedOfUnknown","floor":50,"turns":3},{"damage":1,"enemies":"Gensokyo:Marisa","floor":51,"turns":4},{"damage":0,"enemies":"Gensokyo:Kasen","floor":53,"turns":1},{"damage":0,"enemies":"Gensokyo:Dusk_and_Dawn","floor":56,"turns":3},{"damage":0,"enemies":"Gensokyo:4_Bats","floor":58,"turns":1},{"damage":0,"enemies":"Gensokyo:AtlasGolem","floor":59,"turns":3},{"damage":0,"enemies":"Gensokyo:Marisa","floor":60,"turns":3},{"damage":0,"enemies":"Gensokyo:Yuyuko","floor":62,"turns":4},{"damage":0,"enemies":"Shield and Spear","floor":66,"turns":3},{"damage":2,"enemies":"The Heart","floor":67,"turns":7}],"seed_played":"6058594796769841690","potions_obtained":[{"floor":9,"key":"Block Potion"},{"floor":10,"key":"BlessingOfTheForge"},{"floor":14,"key":"Block Potion"},{"floor":33,"key":"BottledKami:ReiMu"},{"floor":37,"key":"PinkPotion:ReiMu"}],"is_trial":false,"path_per_floor":["M","?","$","M","?","?","R","M","M","E","T","R","?","E","R","M","E","COS","R","B",null,"M","M","$","M","M","?","$","M","E","M","?","E","R","T","R","M","$","M","?","$","E","R","B",null,"M","M","?","M","M","E","?","E","R","T","M","$","M","M","E","R","B",null,"R","$","E","B",null],"character_chosen":"REIMU","items_purchased":["Membership Card","AT_TimeSand","testmod-Brilliant","ClockworkSouvenir","GodSword3","Bag of Marbles","testmod-Justice","Du-Vu Doll","Medical Kit","testmod-ObsoleteBoomerang","Bag of Preparation"],"campfire_rested":0,"item_purchase_floors":[3,3,3,3,24,24,24,28,57,57,65],"current_hp_per_floor":[65,65,65,65,52,52,52,52,50,46,46,46,46,46,46,46,46,46,46,34,65,65,51,51,51,51,51,51,41,32,26,26,26,26,26,26,20,20,20,20,20,20,20,17,65,65,65,56,56,56,55,55,55,55,55,55,55,55,55,55,55,55,65,65,65,65,63],"gold":1,"neow_bonus":"THREE_ENEMY_KILL","is_daily":false,"chose_seed":false,"campfire_upgraded":9,"win_rate":0.0,"timestamp":1611849734,"path_taken":["M","?","?","M","?","?","R","M","M","E","T","R","?","E","R","M","E","COS","R","BOSS","M","M","?","M","M","?","$","M","E","M","?","E","R","T","R","M","?","M","?","$","E","R","BOSS","M","M","?","M","M","E","?","E","R","T","M","?","M","M","E","R","BOSS","R","$","E","BOSS"],"items_purchased_type":["Relic","Relic","Relic","Relic","Relic","Relic","Relic","Relic","Relic","Relic","Relic"],"build_version":"2020-12-22","purchased_purges":6,"victory":true,"max_hp_per_floor":[65,65,65,65,65,65,65,65,65,65,65,65,65,65,65,65,65,65,65,65,65,65,65,65,65,65,65,65,65,65,65,65,65,65,65,65,65,65,65,65,65,65,65,65,65,65,65,65,65,65,65,65,65,65,65,65,65,65,65,65,65,65,65,65,65,65,65],"relic_stats":{"Happy Flower":[19],"counters":[34,107],"PreservedInsect":341,"Bag of Preparation":[4],"Kunai":[4],"Boot":[77],"Cursed Key":2,"Medical Kit":[1],"obtain_stats":[{"AT_ATBox":0,"AT_TimeSand":3,"Bag of Preparation":65,"Gensokyo:Justice":6,"Boot":14,"Cursed Key":21,"testmod-CasingShield":0,"ClockworkSouvenir":3,"testmod-Brilliant":3,"Frozen Eye":30,"HornCleat":5,"Mastiff:ReiMu":10,"Gensokyo:OccultBall":13,"testmod-ObsoleteBoomerang":57,"Kunai":60,"InkBottle":30,"AT_ForceNature":53,"testmod-TestBox":0,"NeowsBlessing":0,"Happy Flower":33,"PreservedInsect":35,"testmod-Justice":24,"testmod-IndustrialRevolution":11,"Medical Kit":57,"Du-Vu Doll":28,"Anchor":42,"testmod-AssaultLearning":51,"Bag of Marbles":24,"SkyOrb:ReiMu":66,"Membership Card":3,"GodSword5":17,"FlyPower:ReiMu":0,"GodSword3":24,"DonationBox:ReiMu":45},{"AT_ATBox":0,"AT_TimeSand":1,"Bag of Preparation":32,"Gensokyo:Justice":2,"Boot":6,"Cursed Key":9,"testmod-CasingShield":0,"ClockworkSouvenir":1,"testmod-Brilliant":1,"Frozen Eye":14,"HornCleat":2,"Mastiff:ReiMu":5,"Gensokyo:OccultBall":5,"testmod-ObsoleteBoomerang":28,"Kunai":31,"InkBottle":15,"AT_ForceNature":27,"testmod-TestBox":0,"NeowsBlessing":0,"Happy Flower":17,"PreservedInsect":17,"testmod-Justice":11,"testmod-IndustrialRevolution":5,"Medical Kit":28,"Du-Vu Doll":13,"Anchor":20,"testmod-AssaultLearning":26,"Bag of Marbles":11,"SkyOrb:ReiMu":33,"Membership Card":1,"GodSword5":8,"FlyPower:ReiMu":0,"GodSword3":11,"DonationBox:ReiMu":21},{"AT_ATBox":0,"AT_TimeSand":2,"Bag of Preparation":98,"Gensokyo:Justice":3,"Boot":15,"Cursed Key":29,"testmod-CasingShield":0,"ClockworkSouvenir":2,"testmod-Brilliant":2,"Frozen Eye":44,"HornCleat":3,"Mastiff:ReiMu":11,"Gensokyo:OccultBall":11,"testmod-ObsoleteBoomerang":87,"Kunai":94,"InkBottle":49,"AT_ForceNature":84,"testmod-TestBox":0,"NeowsBlessing":0,"Happy Flower":53,"PreservedInsect":53,"testmod-Justice":34,"testmod-IndustrialRevolution":11,"Medical Kit":87,"Du-Vu Doll":40,"Anchor":64,"testmod-AssaultLearning":83,"Bag of Marbles":34,"SkyOrb:ReiMu":101,"Membership Card":2,"GodSword5":21,"FlyPower:ReiMu":0,"GodSword3":34,"DonationBox:ReiMu":70}],"InkBottle":[25]},"card_choices":[{"not_picked":["WonderfulDomain:ReiMu","SpreadBorder2:ReiMu"],"picked":"RainPray2:ReiMu","floor":1},{"not_picked":["Intuition:ReiMu","SpringWay:ReiMu"],"picked":"LearningPray:ReiMu","floor":4},{"not_picked":["WonderfulDomain:ReiMu","EmergencyTakeOff:ReiMu"],"picked":"TightArray:ReiMu","floor":8},{"not_picked":["CareerPray:ReiMu","SafetyPray:ReiMu"],"picked":"AirStrike:ReiMu","floor":9},{"not_picked":["EmergencyTakeOff:ReiMu","RainPray2:ReiMu"],"picked":"FoulBorder2:ReiMu","floor":10},{"not_picked":["MikOfLucky:ReiMu","SubcavityInstant:ReiMu"],"picked":"RainPray2:ReiMu","floor":14},{"not_picked":["SpringWay:ReiMu","TightArray:ReiMu"],"picked":"Enchanting:ReiMu","floor":16},{"not_picked":["ManaGlint:ReiMu","SpringWay:ReiMu"],"picked":"HakureiPhantom:ReiMu","floor":17},{"not_picked":["HakureiPhantom:ReiMu","KyokaiOfKami:ReiMu"],"picked":"DependentForm:ReiMu","floor":20},{"not_picked":["KamiSacrifice:ReiMu","AirStrike:ReiMu"],"picked":"Conquer:ReiMu","floor":22},{"not_picked":["Free:ReiMu","BlastKick2:ReiMu"],"picked":"KamiRite:ReiMu","floor":23},{"not_picked":["Intuition:ReiMu","TightArray:ReiMu","EmergencyTakeOff:ReiMu+1"],"picked":"SKIP","floor":23},{"not_picked":["Intuition:ReiMu","TightArray:ReiMu","EmergencyTakeOff:ReiMu+1"],"picked":"SKIP","floor":23},{"not_picked":["AirStrike:ReiMu","Amulet:ReiMu","ManaGlint:ReiMu"],"picked":"SKIP","floor":25},{"not_picked":["NineCharacters:ReiMu","Amulet:ReiMu","MikOfLucky:ReiMu"],"picked":"SKIP","floor":26},{"not_picked":["Amulet:ReiMu+1","Revelation:ReiMu"],"picked":"Dreaming:ReiMu","floor":29},{"not_picked":["Intuition:ReiMu","PhosphorusFlame:ReiMu"],"picked":"Mountainwind:ReiMu","floor":30},{"not_picked":["WonderfulDomain:ReiMu","Mountainwind:ReiMu"],"picked":"AlertArray:ReiMu","floor":31},{"not_picked":["YinYangSange:ReiMu","Amulet:ReiMu+1"],"picked":"SubAcupoint:ReiMu","floor":33},{"not_picked":["Enchanting:ReiMu","CeremonyResonance:ReiMu"],"picked":"UpKicking:ReiMu","floor":37},{"not_picked":["SpringWay:ReiMu+1","CareerPray:ReiMu","TightArray:ReiMu"],"picked":"SKIP","floor":39},{"not_picked":["SafetyPray:ReiMu","Meditation:ReiMu"],"picked":"SubcavityFantasy:ReiMu","floor":42},{"not_picked":["Enchanting:ReiMu+1","Meditation:ReiMu"],"picked":"PassingAway:ReiMu+1","floor":46},{"not_picked":["SpreadBorder2:ReiMu+1","FantasyBorder:ReiMu+1","Meditation:ReiMu+1"],"picked":"SKIP","floor":47},{"not_picked":["MikOfLucky:ReiMu+1","SpringWay:ReiMu+1","Intuition:ReiMu+1"],"picked":"SKIP","floor":49},{"not_picked":["Meditation:ReiMu","CareerPray:ReiMu","AlertArray:ReiMu"],"picked":"SKIP","floor":50},{"not_picked":["Meditation:ReiMu","CareerPray:ReiMu","AlertArray:ReiMu"],"picked":"SKIP","floor":50},{"not_picked":["Enchanting:ReiMu+1","SpreadBorder2:ReiMu","CareerPray:ReiMu+1"],"picked":"SKIP","floor":51},{"not_picked":["SpreadBorder2:ReiMu","UpKicking:ReiMu+1","LearningPray:ReiMu"],"picked":"SKIP","floor":53},{"not_picked":["SubcavityInstant:ReiMu+1","UpKicking:ReiMu","Intuition:ReiMu+1"],"picked":"SKIP","floor":56},{"not_picked":["AirStrike:ReiMu","OctopathBindingBorder2:ReiMu","Intuition:ReiMu+1"],"picked":"SKIP","floor":58},{"not_picked":["Gathering:ReiMu","RainPray2:ReiMu"],"picked":"FantasyMoon:ReiMu+1","floor":59},{"not_picked":["HakureiPhantom:ReiMu","Gathering:ReiMu+1","Conquer:ReiMu"],"picked":"SKIP","floor":60},{"not_picked":["WonderfulDomain:ReiMu+1","YinYangSange:ReiMu"],"picked":"NineCharacters:ReiMu+1","floor":66}],"player_experience":71337,"relics_obtained":[{"floor":10,"key":"Mastiff:ReiMu"},{"floor":11,"key":"testmod-IndustrialRevolution"},{"floor":14,"key":"Boot"},{"floor":17,"key":"GodSword5"},{"floor":20,"key":"Gensokyo:OccultBall"},{"floor":29,"key":"Gensokyo:OccultBall"},{"floor":30,"key":"InkBottle"},{"floor":31,"key":"Gensokyo:OccultBall"},{"floor":33,"key":"Happy Flower"},{"floor":35,"key":"PreservedInsect"},{"floor":42,"key":"Anchor"},{"floor":44,"key":"Gensokyo:OccultBall"},{"floor":46,"key":"Gensokyo:OccultBall"},{"floor":51,"key":"testmod-AssaultLearning"},{"floor":53,"key":"AT_ForceNature"},{"floor":60,"key":"Kunai"},{"floor":66,"key":"SkyOrb:ReiMu"}],"event_choices":[{"damage_healed":0,"gold_gain":400,"player_choice":"Sell","damage_taken":0,"max_hp_gain":0,"max_hp_loss":0,"event_name":"¶÷ÂåË¹µÄÅÌ×Ó","floor":2,"relics_lost":["testmod-TestBox"],"gold_loss":0}],"is_beta":false,"boss_relics":[{"not_picked":["testmod-NegativeEmotionEnhancer","SacredBark"],"picked":"Cursed Key"},{"not_picked":["testmod-BatchProcessingSystem","Pandora\u0027s Box"],"picked":"DonationBox:ReiMu"}],"items_purged_floors":[3,24,38,57,57,65],"is_endless":false,"potions_floor_spawned":[9,10,14,23,30,33,37,42,47,49,53,60],"ascension_level":1}}