{"host":"kpzitzpzyl580zr6","time":1611799686,"event":{"mods":["AchievementEnabler","BaseMod","Better Altar","Better Third Choice","BetterRewards","Block Reminder","Disable Question Mark Monsters","Hubris","Infinite Spire","Minty Spire (QoL Compilation)","Rare Cards Sparkle","Relic Filter","Relic Stats","Replay The Spire","StSLib","The Senshi","Transform Curses"],"gold_per_floor":[109,79,0,24,24,24,53,53,53,53,53,82,100,100,100,198,198,217,217,24,24,28,28,97,116,116,116,129,129,147,147,147],"floor_reached":31,"language":"ENG","playtime":3087,"items_purged":[],"score":289,"play_id":"23abe3a8-809d-4fe4-9807-dd6e733428aa","local_time":"20210127180806","is_ascension_mode":false,"campfire_choices":[{"floor":6,"key":"RECALL"},{"data":"theSenshi:CrisisMakeUp","floor":8,"key":"SMITH"},{"data":"theSenshi:TuxedoMaskAssists","floor":11,"key":"SMITH"},{"data":"theSenshi:MoonEternalMakeUp","floor":15,"key":"SMITH"},{"floor":23,"key":"REST"}],"circlet_count":0,"master_deck":["theSenshi:SailorKick","theSenshi:SailorKick","theSenshi:SailorKick","theSenshi:SailorKick","theSenshi:SailorBlock","theSenshi:SailorBlock","theSenshi:SailorBlock","theSenshi:SailorBlock","theSenshi:RoseThrow","theSenshi:MoonPrismPowerMakeUp","theSenshi:MoonPrincessHalation","theSenshi:CrisisMakeUp+1","ReplayTheSpireMod:IOU","theSenshi:TuxedoMaskAssists+1","theSenshi:MarsPride","theSenshi:MoonEternalMakeUp+1","theSenshi:FatedKiss","CurseOfTheBell","Pot Of Greed","Pot Of Greed","theSenshi:InTheNameOfTheMoon","theSenshi:EncouragingSpeech","theSenshi:SailorV+1","theSenshi:TallSilhouette","theSenshi:TuxedoSmokingBomber","theSenshi:SteeledNerves","Pot Of Greed"],"relics":["theSenshi:TransformationBroochRelic","NeowsBlessing","Shuriken","Bottled Flame","Question Card","ReplayTheSpireMod:Ring of Collecting","Calling Bell","Grinning Jar","StrikeDummy","Shovel","theSenshi:SuperSailorFukuRelic","Chemical X","Nloth\u0027s Gift","hubris:MysteriousPyramids","Ring of Fury","infinitespire:Lychee Nut","ReplayTheSpireMod:Ring of Addiction","Toy Ornithopter","SacredBark","hubris:BottledHeart"],"acts_visited":["Exordium","TheCity"],"potions_floor_usage":[16,18,22,28,30],"damage_taken":[{"damage":0,"enemies":"Jaw Worm","floor":1,"turns":1},{"damage":0,"enemies":"3 Sentries","floor":7,"turns":2},{"damage":0,"enemies":"Lagavulin","floor":12,"turns":1},{"damage":2,"enemies":"Cultist","floor":13,"turns":4},{"damage":50,"enemies":"Fading Forest","floor":16,"turns":11},{"damage":27,"enemies":"Shell Parasite","floor":18,"turns":7},{"damage":24,"enemies":"2 Thieves","floor":22,"turns":4},{"damage":45,"enemies":"Centurion and Healer","floor":25,"turns":7},{"damage":0,"enemies":"Chosen and Byrds","floor":28,"turns":5},{"damage":0,"enemies":"Snake Plant","floor":30,"turns":7},{"damage":9,"enemies":"Centurion and Healer","floor":31,"turns":8}],"seed_played":"-33912167236127719","potions_obtained":[{"floor":1,"key":"FearPotion"},{"floor":2,"key":"Strength Potion"},{"floor":2,"key":"Fire Potion"},{"floor":7,"key":"Weak Potion"},{"floor":18,"key":"Energy Potion"},{"floor":25,"key":"EssenceOfSteel"},{"floor":26,"key":"LiquidBronze"},{"floor":26,"key":"SteroidPotion"}],"is_trial":false,"path_per_floor":["M","?","$","T","?","R","E","R","T","?","R","E","M","?","R","B",null,"M","?","$","?","M","R","T","M","T","?","M","$","M","M"],"character_chosen":"THE_SENSHI","items_purchased":["theSenshi:CrisisMakeUp","theSenshi:EncouragingSpeech","Chemical X"],"campfire_rested":1,"item_purchase_floors":[3,20,20],"current_hp_per_floor":[75,75,75,75,75,75,75,75,75,75,75,75,73,73,73,33,75,48,48,48,48,24,46,46,1,1,1,1,1,1,0,0],"gold":147,"neow_bonus":"THREE_ENEMY_KILL","is_daily":false,"chose_seed":false,"campfire_upgraded":3,"win_rate":0.0,"timestamp":1611799686,"path_taken":["M","?","$","?","?","R","E","R","T","?","R","E","M","?","R","BOSS","M","?","$","?","?","R","?","M","T","?","M","?","M","M"],"items_purchased_type":["Card","Card","Relic"],"build_version":"2020-12-22","purchased_purges":0,"victory":false,"max_hp_per_floor":[75,75,75,75,75,75,75,75,75,75,75,75,75,75,75,75,75,75,75,75,75,75,75,75,75,56,1,1,1,1,1,1],"relic_stats":{"Shovel":0,"counters":[11,57],"Shuriken":[2],"Nloth\u0027s Gift":0,"Chemical X":[6],"Question Card":14,"obtain_stats":[{"ReplayTheSpireMod:Ring of Exchange":14,"theSenshi:SuperSailorFukuRelic":19,"NeowsBlessing":0,"ReplayTheSpireMod:Ring of Addiction":26,"SacredBark":26,"hubris:MysteriousPyramids":24,"Question Card":12,"Calling Bell":17,"Bottled Flame":9,"theSenshi:TransformationBroochRelic":0,"Shovel":17,"Shuriken":7,"infinitespire:Lychee Nut":26,"hubris:BottledHeart":27,"ReplayTheSpireMod:Ring of Collecting":14,"Ring of Fury":24,"Nloth\u0027s Gift":21,"Chemical X":20,"Grinning Jar":17,"StrikeDummy":17,"Toy Ornithopter":26},{"ReplayTheSpireMod:Ring of Exchange":4,"theSenshi:SuperSailorFukuRelic":6,"NeowsBlessing":0,"ReplayTheSpireMod:Ring of Addiction":8,"SacredBark":8,"hubris:MysteriousPyramids":7,"Question Card":3,"Calling Bell":5,"Bottled Flame":2,"theSenshi:TransformationBroochRelic":0,"Shovel":5,"Shuriken":2,"infinitespire:Lychee Nut":8,"hubris:BottledHeart":8,"ReplayTheSpireMod:Ring of Collecting":4,"Ring of Fury":7,"Nloth\u0027s Gift":6,"Chemical X":6,"Grinning Jar":5,"StrikeDummy":5,"Toy Ornithopter":8},{"ReplayTheSpireMod:Ring of Exchange":8,"theSenshi:SuperSailorFukuRelic":26,"NeowsBlessing":0,"ReplayTheSpireMod:Ring of Addiction":37,"SacredBark":37,"hubris:MysteriousPyramids":30,"Question Card":4,"Calling Bell":19,"Bottled Flame":3,"theSenshi:TransformationBroochRelic":0,"Shovel":19,"Shuriken":3,"infinitespire:Lychee Nut":37,"hubris:BottledHeart":37,"ReplayTheSpireMod:Ring of Collecting":8,"Ring of Fury":30,"Nloth\u0027s Gift":26,"Chemical X":26,"Grinning Jar":19,"StrikeDummy":19,"Toy Ornithopter":37}],"Toy Ornithopter":0},"card_choices":[{"not_picked":["theSenshi:TuxedoSmokingBomber","theSenshi:SailorPlanetAttack"],"picked":"theSenshi:MoonPrincessHalation","floor":1},{"not_picked":["theSenshi:MercurysCunning","theSenshi:MoonTiaraMagic"],"picked":"theSenshi:TuxedoMaskAssists","floor":7},{"not_picked":["theSenshi:PlutosSolemnity","theSenshi:SupersonicWaves"],"picked":"theSenshi:MarsPride","floor":12},{"not_picked":["theSenshi:LunaWiseMentor","theSenshi:MoonPrincessHalation","theSenshi:MoonKick"],"picked":"theSenshi:MoonEternalMakeUp","floor":13},{"not_picked":["theSenshi:ChibiMoonsLove","theSenshi:LunaSensingAllies","theSenshi:SailorStarHealerAssists"],"picked":"theSenshi:FatedKiss","floor":16},{"not_picked":["theSenshi:MoonTiaraMagic","theSenshi:MoonSpiralHeartAttack","theSenshi:Sidestep+1"],"picked":"theSenshi:InTheNameOfTheMoon","floor":18},{"not_picked":["theSenshi:MoonKick+1","theSenshi:Overload","theSenshi:UranusStrength+1"],"picked":"theSenshi:SailorV+1","floor":22},{"not_picked":["theSenshi:MoonCrystalPowerMakeUp+1","theSenshi:SailorChibiMoonAssists","theSenshi:SupersonicWaves"],"picked":"theSenshi:TallSilhouette","floor":25},{"not_picked":["theSenshi:SailorMarsAssists","theSenshi:CrisisMakeUp","theSenshi:LateForSchool"],"picked":"theSenshi:TuxedoSmokingBomber","floor":28},{"not_picked":["theSenshi:NeptunesGrace","theSenshi:SailorUranusAssists","theSenshi:MercurysCunning"],"picked":"theSenshi:SteeledNerves","floor":30}],"player_experience":487780,"relics_obtained":[{"floor":7,"key":"Shuriken"},{"floor":9,"key":"Bottled Flame"},{"floor":12,"key":"Question Card"},{"floor":14,"key":"ReplayTheSpireMod:Ring of Collecting"},{"floor":14,"key":"ReplayTheSpireMod:Ring of Exchange"},{"floor":17,"key":"Grinning Jar"},{"floor":17,"key":"StrikeDummy"},{"floor":17,"key":"Shovel"},{"floor":24,"key":"hubris:MysteriousPyramids"},{"floor":24,"key":"Ring of Fury"},{"floor":26,"key":"infinitespire:Lychee Nut"},{"floor":26,"key":"ReplayTheSpireMod:Ring of Addiction"},{"floor":26,"key":"Toy Ornithopter"},{"floor":26,"key":"SacredBark"}],"event_choices":[{"damage_healed":0,"gold_gain":0,"player_choice":"Bought 2 Potions","damage_taken":0,"max_hp_gain":0,"max_hp_loss":0,"event_name":"The Woman in Blue","floor":2,"gold_loss":0},{"damage_healed":0,"gold_gain":0,"player_choice":"Traded Relic","damage_taken":0,"relics_obtained":["Nloth\u0027s Gift"],"max_hp_gain":0,"max_hp_loss":0,"event_name":"N\u0027loth","floor":21,"relics_lost":["ReplayTheSpireMod:Ring of Exchange"],"gold_loss":0}],"is_beta":false,"boss_relics":[{"not_picked":["Replay:Drink Me","Coffee Dripper"],"picked":"Calling Bell"}],"items_purged_floors":[],"is_endless":false,"potions_floor_spawned":[1,7,12,18,25],"killed_by":"Centurion and Healer","ascension_level":0}}