{"host":"vddkjx04kiwje1tk","time":1611821816,"event":{"mods":["AchievementEnabler","BaseMod","Colored Map","Minty Spire (QoL Compilation)","Quick Restart","SuperFastMode"],"gold_per_floor":[117,133,51,78,78,78,91,117,117,117,128,141,106,106,106,106,106],"floor_reached":16,"language":"KOR","playtime":191,"items_purged":[],"score":125,"play_id":"3dee2f0a-c7c4-483f-b254-fa6149dff135","local_time":"20210128171656","is_ascension_mode":true,"campfire_choices":[{"data":"Capacitor","floor":6,"key":"SMITH"},{"data":"Double Energy","floor":10,"key":"SMITH"},{"data":"Defragment","floor":15,"key":"SMITH"}],"circlet_count":0,"master_deck":["Strike_B","Strike_B","Strike_B","Defend_B","Defend_B","Defend_B","Defend_B","Zap","Dualcast","Cold Snap","Capacitor+1","FTL","Defragment+1","Double Energy+1"],"relics":["Cracked Core","NeowsBlessing","Centennial Puzzle","Bottled Tornado","Blue Candle","Ornamental Fan"],"acts_visited":["Exordium"],"potions_floor_usage":[16],"damage_taken":[{"damage":0,"enemies":"Cultist","floor":1,"turns":1},{"damage":0,"enemies":"Jaw Worm","floor":2,"turns":1},{"damage":0,"enemies":"Small Slimes","floor":7,"turns":1},{"damage":32,"enemies":"Gremlin Nob","floor":8,"turns":4},{"damage":13,"enemies":"Blue Slaver","floor":11,"turns":3},{"damage":17,"enemies":"3 Louse","floor":12,"turns":3},{"damage":35,"enemies":"The Guardian","floor":16,"turns":6}],"seed_played":"-6367454867394318496","potions_obtained":[{"floor":2,"key":"SpeedPotion"}],"is_trial":false,"path_per_floor":["M","M","$","T","?","R","M","E","T","R","M","M","?","T","R","B"],"character_chosen":"DEFECT","items_purchased":["Capacitor"],"campfire_rested":0,"item_purchase_floors":[3],"current_hp_per_floor":[75,75,75,75,75,75,75,43,43,43,30,13,31,31,31,0,0],"gold":106,"neow_bonus":"THREE_ENEMY_KILL","is_daily":false,"chose_seed":false,"campfire_upgraded":3,"win_rate":0.0,"timestamp":1611821816,"path_taken":["M","?","$","?","?","R","?","E","T","R","M","M","?","?","R","BOSS"],"items_purchased_type":["Card"],"build_version":"2020-12-22","purchased_purges":0,"victory":false,"max_hp_per_floor":[75,75,75,75,75,75,75,75,75,75,75,75,75,75,75,75,75],"card_choices":[{"not_picked":["Go for the Eyes","Streamline","Conserve Battery"],"picked":"SKIP","floor":1},{"not_picked":["Streamline","Redo"],"picked":"Cold Snap","floor":2},{"not_picked":["Hologram","Steam"],"picked":"Defragment","floor":7},{"not_picked":["Meteor Strike","BootSequence"],"picked":"Double Energy","floor":8},{"not_picked":["Darkness","Leap","Reprogram"],"picked":"SKIP","floor":11},{"not_picked":["Lockon","Conserve Battery","Barrage"],"picked":"SKIP","floor":12}],"player_experience":220418,"relics_obtained":[{"floor":4,"key":"Centennial Puzzle"},{"floor":8,"key":"Bottled Tornado"},{"floor":9,"key":"Blue Candle"},{"floor":14,"key":"Ornamental Fan"}],"event_choices":[{"damage_healed":0,"gold_gain":0,"cards_transformed":["Strike_B"],"player_choice":"Transformed","damage_taken":0,"max_hp_gain":0,"max_hp_loss":0,"event_name":"Transmorgrifier","floor":5,"gold_loss":0,"cards_obtained":["FTL"]},{"damage_healed":18,"gold_gain":0,"player_choice":"Healed","damage_taken":0,"max_hp_gain":0,"max_hp_loss":0,"event_name":"The Cleric","floor":13,"gold_loss":35}],"is_beta":false,"boss_relics":[],"items_purged_floors":[],"is_endless":false,"potions_floor_spawned":[2],"killed_by":"The Guardian","ascension_level":5}}