{"host":"sh8ot41fo7a0kahq","time":1611835389,"event":{"mods":["ATMod(°¢èªMod)","BaseMod","Better Third Choice","Colored Powertips","Displayed Cursed Tome","Minty Spire (QoL Compilation)","Quick Restart","Spicy Shops","StSLib","UnlockEverythingMod","¡¾ÒÅÎï¿¨ÅÆ¡¿REMEMod"],"gold_per_floor":[116,116,44,63,80,80,92,17,17,34,34,46,74,92,92,92,92],"floor_reached":16,"language":"ZHS","playtime":504,"items_purged":["Pain"],"score":135,"play_id":"cfffe99c-1969-4e57-a7d0-4d8df8c03949","local_time":"20210128200309","is_ascension_mode":true,"campfire_choices":[{"data":"AT_FamilyPortrait","floor":6.0,"key":"SMITH"},{"data":"Acrobatics","floor":15,"key":"SMITH"}],"circlet_count":0,"master_deck":["Strike_G","Strike_G","Strike_G","Strike_G","Strike_G","Defend_G","Defend_G","Defend_G","Defend_G","Defend_G","Survivor","Neutralize","Die Die Die","AT_FamilyPortrait+1","Tactician","Backflip","REME_GreenPollution","Acrobatics+1"],"relics":["Ring of the Snake","AT_ATBox","REME_ComplimentaryCards","NeowsBlessing","WarpedTongs","Medical Kit","Letter Opener","The Courier"],"acts_visited":["Exordium"],"potions_floor_usage":[],"damage_taken":[{"damage":0.0,"enemies":"2 Louse","floor":1.0,"turns":1.0},{"damage":0.0,"enemies":"Cultist","floor":4.0,"turns":1.0},{"damage":0.0,"enemies":"Jaw Worm","floor":5.0,"turns":1.0},{"damage":10.0,"enemies":"Large Slime","floor":7.0,"turns":8.0},{"damage":13.0,"enemies":"Blue Slaver","floor":10.0,"turns":6.0},{"damage":0.0,"enemies":"Looter","floor":12.0,"turns":4.0},{"damage":25.0,"enemies":"Lagavulin","floor":13.0,"turns":7.0},{"damage":7.0,"enemies":"Large Slime","floor":14.0,"turns":6.0},{"damage":17,"enemies":"Hexaghost","floor":16,"turns":10}],"seed_played":"-955775300656434471","potions_obtained":[{"floor":5.0,"key":"SmokeBomb"},{"floor":7.0,"key":"Fire Potion"},{"floor":12.0,"key":"BlessingOfTheForge"}],"is_trial":false,"path_per_floor":["M","?","$","M","M","R","M","$","T","M","?","M","E","M","R","B"],"character_chosen":"THE_SILENT","items_purchased":["Medical Kit"],"campfire_rested":0,"item_purchase_floors":[3],"current_hp_per_floor":[63,63,63,63,63,63,53,53,53,40,40,40,15,17,17,0,0],"gold":92,"neow_bonus":"THREE_ENEMY_KILL","is_daily":false,"chose_seed":false,"campfire_upgraded":2,"win_rate":0.0,"timestamp":1611835389,"path_taken":["M","?","$","M","?","R","M","$","T","M","?","M","E","M","R","BOSS"],"items_purchased_type":["Relic"],"build_version":"2020-12-22","purchased_purges":1,"victory":false,"max_hp_per_floor":[70,70,70,70,70,70,70,70,70,70,70,70,70,70,70,70,70],"card_choices":[{"not_picked":["Slice","Cloak And Dagger"],"picked":"Tactician","floor":1.0},{"not_picked":["Cloak And Dagger","AT_WindRun"],"picked":"Backflip","floor":4.0},{"not_picked":["Sucker Punch","Bouncing Flask","Dodge and Roll"],"picked":"SKIP","floor":5.0},{"not_picked":["Poisoned Stab","Deadly Poison","Dodge and Roll"],"picked":"SKIP","floor":7.0},{"not_picked":["Distraction","Quick Slash","Escape Plan"],"picked":"SKIP","floor":10.0},{"not_picked":["Unload","Underhanded Strike"],"picked":"REME_GreenPollution","floor":12.0},{"not_picked":["Skewer","Dodge and Roll","Backflip"],"picked":"SKIP","floor":13.0},{"not_picked":["Prepared","Underhanded Strike"],"picked":"Acrobatics","floor":14}],"player_experience":333770,"relics_obtained":[{"floor":9.0,"key":"Letter Opener"},{"floor":13.0,"key":"The Courier"}],"event_choices":[{"damage_healed":0.0,"max_hp_gain":0.0,"max_hp_loss":0.0,"gold_gain":0.0,"event_name":"Accursed Blacksmith","player_choice":"Rummage","floor":2.0,"gold_loss":0.0,"damage_taken":0.0,"relics_obtained":["WarpedTongs"],"cards_obtained":["Pain"]},{"damage_healed":0.0,"max_hp_gain":0.0,"max_hp_loss":0.0,"gold_gain":0.0,"event_name":"betterThird:BetterSerpent","player_choice":"Ignored","floor":11.0,"gold_loss":0.0,"damage_taken":34.0}],"is_beta":false,"boss_relics":[],"items_purged_floors":[8],"is_endless":false,"potions_floor_spawned":[5,7,12],"killed_by":"Hexaghost","ascension_level":6}}