{"host":"xkyjkr020mio9edy","time":1611814767,"event":{"mods":["AchievementEnabler","BaseMod","Clockwork Mod","Colored Map","Colored Powertips","Downfall","Glutton Mod","Gold Saver","Hubris","Minty Spire (QoL Compilation)","Quick Restart","Rare Cards Sparkle","Replay The Spire","StSLib","The Jungle","The Necromancer","TheHeartMod","Wandering Minibosses"],"gold_per_floor":[52585,52585,51486,51486,51486,51486,51501,51501,51501,51534,51534,51552,51572,51588,51622,51641,51641,51736,51736,51746,51340,51340,50778,50794,50820,50820,50820,50845,50845,50874,50888,50906,50923,50923,51027,51027,51043,51043,50301,50315,50332,50364,50381,50381,50407,50418,50480,50480,50495,49797,49797,49797,49797,49797,49797,49797,49318,49352,49352],"floor_reached":60,"language":"ENG","playtime":3874,"items_purged":["Languid","Sickly","Slimebound:SplitMire","Blood_for_Blood","Defend_W"],"score":1474,"play_id":"1b40262c-9694-4276-88ca-116f313e516f","local_time":"20210128011927","is_ascension_mode":false,"campfire_choices":[{"floor":6,"key":"RECALL"},{"floor":17,"key":"DIG"},{"floor":29,"key":"REST"},{"data":"Summon_Death_Knight","floor":34,"key":"SMITH"},{"data":"Skeleton_Dragon","floor":44,"key":"SMITH"},{"data":"Slay_Living","floor":44,"key":"SMITH"},{"data":"Bones_to_Steel","floor":48,"key":"SMITH"},{"data":"Bone_Armory","floor":48,"key":"SMITH"},{"floor":53,"key":"REST"},{"data":"Slimebound:SplitBruiser","floor":56,"key":"SMITH"},{"data":"Scare","floor":56,"key":"SMITH"}],"circlet_count":0,"master_deck":["Strike_W","Strike_W","Strike_W+1","Strike_W","Defend_W","Defend_W","Defend_W","Negative_Energy_Arrows","Bone_Wall","Summon_Undead_Army+1","Cloudkill","Blood_Curse","Scare+1","Uncharnel","Cloudkill","Vampiric_Strike","Bone_Shift","Negative_Energy_Javelin","Bone_Armory+1","theJungle:PetSnecko","Summon_Lich","Summon_Lich","Toxic_Smoke_Screen","Slimebound:SplitBruiser+1","Summon_Death_Knight+1","Negative_Energy_Shield","Grasp_Heart","Slay_Living+1","Requiem","Consume_Illness+1","Summon_Undead_Army","Slay_Living+1","Corrupt","Slimebound:LivingWall","Skeleton_Dragon+1","Bones_to_Steel+1","Slimebound:Prepare","Summon_Undead_Army+1","Bandage Up","Summon_Lich","Enlightenment","Bone_Armor"],"relics":["Vampire_Amulet","NeowsBlessing","hubris:DisguiseKit","Gambling Chip","InkBottle","hubris:EmptyBottle","Ring of Misfortune","hubris:SphereOfDissonance","Singing Bowl","hubris:ScarierMask","Bronze Scales","Centennial Puzzle","Mercury Hourglass","ClockworkSouvenir","Matryoshka","Replay:Ringing Soul","Orichalcum","Lantern","hexamod:BolsterEngine","Slimebound:PreparedRelic","wanderingMiniBosses:OtherGremlinHorn","ChewingGum","bronze:BronzeIdol","Replay:Arrowhead","Blue Candle","Ancient Tea Set","TungstenRod","Strange Spoon","Slimebound:StickyStick","BargainBundle","Whetstone","hubris:AstralHammer"],"acts_visited":["Exordium","Exordium","TheBeyond","TheEnding"],"potions_floor_usage":[18,18,18,18,18,25,25,31,31,31,31,42,42,43,43,54,54,54,54,59,59],"damage_taken":[{"damage":0,"enemies":"Small Slimes","floor":1,"turns":1},{"damage":0,"enemies":"2 Louse","floor":7,"turns":1},{"damage":0,"enemies":"3 Sentries","floor":10,"turns":2},{"damage":4,"enemies":"Jaw Worm","floor":12,"turns":4},{"damage":12,"enemies":"2 Fungi Beasts","floor":13,"turns":2},{"damage":15,"enemies":"Lots of Slimes","floor":14,"turns":2},{"damage":15,"enemies":"Gremlin Nob","floor":15,"turns":3},{"damage":4,"enemies":"3 Louse","floor":16,"turns":3},{"damage":0,"enemies":"Fading Forest","floor":18,"turns":11},{"damage":14,"enemies":"theJungle:Flameango_and_Byrd","floor":20,"turns":3},{"damage":0,"enemies":"theJungle:MUSHROOMGANG","floor":24,"turns":3},{"damage":17,"enemies":"theJungle:Cassacara","floor":25,"turns":5},{"damage":0,"enemies":"theJungle:2_Phrogs","floor":30,"turns":4},{"damage":5,"enemies":"theJungle:JungleHuntersEncounter","floor":31,"turns":6},{"damage":7,"enemies":"theJungle:2_Snecko_Cultists","floor":32,"turns":3},{"damage":5,"enemies":"theJungle:Snecko_Cultist_And_Trap","floor":33,"turns":7},{"damage":0,"enemies":"theJungle:FunGuy","floor":35,"turns":6},{"damage":0,"enemies":"3 Shapes","floor":37,"turns":2},{"damage":0,"enemies":"3 Darklings","floor":40,"turns":3},{"damage":0,"enemies":"Sphere and 2 Shapes","floor":41,"turns":2},{"damage":14,"enemies":"Nemesis","floor":42,"turns":7},{"damage":0,"enemies":"Transient","floor":43,"turns":5},{"damage":0,"enemies":"Spire Growth","floor":46,"turns":4},{"damage":0,"enemies":"Sphere and 2 Shapes","floor":49,"turns":2},{"damage":50,"enemies":"Donu and Deca","floor":54,"turns":8},{"damage":18,"enemies":"Shield and Spear","floor":58,"turns":3},{"damage":50,"enemies":"The Heart","floor":59,"turns":8}],"seed_played":"-229493618321380321","potions_obtained":[{"floor":13,"key":"SkillPotion"},{"floor":15,"key":"Energy Potion"},{"floor":16,"key":"BlessingOfTheForge"},{"floor":18,"key":"BlessingOfTheForge"},{"floor":24,"key":"Adrenaline Potion"},{"floor":30,"key":"Fire Potion"},{"floor":31,"key":"AttackPotion"},{"floor":32,"key":"LifebloodPotion"},{"floor":43,"key":"Cursed Concoction"},{"floor":47,"key":"Ancient Potion"},{"floor":49,"key":"Strength Potion"}],"is_trial":false,"path_per_floor":["M","?","$","?","?","R","M","PTL","PTL","E","T","M","M","M","E","M","R_BF","B",null,"M","$","?","$","M","E","?","T","T","R","E","M","M","M","R","B",null,"M","?","$","M","M","E","M","R","T","M","?","R","M","$","PTL","R_BF","R","B",null,"R","$","E","B",null],"character_chosen":"NECROMANCER","items_purchased":["Gambling Chip","InkBottle","hubris:EmptyBottle","Blood_for_Blood","Cloudkill","Blood_Curse","Scare","Bronze Scales","Centennial Puzzle","Mercury Hourglass","ClockworkSouvenir","Summon_Lich","Toxic_Smoke_Screen","hexamod:SoulburnPotion","bronze:BronzeIdol","Replay:Arrowhead","Summon_Undead_Army","Slay_Living","TungstenRod","Strange Spoon","Bandage Up","Slimebound:StickyStick","BargainBundle","Whetstone","Summon_Lich","Enlightenment"],"campfire_rested":2,"item_purchase_floors":[3,3,3,3,3,3,3,21,21,23,23,23,23,23,39,39,39,39,50,50,50,57,57,57,57,57],"current_hp_per_floor":[75,75,75,75,75,75,75,75,75,75,75,73,65,60,49,53,53,78,79,67,67,67,67,73,66,66,66,66,81,84,82,83,87,87,92,96,99,99,102,104,107,98,106,106,106,111,85,85,92,95,95,95,125,83,125,125,128,115,74],"gold":49352,"neow_bonus":"THREE_ENEMY_KILL","is_daily":false,"chose_seed":false,"campfire_upgraded":7,"win_rate":0.0,"timestamp":1611814767,"path_taken":["M","?","$","?","?","R","M","PTL","PTL","E","T","M","M","M","E","M","R_BF","BOSS","M","$","?","$","M","E","?","?","T","R","E","M","M","M","R","BOSS","M","?","$","M","M","E","M","R","T","?","?","R","?","$","PTL","R_BF","R","BOSS","R","$","E","BOSS"],"items_purchased_type":["Relic","Relic","Relic","Card","Card","Card","Card","Relic","Relic","Relic","Relic","Card","Card","Potion","Relic","Relic","Card","Card","Relic","Relic","Card","Relic","Relic","Relic","Card","Card"],"build_version":"2020-12-22","purchased_purges":5,"victory":true,"max_hp_per_floor":[75,75,75,75,75,75,75,75,75,75,75,75,75,75,77,77,77,79,79,79,79,79,79,81,81,81,81,81,81,84,87,90,93,93,96,96,99,99,102,104,107,110,113,113,113,116,119,119,122,125,125,125,125,125,125,125,128,131,131],"card_choices":[{"not_picked":["Consume_Illness","Finger_Of_Death"],"picked":"Summon_Undead_Army","floor":1},{"not_picked":["Negative_Energy_Sphere","Bone_Prison","Slimebound:LeechingTouch"],"picked":"Uncharnel","floor":7},{"not_picked":["Negative_Energy_Sphere","Negative_Energy_Shield","Slimebound:Equalize"],"picked":"Cloudkill","floor":10},{"not_picked":["Blood_Whip","Consume_Illness","Summon_Lich"],"picked":"Slimebound:SplitMire","floor":12},{"not_picked":["Exploit","Epidemic","Slimebound:Dissolve"],"picked":"Vampiric_Strike","floor":13},{"not_picked":["Negative_Energy_Shield","Bone_Prison","Slimebound:FlameTackle"],"picked":"Bone_Shift","floor":14},{"not_picked":["Violent_Necrosis","Strike_from_Beyond","Bone_Prison","Slimebound:BestDefense"],"picked":"Singing Bowl","floor":15},{"not_picked":["Life_Drain","Chill_Blood","Slimebound:TongueLash"],"picked":"Negative_Energy_Javelin","floor":16},{"not_picked":["Negative_Energy_Bomb","Blood_Magic","Cloudkill","Slimebound:Overexert"],"picked":"Singing Bowl","floor":18},{"not_picked":["Blood_Whip","Consume_Illness+1","Slimebound:LivingWall"],"picked":"Bone_Armory","floor":20},{"not_picked":["Consume_Illness+1","Blood_Curse+1","Death_Coil+1","Slimebound:HungryTackle"],"picked":"Singing Bowl","floor":24},{"not_picked":["Bone_Bullets","Bone_Shift","Shackles_Of_Pain"],"picked":"Slimebound:SplitBruiser","floor":25},{"not_picked":["Blood_Whip","Chill_Blood+1","Slimebound:FlameTackle"],"picked":"Summon_Death_Knight","floor":30},{"not_picked":["Whirlwind_of_Bones","Toxic_Smoke_Screen","Slimebound:PressTheAttack"],"picked":"Negative_Energy_Shield","floor":31},{"not_picked":["Life_Tap","Epidemic","Slimebound:SlimeBarrage"],"picked":"Grasp_Heart","floor":32},{"not_picked":["Bone_Armory+1","Bone_Shift","Slimebound:SplitLeeching"],"picked":"Slay_Living","floor":33},{"not_picked":["Blood_Wake","Summon_Death_Knight","Slimebound:OneTwoCombo"],"picked":"Requiem","floor":35},{"not_picked":["Blood_Whip","Blood_Shield","Slimebound:ProtectTheBoss"],"picked":"Consume_Illness+1","floor":37},{"not_picked":["Whirlwind_of_Bones+1","Bone_Bullets","Chill_Blood+1","Slimebound:ProtectTheBoss"],"picked":"Singing Bowl","floor":40},{"not_picked":["Shackles_Of_Pain","Bone_Bullets+1","Slimebound:FinishingTackle"],"picked":"Corrupt","floor":41},{"not_picked":["Bone_Bullets","Death_March_Dance+1","Negative_Energy_Shield"],"picked":"Slimebound:LivingWall","floor":42},{"not_picked":["Bones_to_Steel+1","Negative_Energy_Sphere+1","Slimebound:SplitBruiser"],"picked":"Skeleton_Dragon","floor":43},{"not_picked":["Bone_Shift+1","Vampiric_Strike","Slimebound:ItLooksTasty"],"picked":"Bones_to_Steel","floor":46},{"not_picked":["Bone_Bullets+1","Necromantic_Selection+1","Slay_Living"],"picked":"Slimebound:Prepare","floor":47},{"not_picked":["Toxic_Smoke_Screen","Death_Knell+1","Slimebound:GoopTackle"],"picked":"Summon_Undead_Army+1","floor":49},{"not_picked":["Bone_Bullets","Uncharnel","Slimebound:SplitBruiser"],"picked":"Bone_Armor","floor":58}],"player_experience":133961,"relics_obtained":[{"floor":5,"key":"Ring of Misfortune"},{"floor":10,"key":"hubris:SphereOfDissonance"},{"floor":15,"key":"Singing Bowl"},{"floor":25,"key":"Matryoshka"},{"floor":27,"key":"Replay:Ringing Soul"},{"floor":27,"key":"Orichalcum"},{"floor":28,"key":"Lantern"},{"floor":28,"key":"hexamod:BolsterEngine"},{"floor":30,"key":"Slimebound:PreparedRelic"},{"floor":33,"key":"wanderingMiniBosses:OtherGremlinHorn"},{"floor":42,"key":"Blue Candle"},{"floor":45,"key":"Ancient Tea Set"},{"floor":58,"key":"hubris:AstralHammer"}],"event_choices":[{"damage_healed":0,"gold_gain":0,"player_choice":"Grow","damage_taken":0,"max_hp_gain":0,"max_hp_loss":0,"event_name":"Living Wall","floor":4,"gold_loss":0,"cards_upgraded":["Summon_Undead_Army"]},{"damage_healed":0,"gold_gain":0,"player_choice":"Bought 0 Potions","damage_taken":0,"max_hp_gain":0,"max_hp_loss":0,"event_name":"The Woman in Blue","floor":38,"gold_loss":0}],"is_beta":false,"boss_relics":[{"not_picked":["Replay:Wanted Poster","Honey Jar"],"picked":"hubris:ScarierMask"},{"not_picked":["hubris:TerracottaHorce","Pandora\u0027s Box"],"picked":"ChewingGum"}],"items_purged_floors":[3,21,39,50,57],"is_endless":false,"potions_floor_spawned":[13,15,16,18,24,30,31,32,40,43,49],"ascension_level":0}}