{"host":"pe7ycb8t2t906so2","time":1611792133,"event":{"mods":["BaseMod","Colored Map","Highlight Path","Minty Spire (QoL Compilation)"],"gold_per_floor":[113,125,50,200,36,36,69,81,81,81,81,81],"floor_reached":11,"language":"FRA","playtime":413,"items_purged":["Strike_P"],"score":178,"play_id":"309c5533-2fe0-4b3f-9bd7-65a6680c2c53","local_time":"20210127190213","is_ascension_mode":true,"campfire_choices":[{"data":"Eruption","floor":6,"key":"SMITH"},{"data":"Evaluate","floor":10,"key":"SMITH"}],"circlet_count":0,"master_deck":["AscendersBane","Strike_P","Strike_P","Strike_P","Defend_P","Defend_P","Defend_P","Defend_P","Eruption+1","Vigilance","Prostrate","CutThroughFate","Doubt","Evaluate+1"],"relics":["PureWater","NeowsBlessing","Medical Kit","Calipers","Bottled Lightning"],"acts_visited":["Exordium"],"potions_floor_usage":[11],"damage_taken":[{"damage":0,"enemies":"2 Louse","floor":1,"turns":1},{"damage":0,"enemies":"Jaw Worm","floor":2,"turns":1},{"damage":0,"enemies":"3 Sentries","floor":7,"turns":2},{"damage":11,"enemies":"Small Slimes","floor":8,"turns":6},{"damage":47,"enemies":"Lagavulin","floor":11,"turns":8}],"seed_played":"-5110898798644008255","potions_obtained":[{"floor":2,"key":"SkillPotion"}],"is_trial":false,"path_per_floor":["M","M","$","?","$","R","E","M","T","R","E"],"character_chosen":"WATCHER","items_purchased":["Medical Kit"],"campfire_rested":0,"item_purchase_floors":[5],"current_hp_per_floor":[61,61,61,61,61,61,61,50,50,50,3,3],"gold":81,"neow_bonus":"THREE_ENEMY_KILL","is_daily":false,"chose_seed":false,"campfire_upgraded":2,"win_rate":0.0,"timestamp":1611792133,"path_taken":["M","M","$","?","$","R","E","M","T","R","E"],"items_purchased_type":["Relic"],"build_version":"2020-12-22","purchased_purges":1,"victory":false,"max_hp_per_floor":[68,68,68,68,68,68,68,68,68,68,68,68],"card_choices":[{"not_picked":["Meditate","WreathOfFlame"],"picked":"Prostrate","floor":1},{"not_picked":["Prostrate","FlyingSleeves"],"picked":"CutThroughFate","floor":2},{"not_picked":["Wireheading","WreathOfFlame","Crescendo"],"picked":"SKIP","floor":7},{"not_picked":["SashWhip","Tantrum"],"picked":"Evaluate","floor":8}],"player_experience":960906,"relics_obtained":[{"floor":7,"key":"Calipers"},{"floor":9,"key":"Bottled Lightning"}],"event_choices":[{"damage_healed":0,"gold_gain":150,"player_choice":"AGREE","damage_taken":0,"max_hp_gain":0,"max_hp_loss":0,"event_name":"Liars Game","floor":4,"gold_loss":0,"cards_obtained":["Doubt"]}],"is_beta":false,"boss_relics":[],"items_purged_floors":[3],"is_endless":false,"potions_floor_spawned":[2],"killed_by":"Lagavulin","ascension_level":17}}