{"host":"313mh4uoe5sucao3","time":1611845090,"event":{"mods":["Arknights The Spire","BaseMod","Dota2Spire","Downfall","Good Game Mod","Hero for Fun","Minty Spire (QoL Compilation)","Quick Restart","Ryuuou¡˙Õı","Shop Mod","StSLib","Td1madao Mod","The Bladedancer","UnlockEverythingMod","[GremlinLeader]The Maniac","[IsaacMod]“‘»ˆº‚À˛"],"gold_per_floor":[123,205,242,249,278,278,327,327,395,395,413,413,413],"floor_reached":12,"language":"ZHS","playtime":871,"items_purged":[],"score":78,"play_id":"1f6c5e09-9530-4a32-a8f3-19d6e60bc306","local_time":"20210128224450","is_ascension_mode":false,"campfire_choices":[{"floor":6,"key":"REST"},{"floor":8,"key":"REST"},{"floor":10,"key":"RECALL"}],"circlet_count":0,"master_deck":["maniac:Strike","maniac:Strike","maniac:Strike","maniac:Strike","maniac:Strike","maniac:Defend","maniac:Defend","maniac:Defend","maniac:Defend","maniac:BurnBlood","maniac:AbyssShackle","blademaster:Empower","maniac:UntravelledPath","maniac:Feint","maniac:BladeShoot"],"relics":["maniac:DamagedAnvil","maniac:BrokenHorn","REME:ComplimentaryCards","HushsDoor","SalivaCoin","Dota2Spire:MaskOfMadness","Dota2Spire:ShivaGuard"],"acts_visited":["Exordium"],"potions_floor_usage":[],"damage_taken":[{"damage":8.0,"enemies":"2 Louse","floor":1.0,"turns":2.0},{"damage":5.0,"enemies":"Jaw Worm","floor":3.0,"turns":4.0},{"damage":11,"enemies":"Small Slimes","floor":5,"turns":3},{"damage":31,"enemies":"Gremlin Nob","floor":7,"turns":5},{"damage":4,"enemies":"2 Fungi Beasts","floor":11,"turns":3},{"damage":0,"enemies":"Lagavulin","floor":12,"turns":1}],"seed_played":"4715693170466305273","potions_obtained":[{"floor":3.0,"key":"Energy Potion"},{"floor":5,"key":"FairyPotion"}],"is_trial":false,"path_per_floor":["M","?","M","?","M","R","E","R","T","R","M","E"],"character_chosen":"THE_MANIAC","items_purchased":[],"campfire_rested":2,"item_purchase_floors":[],"current_hp_per_floor":[80,69,64,61,50,76,45,71,71,71,67,67,67],"gold":413,"neow_bonus":"TEN_PERCENT_HP_BONUS","is_daily":false,"chose_seed":false,"campfire_upgraded":0,"win_rate":0.0,"timestamp":1611845090,"path_taken":["M","?","M","?","M","R","E","R","T","R","M","E"],"items_purchased_type":[],"build_version":"2020-12-22","purchased_purges":0,"victory":false,"max_hp_per_floor":[88,88,88,88,88,88,88,88,88,88,88,88,88],"card_choices":[{"not_picked":["maniac:ExpectedMoves","maniac:BladesInCloak","maniac:UndyingDesire"],"picked":"SKIP","floor":1.0},{"not_picked":["maniac:MeleeStrike","maniac:DashForward"],"picked":"maniac:UntravelledPath","floor":3.0},{"not_picked":["maniac:ObscuredAttack","maniac:SecretBackups"],"picked":"maniac:Feint","floor":5},{"not_picked":["maniac:Exterminator","maniac:ShelteringEdge"],"picked":"maniac:BladeShoot","floor":7},{"not_picked":["maniac:ShelteringEdge","maniac:ColdHeart","maniac:Lacerate"],"picked":"SKIP","floor":11}],"player_experience":54831,"relics_obtained":[{"floor":7,"key":"Dota2Spire:ShivaGuard"}],"event_choices":[{"damage_healed":0.0,"max_hp_gain":0.0,"max_hp_loss":0.0,"gold_gain":75.0,"event_name":"World of Goop","player_choice":"Gather Gold","floor":2.0,"gold_loss":0.0,"damage_taken":11.0},{"damage_healed":0.0,"max_hp_gain":0.0,"max_hp_loss":0.0,"gold_gain":0.0,"event_name":"Scrap Ooze","player_choice":"Success","floor":4.0,"gold_loss":0.0,"damage_taken":3.0,"relics_obtained":["Dota2Spire:MaskOfMadness"]}],"is_beta":false,"boss_relics":[],"items_purged_floors":[],"is_endless":false,"potions_floor_spawned":[3,5],"killed_by":"Lagavulin","ascension_level":0}}