{"host":"j49z5jz0n7e8vjox","time":1611851867,"event":{"mods":["AchievementEnabler","BaseMod","Bestiary","Colored Map","Colored Powertips","DeckTracker","Minty Spire (QoL Compilation)","Permanent Neow","UnlockEverythingMod"],"gold_per_floor":[119,135,60,60,76,76,88,88,88,163,190,465,478,508,508,508,508],"floor_reached":16,"language":"ENG","playtime":3108,"items_purged":["Strike_R"],"score":270,"play_id":"04e3c856-b6af-44df-8a60-c7b784b84379","local_time":"20210128103747","is_ascension_mode":true,"campfire_choices":[{"data":"Cleave","floor":6,"key":"SMITH"},{"data":"Bash","floor":8,"key":"SMITH"},{"data":"Flex","floor":15,"key":"SMITH"}],"circlet_count":0,"master_deck":["AscendersBane","Strike_R","Strike_R","Strike_R","Strike_R","Defend_R","Defend_R","Defend_R","Defend_R","Bash+1","Clothesline","Thunderclap+1","Cleave+1","Dropkick","Regret","Battle Trance","Flex+1"],"relics":["Burning Blood","Ancient Tea Set","Du-Vu Doll","Champion Belt","Singing Bowl"],"acts_visited":["Exordium"],"potions_floor_usage":[14,14],"damage_taken":[{"damage":10,"enemies":"Small Slimes","floor":1,"turns":4},{"damage":11,"enemies":"2 Louse","floor":2,"turns":3},{"damage":0,"enemies":"Cultist","floor":5,"turns":3},{"damage":2,"enemies":"Exordium Wildlife","floor":7,"turns":3},{"damage":20,"enemies":"3 Sentries","floor":11,"turns":6},{"damage":8,"enemies":"Blue Slaver","floor":13,"turns":3},{"damage":4,"enemies":"Gremlin Nob","floor":14,"turns":2},{"damage":45,"enemies":"Hexaghost","floor":16,"turns":9}],"seed_played":"4305129299872818017","potions_obtained":[{"floor":2,"key":"Swift Potion"},{"floor":7,"key":"Strength Potion"},{"floor":13,"key":"LiquidMemories"},{"floor":14,"key":"FearPotion"}],"is_trial":false,"path_per_floor":["M","M","$","?","M","R","M","R","T","?","E","?","M","E","R","B"],"character_chosen":"IRONCLAD","items_purchased":[],"campfire_rested":0,"item_purchase_floors":[],"current_hp_per_floor":[64,59,59,59,65,65,69,69,69,58,44,44,42,44,44,0,0],"gold":508,"neow_bonus":"RANDOM_COMMON_RELIC","is_daily":false,"chose_seed":false,"campfire_upgraded":3,"win_rate":0.0,"timestamp":1611851867,"path_taken":["M","M","$","?","M","R","M","R","T","?","E","?","?","E","R","BOSS"],"items_purchased_type":[],"build_version":"2020-12-22","purchased_purges":1,"victory":false,"max_hp_per_floor":[75,75,75,75,75,75,75,75,75,75,75,75,75,75,75,75,75],"card_choices":[{"not_picked":["Wild Strike","Reckless Charge"],"picked":"Clothesline","floor":1},{"not_picked":["Shrug It Off","Warcry"],"picked":"Thunderclap","floor":2},{"not_picked":["Twin Strike","Burning Pact"],"picked":"Cleave","floor":5},{"not_picked":["Blood for Blood","Heavy Blade","Rampage"],"picked":"SKIP","floor":7},{"not_picked":["Heavy Blade","Sword Boomerang"],"picked":"Dropkick","floor":11},{"not_picked":["Pummel","Clothesline"],"picked":"Battle Trance","floor":13},{"not_picked":["Corruption","Wild Strike"],"picked":"Flex","floor":14}],"player_experience":778112,"relics_obtained":[{"floor":9,"key":"Du-Vu Doll"},{"floor":11,"key":"Champion Belt"},{"floor":14,"key":"Singing Bowl"}],"event_choices":[{"damage_healed":0,"gold_gain":0,"player_choice":"Grow","damage_taken":0,"max_hp_gain":0,"max_hp_loss":0,"event_name":"Living Wall","floor":4,"gold_loss":0,"cards_upgraded":["Thunderclap"]},{"damage_healed":0,"gold_gain":75,"player_choice":"Gather Gold","damage_taken":11,"max_hp_gain":0,"max_hp_loss":0,"event_name":"World of Goop","floor":10,"gold_loss":0},{"damage_healed":0,"gold_gain":275,"player_choice":"Desecrate","damage_taken":0,"max_hp_gain":0,"max_hp_loss":0,"event_name":"Golden Shrine","floor":12,"gold_loss":0,"cards_obtained":["Regret"]}],"is_beta":false,"boss_relics":[],"items_purged_floors":[3],"is_endless":false,"potions_floor_spawned":[2,7,13,14],"killed_by":"Hexaghost","ascension_level":20}}