{"host":"guk5h31bsklpp7e4","time":1611812820,"event":{"mods":["AchievementEnabler","BaseMod","Colored Map","Colored Powertips","Highlight Path","Minty Spire (QoL Compilation)","Quick Restart"],"gold_per_floor":[111,111,129,54,54,86,106,106,106,131,131,131,156,182,182,286,286,303,9,9,9,0,27,27,27,27,27,27,45,18,33,33,137,137,156,156,0,0,15,15,46,46,72,98,113,146,146,146,146,146],"floor_reached":51,"language":"ENG","playtime":2441,"items_purged":["Strike_R","Defend_R"],"score":1042,"play_id":"4b59f0b0-851a-453c-822e-12082097f3df","local_time":"20210128004700","is_ascension_mode":true,"campfire_choices":[{"data":"Carnage","floor":12,"key":"SMITH"},{"data":"Ghostly Armor","floor":15,"key":"SMITH"},{"floor":25,"key":"REST"},{"floor":32,"key":"REST"},{"data":"Limit Break","floor":40,"key":"SMITH"},{"data":"Rage","floor":49,"key":"SMITH"}],"circlet_count":0,"master_deck":["Strike_R","Defend_R","Bash","Headbutt","Carnage+1","Cleave","Ghostly Armor+1","Limit Break+1","Thunderclap+1","Double Tap+1","Pommel Strike","Heavy Blade","Rage+1","Ghostly Armor","Heavy Blade","Bloodletting","Limit Break+1","Pummel+1","Flash of Steel","Warcry+1","Seeing Red","Immolate"],"relics":["Burning Blood","NeowsBlessing","Orichalcum","Mummified Hand","Bag of Preparation","Boot","PreservedInsect","Astrolabe","Brimstone","Anchor","Self Forming Clay","Velvet Choker","Red Mask","Toy Ornithopter","Strawberry","Bottled Lightning","Potion Belt"],"acts_visited":["Exordium","TheCity","TheBeyond"],"potions_floor_usage":[10,14,16,18,28,48,50,50,50],"damage_taken":[{"damage":0,"enemies":"2 Louse","floor":1,"turns":1},{"damage":0,"enemies":"Small Slimes","floor":3,"turns":1},{"damage":0,"enemies":"Lagavulin","floor":6,"turns":1},{"damage":7,"enemies":"Jaw Worm","floor":7,"turns":2},{"damage":10,"enemies":"Gremlin Nob","floor":10,"turns":3},{"damage":25,"enemies":"Lagavulin","floor":14,"turns":4},{"damage":38,"enemies":"Slime Boss","floor":16,"turns":10},{"damage":0,"enemies":"Spheric Guardian","floor":18,"turns":3},{"damage":42,"enemies":"Slavers","floor":23,"turns":4},{"damage":4,"enemies":"Colosseum Slavers","floor":27,"turns":3},{"damage":1,"enemies":"Gremlin Leader","floor":28,"turns":2},{"damage":0,"enemies":"Chosen","floor":29,"turns":3},{"damage":12,"enemies":"Centurion and Healer","floor":31,"turns":3},{"damage":80,"enemies":"Automaton","floor":33,"turns":7},{"damage":4,"enemies":"3 Darklings","floor":35,"turns":3},{"damage":0,"enemies":"Orb Walker","floor":39,"turns":2},{"damage":7,"enemies":"Reptomancer","floor":41,"turns":2},{"damage":11,"enemies":"Nemesis","floor":44,"turns":3},{"damage":6,"enemies":"Sphere and 2 Shapes","floor":45,"turns":3},{"damage":6,"enemies":"Giant Head","floor":46,"turns":4},{"damage":0,"enemies":"3 Darklings","floor":48,"turns":2},{"damage":70,"enemies":"Donu and Deca","floor":50,"turns":5}],"seed_played":"-7730946691418344432","potions_obtained":[{"floor":3,"key":"SpeedPotion"},{"floor":6,"key":"Strength Potion"},{"floor":7,"key":"Energy Potion"},{"floor":16,"key":"SteroidPotion"},{"floor":18,"key":"SmokeBomb"},{"floor":35,"key":"SmokeBomb"},{"floor":41,"key":"Ancient Potion"},{"floor":44,"key":"Energy Potion"},{"floor":46,"key":"PowerPotion"}],"is_trial":false,"path_per_floor":["M","?","M","$","?","E","M","?","T","E","?","R","T","E","R","B",null,"M","$","?","?","?","E","$","R","T","?","E","M","$","M","R","B",null,"M","?","?","?","M","R","E","?","T","E","M","E","?","M","R","B",null],"character_chosen":"IRONCLAD","items_purchased":["Brimstone","Heavy Blade","Heavy Blade"],"campfire_rested":2,"item_purchase_floors":[19,19,30],"current_hp_per_floor":[80,73,79,79,79,80,79,79,79,75,75,75,75,56,56,24,80,80,80,80,65,65,29,29,54,54,56,61,67,67,61,85,11,85,85,85,85,85,85,85,84,81,88,83,83,83,98,98,98,39],"gold":146,"neow_bonus":"THREE_ENEMY_KILL","is_daily":false,"chose_seed":false,"campfire_upgraded":4,"win_rate":0.0,"timestamp":1611812820,"path_taken":["M","?","M","$","?","E","M","?","T","E","?","R","?","E","R","BOSS","M","$","?","?","?","E","$","R","T","?","E","?","?","M","R","BOSS","M","?","?","?","M","R","E","?","T","E","?","E","?","?","R","BOSS"],"items_purchased_type":["Relic","Card","Card"],"build_version":"2020-12-22","purchased_purges":2,"victory":true,"max_hp_per_floor":[80,80,80,80,80,80,80,80,80,80,80,80,80,80,80,80,80,80,80,80,85,85,85,85,85,85,85,85,85,85,85,85,85,85,85,85,85,85,85,85,85,81,88,88,88,88,98,98,98,98],"card_choices":[{"not_picked":["Anger","Clothesline"],"picked":"Headbutt","floor":1},{"not_picked":["True Grit","Thunderclap","Perfected Strike"],"picked":"SKIP","floor":3},{"not_picked":["Anger","Armaments"],"picked":"Carnage","floor":6},{"not_picked":["Bloodletting","Feel No Pain"],"picked":"Cleave","floor":7},{"not_picked":["Headbutt","Uppercut"],"picked":"Ghostly Armor","floor":10},{"not_picked":["Sentinel","Bloodletting","True Grit"],"picked":"SKIP","floor":14},{"not_picked":["Juggernaut","Exhume"],"picked":"Feed","floor":16},{"not_picked":["Evolve","Feel No Pain"],"picked":"Pommel Strike","floor":18},{"not_picked":["Clothesline","Warcry+1"],"picked":"Rage","floor":23},{"not_picked":["Infernal Blade","Headbutt"],"picked":"Ghostly Armor","floor":29},{"not_picked":["Entrench+1","Headbutt"],"picked":"Bloodletting","floor":31},{"not_picked":["Offering","Brutality"],"picked":"Limit Break","floor":33},{"not_picked":["Anger","Searing Blow+1"],"picked":"Pummel+1","floor":35},{"not_picked":["Deep Breath","Violence"],"picked":"Flash of Steel","floor":36},{"not_picked":["Second Wind","Wild Strike"],"picked":"Warcry+1","floor":39},{"not_picked":["Pummel","Hemokinesis+1"],"picked":"Seeing Red","floor":41},{"not_picked":["Inflame","Searing Blow"],"picked":"Immolate","floor":44},{"not_picked":["Hemokinesis","Armaments","Bloodletting+1"],"picked":"SKIP","floor":45},{"not_picked":["Searing Blow+1","Rupture","Disarm"],"picked":"SKIP","floor":46}],"player_experience":317278,"relics_obtained":[{"floor":6,"key":"Orichalcum"},{"floor":9,"key":"Mummified Hand"},{"floor":10,"key":"Bag of Preparation"},{"floor":13,"key":"Boot"},{"floor":14,"key":"PreservedInsect"},{"floor":23,"key":"Anchor"},{"floor":26,"key":"Self Forming Clay"},{"floor":41,"key":"Toy Ornithopter"},{"floor":43,"key":"Strawberry"},{"floor":44,"key":"Bottled Lightning"},{"floor":46,"key":"Potion Belt"}],"event_choices":[{"cards_removed":["Strike_R"],"damage_healed":0,"gold_gain":0,"player_choice":"Card Removal","damage_taken":7,"max_hp_gain":0,"max_hp_loss":0,"event_name":"Golden Wing","floor":2,"gold_loss":0},{"damage_healed":0,"gold_gain":0,"player_choice":"Ignored","damage_taken":0,"max_hp_gain":0,"max_hp_loss":0,"event_name":"Liars Game","floor":5,"gold_loss":0},{"cards_removed":["Defend_R"],"damage_healed":0,"gold_gain":0,"player_choice":"Forget","damage_taken":0,"max_hp_gain":0,"max_hp_loss":0,"event_name":"Living Wall","floor":8,"gold_loss":0},{"damage_healed":0,"gold_gain":0,"player_choice":"Ignored","damage_taken":0,"max_hp_gain":0,"max_hp_loss":0,"event_name":"Golden Idol","floor":11,"gold_loss":0},{"damage_healed":0,"gold_gain":0,"player_choice":"Shed Blood","damage_taken":20,"max_hp_gain":5,"max_hp_loss":0,"event_name":"Forgotten Altar","floor":21,"gold_loss":0},{"damage_healed":0,"gold_gain":0,"player_choice":"Paid Fearfully","damage_taken":0,"max_hp_gain":0,"max_hp_loss":0,"event_name":"Masked Bandits","floor":22,"gold_loss":9},{"damage_healed":0,"gold_gain":0,"player_choice":"Fight","damage_taken":0,"max_hp_gain":0,"max_hp_loss":0,"event_name":"Colosseum","floor":27,"gold_loss":0},{"damage_healed":0,"gold_gain":0,"player_choice":"Fled From Nobs","damage_taken":0,"max_hp_gain":0,"max_hp_loss":0,"event_name":"Colosseum","floor":27,"gold_loss":0},{"damage_healed":0,"gold_gain":0,"player_choice":"Memory 1","damage_taken":0,"max_hp_gain":0,"max_hp_loss":0,"event_name":"SensoryStone","floor":36,"gold_loss":0},{"damage_healed":0,"gold_gain":0,"player_choice":"Paid","damage_taken":0,"relics_obtained":["Red Mask"],"max_hp_gain":0,"max_hp_loss":0,"event_name":"Tomb of Lord Red Mask","floor":37,"gold_loss":156},{"damage_healed":0,"gold_gain":0,"player_choice":"Ignored","damage_taken":0,"max_hp_gain":0,"max_hp_loss":0,"event_name":"Mysterious Sphere","floor":38,"gold_loss":0},{"damage_healed":0,"gold_gain":0,"player_choice":"Max HP","damage_taken":0,"max_hp_gain":0,"max_hp_loss":4,"event_name":"Winding Halls","floor":42,"gold_loss":0},{"cards_removed":["Feed"],"damage_healed":5,"gold_gain":0,"player_choice":"Offered Rare","damage_taken":0,"max_hp_gain":10,"max_hp_loss":0,"event_name":"Bonfire Elementals","floor":47,"gold_loss":0}],"is_beta":false,"boss_relics":[{"not_picked":["Tiny House","Fusion Hammer"],"picked":"Astrolabe"},{"not_picked":["Runic Dome","Sozu"],"picked":"Velvet Choker"}],"items_purged_floors":[4,19],"is_endless":false,"potions_floor_spawned":[3,6,7,16,18,28,35,41,44,46],"ascension_level":4}}