{"host":"n9lc5i44t98l6pio","time":1611832005,"event":{"mods":["BaseMod","Curses Come First","Downfall","Minty Spire (QoL Compilation)","Replay The Spire","Say the Spire","StSLib"],"gold_per_floor":[18,33,33,33,46,77,77,105,183,213,225,225,225,244,244,341,341,357,357,368,368,382,417,43,43,121,150,150,180,17,47,47,47,47],"floor_reached":33,"language":"ENG","playtime":1725,"items_purged":["downfall:Icky"],"score":410,"play_id":"feceaad5-9061-4ae9-b3a3-6b3a86f44daa","local_time":"20210128120645","is_ascension_mode":true,"campfire_choices":[{"data":"Feed","floor":7.0,"key":"SMITH"},{"floor":13,"key":"RECALL"},{"floor":15,"key":"REST"},{"data":"Armaments","floor":25,"key":"SMITH"},{"data":"Spot Weakness","floor":25,"key":"SMITH"},{"data":"Limit Break","floor":32,"key":"SMITH"},{"data":"Rupture","floor":32,"key":"SMITH"}],"circlet_count":0,"master_deck":["Strike_R","Strike_R+1","Strike_R","Strike_R","Strike_R","Defend_R+1","Defend_R+1","Defend_R","Defend_R","Bash","Feed+1","Clash","Perfected Strike","Shrug It Off","Run Through","Iron Wave","Iron Wave","Impervious","Twin Strike","Clothesline","Juggernaut","Armaments+1","Metallicize","Slimebound:CheckThePlaybook","Clash","Spot Weakness+1","Entrench+1","J.A.X.","Armaments+1","Rupture+1","Hemokinesis","Shrug It Off","Limit Break+1"],"relics":["Burning Blood","Torii","Dream Catcher","War Paint","ChewingGum","Mirror","Replay:Arrowhead","Lee\u0027s Waffle","MealTicket","Replay:Ringing Soul","Replay:Baseball","Shuriken","Boot"],"acts_visited":["Exordium","TheCity"],"potions_floor_usage":[12,23,23,33],"damage_taken":[{"damage":6.0,"enemies":"2 Louse","floor":1.0,"turns":3.0},{"damage":6.0,"enemies":"Jaw Worm","floor":2.0,"turns":3.0},{"damage":0.0,"enemies":"Cultist","floor":5.0,"turns":2.0},{"damage":21.0,"enemies":"Lagavulin","floor":6.0,"turns":5.0},{"damage":18.0,"enemies":"Replay:BlueRogue","floor":8.0,"turns":6.0},{"damage":26.0,"enemies":"Lagavulin","floor":10.0,"turns":6.0},{"damage":1.0,"enemies":"Blue Slaver","floor":11.0,"turns":3.0},{"damage":0,"enemies":"Looter","floor":12,"turns":1},{"damage":0,"enemies":"Lots of Slimes","floor":14,"turns":4},{"damage":102,"enemies":"Fading Forest","floor":16,"turns":11},{"damage":27,"enemies":"Shell Parasite","floor":18,"turns":6},{"damage":13,"enemies":"3 Byrds","floor":20,"turns":6},{"damage":7,"enemies":"Sentry and Sphere","floor":22,"turns":5},{"damage":79,"enemies":"Gremlin Leader","floor":23,"turns":7},{"damage":26,"enemies":"Slavers","floor":27,"turns":5},{"damage":30,"enemies":"Book of Stabbing","floor":29,"turns":6},{"damage":8,"enemies":"Replay:Snechameleon","floor":31,"turns":5},{"damage":107,"enemies":"Automaton","floor":33,"turns":8}],"seed_played":"8669875892741674149","potions_obtained":[{"floor":1.0,"key":"ColorlessPotion"},{"floor":2.0,"key":"sneckomod:MuddlingPotion"},{"floor":4.0,"key":"Energy Potion"},{"floor":4.0,"key":"SteroidPotion"},{"floor":5.0,"key":"DistilledChaos"},{"floor":8.0,"key":"SmokeBomb"},{"floor":18,"key":"AttackPotion"},{"floor":20,"key":"BloodPotion"},{"floor":27,"key":"Languid Potion"}],"is_trial":false,"path_per_floor":["M","M","?","?","M","E","R","E","T","E","M","M","R","M","R","B",null,"M","T","M","?","M","E","$","R","T","E","?","E","$","E","R","B"],"character_chosen":"IRONCLAD","items_purchased":["Lee\u0027s Waffle","MealTicket","Rupture","Hemokinesis","Shrug It Off"],"campfire_rested":1,"item_purchase_floors":[24,24,30,30,30],"current_hp_per_floor":[83,86,86,86,89,77,77,69,69,49,58,64,64,74,104,8,104,83,83,80,80,79,27,115,115,115,102,105,88,106,107,107,0,0],"gold":47,"neow_bonus":"THREE_RARE_CARDS","is_daily":false,"chose_seed":false,"campfire_upgraded":5,"win_rate":0.0,"timestamp":1611832005,"path_taken":["M","M","?","?","M","E","R","E","T","E","M","M","R","M","R","BOSS","M","?","M","?","M","E","$","R","T","E","?","E","?","E","R","BOSS"],"items_purchased_type":["Relic","Relic","Card","Card","Card"],"build_version":"2020-12-22","purchased_purges":1,"victory":false,"max_hp_per_floor":[83,86,86,86,89,92,92,96,96,96,100,100,100,104,104,104,104,104,104,108,108,108,108,115,115,115,122,125,132,135,138,138,138,138],"card_choices":[{"not_picked":["Impervious","Replay:Many Hands"],"picked":"Feed","floor":0.0},{"not_picked":["Massacre","Warcry"],"picked":"Clash","floor":1.0},{"not_picked":["Uppercut","Replay:Undeath\u0027s Touch"],"picked":"Perfected Strike","floor":2.0},{"not_picked":["Feel No Pain","ReplayTheSpireMod:Strike From Hell"],"picked":"Shrug It Off","floor":5.0},{"not_picked":["Feel No Pain","Warcry"],"picked":"Run Through","floor":6.0},{"not_picked":["Sword Boomerang","Headbutt"],"picked":"Iron Wave","floor":8.0},{"not_picked":["Heavy Blade","Sever Soul"],"picked":"Iron Wave","floor":10.0},{"not_picked":["Shrug It Off","Headbutt"],"picked":"Impervious","floor":11.0},{"not_picked":["Wild Strike","Seeing Red"],"picked":"Twin Strike","floor":14},{"not_picked":["Clash","Warcry"],"picked":"Clothesline","floor":15},{"not_picked":["Brutality","Replay:Many Hands"],"picked":"Juggernaut","floor":16},{"not_picked":["Wild Strike","Clash+1"],"picked":"Armaments","floor":18},{"not_picked":["Wild Strike","Sword Boomerang"],"picked":"Metallicize","floor":20},{"not_picked":["Carnage","Havoc"],"picked":"Clash","floor":22},{"not_picked":["ReplayTheSpireMod:LeadingStrike","Blood for Blood"],"picked":"Spot Weakness","floor":23},{"not_picked":["ReplayTheSpireMod:Limb From Limb+1","Second Wind"],"picked":"Entrench+1","floor":27},{"not_picked":["Heavy Blade+1","Shockwave"],"picked":"Armaments+1","floor":29},{"not_picked":["Clash","Warcry"],"picked":"Limit Break","floor":31}],"player_experience":218758,"relics_obtained":[{"floor":6.0,"key":"Torii"},{"floor":8.0,"key":"Dream Catcher"},{"floor":10.0,"key":"War Paint"},{"floor":19,"key":"Mirror"},{"floor":23,"key":"Replay:Arrowhead"},{"floor":26,"key":"Replay:Ringing Soul"},{"floor":27,"key":"Replay:Baseball"},{"floor":29,"key":"Shuriken"},{"floor":31,"key":"Boot"}],"event_choices":[{"damage_healed":0.0,"max_hp_gain":0.0,"max_hp_loss":0.0,"gold_gain":0.0,"event_name":"Lab","player_choice":"Got Potions","floor":4.0,"gold_loss":0.0,"damage_taken":0.0},{"damage_healed":0,"gold_gain":0,"player_choice":"Obtain J.A.X.","damage_taken":0,"max_hp_gain":0,"max_hp_loss":0,"event_name":"Drug Dealer","floor":28,"gold_loss":0,"cards_obtained":["J.A.X."]}],"is_beta":false,"boss_relics":[{"not_picked":["Tiny House","Pandora\u0027s Box"],"picked":"ChewingGum"}],"items_purged_floors":[24],"is_endless":false,"potions_floor_spawned":[1,2,5,8,18,20,27],"killed_by":"Automaton","ascension_level":1}}