{"host":"15f3wpiimhe5yrng","time":1611804099,"event":{"mods":["BaseMod","Better Altar","Better Match","Better Note","Better Sensory Stone","Better Skull","Better Third Choice","Colored Map","Downfall","GifTheSpireLib","Good Game Mod","Minty Spire (QoL Compilation)","Permanent Neow","StSLib"],"gold_per_floor":[0,19,119,132,145,161,161,171,206,206,225,258,276,376,389,490,490,290,306,306,326,136,136,136,149,179,195,230,130,161,261,276,379,379,379,389,401,401,401,50,104,104,116,116,116,130,130,149,164,164,164,189,45,45,45,45,45],"floor_reached":55,"language":"ENG","playtime":4076,"items_purged":["Slimebound:Defend_Slimebound","Slimebound:Defend_Slimebound","Slimebound:Tackle"],"score":816,"play_id":"601ec46d-878e-4326-93ac-79f1583d781b","local_time":"20210128042139","is_ascension_mode":false,"campfire_choices":[{"data":"Mayhem","floor":1,"key":"SMITH"},{"floor":10,"key":"RECALL"},{"data":"Slimebound:DuplicatedForm","floor":18,"key":"SMITH"},{"data":"Slimebound:SlimeSlap","floor":29,"key":"SMITH"},{"data":"Slimebound:MassRepurpose","floor":35,"key":"SMITH"},{"data":"Slimebound:SlimeSlap","floor":47,"key":"SMITH"},{"data":"Slimebound:Split","floor":54,"key":"SMITH"}],"circlet_count":0,"master_deck":["Slimebound:Strike_Slimebound","Slimebound:Split+1","Slimebound:CorrosiveSpit","Mayhem+1","Slimebound:MassRepurpose+1","Slimebound:LivingWall+1","Slimebound:LeechingTouch","Slimebound:GoopSpray","Slimebound:SlimeSlap+1","Slimebound:ItLooksTasty","Slimebound:RejuvenatingLick","Slimebound:GrowthPunch","Slimebound:SelfFormingGoo","Slimebound:SplitBruiser","Slimebound:RainOfGoop","Slimebound:DuplicatedForm+1","Slimebound:LivingWall+1","Slimebound:FormOfPuddle+1","Slimebound:SplitLeeching","Slimebound:SamplingLick","Slimebound:SplitBruiser+1","Slimebound:RejuvenatingLick+1","Slimebound:HauntingLick+1","Slimebound:WasteNot","Slimebound:ViciousTackle+1","J.A.X.","Slimebound:HauntingLick","Slimebound:SplitBruiser","Slimebound:Nibble","Slimebound:WasteNot","Slimebound:Prepare+1","Mayhem+1","Slimebound:ProtectTheBoss+1","expansioncontent:QuickStudy","expansioncontent:StudyTheSpire+1","Slimebound:SlimeSlap+1","Slimebound:Schlurp","Slimebound:SlimeSlap","Slimebound:ItLooksTasty+1","Slimebound:SpikyOuterGoop+1","Slimebound:Gluttony+1"],"relics":["Slimebound:AbsorbEndCombat","REME:ComplimentaryCards","HornCleat","FossilizedHelix","Boot","Runic Dome","downfall:HeartBlessingRed","downfall:HeartBlessingGreen","Lizard Tail","Toy Ornithopter","Blood Vial","downfall:HeartBlessingBlue","Frozen Egg 2","MutagenicStrength","Coffee Dripper","Blue Candle","Medical Kit","Nunchaku","Sundial","Oddly Smooth Stone"],"acts_visited":["Exordium","TheCity","TheBeyond","TheEnding"],"potions_floor_usage":[14,55],"damage_taken":[{"damage":2,"enemies":"Small Slimes","floor":2,"turns":4},{"damage":5,"enemies":"2 Louse","floor":4,"turns":4},{"damage":1,"enemies":"Cultist","floor":5,"turns":3},{"damage":20,"enemies":"Exordium Thugs","floor":6,"turns":6},{"damage":2,"enemies":"Blue Slaver","floor":8,"turns":4},{"damage":0,"enemies":"Lagavulin","floor":9,"turns":7},{"damage":0,"enemies":"Exordium Wildlife","floor":11,"turns":4},{"damage":9,"enemies":"3 Sentries","floor":12,"turns":7},{"damage":0,"enemies":"3 Louse","floor":13,"turns":2},{"damage":10,"enemies":"downfall:Heads","floor":14,"turns":5},{"damage":0,"enemies":"Exordium Thugs","floor":15,"turns":4},{"damage":45,"enemies":"IC_STATUS_ARCHETYPE","floor":16,"turns":9},{"damage":0,"enemies":"Shell Parasite","floor":19,"turns":3},{"damage":15,"enemies":"Cultist and Chosen","floor":21,"turns":7},{"damage":0,"enemies":"downfall:FleeingMerchant","floor":22,"turns":4},{"damage":0,"enemies":"Centurion and Healer","floor":25,"turns":5},{"damage":15,"enemies":"Book of Stabbing","floor":26,"turns":5},{"damage":13,"enemies":"3 Cultists","floor":27,"turns":5},{"damage":35,"enemies":"Slavers","floor":28,"turns":5},{"damage":27,"enemies":"Book of Stabbing","floor":30,"turns":4},{"damage":0,"enemies":"downfall:Augmenter","floor":31,"turns":5},{"damage":11,"enemies":"Snecko","floor":32,"turns":4},{"damage":56,"enemies":"DF_ARCHETYPE_CLAW","floor":33,"turns":7},{"damage":22,"enemies":"3 Shapes","floor":36,"turns":4},{"damage":3,"enemies":"Orb Walker","floor":37,"turns":3},{"damage":0,"enemies":"downfall:FleeingMerchant","floor":40,"turns":4},{"damage":0,"enemies":"downfall:FleeingMerchant","floor":43,"turns":1},{"damage":10,"enemies":"Spire Growth","floor":46,"turns":5},{"damage":6,"enemies":"4 Shapes","floor":48,"turns":5},{"damage":35,"enemies":"3 Darklings","floor":49,"turns":5},{"damage":77,"enemies":"WA_ARCHETYPE_DIVINITY","floor":50,"turns":6},{"damage":47,"enemies":"downfall:CharBossMerchant","floor":52,"turns":7},{"damage":109,"enemies":"downfall:NeowBoss","floor":55,"turns":11}],"seed_played":"8231449377245880183","potions_obtained":[{"floor":6,"key":"Swift Potion"},{"floor":8,"key":"Fire Potion"},{"floor":12,"key":"PowerPotion"},{"floor":15,"key":"GamblersBrew"}],"is_trial":false,"path_per_floor":["R","M","?","M","M","M","T","M","E","R","M","E","M","?","M","B",null,"R","M","?","M","$","T","T","M","E","M","E","R","E","?","M","B",null,"R","M","M","?","?","$","T","?","$","?","$","M","R","M","M","B",null,"E","$","R","B"],"character_chosen":"SLIMEBOUND","items_purchased":["Slimebound:SplitLeeching","Slimebound:SamplingLick","Slimebound:ProtectTheBoss+1","Medical Kit","Slimebound:Schlurp","Slimebound:SlimeSlap","Oddly Smooth Stone"],"campfire_rested":0,"item_purchase_floors":[22,22,40,40,43,43,53],"current_hp_per_floor":[65,65,65,62,65,53,53,55,61,61,65,61,65,59,65,22,65,65,65,65,65,65,65,65,65,50,52,40,50,48,58,66,35,75,75,72,74,69,69,75,75,70,75,75,75,75,75,69,57,49,75,32,32,32,0,0,0],"gold":45,"neow_bonus":"RANDOM_COLORLESS_2","is_daily":false,"chose_seed":false,"campfire_upgraded":6,"win_rate":0.0,"timestamp":1611804099,"path_taken":["R","M","?","M","M","M","T","M","E","R","M","E","M","?","M","BOSS","R","M","?","M","$","?","T","M","E","M","E","R","E","?","M","BOSS","R","M","M","?","?","$","T","?","$","?","?","?","R","M","M","BOSS","E","$","R","BOSS"],"items_purchased_type":["Card","Card","Card","Relic","Card","Card","Relic"],"build_version":"2020-12-22","purchased_purges":3,"victory":false,"max_hp_per_floor":[65,65,65,65,65,65,65,65,65,65,65,65,65,65,65,65,65,65,65,65,65,65,65,65,65,65,65,65,75,75,75,75,75,75,75,75,75,75,75,75,75,75,75,75,75,75,75,75,75,75,75,75,75,75,75,75,75],"card_choices":[{"not_picked":["Secret Weapon","Master of Strategy"],"picked":"Mayhem","floor":0},{"not_picked":["Slimebound:AcidTongue","Slimebound:Equalize"],"picked":"Slimebound:LivingWall","floor":2},{"not_picked":["Slimebound:TongueLash","Slimebound:GoopSpray","Slimebound:FinishingTackle"],"picked":"SKIP","floor":4},{"not_picked":["Slimebound:HauntingLick","Slimebound:DisruptingSlam"],"picked":"Slimebound:RainOfGoop","floor":5},{"not_picked":["Slimebound:LivingWall","Slimebound:HauntingLick"],"picked":"Slimebound:LeechingTouch","floor":6},{"not_picked":["Slimebound:SlimeBarrage","Slimebound:HauntingLick"],"picked":"Slimebound:GoopSpray","floor":8},{"not_picked":["Slimebound:BestDefense","Slimebound:GoopTackle"],"picked":"Slimebound:SlimeSlap","floor":9},{"not_picked":["Slimebound:SplitLeeching","Slimebound:GoopTackle"],"picked":"Slimebound:ItLooksTasty","floor":11},{"not_picked":["Slimebound:SplitAcid","Slimebound:SamplingLick"],"picked":"Slimebound:RejuvenatingLick","floor":12},{"not_picked":["Slimebound:SplitLeeching","Slimebound:DisruptingSlam"],"picked":"Slimebound:GrowthPunch","floor":13},{"not_picked":["Slimebound:GoopSpray","Slimebound:Equalize"],"picked":"Slimebound:SplitBruiser","floor":14},{"not_picked":["Slimebound:Prepare","Slimebound:Grow"],"picked":"Slimebound:RainOfGoop","floor":15},{"not_picked":["Slimebound:PrepareCrush","Slimebound:Overexert"],"picked":"Slimebound:DuplicatedForm","floor":16},{"not_picked":["Slimebound:LeechEnergy","Slimebound:ViciousTackle"],"picked":"Slimebound:LivingWall+1","floor":19},{"not_picked":["Slimebound:ComboTackle","Slimebound:BestDefense+1","Slimebound:GoopTackle"],"picked":"SKIP","floor":21},{"not_picked":["Slimebound:FinishingTackle+1","Slimebound:RejuvenatingLick"],"picked":"Slimebound:FormOfPuddle+1","floor":22},{"not_picked":["Slimebound:ComboTackle+1","Slimebound:TongueLash"],"picked":"Slimebound:SplitBruiser+1","floor":25},{"not_picked":["Slimebound:SpikyOuterGoop","Slimebound:MegaLick"],"picked":"Slimebound:RejuvenatingLick+1","floor":26},{"not_picked":["Slimebound:SlimeSpikes","Slimebound:SlimeBarrage+1","Slimebound:SplitAcid"],"picked":"SKIP","floor":27},{"not_picked":["Slimebound:Schlurp+1","Slimebound:GoopTackle+1"],"picked":"Slimebound:HauntingLick+1","floor":28},{"not_picked":["Slimebound:Repurpose","Slimebound:SlimeSpikes"],"picked":"Slimebound:WasteNot","floor":30},{"not_picked":["Slimebound:LivingWall","Slimebound:LevelUp+1"],"picked":"Slimebound:ViciousTackle+1","floor":31},{"not_picked":[],"picked":"J.A.X.","floor":31},{"not_picked":["Slimebound:ItLooksTasty","Slimebound:ComboTackle"],"picked":"Slimebound:Nibble","floor":32},{"not_picked":["Slimebound:MassFeed","Slimebound:MassRepurpose"],"picked":"Slimebound:WasteNot","floor":33},{"not_picked":["Slimebound:SplitAcid","Slimebound:GoopSpray","Slimebound:Dissolve"],"picked":"SKIP","floor":36},{"not_picked":["Slimebound:ForwardTackle","Slimebound:PressTheAttack"],"picked":"Slimebound:Prepare+1","floor":37},{"not_picked":["Slimebound:SplitAcid+1","Slimebound:SlimeSpikes+1","Slimebound:SplitBruiser"],"picked":"SKIP","floor":40},{"not_picked":["expansioncontent:DecaShield","expansioncontent:Chronoboost"],"picked":"expansioncontent:QuickStudy","floor":42},{"not_picked":["expansioncontent:AwakenDeath","expansioncontent:HyperBeam"],"picked":"expansioncontent:StudyTheSpire","floor":42},{"not_picked":["Slimebound:Prepare+1","Slimebound:LevelUp+1"],"picked":"Slimebound:SlimeSlap","floor":43},{"not_picked":["Slimebound:SplitLeeching+1","Slimebound:PressTheAttack+1"],"picked":"Slimebound:ItLooksTasty+1","floor":46},{"not_picked":["Slimebound:FlameTackle","Slimebound:Schlurp+1","Slimebound:LeechEnergy"],"picked":"SKIP","floor":48},{"not_picked":["Slimebound:HauntingLick","Slimebound:ComboTackle"],"picked":"Slimebound:SpikyOuterGoop+1","floor":49},{"not_picked":["Slimebound:SlimeSpikes+1","Slimebound:DisruptingSlam"],"picked":"Slimebound:Gluttony+1","floor":52}],"player_experience":75953,"relics_obtained":[{"floor":7,"key":"HornCleat"},{"floor":9,"key":"FossilizedHelix"},{"floor":12,"key":"Boot"},{"floor":24,"key":"Lizard Tail"},{"floor":26,"key":"Toy Ornithopter"},{"floor":28,"key":"Blood Vial"},{"floor":30,"key":"Frozen Egg 2"},{"floor":31,"key":"MutagenicStrength"},{"floor":41,"key":"Nunchaku"},{"floor":52,"key":"Sundial"}],"event_choices":[{"cards_removed":["Mayhem"],"damage_healed":0,"gold_gain":0,"player_choice":"Give","damage_taken":0,"max_hp_gain":0,"max_hp_loss":0,"event_name":"betterNote:BetterNote","floor":20,"gold_loss":0,"cards_obtained":["None"]},{"damage_healed":0,"gold_gain":3,"player_choice":"4","damage_taken":0,"max_hp_gain":0,"max_hp_loss":0,"event_name":"betterStone:BetterStone","floor":39,"gold_loss":0,"cards_obtained":["Mayhem"]},{"cards_removed":["Slimebound:RainOfGoop"],"damage_healed":0,"gold_gain":0,"player_choice":"Removed Skill","damage_taken":0,"max_hp_gain":0,"max_hp_loss":0,"event_name":"Falling","floor":44,"gold_loss":0}],"is_beta":false,"boss_relics":[{"not_picked":["Cursed Key","Calling Bell"],"picked":"Runic Dome"},{"not_picked":["Sozu","Runic Pyramid"],"picked":"Coffee Dripper"}],"items_purged_floors":[22,40,43],"is_endless":false,"potions_floor_spawned":[6,8,12,15,19,26,32,33,46,49],"killed_by":"downfall:NeowBoss","ascension_level":0}}