{"host":"m77rrhbqzv44va4v","time":1611841562,"event":{"mods":["AchievementEnabler","BaseMod","Colored Map","DeckTracker","Keyboard Shortcuts","Minty Spire (QoL Compilation)","StSLib","SuperFastMode","everything is the same but u backflip on backflip"],"gold_per_floor":[112,127,127,127,53,91,91,122,149,149,178,206,256,305,305,305,305],"floor_reached":16,"language":"KOR","playtime":212,"items_purged":[],"score":286,"play_id":"7fd2c78a-e26c-45b6-b378-d15ea0c0dab2","local_time":"20210128224602","is_ascension_mode":true,"campfire_choices":[{"data":"Pommel Strike","floor":7.0,"key":"SMITH"},{"floor":10.0,"key":"REST"},{"floor":15.0,"key":"REST"}],"circlet_count":0,"master_deck":["AscendersBane","Strike_R","Strike_R","Strike_R","Strike_R","Strike_R","Defend_R","Defend_R","Defend_R","Defend_R","Bash+1","Whirlwind","Cleave","Rampage","Pommel Strike+1","Evolve","Flame Barrier","Feed"],"relics":["Burning Blood","NeowsBlessing","Golden Idol","Boot","Oddly Smooth Stone","CeramicFish","Anchor"],"acts_visited":["Exordium"],"potions_floor_usage":[],"damage_taken":[{"damage":0.0,"enemies":"Cultist","floor":1.0,"turns":1.0},{"damage":0.0,"enemies":"2 Louse","floor":2.0,"turns":1.0},{"damage":0.0,"enemies":"Gremlin Nob","floor":6.0,"turns":1.0},{"damage":30.0,"enemies":"3 Sentries","floor":8.0,"turns":6.0},{"damage":6.0,"enemies":"Jaw Worm","floor":11.0,"turns":3.0},{"damage":14.0,"enemies":"Red Slaver","floor":12.0,"turns":5.0},{"damage":17.0,"enemies":"Lagavulin","floor":14.0,"turns":5.0},{"damage":58,"enemies":"The Guardian","floor":16,"turns":6}],"seed_played":"6071645505782120239","potions_obtained":[{"floor":1.0,"key":"FearPotion"},{"floor":6.0,"key":"SteroidPotion"},{"floor":11.0,"key":"Weak Potion"}],"is_trial":false,"path_per_floor":["M","M","?","?","$","E","R","E","T","R","M","M","?","E","R","B"],"character_chosen":"IRONCLAD","items_purchased":["Rampage"],"campfire_rested":2,"item_purchase_floors":[5],"current_hp_per_floor":[74,75,49,49,49,55,55,31,31,53,53,45,45,34,56,0,0],"gold":305,"neow_bonus":"THREE_ENEMY_KILL","is_daily":false,"chose_seed":false,"campfire_upgraded":1,"win_rate":0.0,"timestamp":1611841562,"path_taken":["M","?","?","?","$","E","R","E","T","R","M","?","?","E","R","BOSS"],"items_purchased_type":["Card"],"build_version":"2020-12-22","purchased_purges":0,"victory":false,"max_hp_per_floor":[75,75,75,75,75,75,75,75,75,75,75,75,75,75,75,75,75],"card_choices":[{"not_picked":["Warcry","Headbutt"],"picked":"Whirlwind","floor":1.0},{"not_picked":["Wild Strike","Hemokinesis"],"picked":"Cleave","floor":2.0},{"not_picked":["Shockwave","True Grit"],"picked":"Pommel Strike","floor":6.0},{"not_picked":["Searing Blow","Warcry","Reckless Charge"],"picked":"SKIP","floor":8.0},{"not_picked":["Flex","Perfected Strike"],"picked":"Evolve","floor":11.0},{"not_picked":["Thunderclap","Armaments"],"picked":"Flame Barrier","floor":12.0},{"not_picked":["Combust","Perfected Strike"],"picked":"Feed","floor":14.0}],"player_experience":930590,"relics_obtained":[{"floor":6.0,"key":"Boot"},{"floor":8.0,"key":"Oddly Smooth Stone"},{"floor":9.0,"key":"CeramicFish"},{"floor":14.0,"key":"Anchor"}],"event_choices":[{"damage_healed":0.0,"max_hp_gain":0.0,"max_hp_loss":0.0,"gold_gain":0.0,"event_name":"Golden Idol","player_choice":"Take Damage","floor":3.0,"gold_loss":0.0,"damage_taken":26.0,"relics_obtained":["Golden Idol"]},{"damage_healed":0.0,"max_hp_gain":0.0,"max_hp_loss":0.0,"gold_gain":0.0,"event_name":"Accursed Blacksmith","player_choice":"Forge","floor":4.0,"gold_loss":0.0,"damage_taken":0.0,"cards_upgraded":["Bash"]},{"damage_healed":0.0,"max_hp_gain":0.0,"max_hp_loss":0.0,"gold_gain":50.0,"event_name":"Golden Shrine","player_choice":"Pray","floor":13.0,"gold_loss":0.0,"damage_taken":0.0}],"is_beta":false,"boss_relics":[],"items_purged_floors":[],"is_endless":false,"potions_floor_spawned":[1,6,11,12],"killed_by":"The Guardian","ascension_level":20}}