{"host":"1ecbliur7lfoj0sl","time":1611826667,"event":{"mods":["BaseMod","Downfall","Minty Spire (QoL Compilation)","StSLib","Waifu the Spire"],"gold_per_floor":[99,110,110,129,142,242,242,3,3,17,46,31,31,31,44,44,44,44],"floor_reached":16,"language":"ZHS","playtime":1014,"items_purged":["hexamod:Defend"],"score":105,"play_id":"c9dec94e-6345-44d9-a69f-da84f20f3fd7","local_time":"20210128173747","is_ascension_mode":true,"campfire_choices":[{"data":"hexamod:Float","floor":1.0,"key":"SMITH"},{"data":"hexamod:Sear","floor":13,"key":"SMITH"}],"circlet_count":0,"master_deck":["hexamod:Strike","hexamod:Strike","hexamod:Defend","hexamod:Defend","hexamod:Sear+1","hexamod:Float+1","hexamod:FlamesFromBeyond+1","hexamod:PowerFromBeyond","hexamod:HeatShield","hexamod:HauntingEcho","hexamod:ApocalypseNow","hexamod:FirstSeal","hexamod:PowerFromBeyond","hexamod:FourthSeal"],"relics":["hexamod:SpiritBrand","Blood Vial","Shuriken","Girya"],"acts_visited":["Exordium"],"potions_floor_usage":[15,16,16],"damage_taken":[{"damage":0.0,"enemies":"Small Slimes","floor":2.0,"turns":3.0},{"damage":1.0,"enemies":"Jaw Worm","floor":4.0,"turns":3.0},{"damage":0.0,"enemies":"2 Louse","floor":5.0,"turns":3.0},{"damage":43,"enemies":"downfall:Heads","floor":6,"turns":8},{"damage":0,"enemies":"downfall:FleeingMerchant","floor":8,"turns":4},{"damage":0,"enemies":"Blue Slaver","floor":10,"turns":3},{"damage":8,"enemies":"Lagavulin","floor":11,"turns":6},{"damage":5,"enemies":"downfall:FleeingMerchant","floor":12,"turns":4},{"damage":2,"enemies":"3 Louse","floor":15,"turns":3},{"damage":36,"enemies":"IC_STATUS_ARCHETYPE","floor":16,"turns":8}],"seed_played":"-451671526971403142","potions_obtained":[{"floor":4.0,"key":"Guardian:BlockOnCardUsePotion"},{"floor":10,"key":"Fire Potion"},{"floor":11,"key":"Fire Potion"}],"is_trial":false,"path_per_floor":["R","M","?","M","M","?","T","$","?","M","E","$","R","?","M","B"],"character_chosen":"THE_SPIRIT","items_purchased":["Blood Vial"],"campfire_rested":0,"item_purchase_floors":[8],"current_hp_per_floor":[77,77,77,76,76,33,33,33,15,17,18,22,22,22,29,0,0,0],"gold":44,"neow_bonus":"TEN_PERCENT_HP_BONUS","is_daily":false,"chose_seed":false,"campfire_upgraded":2,"win_rate":0.0,"timestamp":1611826667,"path_taken":["R","M","?","M","M","?","T","$","?","M","E","?","R","?","M","BOSS"],"items_purchased_type":["Relic"],"build_version":"2020-12-22","purchased_purges":1,"victory":false,"max_hp_per_floor":[77,77,77,77,77,77,77,77,77,77,77,77,77,77,77,77,77,77],"card_choices":[{"not_picked":["hexamod:HeatMetal","hexamod:ThermalTransfer"],"picked":"hexamod:FlamesFromBeyond","floor":2.0},{"not_picked":["hexamod:StepThrough","hexamod:ShieldOfDarkness"],"picked":"hexamod:PowerFromBeyond","floor":4.0},{"not_picked":["hexamod:HeatMetal","hexamod:Incineration"],"picked":"hexamod:HeatShield","floor":5.0},{"not_picked":["hexamod:EtherealExpedition","hexamod:SuperheatedStrike"],"picked":"hexamod:ApocalypseNow","floor":8},{"not_picked":["hexamod:SoulSteal","hexamod:ChargedBarrage"],"picked":"hexamod:FirstSeal","floor":10},{"not_picked":["hexamod:DynamicBlow","hexamod:SpectersWail","hexamod:Again"],"picked":"SKIP","floor":11},{"not_picked":["hexamod:FastForward","hexamod:BacktrackSmack"],"picked":"hexamod:PowerFromBeyond","floor":12},{"not_picked":["hexamod:GhostOfSpireFuture","hexamod:SwordOfDarkness"],"picked":"hexamod:FourthSeal","floor":15}],"player_experience":99884,"relics_obtained":[{"floor":11,"key":"Girya"}],"event_choices":[{"damage_healed":0,"gold_gain":0,"player_choice":"Success","damage_taken":18,"relics_obtained":["Shuriken"],"max_hp_gain":0,"max_hp_loss":0,"event_name":"Scrap Ooze","floor":9,"gold_loss":0},{"cards_removed":["hexamod:Defend"],"damage_healed":0,"gold_gain":0,"player_choice":"Card Removal","damage_taken":0,"max_hp_gain":0,"max_hp_loss":0,"event_name":"The Cleric","floor":14,"gold_loss":0}],"is_beta":false,"boss_relics":[],"items_purged_floors":[8],"is_endless":false,"potions_floor_spawned":[4,10,11],"killed_by":"IC_STATUS_ARCHETYPE","ascension_level":1}}