{"host":"lip44byzewa3adv8","time":1611797940,"event":{"mods":["BaseMod","Curses Come First","Minty Spire (QoL Compilation)","Relic Sorter","Relic Stats","StSLib","Synergy Search"],"gold_per_floor":[144,189,234,279,324,324,54,54,104,149,194,239,284,374,374,674,674,689,734,779,824,869,869,959,959,959,1049,1094,1184,1184,398,398,698,698,743,788,698,247,292,382,382,472,497,542,542,50,50,95,95,95],"floor_reached":51,"language":"ENG","playtime":5323,"items_purged":["EmptyBody","Fasting2","Multi-Cast"],"score":875,"play_id":"48fabae0-842b-4696-8dfd-c999b16a99f7","local_time":"20210127203900","daily_mods":["Draft","Purple Cards","Midas"],"is_ascension_mode":false,"campfire_choices":[{"floor":6.0,"key":"REST"},{"floor":8.0,"key":"REST"},{"floor":15.0,"key":"REST"},{"floor":23.0,"key":"REST"},{"floor":25.0,"key":"REST"},{"floor":30,"key":"REST"},{"floor":32,"key":"DIG"},{"floor":41,"key":"DIG"},{"floor":47,"key":"DIG"},{"floor":49,"key":"DIG"}],"circlet_count":0,"master_deck":["BattleHymn","CutThroughFate","Conserve Battery","Consume","Turbo","Cold Snap","Consume","Ball Lightning","SashWhip","Coolheaded+1","CrushJoints","Self Repair","TalkToTheHand+1","Glacier","Aggregate","Steam Power","Coolheaded","Steam","Defragment","Defragment","SashWhip+1","Echo Form","Collect+1","Undo+1","Hologram","Chill","Seek","Hologram","DeceiveReality","Creative AI","ThirdEye+1","Coolheaded","Stack+1","Cold Snap+1","Defragment","Meteor Strike+1"],"relics":["Cracked Core","Sling","Bag of Marbles","Regal Pillow","Inserter","Sundial","Eternal Feather","StrikeDummy","Symbiotic Virus","Unceasing Top","Shovel","Ornamental Fan","Fusion Hammer","Bottled Lightning","DataDisk","Bottled Flame","Molten Egg 2","Centennial Puzzle","Bag of Preparation","Whetstone","Vajra","HornCleat"],"acts_visited":["Exordium","TheCity","TheBeyond"],"potions_floor_usage":[],"damage_taken":[{"damage":0.0,"enemies":"Cultist","floor":1.0,"turns":3.0},{"damage":7.0,"enemies":"Jaw Worm","floor":2.0,"turns":2.0},{"damage":8.0,"enemies":"Small Slimes","floor":3.0,"turns":3.0},{"damage":7.0,"enemies":"3 Louse","floor":4.0,"turns":4.0},{"damage":6.0,"enemies":"2 Fungi Beasts","floor":5.0,"turns":3.0},{"damage":6.0,"enemies":"Exordium Thugs","floor":10.0,"turns":4.0},{"damage":1.0,"enemies":"Blue Slaver","floor":11.0,"turns":3.0},{"damage":0.0,"enemies":"Exordium Wildlife","floor":12.0,"turns":5.0},{"damage":2.0,"enemies":"Looter","floor":13.0,"turns":2.0},{"damage":8.0,"enemies":"Gremlin Nob","floor":14.0,"turns":4.0},{"damage":5.0,"enemies":"Slime Boss","floor":16.0,"turns":10.0},{"damage":13.0,"enemies":"2 Thieves","floor":18.0,"turns":5.0},{"damage":4.0,"enemies":"Chosen","floor":19.0,"turns":5.0},{"damage":0.0,"enemies":"Snecko","floor":20.0,"turns":9.0},{"damage":21.0,"enemies":"Sentry and Sphere","floor":21.0,"turns":6.0},{"damage":15.0,"enemies":"Cultist and Chosen","floor":22.0,"turns":8.0},{"damage":52.0,"enemies":"Book of Stabbing","floor":24.0,"turns":5.0},{"damage":29.0,"enemies":"Slavers","floor":27.0,"turns":8.0},{"damage":0,"enemies":"3 Cultists","floor":28,"turns":9},{"damage":34,"enemies":"Gremlin Leader","floor":29,"turns":7},{"damage":0,"enemies":"Automaton","floor":33,"turns":12},{"damage":2,"enemies":"Orb Walker","floor":35,"turns":5},{"damage":2,"enemies":"3 Darklings","floor":36,"turns":7},{"damage":9,"enemies":"Jaw Worm Horde","floor":39,"turns":7},{"damage":21,"enemies":"Nemesis","floor":40,"turns":5},{"damage":0,"enemies":"Giant Head","floor":42,"turns":10},{"damage":0,"enemies":"Sphere and 2 Shapes","floor":44,"turns":6},{"damage":2,"enemies":"3 Darklings","floor":48,"turns":9},{"damage":14,"enemies":"Time Eater","floor":50,"turns":11}],"seed_played":"9192803745042345800","potions_obtained":[{"floor":2.0,"key":"GamblersBrew"},{"floor":3.0,"key":"Ancient Potion"},{"floor":11.0,"key":"Ancient Potion"}],"is_trial":false,"path_per_floor":["M","M","M","M","M","R","$","R","T","M","M","M","M","E","R","B",null,"M","M","M","M","M","R","E","R","T","E","M","E","R","$","R","B",null,"M","M","?","$","M","E","R","E","T","M","?","$","R","M","R","B",null],"character_chosen":"DEFECT","items_purchased":["Sling","Steam","Unceasing Top","Shovel","Hologram","DeceiveReality","Coolheaded","Bottled Lightning","FairyPotion","DuplicationPotion","Bag of Preparation","Whetstone","Defragment"],"campfire_rested":6,"item_purchase_floors":[7,7,31,31,31,31,38,38,38,38,46,46,46],"current_hp_per_floor":[75,68,67,67,68,75,75,75,75,75,75,75,75,74,75,75,75,69,72,75,61,53,75,23,60,60,38,45,18,73,73,75,75,75,75,73,73,73,71,57,75,75,75,75,75,75,75,75,75,68],"gold":95,"neow_bonus":"","is_daily":true,"chose_seed":false,"campfire_upgraded":0,"win_rate":0.0,"timestamp":1611797940,"path_taken":["M","M","M","M","M","R","$","R","T","?","M","M","M","E","R","BOSS","M","M","M","M","M","R","E","R","T","E","M","E","R","$","R","BOSS","M","M","?","$","?","E","R","E","T","M","?","$","R","M","R","BOSS"],"items_purchased_type":["Relic","Card","Relic","Relic","Card","Card","Card","Relic","Potion","Potion","Relic","Relic","Card"],"build_version":"2020-12-22","purchased_purges":3,"victory":true,"max_hp_per_floor":[75,75,75,75,75,75,75,75,75,75,75,75,75,75,75,75,75,75,75,75,75,75,75,75,75,75,75,75,75,75,75,75,75,75,75,75,75,75,75,75,75,75,75,75,75,75,75,75,75,75],"relic_stats":{"Regal Pillow":30,"Centennial Puzzle":[6],"Inserter":[67],"Shovel":4,"counters":[29,177],"Sundial":[10],"Ornamental Fan":[96],"Eternal Feather":38,"Bag of Preparation":[4],"Whetstone":["SashWhip","TalkToTheHand"],"obtain_stats":[{"Regal Pillow":14,"Inserter":17,"Vajra":47,"Eternal Feather":26,"Bag of Preparation":46,"Whetstone":46,"Sling":7,"DataDisk":40,"Bottled Flame":41,"Centennial Puzzle":43,"Shovel":31,"HornCleat":49,"Sundial":24,"Ornamental Fan":32,"Molten Egg 2":42,"Fusion Hammer":34,"Bag of Marbles":9,"Bottled Lightning":38,"Cracked Core":0,"StrikeDummy":27,"Symbiotic Virus":29,"Unceasing Top":31},{"Regal Pillow":10,"Inserter":11,"Vajra":27,"Eternal Feather":17,"Bag of Preparation":27,"Whetstone":27,"Sling":5,"DataDisk":25,"Bottled Flame":25,"Centennial Puzzle":26,"Shovel":20,"HornCleat":28,"Sundial":17,"Ornamental Fan":20,"Molten Egg 2":26,"Fusion Hammer":21,"Bag of Marbles":5,"Bottled Lightning":23,"Cracked Core":0,"StrikeDummy":18,"Symbiotic Virus":20,"Unceasing Top":20},{"Regal Pillow":33,"Inserter":43,"Vajra":157,"Eternal Feather":81,"Bag of Preparation":157,"Whetstone":157,"Sling":15,"DataDisk":141,"Bottled Flame":141,"Centennial Puzzle":151,"Shovel":105,"HornCleat":166,"Sundial":81,"Ornamental Fan":105,"Molten Egg 2":151,"Fusion Hammer":117,"Bag of Marbles":15,"Bottled Lightning":129,"Cracked Core":0,"StrikeDummy":89,"Symbiotic Virus":105,"Unceasing Top":105}],"Unceasing Top":[30]},"card_choices":[{"not_picked":["EmptyFist","FlyingSleeves"],"picked":"BattleHymn","floor":0.0},{"not_picked":["Static Discharge","Worship"],"picked":"CutThroughFate","floor":0.0},{"not_picked":["Gash","Halt"],"picked":"EmptyBody","floor":0.0},{"not_picked":["Redo","Rebound"],"picked":"Conserve Battery","floor":0.0},{"not_picked":["CutThroughFate","Hologram"],"picked":"Consume","floor":0.0},{"not_picked":["FollowUp","PathToVictory"],"picked":"Turbo","floor":0.0},{"not_picked":["CrushJoints","Study"],"picked":"Cold Snap","floor":0.0},{"not_picked":["Perseverance","Rebound"],"picked":"Beam Cell","floor":0.0},{"not_picked":["CrushJoints","FollowUp"],"picked":"Consume","floor":0.0},{"not_picked":["Rip and Tear","Consecrate"],"picked":"Ball Lightning","floor":0.0},{"not_picked":["PathToVictory","Prostrate"],"picked":"SashWhip","floor":0.0},{"not_picked":["Hologram","InnerPeace"],"picked":"Coolheaded","floor":0.0},{"not_picked":["EmptyFist","Halt"],"picked":"CrushJoints","floor":0.0},{"not_picked":["SandsOfTime","Scrape"],"picked":"Self Repair","floor":0.0},{"not_picked":["Collect","Turbo"],"picked":"TalkToTheHand","floor":0.0},{"not_picked":["Ball Lightning","SashWhip"],"picked":"Glacier","floor":1.0},{"not_picked":["EmptyBody","WindmillStrike"],"picked":"Aggregate","floor":2.0},{"not_picked":["FearNoEvil","Consume"],"picked":"Steam Power","floor":3.0},{"not_picked":["FlurryOfBlows","Rebound","EmptyBody"],"picked":"SKIP","floor":4.0},{"not_picked":["Gash","EmptyBody"],"picked":"Coolheaded","floor":5.0},{"not_picked":["Compile Driver","JustLucky"],"picked":"Defragment","floor":10.0},{"not_picked":["Steam","Cold Snap"],"picked":"Defragment","floor":11.0},{"not_picked":["Rebound","FlurryOfBlows"],"picked":"Wallop","floor":12.0},{"not_picked":["Stack","Halt"],"picked":"SashWhip","floor":13.0},{"not_picked":["EmptyBody","Adaptation"],"picked":"Multi-Cast","floor":14.0},{"not_picked":["Hyperbeam","Wish"],"picked":"Echo Form","floor":16.0},{"not_picked":["Barrage","Compile Driver"],"picked":"Collect+1","floor":18.0},{"not_picked":["Steam Power","Gash+1"],"picked":"Undo+1","floor":19.0},{"not_picked":["Prostrate","Rebound"],"picked":"Hologram","floor":20.0},{"not_picked":["Perseverance","Sunder+1"],"picked":"Fasting2","floor":21.0},{"not_picked":["Reprogram","CrushJoints+1","Swivel+1"],"picked":"SKIP","floor":22.0},{"not_picked":["Conserve Battery","BootSequence"],"picked":"Chill","floor":24.0},{"not_picked":["Ball Lightning","Beam Cell","Recycle"],"picked":"SKIP","floor":27.0},{"not_picked":["Turbo+1","Melter","Reprogram+1"],"picked":"SKIP","floor":28},{"not_picked":["Aggregate","Sunder"],"picked":"Seek","floor":29},{"not_picked":["Brilliance","Wish"],"picked":"Creative AI","floor":33},{"not_picked":["Sweeping Beam+1","Prostrate"],"picked":"ThirdEye+1","floor":35},{"not_picked":["Rip and Tear+1","Redo","Genetic Algorithm+1"],"picked":"SKIP","floor":36},{"not_picked":["Sweeping Beam","Streamline+1"],"picked":"Stack+1","floor":39},{"not_picked":["Conclude+1","Steam"],"picked":"Cold Snap+1","floor":40},{"not_picked":["CutThroughFate+1","Evaluate+1","Hologram+1"],"picked":"SKIP","floor":42},{"not_picked":["Reinforced Body+1","BowlingBash+1","Rebound+1"],"picked":"SKIP","floor":44},{"not_picked":["Rebound+1","FlurryOfBlows+1"],"picked":"Meteor Strike+1","floor":48}],"player_experience":765659,"relics_obtained":[{"floor":9.0,"key":"Bag of Marbles"},{"floor":14.0,"key":"Regal Pillow"},{"floor":24.0,"key":"Sundial"},{"floor":26.0,"key":"Eternal Feather"},{"floor":27.0,"key":"StrikeDummy"},{"floor":29,"key":"Symbiotic Virus"},{"floor":32,"key":"Ornamental Fan"},{"floor":40,"key":"DataDisk"},{"floor":41,"key":"Bottled Flame"},{"floor":42,"key":"Molten Egg 2"},{"floor":43,"key":"Centennial Puzzle"},{"floor":47,"key":"Vajra"},{"floor":49,"key":"HornCleat"}],"event_choices":[{"cards_removed":["Wallop"],"damage_healed":0,"gold_gain":0,"player_choice":"Upgrade and Remove","damage_taken":0,"max_hp_gain":0,"max_hp_loss":0,"event_name":"Designer","floor":37,"gold_loss":90,"cards_upgraded":["Coolheaded"]},{"cards_removed":["Beam Cell"],"damage_healed":0,"gold_gain":0,"player_choice":"Removed Attack","damage_taken":0,"max_hp_gain":0,"max_hp_loss":0,"event_name":"Falling","floor":45,"gold_loss":0}],"is_beta":false,"boss_relics":[{"not_picked":["Runic Dome","Astrolabe"],"picked":"Inserter"},{"not_picked":["Calling Bell","Philosopher\u0027s Stone"],"picked":"Fusion Hammer"}],"items_purged_floors":[7,31,46],"is_endless":false,"potions_floor_spawned":[2,3,11,12,16,19,22,29,42,48],"ascension_level":0}}