{"host":"aqym1xxr3lb31d9m","time":1611834346,"event":{"mods":["BaseMod","Block Reminder","Colored Map","Colored Powertips","DeckTracker","Highlight Path","Minty Spire (QoL Compilation)","Quick Restart","Random Character Button","StSLib","SuperFastMode","UnlockEverythingMod"],"gold_per_floor":[113,60,60,74,93,93,119,119,144,160,19,53,53,78,78,155,155,166,176,176,176,186,186,216,232,256,256,282,282,227,262,262,341,341,355,372,372,397,409,409,409],"floor_reached":40,"language":"JPN","playtime":1869,"items_purged":[],"score":1074,"play_id":"5317e9bd-f21a-455b-8305-0f1ee5cdf50d","local_time":"20210128204546","is_ascension_mode":true,"campfire_choices":[{"data":"Streamline","floor":6,"key":"SMITH"},{"data":"Defragment","floor":8,"key":"SMITH"},{"data":"Lockon","floor":15,"key":"SMITH"},{"data":"Glacier","floor":23,"key":"SMITH"},{"floor":27,"key":"RECALL"},{"floor":32,"key":"REST"}],"circlet_count":0,"master_deck":["AscendersBane","Defend_B+1","Defend_B+1","Defend_B+1","Defend_B+1","Zap","Dualcast","Streamline+1","Defragment+1","Compile Driver","Lockon+1","Cold Snap","Glacier+1","Ball Lightning","Ball Lightning","Electrodynamics","Cold Snap","Force Field","Cold Snap+1","Conserve Battery+1","Sweeping Beam+1","Hologram","Chaos","Creative AI","Auto Shields+1","Sunder+1","Sunder+1","Compile Driver+1","Rebound","Static Discharge"],"relics":["Cracked Core","NeowsBlessing","Potion Belt","Happy Flower","Shuriken","Anchor","Velvet Choker","Regal Pillow","Letter Opener","PreservedInsect","Astrolabe","Gambling Chip"],"acts_visited":["Exordium","TheCity","TheBeyond"],"potions_floor_usage":[7,12,12,16,24,31,33,39],"damage_taken":[{"damage":0,"enemies":"Small Slimes","floor":1,"turns":1},{"damage":0,"enemies":"Cultist","floor":4,"turns":1},{"damage":0,"enemies":"2 Louse","floor":5,"turns":1},{"damage":8,"enemies":"Gremlin Nob","floor":7,"turns":3},{"damage":6,"enemies":"2 Fungi Beasts","floor":10,"turns":3},{"damage":10,"enemies":"3 Sentries","floor":12,"turns":7},{"damage":2,"enemies":"Lagavulin","floor":14,"turns":6},{"damage":0,"enemies":"Slime Boss","floor":16,"turns":7},{"damage":0,"enemies":"Chosen","floor":18,"turns":3},{"damage":18,"enemies":"Shell Parasite","floor":19,"turns":3},{"damage":0,"enemies":"Centurion and Healer","floor":22,"turns":7},{"damage":0,"enemies":"Gremlin Leader","floor":24,"turns":5},{"damage":7,"enemies":"Chosen and Byrds","floor":25,"turns":6},{"damage":12,"enemies":"Book of Stabbing","floor":28,"turns":5},{"damage":24,"enemies":"Slavers","floor":31,"turns":3},{"damage":6,"enemies":"Champ","floor":33,"turns":12},{"damage":16,"enemies":"3 Darklings","floor":35,"turns":4},{"damage":0,"enemies":"Orb Walker","floor":36,"turns":3},{"damage":0,"enemies":"Mind Bloom Boss Battle","floor":38,"turns":9},{"damage":17,"enemies":"Writhing Mass","floor":39,"turns":12},{"damage":33,"enemies":"Reptomancer","floor":40,"turns":4}],"seed_played":"-257967371333056454","potions_obtained":[{"floor":1,"key":"Swift Potion"},{"floor":4,"key":"SteroidPotion"},{"floor":12,"key":"AttackPotion"},{"floor":18,"key":"EntropicBrew"},{"floor":19,"key":"Strength Potion"},{"floor":28,"key":"CultistPotion"},{"floor":36,"key":"Strength Potion"},{"floor":38,"key":"Dexterity Potion"}],"is_trial":false,"path_per_floor":["M","$","?","M","M","R","E","R","T","M","$","E","$","E","R","B",null,"M","M","?","?","M","R","E","M","T","R","E","?","$","E","R","B",null,"M","M","?","?","M","E"],"character_chosen":"DEFECT","items_purchased":["Explosive Potion","Glacier","SkillPotion","Hologram"],"campfire_rested":1,"item_purchase_floors":[2,11,11,30],"current_hp_per_floor":[64,64,64,64,64,64,56,56,56,50,50,40,40,38,38,38,63,63,45,45,45,45,45,45,38,38,38,26,26,26,2,38,32,61,45,45,45,45,28,0,0],"gold":409,"neow_bonus":"THREE_ENEMY_KILL","is_daily":false,"chose_seed":false,"campfire_upgraded":4,"win_rate":0.0,"timestamp":1611834346,"path_taken":["M","$","?","M","M","R","E","R","T","?","?","E","$","E","R","BOSS","M","M","?","?","M","R","E","M","T","R","E","?","$","E","R","BOSS","M","M","?","?","M","E"],"items_purchased_type":["Potion","Card","Potion","Card"],"build_version":"2020-12-22","purchased_purges":0,"victory":false,"max_hp_per_floor":[71,71,71,71,71,71,71,71,71,71,71,71,71,71,71,71,71,71,71,71,71,71,71,71,71,71,71,71,71,71,71,71,71,71,71,71,71,71,71,71,71],"card_choices":[{"not_picked":["Scrape","Steam"],"picked":"Streamline","floor":1},{"not_picked":["Hologram","Barrage"],"picked":"Defragment","floor":4},{"not_picked":["Stack","Consume"],"picked":"Compile Driver","floor":5},{"not_picked":["Redo","Hologram"],"picked":"Lockon","floor":7},{"not_picked":["Compile Driver","Consume"],"picked":"Cold Snap","floor":10},{"not_picked":["Consume","Meteor Strike"],"picked":"Ball Lightning","floor":12},{"not_picked":["Go for the Eyes","Hologram"],"picked":"Ball Lightning","floor":14},{"not_picked":["Hyperbeam","Machine Learning"],"picked":"Electrodynamics","floor":16},{"not_picked":["Beam Cell","Recycle"],"picked":"Cold Snap","floor":18},{"not_picked":["Compile Driver","Sweeping Beam"],"picked":"Force Field","floor":19},{"not_picked":["Beam Cell","Aggregate+1"],"picked":"Cold Snap+1","floor":22},{"not_picked":["Chaos","Ball Lightning"],"picked":"Conserve Battery+1","floor":24},{"not_picked":["Sweeping Beam","Scrape+1","Ball Lightning"],"picked":"SKIP","floor":25},{"not_picked":["Double Energy","Aggregate"],"picked":"Sweeping Beam+1","floor":28},{"not_picked":["Tempest","Sweeping Beam"],"picked":"Chaos","floor":31},{"not_picked":["Hyperbeam","Thunder Strike"],"picked":"Creative AI","floor":33},{"not_picked":["Gash","Sweeping Beam"],"picked":"Compile Driver+1","floor":35},{"not_picked":["Heatsinks","Recycle+1"],"picked":"Rebound","floor":36},{"not_picked":["Compile Driver","Ball Lightning"],"picked":"Static Discharge","floor":38},{"not_picked":["Lockon","Rip and Tear+1","Conserve Battery"],"picked":"SKIP","floor":39}],"player_experience":4120412,"relics_obtained":[{"floor":7,"key":"Potion Belt"},{"floor":9,"key":"Happy Flower"},{"floor":12,"key":"Shuriken"},{"floor":14,"key":"Anchor"},{"floor":24,"key":"Regal Pillow"},{"floor":28,"key":"Letter Opener"},{"floor":31,"key":"PreservedInsect"},{"floor":38,"key":"Gambling Chip"}],"event_choices":[{"cards_removed":["Strike_B"],"damage_healed":0,"gold_gain":0,"player_choice":"Purged","damage_taken":0,"max_hp_gain":0,"max_hp_loss":0,"event_name":"Purifier","floor":3,"gold_loss":0},{"damage_healed":0,"gold_gain":0,"player_choice":"Ignored","damage_taken":0,"max_hp_gain":0,"max_hp_loss":0,"event_name":"Vampires","floor":20,"gold_loss":0},{"damage_healed":0,"gold_gain":0,"player_choice":"Simplicity","damage_taken":0,"max_hp_gain":0,"max_hp_loss":0,"event_name":"Back to Basics","floor":21,"gold_loss":0,"cards_upgraded":["Strike_B","Strike_B","Strike_B","Defend_B","Defend_B","Defend_B","Defend_B"]},{"damage_healed":0,"gold_gain":0,"player_choice":"Ignored","damage_taken":0,"max_hp_gain":0,"max_hp_loss":0,"event_name":"Ghosts","floor":29,"gold_loss":0},{"damage_healed":0,"gold_gain":0,"player_choice":"Ignored","damage_taken":0,"max_hp_gain":0,"max_hp_loss":0,"event_name":"Tomb of Lord Red Mask","floor":37,"gold_loss":0},{"damage_healed":0,"gold_gain":0,"player_choice":"Fight","damage_taken":0,"max_hp_gain":0,"max_hp_loss":0,"event_name":"MindBloom","floor":38,"gold_loss":0}],"is_beta":false,"boss_relics":[{"not_picked":["Pandora\u0027s Box","Cursed Key"],"picked":"Velvet Choker"},{"not_picked":["Sozu","Fusion Hammer"],"picked":"Astrolabe"}],"items_purged_floors":[],"is_endless":false,"potions_floor_spawned":[1,4,5,12,18,19,28,36,38],"killed_by":"Reptomancer","ascension_level":20}}