{"host":"na09lpbrez4gbfiz","time":1611846625,"event":{"mods":["Act Like it!","BaseMod","BetterRewards","Colored Map","Colored Powertips","DeckTracker","Googly Eyes","Highlight Path","Minty Spire (QoL Compilation)","Quick Restart","Spicy Shops","StSLib","SuperFastMode","Synergy Search"],"gold_per_floor":[115,115,15,15,15,15,90,122,146,173,191,204,215,62,62,62,62],"floor_reached":16,"language":"ENG","playtime":361,"items_purged":["Strike_R"],"score":192,"play_id":"cff9d512-9d50-472d-9cc4-d2966be6bb27","local_time":"20210128161025","is_ascension_mode":true,"campfire_choices":[{"floor":6,"key":"REST"},{"floor":15,"key":"REST"}],"circlet_count":0,"master_deck":["AscendersBane","Strike_R","Strike_R","Strike_R","Defend_R","Defend_R","Defend_R","Defend_R","Bash","Inflame","Flame Barrier"],"relics":["Fusion Hammer","Bag of Preparation","Mango","Orichalcum","Matryoshka","TheAbacus"],"acts_visited":["Exordium"],"potions_floor_usage":[3,8,16],"damage_taken":[{"damage":7,"enemies":"Jaw Worm","floor":1,"turns":2},{"damage":15,"enemies":"3 Sentries","floor":8,"turns":6},{"damage":8,"enemies":"Gremlin Nob","floor":10,"turns":4},{"damage":0,"enemies":"Cultist","floor":11,"turns":4},{"damage":0,"enemies":"2 Louse","floor":12,"turns":3},{"damage":10,"enemies":"Large Slime","floor":13,"turns":6},{"damage":83,"enemies":"Hexaghost","floor":16,"turns":14}],"seed_played":"-6757687080473785936","potions_obtained":[{"floor":1,"key":"AttackPotion"},{"floor":11,"key":"DistilledChaos"},{"floor":13,"key":"EssenceOfSteel"}],"is_trial":false,"path_per_floor":["M","?","$","?","$","R","?","E","T","E","M","M","M","$","R","B"],"character_chosen":"IRONCLAD","items_purchased":["Fruit Juice","TheAbacus"],"campfire_rested":2,"item_purchase_floors":[3,14],"current_hp_per_floor":[65,65,70,52,52,77,66,65,65,57,57,57,47,47,76,0,0],"gold":62,"neow_bonus":"BOSS_RELIC","is_daily":false,"chose_seed":false,"campfire_upgraded":0,"win_rate":0.0,"timestamp":1611846625,"path_taken":["M","?","?","?","$","R","?","E","T","E","M","?","M","$","R","BOSS"],"items_purchased_type":["Potion","Relic"],"build_version":"2020-12-22","purchased_purges":1,"victory":false,"max_hp_per_floor":[80,80,85,85,85,85,85,99,99,99,99,99,99,99,99,99,99],"card_choices":[{"not_picked":["Perfected Strike","Shockwave"],"picked":"Inflame","floor":1},{"not_picked":["Entrench","Burning Pact"],"picked":"Flame Barrier","floor":8},{"not_picked":["Clash","Wild Strike","Cleave"],"picked":"SKIP","floor":10},{"not_picked":["Intimidate","Clothesline","Rupture"],"picked":"SKIP","floor":11},{"not_picked":["Twin Strike","Havoc","Dark Embrace"],"picked":"SKIP","floor":12},{"not_picked":["Twin Strike","Juggernaut","Thunderclap"],"picked":"SKIP","floor":13}],"player_experience":184007,"relics_obtained":[{"floor":8,"key":"Mango"},{"floor":9,"key":"Orichalcum"},{"floor":10,"key":"Matryoshka"}],"event_choices":[{"cards_removed":["Strike_R"],"damage_healed":0,"gold_gain":0,"player_choice":"Purged","damage_taken":0,"max_hp_gain":0,"max_hp_loss":0,"event_name":"Purifier","floor":2,"gold_loss":0},{"damage_healed":0,"gold_gain":0,"player_choice":"Success","damage_taken":18,"relics_obtained":["Bag of Preparation"],"max_hp_gain":0,"max_hp_loss":0,"event_name":"Scrap Ooze","floor":4,"gold_loss":0},{"damage_healed":0,"gold_gain":75,"player_choice":"Gather Gold","damage_taken":11,"max_hp_gain":0,"max_hp_loss":0,"event_name":"World of Goop","floor":7,"gold_loss":0}],"is_beta":false,"boss_relics":[],"items_purged_floors":[14],"is_endless":false,"potions_floor_spawned":[1,11,13],"killed_by":"Hexaghost","ascension_level":11}}