{"host":"qbjtml023iza03hb","time":1611792189,"event":{"mods":["AchievementEnabler","BaseMod","Hermit","Minty Spire (QoL Compilation)","StSLib","The Animator","The Cursed"],"gold_per_floor":[118,136,156,174,188,222,234,267,267,279,291,303,332,361,373,490,502,526,553,600,612,635,647,690,702,714,388,400,400,500,516,516,614,614,626,643,654,471,481,513,513,526,526,526,526,557,574,586,586,586,586,586,368,400,400],"floor_reached":56,"language":"FRA","playtime":3208,"items_purged":["TheCursedMod:VitalStrike"],"score":1595,"play_id":"87b133bf-334d-4b1a-b38e-9c5ad0de5f5a","local_time":"20210128010309","is_ascension_mode":false,"campfire_choices":[{"data":"TheCursedMod:CursedSpellbook","floor":10,"key":"SMITH"},{"data":"TheCursedMod:CircleOfWindfury","floor":12,"key":"SMITH"},{"data":"TheCursedMod:RavingStaff","floor":15,"key":"SMITH"},{"data":"TheCursedMod:NeowsMight","floor":23,"key":"SMITH"},{"data":"TheCursedMod:FuryStrike","floor":29,"key":"SMITH"},{"data":"TheCursedMod:FuryStrike","floor":32,"key":"SMITH"},{"data":"TheCursedMod:StunningStrike","floor":41,"key":"SMITH"},{"data":"TheCursedMod:SpitefulStrike","floor":45,"key":"SMITH"},{"floor":49,"key":"RECALL"},{"data":"TheCursedMod:FuryStrike","floor":52,"key":"SMITH"}],"circlet_count":0,"master_deck":["TheCursedMod:CleanUpWorkshop+1","TheCursedMod:SpitefulStrike+1","TheCursedMod:TacticalStrike","TheCursedMod:FuryStrike+1","TheCursedMod:FuryStrike+1","TheCursedMod:CircleOfWindfury+1","TheCursedMod:CursedSpellbook+1","TheCursedMod:StunningStrike+1","TheCursedMod:SpitefulStrike+1","TheCursedMod:SurpriseAttack+1","TheCursedMod:RavingStaff+1","TheCursedMod:TacticalStrike","TheCursedMod:NeowsMight+1","TheCursedMod:FuryStrike+1","TheCursedMod:FuryStrike+1","TheCursedMod:SurpriseAttack","TheCursedMod:StunningStrike+1","TheCursedMod:CircleOfWindfury"],"relics":["TheCursedMod:FourLeafCloverCharm","Blood Vial","Centennial Puzzle","MawBank","TheCursedMod:OminousMark","Red Mask","MutagenicStrength","Question Card","Whetstone","Kunai","Gambling Chip","HornCleat","Black Star","Ancient Tea Set","Shuriken","Mercury Hourglass","InkBottle","Chemical X","Mango","Happy Flower"],"acts_visited":["Exordium","TheCity","TheBeyond","TheEnding"],"potions_floor_usage":[6,16,19,30,33,35,38,55,55,55],"damage_taken":[{"damage":0,"enemies":"Cultist","floor":1,"turns":1},{"damage":0,"enemies":"Small Slimes","floor":2,"turns":1},{"damage":0,"enemies":"Jaw Worm","floor":3,"turns":1},{"damage":5,"enemies":"3 Louse","floor":4,"turns":2},{"damage":0,"enemies":"Blue Slaver","floor":5,"turns":2},{"damage":18,"enemies":"3 Sentries","floor":6,"turns":4},{"damage":0,"enemies":"Red Slaver","floor":7,"turns":1},{"damage":0,"enemies":"Gremlin Nob","floor":8,"turns":2},{"damage":0,"enemies":"Lots of Slimes","floor":13,"turns":1},{"damage":0,"enemies":"2 Fungi Beasts","floor":14,"turns":1},{"damage":0,"enemies":"Slime Boss","floor":16,"turns":2},{"damage":0,"enemies":"Spheric Guardian","floor":18,"turns":1},{"damage":0,"enemies":"Shell Parasite","floor":19,"turns":1},{"damage":0,"enemies":"Masked Bandits","floor":20,"turns":1},{"damage":0,"enemies":"3 Cultists","floor":22,"turns":1},{"damage":14,"enemies":"Slavers","floor":24,"turns":2},{"damage":6,"enemies":"Cultist and Chosen","floor":28,"turns":2},{"damage":0,"enemies":"Colosseum Slavers","floor":30,"turns":1},{"damage":0,"enemies":"Colosseum Nobs","floor":30,"turns":1},{"damage":6,"enemies":"Chosen and Byrds","floor":31,"turns":2},{"damage":0,"enemies":"Champ","floor":33,"turns":1},{"damage":0,"enemies":"Orb Walker","floor":35,"turns":1},{"damage":4,"enemies":"3 Shapes","floor":36,"turns":1},{"damage":0,"enemies":"Maw","floor":37,"turns":1},{"damage":0,"enemies":"Spire Growth","floor":39,"turns":1},{"damage":0,"enemies":"Giant Head","floor":40,"turns":1},{"damage":0,"enemies":"Jaw Worm Horde","floor":42,"turns":1},{"damage":0,"enemies":"Nemesis","floor":46,"turns":1},{"damage":0,"enemies":"Transient","floor":47,"turns":1},{"damage":0,"enemies":"Writhing Mass","floor":48,"turns":1},{"damage":0,"enemies":"Donu and Deca","floor":50,"turns":1},{"damage":0,"enemies":"Shield and Spear","floor":54,"turns":1},{"damage":54,"enemies":"The Heart","floor":55,"turns":4}],"seed_played":"1986385286198673588","potions_obtained":[{"floor":2,"key":"Regen Potion"},{"floor":3,"key":"PowerPotion"},{"floor":7,"key":"DuplicationPotion"},{"floor":8,"key":"FearPotion"},{"floor":19,"key":"FearPotion"},{"floor":24,"key":"PowerPotion"},{"floor":33,"key":"Fruit Juice"},{"floor":36,"key":"Fire Potion"},{"floor":42,"key":"SkillPotion"},{"floor":46,"key":"Strength Potion"}],"is_trial":false,"path_per_floor":["M","M","M","M","M","E","M","E","T","R","?","R","M","M","R","B",null,"M","M","?","?","M","R","E","?","T","$","M","R","?","M","R","B",null,"M","M","M","$","M","E","R","M","T","?","R","E","M","M","R","B",null,"R","$","E","B",null],"character_chosen":"THE_CURSED","items_purchased":["TheCursedMod:FuryStrike","Kunai","TheCursedMod:StunningStrike","Fruit Juice","Chemical X"],"campfire_rested":0,"item_purchase_floors":[27,27,38,38,53],"current_hp_per_floor":[75,75,75,70,70,61,63,65,65,65,50,50,52,54,54,56,75,75,75,75,75,75,75,61,61,61,61,57,57,61,57,57,59,75,80,76,78,83,85,85,85,85,85,85,85,85,85,85,85,85,85,85,85,99,45],"gold":400,"neow_bonus":"REMOVE_CARD","is_daily":false,"chose_seed":false,"campfire_upgraded":9,"win_rate":0.0,"timestamp":1611792189,"path_taken":["M","M","M","M","M","E","M","E","T","R","?","R","M","M","R","BOSS","M","M","?","?","M","R","E","?","T","$","M","R","?","M","R","BOSS","M","M","M","$","M","E","R","M","T","?","R","E","M","M","R","BOSS","R","$","E","BOSS"],"items_purchased_type":["Card","Relic","Card","Potion","Relic"],"build_version":"2020-12-22","purchased_purges":1,"victory":true,"max_hp_per_floor":[75,75,75,75,75,75,75,75,75,75,75,75,75,75,75,75,75,75,75,75,75,75,75,75,75,75,75,75,75,75,75,75,75,75,80,80,80,85,85,85,85,85,85,85,85,85,85,85,85,85,85,85,85,99,99],"card_choices":[{"not_picked":["TheCursedMod:WearCloak","TheCursedMod:RavingStaff"],"picked":"TheCursedMod:SpitefulStrike","floor":1},{"not_picked":["TheCursedMod:VitalStrike","TheCursedMod:SaltUponWound"],"picked":"TheCursedMod:SurpriseAttack","floor":2},{"not_picked":["TheCursedMod:Grudge","TheCursedMod:AbyssShockwave","TheCursedMod:CursedAmulet"],"picked":"SKIP","floor":3},{"not_picked":["TheCursedMod:CursedAmulet","TheCursedMod:Torture","TheCursedMod:SpreadPlague"],"picked":"SKIP","floor":4},{"not_picked":["TheCursedMod:Stretching","TheCursedMod:SpitefulPlan","TheCursedMod:CircleOfFocus"],"picked":"SKIP","floor":5},{"not_picked":["TheCursedMod:CollectTribute","TheCursedMod:Obscuration"],"picked":"TheCursedMod:RavingStaff","floor":6},{"not_picked":["TheCursedMod:StingEye","TheCursedMod:CursedShiv","TheCursedMod:Evocation"],"picked":"SKIP","floor":7},{"not_picked":["TheCursedMod:ForbiddenAlchemy","TheCursedMod:CircleOfBlood","TheCursedMod:AntiAging"],"picked":"SKIP","floor":8},{"not_picked":["TheCursedMod:HellsGateOpen","TheCursedMod:CursedBlade","TheCursedMod:AshesToAshes"],"picked":"SKIP","floor":13},{"not_picked":["TheCursedMod:Obscuration","TheCursedMod:PrepareRite"],"picked":"TheCursedMod:TacticalStrike","floor":14},{"not_picked":["TheCursedMod:DemonicPact","TheCursedMod:Neurasthenia"],"picked":"TheCursedMod:NeowsMight","floor":16},{"not_picked":["TheCursedMod:CursedShiv","TheCursedMod:Mangle+1","TheCursedMod:WearCloak+1"],"picked":"SKIP","floor":18},{"not_picked":["TheCursedMod:SaltUponWound","TheCursedMod:LuckyCharm","TheCursedMod:CursedBlade+1"],"picked":"SKIP","floor":19},{"not_picked":["TheCursedMod:RavingStaff+1","TheCursedMod:CursedBlade"],"picked":"TheCursedMod:FuryStrike+1","floor":20},{"not_picked":["TheCursedMod:Obscuration","TheCursedMod:Wield","TheCursedMod:CursedArmor+1"],"picked":"SKIP","floor":22},{"not_picked":["TheCursedMod:BlessingInDisguise","TheCursedMod:Neurasthenia","TheCursedMod:CircleOfAmplification"],"picked":"SKIP","floor":24},{"not_picked":["TheCursedMod:TacticalStrike","TheCursedMod:CursedShiv","TheCursedMod:Stretching"],"picked":"TheCursedMod:SurpriseAttack","floor":28},{"not_picked":["TheCursedMod:FleshFromBone","TheCursedMod:CircleOfCorruption","TheCursedMod:CursedStaff","TheCursedMod:SmokeScreen"],"picked":"SKIP","floor":31},{"not_picked":["TheCursedMod:SoulReap","TheCursedMod:RavingStaff+1","TheCursedMod:ManaBullet","TheCursedMod:CursedShiv+1"],"picked":"SKIP","floor":35},{"not_picked":["TheCursedMod:SmokeScreen","TheCursedMod:EmpowerCircles+1","TheCursedMod:CursedBlade+1","TheCursedMod:AshesToAshes+1"],"picked":"SKIP","floor":36},{"not_picked":["TheCursedMod:VitalStrike+1","TheCursedMod:WearCloak+1","TheCursedMod:SpitefulStrike","TheCursedMod:CircleOfCorruption+1"],"picked":"SKIP","floor":37},{"not_picked":["TheCursedMod:RapidMovement","TheCursedMod:BlessingInDisguise","TheCursedMod:WearCloak+1"],"picked":"TheCursedMod:CircleOfWindfury","floor":39},{"not_picked":["TheCursedMod:Mangle+1","TheCursedMod:Torture","TheCursedMod:AbyssShockwave","TheCursedMod:OutForBlood"],"picked":"SKIP","floor":40},{"not_picked":["TheCursedMod:CircleOfCorruption","TheCursedMod:CircleOfAmplification+1","TheCursedMod:Stretching","TheCursedMod:Evocation+1"],"picked":"SKIP","floor":42},{"not_picked":["TheCursedMod:CircleOfCorruption","TheCursedMod:EmpowerCircles","TheCursedMod:FleshFromBone+1","TheCursedMod:SpitefulPray+1"],"picked":"SKIP","floor":46},{"not_picked":["TheCursedMod:CircleOfCorruption+1","TheCursedMod:CursedShiv","TheCursedMod:RavingStaff","TheCursedMod:Torture+1"],"picked":"SKIP","floor":47},{"not_picked":["TheCursedMod:Obscuration","TheCursedMod:CursedBlade+1","TheCursedMod:ShockAndAwe","TheCursedMod:CircleOfCorruption+1"],"picked":"SKIP","floor":48},{"not_picked":["TheCursedMod:SmokeScreen+1","TheCursedMod:Neurasthenia","TheCursedMod:Wield","TheCursedMod:CursedShiv+1"],"picked":"SKIP","floor":54}],"player_experience":477898,"relics_obtained":[{"floor":6,"key":"Blood Vial"},{"floor":8,"key":"Centennial Puzzle"},{"floor":9,"key":"MawBank"},{"floor":20,"key":"Red Mask"},{"floor":24,"key":"Question Card"},{"floor":26,"key":"Whetstone"},{"floor":30,"key":"Gambling Chip"},{"floor":30,"key":"HornCleat"},{"floor":40,"key":"Ancient Tea Set"},{"floor":40,"key":"Shuriken"},{"floor":46,"key":"Mercury Hourglass"},{"floor":46,"key":"InkBottle"},{"floor":54,"key":"Mango"},{"floor":54,"key":"Happy Flower"}],"event_choices":[{"damage_healed":0,"gold_gain":0,"player_choice":"Entered Light","damage_taken":15,"max_hp_gain":0,"max_hp_loss":0,"event_name":"Shining Light","floor":11,"gold_loss":0,"cards_upgraded":["TheCursedMod:CleanUpWorkshop","TheCursedMod:SpitefulStrike"]},{"damage_healed":0,"gold_gain":0,"player_choice":"Fought Bandits","damage_taken":0,"max_hp_gain":0,"max_hp_loss":0,"event_name":"Masked Bandits","floor":20,"gold_loss":0},{"damage_healed":0,"gold_gain":0,"player_choice":"Inject Mutagens","damage_taken":0,"relics_obtained":["MutagenicStrength"],"max_hp_gain":0,"max_hp_loss":0,"event_name":"Drug Dealer","floor":21,"gold_loss":0},{"damage_healed":0,"gold_gain":0,"player_choice":"Ignored","damage_taken":0,"max_hp_gain":0,"max_hp_loss":0,"event_name":"Ghosts","floor":25,"gold_loss":0},{"damage_healed":0,"gold_gain":0,"player_choice":"Fight","damage_taken":0,"max_hp_gain":0,"max_hp_loss":0,"event_name":"Colosseum","floor":30,"gold_loss":0},{"damage_healed":0,"gold_gain":0,"player_choice":"Fought Nobs","damage_taken":0,"max_hp_gain":0,"max_hp_loss":0,"event_name":"Colosseum","floor":30,"gold_loss":0},{"damage_healed":0,"gold_gain":0,"player_choice":"Ignored","damage_taken":0,"max_hp_gain":0,"max_hp_loss":0,"event_name":"SecretPortal","floor":44,"gold_loss":0}],"is_beta":false,"boss_relics":[{"not_picked":["Velvet Choker","Runic Dome"],"picked":"TheCursedMod:OminousMark"},{"not_picked":["Runic Pyramid","Empty Cage"],"picked":"Black Star"}],"items_purged_floors":[53],"is_endless":false,"potions_floor_spawned":[2,3,7,8,14,19,24,30,33,36,42,46],"ascension_level":0}}