{"host":"gttgmv2wah99hzdm","time":1611860157,"event":{"mods":["AchievementEnabler","BaseMod","Bestiary","Block Reminder","Filter the Spire","Minty Spire (QoL Compilation)","Relic Stats","Weighted Paths","ojb\u0027s Info Mod"],"gold_per_floor":[116,132,132,144,144,144,177,177,201,201,228,38,49,83,83,159,159,175,175,175,191,60,94,94,119,119,119,44,62,82,82,82],"floor_reached":31,"language":"ENG","playtime":3002,"items_purged":["Strike_B"],"score":582,"play_id":"0b9ee076-f3cc-42fe-ae8c-c24adfd180ea","local_time":"20210128125557","is_ascension_mode":true,"campfire_choices":[{"floor":6.0,"key":"REST"},{"floor":8.0,"key":"REST"},{"floor":15.0,"key":"REST"},{"floor":24.0,"key":"REST"},{"floor":27.0,"key":"REST"}],"circlet_count":0,"master_deck":["AscendersBane","Defend_B+1","Defend_B","Zap","Dualcast","Sunder","Doom and Gloom+1","Cold Snap","Glacier","Compile Driver","Loop","Machine Learning","Buffer","Hyperbeam+1","Heatsinks+1","Undo+1","Cold Snap","Ball Lightning","Barrage"],"relics":["Fusion Hammer","DataDisk","Happy Flower","The Courier","Orrery","Shuriken","Astrolabe","Enchiridion","Toolbox","White Beast Statue","Du-Vu Doll","Cables"],"acts_visited":["Exordium","TheCity"],"potions_floor_usage":[31],"damage_taken":[{"damage":2.0,"enemies":"Jaw Worm","floor":1.0,"turns":3.0},{"damage":2.0,"enemies":"2 Louse","floor":2.0,"turns":2.0},{"damage":4.0,"enemies":"Small Slimes","floor":4.0,"turns":3.0},{"damage":25.0,"enemies":"Lagavulin","floor":7.0,"turns":6.0},{"damage":8.0,"enemies":"Gremlin Nob","floor":11.0,"turns":3.0},{"damage":0.0,"enemies":"Exordium Wildlife","floor":13.0,"turns":3.0},{"damage":11.0,"enemies":"Lagavulin","floor":14.0,"turns":4.0},{"damage":19.0,"enemies":"The Guardian","floor":16.0,"turns":10.0},{"damage":1.0,"enemies":"3 Byrds","floor":18.0,"turns":4.0},{"damage":8.0,"enemies":"Shell Parasite","floor":21.0,"turns":5.0},{"damage":14.0,"enemies":"Gremlin Leader","floor":23.0,"turns":5.0},{"damage":25.0,"enemies":"Book of Stabbing","floor":25.0,"turns":8.0},{"damage":0.0,"enemies":"Snake Plant","floor":29.0,"turns":5.0},{"damage":17,"enemies":"Shelled Parasite and Fungi","floor":30,"turns":5},{"damage":34,"enemies":"Slavers","floor":31,"turns":1}],"seed_played":"-2746994654840488350","potions_obtained":[{"floor":1.0,"key":"PowerPotion"},{"floor":11.0,"key":"PotionOfCapacity"},{"floor":18.0,"key":"DuplicationPotion"}],"is_trial":false,"path_per_floor":["M","M","?","M","?","R","E","R","T","?","E","$","M","E","R","B",null,"M","?","?","M","$","E","R","E","T","R","?","M","M","E"],"character_chosen":"DEFECT","items_purchased":["Orrery","Toolbox"],"campfire_rested":5,"item_purchase_floors":[12,22],"current_hp_per_floor":[62,60,53,49,54,76,51,73,73,50,42,42,42,31,53,34,66,65,65,44,36,36,22,44,19,19,41,41,41,24,0,0],"gold":82,"neow_bonus":"BOSS_RELIC","is_daily":false,"chose_seed":false,"campfire_upgraded":0,"win_rate":0.0,"timestamp":1611860157,"path_taken":["M","M","?","M","?","R","E","R","T","?","E","$","M","E","R","BOSS","M","?","?","M","$","E","R","E","T","R","?","?","M","E"],"items_purchased_type":["Relic","Relic"],"build_version":"2020-12-22","purchased_purges":1,"victory":false,"max_hp_per_floor":[71,71,71,71,76,76,76,76,76,76,76,76,76,76,76,76,76,76,76,76,76,76,76,76,76,76,76,76,76,76,76,76],"relic_stats":{"Happy Flower":[17],"counters":[15,67],"Shuriken":[7],"Astrolabe":["Hyperbeam","Heatsinks","Undo"],"obtain_stats":[{"Happy Flower":9,"Astrolabe":17,"Enchiridion":20,"The Courier":11,"White Beast Statue":23,"Cables":26,"Du-Vu Doll":25,"DataDisk":7,"Shuriken":14,"Orrery":12,"Toolbox":22,"Fusion Hammer":0,"Cracked Core":0},{"Happy Flower":4,"Astrolabe":8,"Enchiridion":9,"The Courier":5,"White Beast Statue":11,"Cables":12,"Du-Vu Doll":12,"DataDisk":4,"Shuriken":7,"Orrery":5,"Toolbox":10,"Fusion Hammer":0,"Cracked Core":0},{"Happy Flower":14,"Astrolabe":34,"Enchiridion":38,"The Courier":17,"White Beast Statue":48,"Cables":56,"Du-Vu Doll":56,"DataDisk":14,"Shuriken":24,"Orrery":17,"Toolbox":43,"Fusion Hammer":0,"Cracked Core":0}],"Cables":[8,1,6,1,0]},"card_choices":[{"not_picked":["Conserve Battery","Redo"],"picked":"Sunder","floor":1.0},{"not_picked":["Hologram","Leap","Redo"],"picked":"SKIP","floor":2.0},{"not_picked":["Streamline","Sweeping Beam"],"picked":"Doom and Gloom","floor":4.0},{"not_picked":["Conserve Battery","Beam Cell"],"picked":"Cold Snap","floor":7.0},{"not_picked":["Undo","Lockon"],"picked":"Glacier","floor":11.0},{"not_picked":["Chill","Ball Lightning"],"picked":"Compile Driver","floor":12.0},{"not_picked":["Genetic Algorithm","Steam"],"picked":"Loop","floor":12.0},{"not_picked":["Redo","Fusion"],"picked":"Machine Learning","floor":12.0},{"not_picked":["Rebound","Steam Power","Leap"],"picked":"SKIP","floor":13.0},{"not_picked":["Redo","Genetic Algorithm","Coolheaded"],"picked":"SKIP","floor":14.0},{"not_picked":["Rainbow","Reboot"],"picked":"Buffer","floor":16.0},{"not_picked":["Coolheaded","Stack"],"picked":"Cold Snap","floor":18.0},{"not_picked":["Beam Cell","Coolheaded"],"picked":"Ball Lightning","floor":21.0},{"not_picked":["Steam Power","Reinforced Body","Turbo"],"picked":"SKIP","floor":23.0},{"not_picked":["Compile Driver+1","Genetic Algorithm"],"picked":"Barrage","floor":25.0},{"not_picked":["Beam Cell","Stack","Compile Driver"],"picked":"SKIP","floor":29.0},{"not_picked":["Chaos+1","Storm","Beam Cell"],"picked":"SKIP","floor":30}],"player_experience":1080417,"relics_obtained":[{"floor":7.0,"key":"DataDisk"},{"floor":9.0,"key":"Happy Flower"},{"floor":11.0,"key":"The Courier"},{"floor":14.0,"key":"Shuriken"},{"floor":20.0,"key":"Enchiridion"},{"floor":23.0,"key":"White Beast Statue"},{"floor":25.0,"key":"Du-Vu Doll"},{"floor":26.0,"key":"Cables"}],"event_choices":[{"cards_removed":["Strike_B"],"damage_healed":0.0,"max_hp_gain":0.0,"max_hp_loss":0.0,"gold_gain":0.0,"event_name":"Golden Wing","player_choice":"Card Removal","floor":3.0,"gold_loss":0.0,"damage_taken":7.0},{"damage_healed":0.0,"max_hp_gain":5.0,"max_hp_loss":0.0,"gold_gain":0.0,"event_name":"Big Fish","player_choice":"Donut","floor":5.0,"gold_loss":0.0,"damage_taken":0.0},{"damage_healed":0.0,"max_hp_gain":0.0,"max_hp_loss":0.0,"gold_gain":0.0,"event_name":"Shining Light","player_choice":"Entered Light","floor":10.0,"gold_loss":0.0,"damage_taken":23.0,"cards_upgraded":["Doom and Gloom","Defend_B"]},{"damage_healed":0.0,"max_hp_gain":0.0,"max_hp_loss":0.0,"gold_gain":0.0,"event_name":"Ghosts","player_choice":"Ignored","floor":19.0,"gold_loss":0.0,"damage_taken":0.0},{"damage_healed":0.0,"max_hp_gain":0.0,"max_hp_loss":0.0,"gold_gain":0.0,"event_name":"Cursed Tome","player_choice":"Obtained Book","floor":20.0,"gold_loss":0.0,"damage_taken":21.0},{"cards_removed":["Defend_B"],"damage_healed":0.0,"max_hp_gain":0.0,"max_hp_loss":0.0,"gold_gain":0.0,"event_name":"Beggar","player_choice":"Gave Gold","floor":28.0,"gold_loss":75.0,"damage_taken":0.0}],"is_beta":false,"boss_relics":[{"not_picked":["Ectoplasm","Philosopher\u0027s Stone"],"picked":"Astrolabe"}],"items_purged_floors":[12],"is_endless":false,"potions_floor_spawned":[1,11,18,21,25,29,30],"killed_by":"Slavers","ascension_level":20}}