{"host":"sc0o2qwpf9j16a4i","time":1611839323,"event":{"mods":["AchievementEnabler","BaseMod","BetterRewards","Block Reminder","Colored Map","Colored Powertips","Custom Start","Highlight Path","Minty Spire (QoL Compilation)","Relic Stats"],"gold_per_floor":[117,117,292,262,279,309,309,11,58,75,110,123,26,42,42,140,140,158,2,2,452,464,493,493,510,510,520,540,572,588,614,614,712,712,712,712],"floor_reached":35,"language":"ENG","playtime":1332,"items_purged":["Doubt"],"score":557,"play_id":"e06a9cef-c4d6-426e-95a2-e182b003afdd","local_time":"20210128150843","daily_mods":["Chimera","Blue Cards","Night Terrors"],"is_ascension_mode":false,"campfire_choices":[{"data":"Uppercut","floor":7,"key":"SMITH"},{"data":"Armaments","floor":15,"key":"SMITH"},{"floor":24,"key":"REST"},{"data":"Inflame","floor":32,"key":"SMITH"}],"circlet_count":0,"master_deck":["Bash","Survivor","Zap","Eruption","Strike_R","Strike_G","Strike_B","Defend_R","Defend_G","Defend_P","Uppercut+1","Iron Wave","True Grit","Inflame+1","Shrug It Off","Armaments+1","Hologram","Impervious","Shrug It Off","Go for the Eyes","Shrug It Off","Headbutt","Whirlwind","Leap+1","Havoc+1","Barricade"],"relics":["Burning Blood","Anchor","Gremlin Horn","Pocketwatch","Happy Flower","Vajra","Velvet Choker","Membership Card","MutagenicStrength","FossilizedHelix","Toxic Egg 2","Orichalcum","Red Mask","Black Star"],"acts_visited":["Exordium","TheCity","TheBeyond"],"potions_floor_usage":[6,6,11,11,11,11,23,23,30,31,31],"damage_taken":[{"damage":2,"enemies":"2 Louse","floor":1,"turns":4},{"damage":7,"enemies":"Small Slimes","floor":5,"turns":6},{"damage":0,"enemies":"Gremlin Nob","floor":6,"turns":1},{"damage":0,"enemies":"Cultist","floor":10,"turns":3},{"damage":0,"enemies":"3 Sentries","floor":11,"turns":5},{"damage":1,"enemies":"Exordium Wildlife","floor":12,"turns":4},{"damage":3,"enemies":"Exordium Thugs","floor":14,"turns":5},{"damage":2,"enemies":"The Guardian","floor":16,"turns":11},{"damage":0,"enemies":"3 Byrds","floor":18,"turns":7},{"damage":2,"enemies":"Chosen","floor":22,"turns":4},{"damage":1,"enemies":"Slavers","floor":23,"turns":5},{"damage":0,"enemies":"Centurion and Healer","floor":25,"turns":6},{"damage":0,"enemies":"Snecko","floor":27,"turns":5},{"damage":0,"enemies":"Chosen and Byrds","floor":28,"turns":4},{"damage":0,"enemies":"Gremlin Leader","floor":29,"turns":4},{"damage":0,"enemies":"Sentry and Sphere","floor":30,"turns":8},{"damage":15,"enemies":"Masked Bandits","floor":31,"turns":4},{"damage":0,"enemies":"Champ","floor":33,"turns":11},{"damage":0,"enemies":"3 Shapes","floor":35,"turns":1}],"seed_played":"4053934462222352438","potions_obtained":[{"floor":1,"key":"EntropicBrew"},{"floor":4,"key":"DistilledChaos"},{"floor":4,"key":"Explosive Potion"},{"floor":6,"key":"Fire Potion"},{"floor":18,"key":"PowerPotion"},{"floor":22,"key":"FearPotion"},{"floor":23,"key":"PowerPotion"},{"floor":29,"key":"Swift Potion"},{"floor":30,"key":"ElixirPotion"},{"floor":33,"key":"DistilledChaos"}],"is_trial":true,"path_per_floor":["M","?","?","?","M","E","R","$","T","M","E","M","$","M","R","B",null,"M","$","?","?","M","E","R","M","T","M","M","E","M","?","R","B",null,"M"],"character_chosen":"IRONCLAD","items_purchased":["Pocketwatch","Armaments","Membership Card","Go for the Eyes"],"campfire_rested":1,"item_purchase_floors":[8,13,19,19],"current_hp_per_floor":[80,73,73,73,72,78,78,78,78,80,80,80,80,80,80,80,80,80,80,80,34,38,43,75,75,75,75,75,75,75,66,66,72,75,75,75],"gold":712,"neow_bonus":"","is_daily":false,"chose_seed":false,"campfire_upgraded":3,"win_rate":0.0,"timestamp":1611839323,"path_taken":["M","?","?","?","M","E","R","$","T","M","E","?","?","M","R","BOSS","M","$","?","?","M","E","R","M","T","?","M","E","M","?","R","BOSS","M"],"items_purchased_type":["Relic","Card","Relic","Card"],"build_version":"2020-12-22","purchased_purges":1,"victory":false,"max_hp_per_floor":[80,80,80,80,80,80,80,80,80,80,80,80,80,80,80,80,80,80,80,80,80,80,80,75,75,75,75,75,75,75,75,75,75,75,75,75],"relic_stats":{"Gremlin Horn":[17,17],"Happy Flower":[29],"counters":[19,97],"Black Star":0,"Orichalcum":[24],"obtain_stats":[{"Gremlin Horn":6,"Happy Flower":9,"Vajra":11,"Velvet Choker":17,"Orichalcum":29,"Burning Blood":0,"Anchor":2,"MutagenicStrength":20,"Red Mask":31,"Black Star":34,"Membership Card":19,"Toxic Egg 2":26,"FossilizedHelix":23,"Pocketwatch":8},{"Gremlin Horn":3,"Happy Flower":3,"Vajra":5,"Velvet Choker":8,"Orichalcum":15,"Burning Blood":0,"Anchor":1,"MutagenicStrength":9,"Red Mask":17,"Black Star":18,"Membership Card":9,"Toxic Egg 2":12,"FossilizedHelix":11,"Pocketwatch":3},{"Gremlin Horn":11,"Happy Flower":11,"Vajra":19,"Velvet Choker":39,"Orichalcum":74,"Burning Blood":0,"Anchor":4,"MutagenicStrength":46,"Red Mask":86,"Black Star":97,"Membership Card":46,"Toxic Egg 2":61,"FossilizedHelix":55,"Pocketwatch":11}],"Burning Blood":46,"Pocketwatch":[120]},"card_choices":[{"not_picked":["Dual Wield","Evolve"],"picked":"Uppercut","floor":1},{"not_picked":["Defragment","Thunderclap"],"picked":"Iron Wave","floor":5},{"not_picked":["Tempest","Body Slam","Steam Power"],"picked":"SKIP","floor":6},{"not_picked":["Iron Wave","Go for the Eyes"],"picked":"True Grit","floor":10},{"not_picked":["Immolate","Redo"],"picked":"Inflame","floor":11},{"not_picked":["Sword Boomerang","Dark Embrace"],"picked":"Shrug It Off","floor":12},{"not_picked":["Blizzard","Anger"],"picked":"Hologram","floor":14},{"not_picked":["Offering","Limit Break"],"picked":"Impervious","floor":16},{"not_picked":["Static Discharge","Warcry"],"picked":"Shrug It Off","floor":18},{"not_picked":["Flex+1","Rampage"],"picked":"Shrug It Off","floor":22},{"not_picked":["Heatsinks+1","Gash"],"picked":"Headbutt","floor":23},{"not_picked":["Pommel Strike","Streamline+1"],"picked":"Whirlwind","floor":25},{"not_picked":["Redo+1","Hyperbeam","Capacitor"],"picked":"SKIP","floor":27},{"not_picked":["Chaos+1","Searing Blow"],"picked":"Leap+1","floor":28},{"not_picked":["Force Field+1","Skim+1","Thunderclap"],"picked":"SKIP","floor":29},{"not_picked":["Perfected Strike","Anger"],"picked":"Havoc+1","floor":30},{"not_picked":["Brutality","Thunder Strike"],"picked":"Barricade","floor":33}],"player_experience":1018541,"relics_obtained":[{"floor":6,"key":"Gremlin Horn"},{"floor":9,"key":"Happy Flower"},{"floor":11,"key":"Vajra"},{"floor":23,"key":"FossilizedHelix"},{"floor":26,"key":"Toxic Egg 2"},{"floor":29,"key":"Orichalcum"},{"floor":31,"key":"Red Mask"}],"event_choices":[{"damage_healed":0,"gold_gain":0,"player_choice":"Success","damage_taken":7,"relics_obtained":["Anchor"],"max_hp_gain":0,"max_hp_loss":0,"event_name":"Scrap Ooze","floor":2,"gold_loss":0},{"damage_healed":0,"gold_gain":175,"player_choice":"AGREE","damage_taken":0,"max_hp_gain":0,"max_hp_loss":0,"event_name":"Liars Game","floor":3,"gold_loss":0,"cards_obtained":["Doubt"]},{"damage_healed":0,"gold_gain":0,"player_choice":"Bought 2 Potions","damage_taken":0,"max_hp_gain":0,"max_hp_loss":0,"event_name":"The Woman in Blue","floor":4,"gold_loss":0},{"damage_healed":0,"gold_gain":0,"player_choice":"Inject Mutagens","damage_taken":0,"relics_obtained":["MutagenicStrength"],"max_hp_gain":0,"max_hp_loss":0,"event_name":"Drug Dealer","floor":20,"gold_loss":0},{"damage_healed":0,"gold_gain":450,"player_choice":"GOLD GOLD GOLD GOLD GOLD ","damage_taken":46,"max_hp_gain":0,"max_hp_loss":0,"event_name":"Knowing Skull","floor":21,"potions_obtained":[],"gold_loss":0,"cards_obtained":[]},{"damage_healed":0,"gold_gain":0,"player_choice":"Fought Bandits","damage_taken":0,"max_hp_gain":0,"max_hp_loss":0,"event_name":"Masked Bandits","floor":31,"gold_loss":0}],"is_beta":false,"boss_relics":[{"not_picked":["Runic Cube","SlaversCollar"],"picked":"Velvet Choker"},{"not_picked":["Black Blood","Runic Dome"],"picked":"Black Star"}],"items_purged_floors":[13],"is_endless":false,"potions_floor_spawned":[1,6,18,22,23,29,30,33],"killed_by":"3 Shapes","ascension_level":0}}