{"host":"8inpc3yxphy2r27y","time":1611827213,"event":{"mods":["Aspiration","Astrologer","Bard","BaseMod","Better Synergies","Better Vampires","Challenge The Spire","Conspire","Decade(王小明)","Defuse TimeMaze Blight","Downfall","Energized Spire","FutureSeer","Gremlin Mod","GungeonMod","Highlight Path","Hunter 猎人","KinomotoSakuraMod(木之本樱)","Lobotomy","LobotomyExtend","Minty Spire (QoL Compilation)","MostiFishMod","Quick Restart","READ ME - Guardian Mod","Relic Filter Mod","Relic Stats","Replay The Spire","RumiaBox-露米娅的神秘盒子","Ryuuou龙王","SIMod","Shop Mod","Spicy Shops","StSLib","The Bug Knight","The Cursed","The Gatherer","The Hierophant","Waifu the Spire","[IsaacMod]以撒尖塔","[JumpMod]舞动尖塔","noobMod","【功能Mod】混沌之环修复补丁","【功能Mod】聪明的最终Boss","【遗物卡牌】REMEMod","残留之物","篝火指南"],"gold_per_floor":[99,99,99,99,99,21,44,56,56],"floor_reached":8,"language":"ZHS","playtime":118,"items_purged":[],"score":40,"play_id":"dee338ab-b3f2-4215-a903-5d5389c8408c","local_time":"20210128174653","is_ascension_mode":false,"campfire_choices":[{"floor":1,"key":"RECALL"}],"circlet_count":0,"master_deck":["HollowMod:NailStrikeStart","HollowMod:NailStrikeStart","HollowMod:NailStrikeStart","HollowMod:NailStrikeStart","HollowMod:QuickDashStart","HollowMod:QuickDashStart","HollowMod:QuickDashStart","HollowMod:QuickDashStart+1","HollowMod:FocusHealStart","HollowMod:PogoStrike+1","BloodyBrimstone","hexamod:FifthSeal","HollowMod:DesolateDive","HollowMod:HornetsHelp","HollowMod:RecoilStrike"],"relics":["HollowMod:VesselMask","HushsDoor","REME_ComplimentaryCards","HowToJump","ice","DaveBox","GnawedLeaf","Nloth\u0027s Gift","downfall:HeartsMalice","LetterFromLob","Pyrelight","DemoMod:GlassGuonStoneRelic","Simple Rune","MawBank"],"acts_visited":["Exordium"],"potions_floor_usage":[],"damage_taken":[{"damage":0,"enemies":"2 Louse","floor":2,"turns":1},{"damage":0,"enemies":"Small Slimes","floor":3,"turns":1},{"damage":0,"enemies":"downfall:FleeingMerchant","floor":6,"turns":1},{"damage":0,"enemies":"Gremlin Nob","floor":8,"turns":1}],"seed_played":"6708751582512718498","potions_obtained":[],"is_trial":false,"path_per_floor":["R","M","M","?","?","$","T","E"],"character_chosen":"THE_BUGKNIGHT","items_purchased":["Simple Rune"],"campfire_rested":0,"item_purchase_floors":[6],"current_hp_per_floor":[75,75,75,75,75,75,75,75,75],"gold":56,"neow_bonus":"THREE_ENEMY_KILL","is_daily":false,"chose_seed":false,"campfire_upgraded":0,"win_rate":0.0,"timestamp":1611827213,"path_taken":["R","M","M","?","?","$","T","E"],"items_purchased_type":["Relic"],"build_version":"2020-12-22","purchased_purges":0,"victory":false,"max_hp_per_floor":[75,75,75,75,75,75,75,75,75],"relic_stats":{"counters":[4,1],"Nloth\u0027s Gift":1,"MawBank":12,"obtain_stats":[{"KeepersGift":0,"HowToJump":0,"DaveBox":0,"GnawedLeaf":0,"HollowMod:VesselMask":0,"downfall:HeartsMalice":0,"Pyrelight":5,"DemoMod:GlassGuonStoneRelic":6,"ice":0,"MawBank":7,"Simple Rune":6,"Nloth\u0027s Gift":0,"LetterFromLob":2,"HushsDoor":0,"REME_ComplimentaryCards":0},{"KeepersGift":0,"HowToJump":0,"DaveBox":0,"GnawedLeaf":0,"HollowMod:VesselMask":0,"downfall:HeartsMalice":0,"Pyrelight":2,"DemoMod:GlassGuonStoneRelic":3,"ice":0,"MawBank":3,"Simple Rune":3,"Nloth\u0027s Gift":0,"LetterFromLob":1,"HushsDoor":0,"REME_ComplimentaryCards":0},{"KeepersGift":0,"HowToJump":0,"DaveBox":0,"GnawedLeaf":0,"HollowMod:VesselMask":0,"downfall:HeartsMalice":0,"Pyrelight":0,"DemoMod:GlassGuonStoneRelic":0,"ice":0,"MawBank":0,"Simple Rune":0,"Nloth\u0027s Gift":0,"LetterFromLob":0,"HushsDoor":0,"REME_ComplimentaryCards":0}]},"card_choices":[{"not_picked":[],"picked":"BloodyBrimstone","floor":0},{"not_picked":["HollowMod:ShadowDash","HollowMod:WraithStrike"],"picked":"HollowMod:DesolateDive","floor":2},{"not_picked":["HollowMod:MonarchWings","HollowMod:ShadowDash"],"picked":"HollowMod:HornetsHelp","floor":3},{"not_picked":["HollowMod:WraithStrike","HollowMod:theNailsmith"],"picked":"HollowMod:RecoilStrike","floor":6}],"player_experience":147837,"relics_obtained":[{"floor":2,"key":"LetterFromLob"},{"floor":7,"key":"MawBank"}],"event_choices":[],"is_beta":false,"boss_relics":[],"items_purged_floors":[],"is_endless":false,"potions_floor_spawned":[],"killed_by":"Gremlin Nob","ascension_level":0}}