{"host":"na09lpbrez4gbfiz","time":1611858167,"event":{"mods":["Act Like it!","BaseMod","BetterRewards","Colored Map","Colored Powertips","DeckTracker","Googly Eyes","Highlight Path","Minty Spire (QoL Compilation)","Quick Restart","Spicy Shops","StSLib","SuperFastMode","Synergy Search"],"gold_per_floor":[113,113,188,188,206,249,309,347,347,367,380,380,414,414,414,540,540,561,561,104,123,198,198,218,218,218,233,233,58,58,97,97,221,221,246,307,307,307,322,322,338,372,440,440,440,440,464,489,489,489],"floor_reached":51,"language":"ENG","playtime":1588,"items_purged":["Strike_R","Corruption"],"score":1503,"play_id":"6e3ae0d6-d3e0-4a39-9c89-f3f16ecd895c","local_time":"20210128192247","is_ascension_mode":true,"campfire_choices":[{"data":"Shrug It Off","floor":15,"key":"SMITH"},{"data":"True Grit","floor":23,"key":"SMITH"},{"data":"Barricade","floor":25,"key":"SMITH"},{"data":"Juggernaut","floor":28,"key":"SMITH"},{"data":"Shrug It Off","floor":32,"key":"SMITH"},{"floor":40,"key":"REST"},{"data":"Strike_R+1","floor":45,"key":"PURGE"},{"data":"Offering","floor":49,"key":"SMITH"}],"circlet_count":0,"master_deck":["AscendersBane","Strike_R+1","Defend_R+1","Defend_R+1","Defend_R+1","Defend_R+1","Bash+1","Shrug It Off+1","Shrug It Off+1","Rage","Blood for Blood+1","Shrug It Off","Carnage+1","Barricade+1","Shrug It Off","Offering+1","Feed+1","Juggernaut+1","True Grit+1","Shrug It Off+1","Offering","True Grit+1","Madness","Madness","Body Slam+1"],"relics":["Burning Blood","NeowsBlessing","Golden Idol","Darkstone Periapt","Prayer Wheel","Molten Egg 2","Centennial Puzzle","Toy Ornithopter","Runic Dome","Peace Pipe","Omamori","Potion Belt","Philosopher\u0027s Stone","Shovel","MealTicket","Eternal Feather"],"acts_visited":["Exordium","TheCity","TheBeyond"],"potions_floor_usage":[8,16,31,32,50,50],"damage_taken":[{"damage":0,"enemies":"2 Louse","floor":1,"turns":1},{"damage":0,"enemies":"Small Slimes","floor":5,"turns":2},{"damage":0,"enemies":"Gremlin Nob","floor":6,"turns":1},{"damage":35,"enemies":"Lagavulin","floor":8,"turns":7},{"damage":1,"enemies":"Jaw Worm","floor":10,"turns":3},{"damage":7,"enemies":"3 Louse","floor":11,"turns":6},{"damage":8,"enemies":"3 Sentries","floor":13,"turns":8},{"damage":14,"enemies":"Hexaghost","floor":16,"turns":9},{"damage":14,"enemies":"Shell Parasite","floor":18,"turns":6},{"damage":16,"enemies":"2 Thieves","floor":21,"turns":4},{"damage":19,"enemies":"Snake Plant","floor":24,"turns":5},{"damage":6,"enemies":"Centurion and Healer","floor":27,"turns":8},{"damage":6,"enemies":"Gremlin Leader","floor":31,"turns":6},{"damage":6,"enemies":"Collector","floor":33,"turns":15},{"damage":13,"enemies":"3 Shapes","floor":35,"turns":6},{"damage":62,"enemies":"2 Orb Walkers","floor":36,"turns":6},{"damage":12,"enemies":"Orb Walker","floor":39,"turns":2},{"damage":32,"enemies":"Spire Growth","floor":41,"turns":3},{"damage":6,"enemies":"Nemesis","floor":42,"turns":7},{"damage":12,"enemies":"Sphere and 2 Shapes","floor":47,"turns":4},{"damage":12,"enemies":"Jaw Worm Horde","floor":48,"turns":4},{"damage":12,"enemies":"Time Eater","floor":50,"turns":8}],"seed_played":"4605088489641659766","potions_obtained":[{"floor":5,"key":"SteroidPotion"},{"floor":11,"key":"Fire Potion"},{"floor":13,"key":"SkillPotion"},{"floor":31,"key":"BloodPotion"},{"floor":33,"key":"FearPotion"},{"floor":35,"key":"Dexterity Potion"},{"floor":36,"key":"Fruit Juice"},{"floor":41,"key":"EssenceOfSteel"}],"is_trial":false,"path_per_floor":["M","?","?","?","M","E","?","E","T","M","M","?","E","?","R","B",null,"M","?","$","M","?","R","M","R","T","M","R","$","?","E","R","B",null,"M","?","?","?","M","R","M","E","T","?","R","?","M","M","R","B",null],"character_chosen":"IRONCLAD","items_purchased":["Juggernaut","Peace Pipe","Block Potion"],"campfire_rested":1,"item_purchase_floors":[20,20,29],"current_hp_per_floor":[78,62,51,31,37,43,43,14,14,19,18,44,42,30,30,27,71,63,63,63,53,45,45,32,32,32,32,32,32,32,37,59,63,83,76,20,20,20,14,40,14,14,14,76,76,66,60,54,69,73],"gold":489,"neow_bonus":"THREE_ENEMY_KILL","is_daily":false,"chose_seed":false,"campfire_upgraded":6,"win_rate":0.0,"timestamp":1611858167,"path_taken":["M","?","?","?","M","E","?","E","T","M","?","?","E","?","R","BOSS","M","?","$","M","?","R","?","R","T","M","R","$","?","E","R","BOSS","M","?","?","?","?","R","M","E","T","?","R","?","?","M","R","BOSS"],"items_purchased_type":["Card","Relic","Potion"],"build_version":"2020-12-22","purchased_purges":2,"victory":true,"max_hp_per_floor":[80,80,80,80,80,80,80,80,80,80,80,86,86,86,86,86,86,86,86,86,86,86,86,86,86,86,86,86,86,86,86,86,90,90,90,90,90,87,87,87,87,87,87,76,76,76,76,76,76,76],"card_choices":[{"not_picked":["True Grit","Clash"],"picked":"Shrug It Off","floor":1},{"not_picked":["True Grit","Clash"],"picked":"Shrug It Off","floor":1},{"not_picked":["Rupture","Clash"],"picked":"Rage","floor":5},{"not_picked":["Seeing Red","Iron Wave","Fire Breathing"],"picked":"SKIP","floor":6},{"not_picked":["Armaments","Sword Boomerang","Heavy Blade"],"picked":"SKIP","floor":8},{"not_picked":["Pummel+1","Perfected Strike+1","Armaments"],"picked":"SKIP","floor":10},{"not_picked":["Sword Boomerang+1","Cleave+1","Whirlwind+1"],"picked":"SKIP","floor":10},{"not_picked":["Rage","Clothesline+1"],"picked":"Blood for Blood+1","floor":11},{"not_picked":["Berserk","Dark Embrace"],"picked":"Shrug It Off","floor":11},{"not_picked":["Armaments","Power Through"],"picked":"Carnage+1","floor":13},{"not_picked":["Brutality","Berserk"],"picked":"Barricade","floor":16},{"not_picked":["Wild Strike+1","Thunderclap+1"],"picked":"Shrug It Off","floor":18},{"not_picked":["Seeing Red","Warcry","Cleave+1"],"picked":"SKIP","floor":18},{"not_picked":["Twin Strike+1","Rupture"],"picked":"True Grit","floor":21},{"not_picked":["Second Wind+1","Clothesline+1","Sever Soul+1"],"picked":"SKIP","floor":21},{"not_picked":["Seeing Red","Intimidate","Shockwave"],"picked":"SKIP","floor":24},{"not_picked":["Havoc","Flex","Whirlwind+1"],"picked":"SKIP","floor":24},{"not_picked":["Sword Boomerang+1","Perfected Strike+1"],"picked":"Corruption","floor":27},{"not_picked":["Twin Strike+1","Power Through"],"picked":"Shrug It Off","floor":27},{"not_picked":["Havoc","Dropkick+1","Pommel Strike+1"],"picked":"SKIP","floor":31},{"not_picked":["Bludgeon+1","Immolate+1"],"picked":"Offering","floor":33},{"not_picked":["Metallicize","Blood for Blood+1","Battle Trance"],"picked":"SKIP","floor":35},{"not_picked":["Flex","Second Wind","Fire Breathing"],"picked":"SKIP","floor":35},{"not_picked":["Flame Barrier","Blood for Blood+1"],"picked":"True Grit+1","floor":36},{"not_picked":["Warcry","Cleave+1","Combust"],"picked":"SKIP","floor":39},{"not_picked":["Anger+1","Heavy Blade+1","Sever Soul+1"],"picked":"SKIP","floor":39},{"not_picked":["Hemokinesis+1","Flex","Headbutt+1"],"picked":"SKIP","floor":41},{"not_picked":["Feed+1","Metallicize","Iron Wave+1"],"picked":"SKIP","floor":41},{"not_picked":["Headbutt+1","Pummel+1","Intimidate"],"picked":"SKIP","floor":42},{"not_picked":["Cleave+1","Iron Wave+1","Thunderclap+1"],"picked":"SKIP","floor":47},{"not_picked":["Combust","Thunderclap+1","True Grit"],"picked":"SKIP","floor":47},{"not_picked":["Power Through+1","Shrug It Off"],"picked":"Body Slam+1","floor":48},{"not_picked":["Carnage+1","Perfected Strike+1","Power Through"],"picked":"SKIP","floor":48}],"player_experience":190701,"relics_obtained":[{"floor":6,"key":"Darkstone Periapt"},{"floor":8,"key":"Prayer Wheel"},{"floor":9,"key":"Molten Egg 2"},{"floor":13,"key":"Centennial Puzzle"},{"floor":26,"key":"Omamori"},{"floor":31,"key":"Potion Belt"},{"floor":36,"key":"Shovel"},{"floor":42,"key":"MealTicket"},{"floor":43,"key":"Eternal Feather"}],"event_choices":[{"damage_healed":0,"gold_gain":0,"player_choice":"Entered Light","damage_taken":16,"max_hp_gain":0,"max_hp_loss":0,"event_name":"Shining Light","floor":2,"gold_loss":0,"cards_upgraded":["Strike_R","Bash"]},{"damage_healed":0,"gold_gain":75,"player_choice":"Gather Gold","damage_taken":11,"max_hp_gain":0,"max_hp_loss":0,"event_name":"World of Goop","floor":3,"gold_loss":0},{"damage_healed":0,"gold_gain":0,"player_choice":"Take Damage","damage_taken":20,"relics_obtained":["Golden Idol"],"max_hp_gain":0,"max_hp_loss":0,"event_name":"Golden Idol","floor":4,"gold_loss":0},{"damage_healed":0,"gold_gain":60,"player_choice":"Gained Gold","damage_taken":0,"max_hp_gain":0,"max_hp_loss":0,"event_name":"Golden Wing","floor":7,"gold_loss":0},{"damage_healed":20,"gold_gain":0,"player_choice":"Healed and dodged fight","damage_taken":0,"max_hp_gain":0,"max_hp_loss":0,"event_name":"Mushrooms","floor":12,"gold_loss":0,"cards_obtained":["Parasite"]},{"damage_healed":0,"gold_gain":0,"player_choice":"Success","damage_taken":12,"relics_obtained":["Toy Ornithopter"],"max_hp_gain":0,"max_hp_loss":0,"event_name":"Scrap Ooze","floor":14,"gold_loss":0},{"damage_healed":0,"gold_gain":0,"cards_transformed":["Strike_R","Strike_R"],"player_choice":"Became Test Subject","damage_taken":0,"max_hp_gain":0,"max_hp_loss":0,"event_name":"Drug Dealer","floor":19,"gold_loss":0,"cards_obtained":["Offering","Feed"]},{"damage_healed":0,"gold_gain":75,"player_choice":"Touch","damage_taken":8,"max_hp_gain":0,"max_hp_loss":0,"event_name":"FaceTrader","floor":22,"gold_loss":0},{"damage_healed":0,"gold_gain":0,"player_choice":"Simplicity","damage_taken":0,"max_hp_gain":0,"max_hp_loss":0,"event_name":"Back to Basics","floor":30,"gold_loss":0,"cards_upgraded":["Strike_R","Defend_R","Defend_R","Defend_R","Defend_R"]},{"damage_healed":0,"gold_gain":0,"player_choice":"Fight","damage_taken":0,"max_hp_gain":0,"max_hp_loss":0,"event_name":"Mysterious Sphere","floor":36,"gold_loss":0},{"damage_healed":0,"gold_gain":0,"player_choice":"Ignored","damage_taken":0,"max_hp_gain":0,"max_hp_loss":0,"event_name":"Tomb of Lord Red Mask","floor":37,"gold_loss":0},{"cards_removed":["Parasite"],"damage_healed":0,"gold_gain":0,"player_choice":"Purged","damage_taken":0,"max_hp_gain":0,"max_hp_loss":0,"event_name":"Purifier","floor":38,"gold_loss":0},{"damage_healed":76,"gold_gain":0,"player_choice":"Heal","damage_taken":0,"max_hp_gain":0,"max_hp_loss":11,"event_name":"The Moai Head","floor":44,"gold_loss":0},{"damage_healed":0,"gold_gain":0,"player_choice":"Embrace Madness","damage_taken":10,"max_hp_gain":0,"max_hp_loss":0,"event_name":"Winding Halls","floor":46,"gold_loss":0,"cards_obtained":["Madness","Madness"]}],"is_beta":false,"boss_relics":[{"not_picked":["Coffee Dripper","SlaversCollar"],"picked":"Runic Dome"},{"not_picked":["Black Star","Runic Cube"],"picked":"Philosopher\u0027s Stone"}],"items_purged_floors":[20,29],"is_endless":false,"potions_floor_spawned":[5,11,13,21,31,33,35,36,41,47],"ascension_level":12}}