{"host":"rwmcmr2m88k7tuzm","time":1611843051,"event":{"mods":["BaseMod","BetterRewards","Conspire","Downfall","Hubris","Infinite Spire","Minty Spire (QoL Compilation)","Quick Restart","Replay The Spire","Shop Mod","StSLib","SuperFastMode"],"gold_per_floor":[113,133,208,223,240,240,340,340,340,340,355,370,382,408,408,408,408],"floor_reached":16,"language":"ENG","playtime":387,"items_purged":[],"score":129,"play_id":"51015fe0-20f4-419b-82d8-cc566bfc707d","local_time":"20210128141051","is_ascension_mode":false,"campfire_choices":[{"floor":6,"key":"REST"},{"data":"1","floor":10,"key":"LIFT"},{"floor":15,"key":"REST"}],"circlet_count":0,"master_deck":["Strike_R","Strike_R","Strike_R","Strike_R","Strike_R","Defend_R","Defend_R","Defend_R","Defend_R","Bash","Pommel Strike","Pommel Strike","ReplayTheSpireMod:LeadingStrike","Pommel Strike","Twin Strike","Rampage","Pommel Strike","Flex","Rampage"],"relics":["Burning Blood","Replay:Wax Seal","TheAbacus","Shuriken","conspire:TopHat","MerchantsRug","Girya","Replay:Accelerometer","Juzu Bracelet"],"acts_visited":["Exordium"],"potions_floor_usage":[5,5,14,16],"damage_taken":[{"damage":6,"enemies":"Cultist","floor":1,"turns":3},{"damage":6,"enemies":"2 Louse","floor":2,"turns":2},{"damage":3,"enemies":"Jaw Worm","floor":4,"turns":4},{"damage":18,"enemies":"Exordium Thugs","floor":5,"turns":4},{"damage":20,"enemies":"Gremlin Gang","floor":11,"turns":4},{"damage":0,"enemies":"2 Fungi Beasts","floor":12,"turns":2},{"damage":12,"enemies":"Exordium Thugs","floor":13,"turns":3},{"damage":21,"enemies":"3 Sentries","floor":14,"turns":4},{"damage":34,"enemies":"The Guardian","floor":16,"turns":6}],"seed_played":"6457782146185609953","potions_obtained":[{"floor":2,"key":"Energy Potion"},{"floor":12,"key":"Reflective Coating"},{"floor":14,"key":"AttackPotion"}],"is_trial":false,"path_per_floor":["M","M","?","M","M","R","?","$","T","R","M","M","M","E","R","B"],"character_chosen":"IRONCLAD","items_purchased":["Replay:Wax Seal","TheAbacus","Shuriken","Fruit Juice","Pommel Strike","conspire:TopHat","MerchantsRug","Girya"],"campfire_rested":2,"item_purchase_floors":[0,0,0,0,0,0,0,8],"current_hp_per_floor":[44,44,36,39,32,57,57,37,37,37,23,29,23,8,33,0,0],"gold":408,"neow_bonus":"","is_daily":false,"chose_seed":false,"campfire_upgraded":0,"win_rate":0.0,"timestamp":1611843051,"path_taken":["M","?","?","M","?","R","?","?","T","R","M","M","M","E","R","BOSS"],"items_purchased_type":["Relic","Relic","Relic","Potion","Card","Relic","Relic","Relic"],"build_version":"2020-12-22","purchased_purges":0,"victory":false,"max_hp_per_floor":[80,80,80,80,85,85,85,85,85,85,85,85,85,85,85,85,85],"card_choices":[{"not_picked":["Replay:Undeath\u0027s Touch","Pummel"],"picked":"ReplayTheSpireMod:LeadingStrike","floor":1},{"not_picked":["Heavy Blade","Dual Wield"],"picked":"Pommel Strike","floor":2},{"not_picked":["Armaments","Battle Trance"],"picked":"Twin Strike","floor":4},{"not_picked":["Hemogenesis","hubris:ReadiedAction"],"picked":"Rampage","floor":5},{"not_picked":["Power Through","Sword Boomerang"],"picked":"Pommel Strike","floor":11},{"not_picked":["Rupture","True Grit","Carnage"],"picked":"SKIP","floor":12},{"not_picked":["Armaments","Pommel Strike"],"picked":"Flex","floor":13},{"not_picked":["Brutality","Clash"],"picked":"Rampage","floor":14}],"player_experience":165277,"relics_obtained":[{"floor":9,"key":"Replay:Accelerometer"},{"floor":14,"key":"Juzu Bracelet"}],"event_choices":[{"damage_healed":0,"gold_gain":75,"player_choice":"Touch","damage_taken":8,"max_hp_gain":0,"max_hp_loss":0,"event_name":"FaceTrader","floor":3,"gold_loss":0},{"damage_healed":0,"gold_gain":100,"player_choice":"Pray","damage_taken":0,"max_hp_gain":0,"max_hp_loss":0,"event_name":"Golden Shrine","floor":7,"gold_loss":0}],"is_beta":false,"boss_relics":[],"items_purged_floors":[],"is_endless":false,"potions_floor_spawned":[2,12,14],"killed_by":"The Guardian","ascension_level":0}}