{"host":"zyv4qd6no272sqjf","time":1611801116,"event":{"mods":["AchievementEnabler","BaseMod","Colored Map","Minty Spire (QoL Compilation)","Relic Stats","Slay the Relics Exporter","StSLib","everything is the same but u backflip on backflip"],"gold_per_floor":[115,26,26,26,44,71,71,20,20,20,20,33,33,33,33,132,132,146,160,160,85,0,34,57,57,57,57,80,98,98,45,45,45,45],"floor_reached":33,"language":"ENG","playtime":1410,"items_purged":[],"score":558,"play_id":"b84bca58-f2a6-411c-8741-4d9fbec63614","local_time":"20210128123156","is_ascension_mode":true,"campfire_choices":[{"data":"Crippling Poison","floor":7,"key":"SMITH"},{"data":"Strike_G","floor":13,"key":"PURGE"},{"data":"Injury","floor":15,"key":"PURGE"},{"floor":25,"key":"REST"},{"floor":30,"key":"REST"},{"floor":32,"key":"REST"}],"circlet_count":0,"master_deck":["AscendersBane","Survivor","Neutralize","Backflip","Crippling Poison+1","Tactician","Deflect","Backflip","PiercingWail","Poisoned Stab","Bullet Time","Heel Hook","Terror","Finisher","All Out Attack","Deflect","Cloak And Dagger+1","Dash+1","Flechettes","Blade Dance+1","Blade Dance","Prepared"],"relics":["Ring of the Snake","NeowsBlessing","Peace Pipe","Orichalcum","Golden Idol","Pandora\u0027s Box","Dream Catcher","Tiny Chest","Vajra","Pen Nib"],"acts_visited":["Exordium","TheCity"],"potions_floor_usage":[18,23,33,33],"damage_taken":[{"damage":0,"enemies":"Small Slimes","floor":1,"turns":1},{"damage":0,"enemies":"Cultist","floor":5,"turns":1},{"damage":0,"enemies":"Lagavulin","floor":6,"turns":1},{"damage":0,"enemies":"2 Louse","floor":12,"turns":3},{"damage":10,"enemies":"The Guardian","floor":16,"turns":17},{"damage":9,"enemies":"Spheric Guardian","floor":18,"turns":6},{"damage":10,"enemies":"2 Thieves","floor":19,"turns":4},{"damage":2,"enemies":"Gremlin Leader","floor":23,"turns":7},{"damage":0,"enemies":"Centurion and Healer","floor":24,"turns":7},{"damage":15,"enemies":"Snake Plant","floor":28,"turns":4},{"damage":15,"enemies":"Shelled Parasite and Fungi","floor":29,"turns":5},{"damage":48,"enemies":"Collector","floor":33,"turns":7}],"seed_played":"-4567473286867121061","potions_obtained":[{"floor":6,"key":"GamblersBrew"},{"floor":12,"key":"SkillPotion"},{"floor":16,"key":"Fire Potion"},{"floor":23,"key":"AttackPotion"},{"floor":29,"key":"Dexterity Potion"}],"is_trial":false,"path_per_floor":["M","$","?","$","M","E","R","$","T","?","?","M","R","?","R","B",null,"M","M","?","?","?","E","M","R","T","$","M","M","R","$","R","B"],"character_chosen":"THE_SILENT","items_purchased":["Crippling Poison","PiercingWail","Blade Dance"],"campfire_rested":3,"item_purchase_floors":[2,8,31],"current_hp_per_floor":[59,59,59,59,59,59,59,59,59,52,52,52,52,52,52,42,60,51,41,41,41,41,39,39,58,58,58,43,28,47,47,66,18,18],"gold":45,"neow_bonus":"THREE_ENEMY_KILL","is_daily":false,"chose_seed":false,"campfire_upgraded":1,"win_rate":0.0,"timestamp":1611801116,"path_taken":["M","$","?","$","M","E","R","?","T","?","?","M","R","?","R","BOSS","M","M","?","?","?","E","M","R","T","$","M","M","R","$","R","BOSS"],"items_purchased_type":["Card","Card","Card"],"build_version":"2020-12-22","purchased_purges":0,"victory":false,"max_hp_per_floor":[66,66,66,66,66,66,66,66,66,66,66,66,66,66,66,66,66,66,66,66,66,66,66,66,66,66,66,66,66,66,66,66,66,66],"relic_stats":{"Peace Pipe":3,"Dream Catcher":3,"counters":[12,63],"Golden Idol":47,"Pandora\u0027s Box":["Bullet Time","Heel Hook","Terror","Finisher","All Out Attack","Deflect"],"Tiny Chest":0,"Pen Nib":[4],"Orichalcum":[24],"obtain_stats":[{"Peace Pipe":6,"Dream Catcher":20,"NeowsBlessing":0,"Golden Idol":14,"Vajra":23,"Pandora\u0027s Box":17,"Tiny Chest":22,"Pen Nib":26,"Orichalcum":9,"Ring of the Snake":0},{"Peace Pipe":3,"Dream Catcher":7,"NeowsBlessing":0,"Golden Idol":4,"Vajra":8,"Pandora\u0027s Box":5,"Tiny Chest":7,"Pen Nib":9,"Orichalcum":3,"Ring of the Snake":0},{"Peace Pipe":3,"Dream Catcher":33,"NeowsBlessing":0,"Golden Idol":6,"Vajra":40,"Pandora\u0027s Box":23,"Tiny Chest":33,"Pen Nib":47,"Orichalcum":3,"Ring of the Snake":0}],"Ring of the Snake":[24]},"card_choices":[{"not_picked":["Underhanded Strike","Slice"],"picked":"Backflip","floor":1},{"not_picked":["Bane","Flechettes"],"picked":"Deflect","floor":5},{"not_picked":["Calculated Gamble","Quick Slash"],"picked":"Backflip","floor":6},{"not_picked":["Outmaneuver","PiercingWail"],"picked":"Poisoned Stab","floor":12},{"not_picked":["Blade Dance","All Out Attack"],"picked":"Cloak And Dagger+1","floor":18},{"not_picked":["Riddle With Holes","Deflect","Flying Knee"],"picked":"SKIP","floor":19},{"not_picked":["PiercingWail+1","Expertise","Flechettes"],"picked":"SKIP","floor":23},{"not_picked":["Night Terror","Dagger Throw","Slice"],"picked":"SKIP","floor":24},{"not_picked":["Sucker Punch","Prepared+1"],"picked":"Dash+1","floor":25},{"not_picked":["Setup","Acrobatics"],"picked":"Flechettes","floor":28},{"not_picked":["Deflect","Flying Knee"],"picked":"Blade Dance+1","floor":29},{"not_picked":["Poisoned Stab","Dodge and Roll"],"picked":"Prepared","floor":32}],"player_experience":398459,"relics_obtained":[{"floor":6,"key":"Peace Pipe"},{"floor":9,"key":"Orichalcum"},{"floor":23,"key":"Vajra"},{"floor":26,"key":"Pen Nib"}],"event_choices":[{"damage_healed":0,"gold_gain":0,"cards_transformed":["Strike_G"],"player_choice":"Transformed","damage_taken":0,"max_hp_gain":0,"max_hp_loss":0,"event_name":"Transmorgrifier","floor":3,"gold_loss":0,"cards_obtained":["Tactician"]},{"cards_removed":["Defend_G"],"damage_healed":0,"gold_gain":0,"player_choice":"Card Removal","damage_taken":7,"max_hp_gain":0,"max_hp_loss":0,"event_name":"Golden Wing","floor":10,"gold_loss":0},{"cards_removed":["Strike_G"],"damage_healed":0,"gold_gain":0,"player_choice":"Forget","damage_taken":0,"max_hp_gain":0,"max_hp_loss":0,"event_name":"Living Wall","floor":11,"gold_loss":0},{"damage_healed":0,"gold_gain":0,"player_choice":"Take Wound","damage_taken":0,"relics_obtained":["Golden Idol"],"max_hp_gain":0,"max_hp_loss":0,"event_name":"Golden Idol","floor":14,"gold_loss":0,"cards_obtained":["Injury"]},{"damage_healed":0,"gold_gain":0,"player_choice":"Opened","damage_taken":0,"relics_obtained":["Dream Catcher"],"max_hp_gain":0,"max_hp_loss":0,"event_name":"The Mausoleum","floor":20,"gold_loss":0,"cards_obtained":["Writhe"]},{"cards_removed":["Writhe"],"damage_healed":0,"gold_gain":0,"player_choice":"Gave Gold","damage_taken":0,"max_hp_gain":0,"max_hp_loss":0,"event_name":"Beggar","floor":21,"gold_loss":75},{"damage_healed":0,"gold_gain":0,"player_choice":"Obtained Relic","damage_taken":0,"relics_obtained":["Tiny Chest"],"max_hp_gain":0,"max_hp_loss":0,"event_name":"Addict","floor":22,"gold_loss":85}],"is_beta":false,"boss_relics":[{"not_picked":["Black Star","Cursed Key"],"picked":"Pandora\u0027s Box"}],"items_purged_floors":[],"is_endless":false,"potions_floor_spawned":[6,12,16,23,29],"killed_by":"Collector","ascension_level":19}}