{"host":"sav7uxregyirlf69","time":1611807429,"event":{"mods":["AchievementEnabler","BaseMod","Colored Map","DeckTracker","Keyboard Shortcuts","Minty Spire (QoL Compilation)","READ ME - Guardian Mod","StSLib","SuperFastMode"],"gold_per_floor":[110,127,143,162,73,73,86,49,121,135,135,156,197,222,222,312,312,331,350,74,74,74,74,87,87,87,87,100,114,114,114,114],"floor_reached":31,"language":"KOR","playtime":664,"items_purged":["Strike_G"],"score":482,"play_id":"d4b70452-0a85-449f-a616-5b0550440b9e","local_time":"20210128131709","is_ascension_mode":true,"campfire_choices":[{"data":"Dagger Spray","floor":6,"key":"SMITH"},{"floor":15,"key":"REST"},{"floor":23,"key":"REST"},{"data":"Concentrate","floor":30,"key":"SMITH"}],"circlet_count":0,"master_deck":["AscendersBane","Strike_G","Strike_G","Defend_G","Defend_G","Defend_G","Defend_G","Defend_G","Survivor","Neutralize","Dagger Spray","Dagger Spray+1","Adrenaline","Predator","Footwork","Doppelganger","Dagger Throw","Prepared","Malaise","Escape Plan+1","Prepared+1","Acrobatics","Backflip","Concentrate+1"],"relics":["Ring of the Snake","NeowsBlessing","Bloody Idol","Tingsha","Empty Cage","Toy Ornithopter","Blue Candle","CultistMask"],"acts_visited":["Exordium","TheCity"],"potions_floor_usage":[13,24,29,29],"damage_taken":[{"damage":0,"enemies":"Cultist","floor":1,"turns":1},{"damage":0,"enemies":"Small Slimes","floor":2,"turns":1},{"damage":0,"enemies":"2 Louse","floor":3,"turns":1},{"damage":15,"enemies":"Blue Slaver","floor":4,"turns":5},{"damage":0,"enemies":"2 Fungi Beasts","floor":7,"turns":2},{"damage":5,"enemies":"Exordium Thugs","floor":10,"turns":4},{"damage":12,"enemies":"Exordium Wildlife","floor":12,"turns":3},{"damage":36,"enemies":"Lagavulin","floor":13,"turns":9},{"damage":9,"enemies":"3 Louse","floor":14,"turns":3},{"damage":14,"enemies":"The Guardian","floor":16,"turns":14},{"damage":0,"enemies":"3 Byrds","floor":18,"turns":3},{"damage":36,"enemies":"Shell Parasite","floor":19,"turns":9},{"damage":8,"enemies":"Snecko","floor":24,"turns":7},{"damage":24,"enemies":"Shelled Parasite and Fungi","floor":28,"turns":8},{"damage":16,"enemies":"Centurion and Healer","floor":29,"turns":8},{"damage":21,"enemies":"Gremlin Leader","floor":31,"turns":6}],"seed_played":"-4769838710907025044","potions_obtained":[{"floor":2,"key":"FairyPotion"},{"floor":3,"key":"DistilledChaos"},{"floor":13,"key":"SteroidPotion"},{"floor":18,"key":"Poison Potion"},{"floor":24,"key":"Energy Potion"}],"is_trial":false,"path_per_floor":["M","M","M","M","$","R","M","$","T","M","?","M","E","M","R","B",null,"M","M","$","?","$","R","M","?","T","?","M","M","R","E"],"character_chosen":"THE_SILENT","items_purchased":["Adrenaline","Footwork","Acrobatics","Toy Ornithopter"],"campfire_rested":2,"item_purchase_floors":[5,8,20,20],"current_hp_per_floor":[59,59,59,44,44,44,44,44,44,39,39,27,18,9,27,13,48,48,12,12,12,12,30,32,32,32,32,13,12,12,0,0],"gold":114,"neow_bonus":"THREE_ENEMY_KILL","is_daily":false,"chose_seed":false,"campfire_upgraded":2,"win_rate":0.0,"timestamp":1611807429,"path_taken":["M","?","M","M","?","R","M","$","T","M","?","M","E","M","R","BOSS","M","M","$","?","$","R","M","?","T","?","M","?","R","E"],"items_purchased_type":["Card","Card","Card","Relic"],"build_version":"2020-12-22","purchased_purges":1,"victory":false,"max_hp_per_floor":[66,66,66,66,66,66,66,66,66,66,60,60,60,60,60,60,60,60,60,60,60,60,60,60,60,60,60,60,60,60,60,60],"card_choices":[{"not_picked":["Deadly Poison","Bane"],"picked":"Dagger Spray","floor":1},{"not_picked":["Dagger Spray","Terror","Doppelganger"],"picked":"SKIP","floor":2},{"not_picked":["Slice","PiercingWail","Prepared"],"picked":"SKIP","floor":3},{"not_picked":["Outmaneuver","Prepared"],"picked":"Dagger Spray","floor":4},{"not_picked":["Sucker Punch","Underhanded Strike"],"picked":"Predator","floor":7},{"not_picked":["Bane","Sucker Punch","Infinite Blades"],"picked":"SKIP","floor":10},{"not_picked":["PiercingWail","Prepared"],"picked":"Doppelganger","floor":12},{"not_picked":["Dagger Spray","Dodge and Roll"],"picked":"Dagger Throw","floor":13},{"not_picked":["Masterful Stab","Heel Hook"],"picked":"Prepared","floor":14},{"not_picked":["Venomology","Envenom"],"picked":"Malaise","floor":16},{"not_picked":["Footwork","Dodge and Roll"],"picked":"Escape Plan+1","floor":18},{"not_picked":["Eviscerate","Escape Plan"],"picked":"Prepared+1","floor":19},{"not_picked":["Dodge and Roll","Cloak And Dagger"],"picked":"Backflip","floor":24},{"not_picked":["Eviscerate","Deadly Poison"],"picked":"Concentrate","floor":28},{"not_picked":["Cloak And Dagger","Blade Dance","Skewer"],"picked":"SKIP","floor":29}],"player_experience":1410012,"relics_obtained":[{"floor":13,"key":"Tingsha"},{"floor":26,"key":"Blue Candle"}],"event_choices":[{"damage_healed":0,"gold_gain":0,"player_choice":"Lose Max HP","damage_taken":0,"relics_obtained":["Golden Idol"],"max_hp_gain":0,"max_hp_loss":6,"event_name":"Golden Idol","floor":11,"gold_loss":0},{"damage_healed":0,"gold_gain":0,"player_choice":"Gave Idol","damage_taken":0,"relics_obtained":["Bloody Idol"],"max_hp_gain":0,"max_hp_loss":0,"event_name":"Forgotten Altar","floor":21,"relics_lost":["Golden Idol"],"gold_loss":0},{"damage_healed":0,"gold_gain":0,"player_choice":"Ignored","damage_taken":0,"max_hp_gain":0,"max_hp_loss":0,"event_name":"Vampires","floor":25,"gold_loss":0},{"damage_healed":0,"gold_gain":0,"player_choice":"Trade","damage_taken":0,"relics_obtained":["CultistMask"],"max_hp_gain":0,"max_hp_loss":0,"event_name":"FaceTrader","floor":27,"gold_loss":0}],"is_beta":false,"boss_relics":[{"not_picked":["WristBlade","Fusion Hammer"],"picked":"Empty Cage"}],"items_purged_floors":[20],"is_endless":false,"potions_floor_spawned":[2,3,10,13,18,24],"killed_by":"Gremlin Leader","ascension_level":20}}