{"host":"opyh6vr790e42ffe","time":1611793512,"event":{"mods":["BaseMod","Bestiary","Colored Map","Downfall","Highlight Path","Minty Spire (QoL Compilation)","Relic Stats","StSLib"],"gold_per_floor":[99,111,57,69,79,79,102,102,115,146,164,64,49,49,59,159,159,59,75,91,176,186,186,233,249,284,297,197,197,34,62,73,177,177,177,188,199,31,45,45,113,113,124,150,150,185,200,20,37,37,37,37,37,37],"floor_reached":52,"language":"ENG","playtime":4378,"items_purged":["Regret","champ:Strike"],"score":1031,"play_id":"f39f2081-ffb3-4b00-aa28-cb7a8715cd95","local_time":"20210127162512","is_ascension_mode":false,"campfire_choices":[{"floor":1,"key":"RECALL"},{"data":"champ:SkillfulDodge","floor":6,"key":"SMITH"},{"data":"champ:SkillfulDodge","floor":12,"key":"SMITH"},{"data":"champ:Taunt","floor":18,"key":"SMITH"},{"floor":23,"key":"REST"},{"floor":28,"key":"REST"},{"data":"champ:IgnorePain","floor":35,"key":"SMITH"},{"data":"champ:Lariat","floor":40,"key":"SMITH"},{"data":"champ:TornadoPunch","floor":45,"key":"SMITH"}],"circlet_count":0,"master_deck":["champ:Defend","champ:Defend","champ:Defend","champ:Defend","champ:Execute","champ:Taunt+1","champ:FocusedDefense","champ:ShieldWall","champ:SkillfulDodge+1","champ:SkillfulDodge+1","champ:Haymaker","champ:FocusedDefense","champ:CalledShot","champ:Lariat+1","champ:PreciseThrust","champ:VampiricStrike","champ:LastStand","champ:IronFortress","champ:ShieldThrow","champ:FancyFootwork","champ:TornadoPunch+1","champ:RisingSlash+1","champ:Parry+1","champ:SetATrap","champ:BringItOn","champ:IgnorePain","champ:IgnorePain+1","champ:FocusedDefense+1","champ:LastStand","champ:FalseCounter+1","champ:StanceDance","expansioncontent:GuardianWhirl","expansioncontent:QuickStudy","expansioncontent:QuickStudy","champ:FlashCut+1","champ:ArenaPreparation","champ:HoldFirm","champ:PreemptiveStrike+1","champ:RisingSlash","champ:HoldFirm"],"relics":["champ:ChampionCrown","Bottled Flame","downfall:HeartBlessingRed","Velvet Choker","downfall:HeartBlessingBlue","PreservedInsect","Bronze Scales","downfall:HeartBlessingGreen","champ:DefensiveTrainingManual","expansioncontent:StudyCardRelic","Bag of Preparation","Letter Opener","Blood Vial","Sundial","ClockworkSouvenir","Centennial Puzzle"],"acts_visited":["Exordium","TheCity","TheBeyond","TheEnding"],"potions_floor_usage":[15,30,33,38,50,50],"damage_taken":[{"damage":20,"enemies":"Jaw Worm","floor":2,"turns":5},{"damage":20,"enemies":"downfall:FleeingMerchant","floor":3,"turns":4},{"damage":12,"enemies":"Cultist","floor":4,"turns":4},{"damage":5,"enemies":"2 Louse","floor":5,"turns":3},{"damage":1,"enemies":"Red Slaver","floor":9,"turns":4},{"damage":15,"enemies":"Lagavulin","floor":10,"turns":6},{"damage":6,"enemies":"Blue Slaver","floor":11,"turns":3},{"damage":11,"enemies":"downfall:FleeingMerchant","floor":13,"turns":4},{"damage":9,"enemies":"Lots of Slimes","floor":15,"turns":6},{"damage":42,"enemies":"WA_ARCHETYPE_RETAIN","floor":16,"turns":8},{"damage":33,"enemies":"3 Byrds","floor":19,"turns":5},{"damage":26,"enemies":"Spheric Guardian","floor":20,"turns":5},{"damage":38,"enemies":"Chosen and Byrds","floor":22,"turns":7},{"damage":30,"enemies":"Centurion and Healer","floor":25,"turns":7},{"damage":24,"enemies":"Gremlin Leader","floor":26,"turns":7},{"damage":25,"enemies":"Snake Plant","floor":27,"turns":3},{"damage":2,"enemies":"downfall:FleeingMerchant","floor":30,"turns":4},{"damage":14,"enemies":"Book of Stabbing","floor":31,"turns":4},{"damage":5,"enemies":"Cultist and Chosen","floor":32,"turns":6},{"damage":44,"enemies":"DF_ARCHETYPE_CLAW","floor":33,"turns":8},{"damage":10,"enemies":"Orb Walker","floor":36,"turns":5},{"damage":0,"enemies":"3 Darklings","floor":37,"turns":3},{"damage":15,"enemies":"downfall:FleeingMerchant","floor":38,"turns":4},{"damage":10,"enemies":"4 Shapes","floor":39,"turns":7},{"damage":8,"enemies":"Spire Growth","floor":43,"turns":5},{"damage":7,"enemies":"Nemesis","floor":44,"turns":4},{"damage":10,"enemies":"Reptomancer","floor":46,"turns":5},{"damage":14,"enemies":"Jaw Worm Horde","floor":47,"turns":5},{"damage":4,"enemies":"downfall:FleeingMerchant","floor":48,"turns":4},{"damage":1,"enemies":"Writhing Mass","floor":49,"turns":5},{"damage":52,"enemies":"IC_BLOCK_ARCHETYPE","floor":50,"turns":14},{"damage":116,"enemies":"downfall:CharBossMerchant","floor":52,"turns":8}],"seed_played":"-1418744253798068395","potions_obtained":[{"floor":2,"key":"GamblersBrew"},{"floor":5,"key":"hexamod:SoulburnPotion"},{"floor":9,"key":"Guardian:BlockOnCardUsePotion"},{"floor":15,"key":"BlessingOfTheForge"},{"floor":29,"key":"downfall:CursedFountainPotion"},{"floor":31,"key":"champ:CounterPotion"},{"floor":32,"key":"champ:OpenerPotion"},{"floor":33,"key":"Block Potion"},{"floor":36,"key":"Energy Potion"},{"floor":39,"key":"SpeedPotion"}],"is_trial":false,"path_per_floor":["R","M","$","M","M","R","T","?","M","E","M","R","$","?","M","B",null,"R","M","M","?","M","R","T","M","E","M","R","?","$","E","M","B",null,"R","M","M","$","M","R","T","?","M","E","R","E","M","$","M","B",null,"E"],"character_chosen":"THE_CHAMP","items_purchased":["champ:SkillfulDodge","champ:IgnorePain","Bag of Preparation","champ:HoldFirm","ClockworkSouvenir","Centennial Puzzle"],"campfire_rested":2,"item_purchase_floors":[3,30,38,48,48,48],"current_hp_per_floor":[99,99,99,97,92,92,92,92,91,86,80,80,79,64,55,23,99,109,101,80,62,34,66,66,51,27,12,44,44,42,38,38,4,109,109,109,109,104,104,104,104,94,86,79,79,81,79,77,78,43,109,0,0,0],"gold":37,"neow_bonus":"TEN_PERCENT_HP_BONUS","is_daily":false,"chose_seed":false,"campfire_upgraded":6,"win_rate":0.0,"timestamp":1611793512,"path_taken":["R","M","$","M","M","R","T","?","M","E","?","R","$","?","M","BOSS","R","M","M","?","M","R","T","M","E","M","R","?","$","E","M","BOSS","R","M","M","?","M","R","T","?","M","E","R","E","M","$","M","BOSS","E"],"items_purchased_type":["Card","Card","Relic","Card","Relic","Relic"],"build_version":"2020-12-22","purchased_purges":2,"victory":false,"max_hp_per_floor":[99,99,99,99,99,99,99,99,99,99,99,99,99,99,99,99,99,109,109,109,109,109,109,109,109,109,109,109,109,109,109,109,109,109,109,109,109,109,109,109,109,109,109,109,109,109,109,109,109,109,109,109,109,109],"relic_stats":{"Blood Vial":10,"Centennial Puzzle":[9],"counters":[32,172],"Sundial":[2],"Bronze Scales":[240],"PreservedInsect":311,"Bag of Preparation":[18],"Letter Opener":[136],"obtain_stats":[{"downfall:HeartBlessingRed":12,"Velvet Choker":17,"champ:ChampionCrown":0,"downfall:HeartBlessingGreen":28,"PreservedInsect":24,"expansioncontent:StudyCardRelic":34,"Bag of Preparation":38,"Letter Opener":41,"ClockworkSouvenir":48,"Blood Vial":44,"Bottled Flame":10,"Centennial Puzzle":48,"downfall:HeartBlessingBlue":18,"champ:DefensiveTrainingManual":31,"Sundial":46,"Bronze Scales":26},{"downfall:HeartBlessingRed":7,"Velvet Choker":10,"champ:ChampionCrown":0,"downfall:HeartBlessingGreen":16,"PreservedInsect":13,"expansioncontent:StudyCardRelic":20,"Bag of Preparation":23,"Letter Opener":24,"ClockworkSouvenir":29,"Blood Vial":26,"Bottled Flame":6,"Centennial Puzzle":29,"downfall:HeartBlessingBlue":10,"champ:DefensiveTrainingManual":18,"Sundial":27,"Bronze Scales":15},{"downfall:HeartBlessingRed":29,"Velvet Choker":47,"champ:ChampionCrown":0,"downfall:HeartBlessingGreen":81,"PreservedInsect":64,"expansioncontent:StudyCardRelic":103,"Bag of Preparation":115,"Letter Opener":122,"ClockworkSouvenir":145,"Blood Vial":131,"Bottled Flame":26,"Centennial Puzzle":145,"downfall:HeartBlessingBlue":47,"champ:DefensiveTrainingManual":89,"Sundial":136,"Bronze Scales":78}]},"card_choices":[{"not_picked":["champ:Parry","champ:PreemptiveStrike"],"picked":"champ:FocusedDefense","floor":2},{"not_picked":["champ:BerserkersShout","champ:Devastate"],"picked":"champ:ShieldWall","floor":3},{"not_picked":["champ:FocusedDefense","champ:HeartStrike"],"picked":"champ:SkillfulDodge","floor":4},{"not_picked":["champ:PerfectedStrike","champ:Encircle"],"picked":"champ:Haymaker","floor":5},{"not_picked":["champ:Endure","champ:CrownThrow"],"picked":"champ:PreciseThrust","floor":9},{"not_picked":["champ:Backstep","champ:GladiatorStyle"],"picked":"champ:VampiricStrike","floor":10},{"not_picked":["champ:FanOfKnives","champ:FaceSlap","champ:Backstep"],"picked":"SKIP","floor":11},{"not_picked":["champ:FanOfKnives","champ:DefensiveShout"],"picked":"champ:LastStand","floor":13},{"not_picked":["champ:DeathBlow","champ:Lariat"],"picked":"champ:IronFortress","floor":15},{"not_picked":["champ:Devastate","champ:StrikeOfGenius"],"picked":"champ:ShieldThrow","floor":16},{"not_picked":["champ:Shatter","champ:CrownThrow"],"picked":"champ:FancyFootwork","floor":19},{"not_picked":["champ:FaceSlap","champ:Backstep","champ:PerfectedStrike"],"picked":"SKIP","floor":20},{"not_picked":["champ:FaceSlap","champ:BladeFlurry"],"picked":"champ:TornadoPunch","floor":22},{"not_picked":["champ:StanceDance","champ:Circumvent"],"picked":"champ:RisingSlash+1","floor":25},{"not_picked":["champ:TornadoPunch+1","champ:RecklessLeap"],"picked":"champ:Parry+1","floor":26},{"not_picked":["champ:FancyFootwork+1","champ:FanOfKnives"],"picked":"champ:SetATrap","floor":27},{"not_picked":["champ:TornadoPunch","champ:CalledShot"],"picked":"champ:BringItOn","floor":30},{"not_picked":["champ:SkillfulDodge","champ:AdrenalArmor"],"picked":"champ:IgnorePain","floor":31},{"not_picked":["champ:TornadoPunch","champ:BladeFlurry"],"picked":"champ:FocusedDefense+1","floor":32},{"not_picked":["champ:TripleStrike","champ:HeavySlash"],"picked":"champ:LastStand","floor":33},{"not_picked":["champ:PreciseThrust+1","champ:DefensiveShout"],"picked":"champ:FalseCounter+1","floor":36},{"not_picked":["champ:EndlessRage+1","champ:BerserkersShout+1","champ:GladiatorStyle"],"picked":"SKIP","floor":37},{"not_picked":["champ:PerfectedStrike","champ:PreciseThrust+1"],"picked":"champ:StanceDance","floor":38},{"not_picked":["champ:DeathBlow+1","champ:CrookedStrike+1","champ:RapidStrikes"],"picked":"SKIP","floor":39},{"not_picked":["expansioncontent:PolyBeam","expansioncontent:InvincibleStrength"],"picked":"expansioncontent:GuardianWhirl","floor":42},{"not_picked":["expansioncontent:AwakenDeath","expansioncontent:Chronoboost"],"picked":"expansioncontent:QuickStudy","floor":42},{"not_picked":["expansioncontent:Chronoboost","expansioncontent:AwakenDeath"],"picked":"expansioncontent:QuickStudy","floor":42},{"not_picked":["champ:FocusedBerserking+1","champ:Backstep+1"],"picked":"champ:FlashCut+1","floor":43},{"not_picked":["champ:StanceDance+1","champ:EnGarde+1"],"picked":"champ:ArenaPreparation","floor":44},{"not_picked":["champ:ShieldThrow","champ:FlashCut+1"],"picked":"champ:HoldFirm","floor":46},{"not_picked":["champ:FanOfKnives","champ:StanceDance+1"],"picked":"champ:PreemptiveStrike+1","floor":47},{"not_picked":["champ:EnragedBash+1","champ:GladiatorStyle+1"],"picked":"champ:RisingSlash","floor":48},{"not_picked":["champ:Haymaker","champ:Endure","champ:DeathBlow+1"],"picked":"SKIP","floor":49}],"player_experience":2669225,"relics_obtained":[{"floor":10,"key":"Bottled Flame"},{"floor":24,"key":"PreservedInsect"},{"floor":26,"key":"Bronze Scales"},{"floor":31,"key":"champ:DefensiveTrainingManual"},{"floor":41,"key":"Letter Opener"},{"floor":44,"key":"Blood Vial"},{"floor":46,"key":"Sundial"}],"event_choices":[],"is_beta":false,"boss_relics":[{"not_picked":["Sozu","bronze:MakeshiftBattery"],"picked":"Velvet Choker"},{"not_picked":["SacredBark","Empty Cage"],"picked":"expansioncontent:StudyCardRelic"}],"items_purged_floors":[30,48],"is_endless":false,"potions_floor_spawned":[2,5,9,15,19,20,26,31,32,33,36,39,47,49],"killed_by":"downfall:CharBossMerchant","ascension_level":0}}