{"host":"oz4ht6ec7xzo36kd","time":1611848134,"event":{"mods":["Act Like it!","BaseMod","Friendly Minions","Marisa¡]Ãú«B¡@Å]²z¨F¡^","Minty Spire (QoL Compilation)","Remilia¡]Á¢¦Ì²ú?¡^","StSLib","The Marked","The Servant 0.9.4","WarShipGirlsR/??¤Ö¤kR mod","Youmu¡]»î¾z§¯?¡^"],"gold_per_floor":[112,37,112,112,287,287,287,305,377,391,391,410,410,410],"floor_reached":13,"language":"ZHT","playtime":420,"items_purged":["Shame"],"score":73,"play_id":"f4991dc1-ae12-4121-b3ad-e76309d84d78","local_time":"20210128233534","is_ascension_mode":false,"campfire_choices":[{"floor":6,"key":"RECALL"},{"data":"theMarked:AttractMetal","floor":11,"key":"SMITH"}],"circlet_count":0,"master_deck":["theMarked:Strike","theMarked:Strike","theMarked:Strike","theMarked:Strike","theMarked:Strike","theMarked:Defend","theMarked:Defend+1","theMarked:Defend","theMarked:Defend+1","theMarked:SoldierOfQuellstein","theMarked:ElectricStrings","Doubt","theMarked:AttractMetal+1","theMarked:Indomitable"],"relics":["theMarked:ArtifactOfAir","Ice Cream","Ornamental Fan"],"acts_visited":["Exordium"],"potions_floor_usage":[13,13],"damage_taken":[{"damage":0,"enemies":"2 Louse","floor":1,"turns":4},{"damage":5,"enemies":"Small Slimes","floor":8,"turns":4},{"damage":3,"enemies":"Jaw Worm","floor":10,"turns":4},{"damage":23,"enemies":"Gremlin Gang","floor":12,"turns":6},{"damage":22,"enemies":"Gremlin Nob","floor":13,"turns":4}],"seed_played":"7667414642776861689","potions_obtained":[{"floor":8,"key":"Dexterity Potion"},{"floor":10,"key":"Weak Potion"},{"floor":12,"key":"PowerPotion"}],"is_trial":false,"path_per_floor":["M","$","?","?","?","R","T","M","T","M","R","M","E"],"character_chosen":"THE_DEFAULT","items_purchased":[],"campfire_rested":0,"item_purchase_floors":[],"current_hp_per_floor":[70,70,59,45,45,45,45,40,40,37,37,14,0,0],"gold":410,"neow_bonus":"ONE_RARE_RELIC","is_daily":false,"chose_seed":false,"campfire_upgraded":1,"win_rate":0.0,"timestamp":1611848134,"path_taken":["M","$","?","?","?","R","?","M","T","M","R","M","E"],"items_purchased_type":[],"build_version":"2020-12-22","purchased_purges":1,"victory":false,"max_hp_per_floor":[70,70,70,70,70,70,70,70,70,70,70,70,70,70],"card_choices":[{"not_picked":["theMarked:BanishingStrike","theMarked:Polarize"],"picked":"theMarked:ElectricStrings","floor":1},{"not_picked":["theMarked:ChannelForce","theMarked:CreepingChasm"],"picked":"theMarked:AttractMetal","floor":8},{"not_picked":["theMarked:TwofoldDefense","theMarked:Frustration","theMarked:WastefulAttack"],"picked":"SKIP","floor":10},{"not_picked":["theMarked:Overthink","theMarked:Aftermath"],"picked":"theMarked:Indomitable","floor":12}],"player_experience":407952,"relics_obtained":[{"floor":7,"key":"Ornamental Fan"}],"event_choices":[{"damage_healed":0,"gold_gain":75,"player_choice":"Gather Gold","damage_taken":11,"max_hp_gain":0,"max_hp_loss":0,"event_name":"World of Goop","floor":3,"gold_loss":0},{"damage_healed":0,"gold_gain":0,"player_choice":"Entered Light","damage_taken":14,"max_hp_gain":0,"max_hp_loss":0,"event_name":"Shining Light","floor":4,"gold_loss":0,"cards_upgraded":["theMarked:Defend","theMarked:Defend"]},{"damage_healed":0,"gold_gain":175,"player_choice":"AGREE","damage_taken":0,"max_hp_gain":0,"max_hp_loss":0,"event_name":"Liars Game","floor":5,"gold_loss":0,"cards_obtained":["Doubt"]}],"is_beta":false,"boss_relics":[],"items_purged_floors":[2],"is_endless":false,"potions_floor_spawned":[8,10,12],"killed_by":"Gremlin Nob","ascension_level":0}}