{"host":"syozzdlzcqop4jia","time":1611868228,"event":{"mods":["BaseMod","Colored Map","Colored Powertips","Minty Spire (QoL Compilation)","Quick Restart"],"gold_per_floor":[119,119,119,119,65,65,82,96,150,169,169,195,24,35,35,140,140,150,65,78,3,3,3,17,36,36,54,65,79,79,42,42,147,147,161,171,0,17,17,17],"floor_reached":39,"language":"ENG","playtime":2960,"items_purged":[],"score":468,"play_id":"e38baa22-36d7-48e9-8044-bd7a1fb655ce","local_time":"20210128221028","is_ascension_mode":true,"campfire_choices":[{"data":"Flex","floor":6,"key":"SMITH"},{"data":"Searing Blow","floor":11,"key":"SMITH"},{"data":"Battle Trance","floor":15,"key":"SMITH"},{"data":"Seeing Red","floor":23,"key":"SMITH"},{"floor":30,"key":"REST"},{"data":"Double Tap","floor":32,"key":"SMITH"}],"circlet_count":0,"master_deck":["Strike_R","Strike_R","Strike_R","Strike_R","Defend_R","Defend_R","Defend_R","Bash+1","Wild Strike+1","Flex+1","Searing Blow+1","Ghostly Armor","Headbutt","Anger","Ghostly Armor","Pummel","Battle Trance+1","Double Tap+1","Seeing Red+1","Carnage+1","Anger","Anger+1","Searing Blow+1","Heavy Blade+1","Pummel+1","Inflame+1","Fiend Fire","Warcry+1","Anger+1","Mayhem+1","Parasite","Heavy Blade+1"],"relics":["Burning Blood","Potion Belt","Red Skull","Frozen Egg 2","Velvet Choker","Centennial Puzzle","Shuriken","Fusion Hammer"],"acts_visited":["Exordium","TheCity","TheBeyond"],"potions_floor_usage":[36,39],"damage_taken":[{"damage":4,"enemies":"Small Slimes","floor":1,"turns":5},{"damage":2,"enemies":"Jaw Worm","floor":7,"turns":2},{"damage":0,"enemies":"Cultist","floor":8,"turns":2},{"damage":16,"enemies":"Exordium Thugs","floor":10,"turns":4},{"damage":25,"enemies":"3 Sentries","floor":12,"turns":7},{"damage":0,"enemies":"2 Fungi Beasts","floor":14,"turns":4},{"damage":51,"enemies":"The Guardian","floor":16,"turns":8},{"damage":0,"enemies":"Spheric Guardian","floor":18,"turns":3},{"damage":2,"enemies":"Chosen","floor":20,"turns":2},{"damage":1,"enemies":"Sentry and Sphere","floor":24,"turns":3},{"damage":14,"enemies":"Snake Plant","floor":25,"turns":2},{"damage":2,"enemies":"Cultist and Chosen","floor":27,"turns":3},{"damage":18,"enemies":"Snecko","floor":28,"turns":3},{"damage":24,"enemies":"Snake Plant","floor":29,"turns":2},{"damage":30,"enemies":"Automaton","floor":33,"turns":4},{"damage":37,"enemies":"3 Shapes","floor":35,"turns":4},{"damage":11,"enemies":"3 Darklings","floor":36,"turns":3},{"damage":6,"enemies":"Writhing Mass","floor":38,"turns":3},{"damage":44,"enemies":"4 Shapes","floor":39,"turns":3}],"seed_played":"2829277167511212732","potions_obtained":[{"floor":7,"key":"Block Potion"},{"floor":12,"key":"ColorlessPotion"},{"floor":16,"key":"Dexterity Potion"},{"floor":18,"key":"Energy Potion"},{"floor":20,"key":"Explosive Potion"},{"floor":33,"key":"BlessingOfTheForge"},{"floor":36,"key":"SteroidPotion"}],"is_trial":false,"path_per_floor":["M","?","?","?","$","R","M","M","T","M","R","E","$","M","R","B",null,"M","?","M","?","?","R","M","M","T","M","M","M","R","$","R","B",null,"M","M","$","M","M"],"character_chosen":"IRONCLAD","items_purchased":["Flex","Ghostly Armor","Pummel","Twin Strike","Inflame+1","Mayhem+1"],"campfire_rested":1,"item_purchase_floors":[5,13,13,13,31,37],"current_hp_per_floor":[80,73,73,73,73,73,77,80,80,70,70,51,51,57,57,12,80,80,80,80,80,80,80,80,72,72,76,64,46,70,70,70,46,80,49,44,44,44,0,0],"gold":17,"neow_bonus":"RANDOM_COMMON_RELIC","is_daily":false,"chose_seed":false,"campfire_upgraded":5,"win_rate":0.0,"timestamp":1611868228,"path_taken":["M","?","?","?","$","R","?","M","T","M","R","E","?","M","R","BOSS","M","?","M","?","?","R","M","M","T","M","M","?","R","$","R","BOSS","M","M","$","M","M"],"items_purchased_type":["Card","Card","Card","Card","Card","Card"],"build_version":"2020-12-22","purchased_purges":0,"victory":false,"max_hp_per_floor":[80,80,80,80,80,80,80,80,80,80,80,80,80,80,80,80,80,80,80,80,80,80,80,80,80,80,80,80,80,80,80,80,80,80,80,80,80,80,80,80],"card_choices":[{"not_picked":["Armaments","Searing Blow"],"picked":"Wild Strike","floor":1},{"not_picked":["Blood for Blood","Flex"],"picked":"Searing Blow","floor":7},{"not_picked":["Heavy Blade","Rupture"],"picked":"Ghostly Armor","floor":8},{"not_picked":["Reckless Charge","True Grit"],"picked":"Headbutt","floor":10},{"not_picked":["Thunderclap","Reckless Charge"],"picked":"Anger","floor":12},{"not_picked":["Combust+1","Body Slam"],"picked":"Battle Trance","floor":14},{"not_picked":["Offering","Bludgeon"],"picked":"Double Tap","floor":16},{"not_picked":["Flame Barrier","Anger+1"],"picked":"Seeing Red","floor":18},{"not_picked":["Seeing Red+1","Armaments"],"picked":"Carnage+1","floor":20},{"not_picked":["Armaments","Twin Strike"],"picked":"Anger","floor":24},{"not_picked":["Infernal Blade","Heavy Blade"],"picked":"Anger+1","floor":25},{"not_picked":["Pommel Strike","Entrench"],"picked":"Searing Blow+1","floor":27},{"not_picked":["Intimidate","Spot Weakness"],"picked":"Heavy Blade+1","floor":28},{"not_picked":["Offering","Second Wind"],"picked":"Pummel+1","floor":29},{"not_picked":["Juggernaut+1","Offering"],"picked":"Fiend Fire","floor":33},{"not_picked":["Clash","Twin Strike"],"picked":"Warcry+1","floor":35},{"not_picked":["Heavy Blade+1","Twin Strike+1"],"picked":"Anger+1","floor":36},{"not_picked":["Pommel Strike+1","Rampage+1"],"picked":"Heavy Blade+1","floor":38}],"player_experience":420615,"relics_obtained":[{"floor":9,"key":"Red Skull"},{"floor":12,"key":"Frozen Egg 2"},{"floor":26,"key":"Shuriken"}],"event_choices":[{"cards_removed":["Strike_R"],"damage_healed":0,"gold_gain":0,"player_choice":"Card Removal","damage_taken":7,"max_hp_gain":0,"max_hp_loss":0,"event_name":"Golden Wing","floor":2,"gold_loss":0},{"damage_healed":0,"gold_gain":0,"player_choice":"Grow","damage_taken":0,"max_hp_gain":0,"max_hp_loss":0,"event_name":"Living Wall","floor":3,"gold_loss":0,"cards_upgraded":["Wild Strike"]},{"damage_healed":0,"gold_gain":0,"player_choice":"Forge","damage_taken":0,"max_hp_gain":0,"max_hp_loss":0,"event_name":"Accursed Blacksmith","floor":4,"gold_loss":0,"cards_upgraded":["Bash"]},{"damage_healed":0,"gold_gain":0,"player_choice":"Obtained Relic","damage_taken":0,"relics_obtained":["Centennial Puzzle"],"max_hp_gain":0,"max_hp_loss":0,"event_name":"Addict","floor":19,"gold_loss":85},{"cards_removed":["Defend_R"],"damage_healed":0,"gold_gain":0,"player_choice":"Gave Gold","damage_taken":0,"max_hp_gain":0,"max_hp_loss":0,"event_name":"Beggar","floor":21,"gold_loss":75},{"cards_removed":["Twin Strike"],"damage_healed":5,"gold_gain":0,"player_choice":"Offered Common","damage_taken":0,"max_hp_gain":0,"max_hp_loss":0,"event_name":"Bonfire Elementals","floor":22,"gold_loss":0},{"cards_removed":["Twin Strike"],"damage_healed":5,"gold_gain":0,"player_choice":"Offered Special","damage_taken":0,"max_hp_gain":0,"max_hp_loss":0,"event_name":"Bonfire Elementals","floor":22,"gold_loss":0}],"is_beta":false,"boss_relics":[{"not_picked":["Coffee Dripper","Black Star"],"picked":"Velvet Choker"},{"not_picked":["Snecko Eye","Pandora\u0027s Box"],"picked":"Fusion Hammer"}],"items_purged_floors":[],"is_endless":false,"potions_floor_spawned":[7,12,16,18,20,25,33,36],"killed_by":"4 Shapes","ascension_level":3}}