{"host":"61y0z9o9vf3ujftj","time":1611878015,"event":{"mods":["BaseMod","Colored Map","Colored Powertips","GifTheSpireLib","HexUI Lib","Highlight Path","Minty Spire (QoL Compilation)","Relic Stats","StSLib","ojb\u0027s Info Mod"],"gold_per_floor":[116,134,152,152,77,77,94,94,170,170,201,216,216,242,242,317,317,334,57,57,69,88,121,121,121,121,121,137,164,180,209,209,280,280,292,292,92,108,128,128,153,153,153,153,153,179,209,5,5,5],"floor_reached":51,"language":"ENG","playtime":4592,"items_purged":["Strike_G","Clumsy","All Out Attack"],"score":1611,"play_id":"a20f2d65-cace-45b0-a32f-35cd51ce9d2f","local_time":"20210128175335","is_ascension_mode":true,"campfire_choices":[{"data":"Neutralize","floor":6.0,"key":"SMITH"},{"data":"Blade Dance","floor":8.0,"key":"SMITH"},{"data":"Blade Dance","floor":10.0,"key":"SMITH"},{"data":"Deadly Poison","floor":15.0,"key":"SMITH"},{"data":"Ghostly","floor":27.0,"key":"SMITH"},{"data":"Ghostly","floor":32.0,"key":"SMITH"},{"data":"Wraith Form v2","floor":40.0,"key":"SMITH"},{"data":"Burst","floor":49,"key":"SMITH"}],"circlet_count":0,"master_deck":["AscendersBane","Survivor","Neutralize+1","Blade Dance+1","Blade Dance+1","Backflip","Backflip","Dash+1","Deadly Poison+1","Blade Dance","Phantasmal Killer","Ghostly+1","Ghostly+1","Ghostly","Predator+1","Venomology","RitualDagger","Cloak And Dagger","Wraith Form v2+1","Crippling Poison","Burst+1","Bane","Prepared","Sucker Punch","Adrenaline","All Out Attack","Dagger Spray+1","Flash of Steel+1","Madness","Terror"],"relics":["Cursed Key","Blue Candle","Pen Nib","Ice Cream","Runic Pyramid","Pantograph","Bag of Marbles","HornCleat","WingedGreaves","Pandora\u0027s Box","Pear","Whetstone","Paper Crane"],"acts_visited":["Exordium","TheCity","TheBeyond"],"potions_floor_usage":[50,50,50],"damage_taken":[{"damage":7.0,"enemies":"Cultist","floor":1.0,"turns":5.0},{"damage":1.0,"enemies":"2 Louse","floor":2.0,"turns":2.0},{"damage":4.0,"enemies":"Jaw Worm","floor":3.0,"turns":3.0},{"damage":0.0,"enemies":"Looter","floor":7.0,"turns":3.0},{"damage":22.0,"enemies":"Lagavulin","floor":11.0,"turns":9.0},{"damage":3.0,"enemies":"Blue Slaver","floor":12.0,"turns":3.0},{"damage":7.0,"enemies":"3 Sentries","floor":14.0,"turns":6.0},{"damage":27.0,"enemies":"Slime Boss","floor":16.0,"turns":11.0},{"damage":11.0,"enemies":"Shell Parasite","floor":18.0,"turns":3.0},{"damage":0.0,"enemies":"Chosen","floor":21.0,"turns":3.0},{"damage":0.0,"enemies":"Centurion and Healer","floor":22.0,"turns":5.0},{"damage":2.0,"enemies":"Gremlin Leader","floor":23.0,"turns":6.0},{"damage":4.0,"enemies":"Cultist and Chosen","floor":28.0,"turns":6.0},{"damage":10.0,"enemies":"Book of Stabbing","floor":29.0,"turns":6.0},{"damage":0.0,"enemies":"3 Cultists","floor":30.0,"turns":6.0},{"damage":2.0,"enemies":"Gremlin Leader","floor":31.0,"turns":3.0},{"damage":11.0,"enemies":"Collector","floor":33.0,"turns":11.0},{"damage":2.0,"enemies":"Orb Walker","floor":35.0,"turns":3.0},{"damage":0.0,"enemies":"3 Darklings","floor":38.0,"turns":4.0},{"damage":2.0,"enemies":"Sphere and 2 Shapes","floor":39.0,"turns":4.0},{"damage":3.0,"enemies":"Nemesis","floor":41.0,"turns":5.0},{"damage":1.0,"enemies":"Giant Head","floor":46.0,"turns":7.0},{"damage":0,"enemies":"Nemesis","floor":47,"turns":5},{"damage":29,"enemies":"Awakened One","floor":50,"turns":12}],"seed_played":"1079775290242757075","potions_obtained":[{"floor":1.0,"key":"Regen Potion"},{"floor":11.0,"key":"Energy Potion"},{"floor":12.0,"key":"Dexterity Potion"},{"floor":18.0,"key":"EssenceOfSteel"},{"floor":23.0,"key":"Energy Potion"},{"floor":29.0,"key":"PowerPotion"},{"floor":31.0,"key":"SneckoOil"},{"floor":35.0,"key":"DistilledChaos"},{"floor":38.0,"key":"AttackPotion"},{"floor":46.0,"key":"LiquidBronze"}],"is_trial":false,"path_per_floor":["M","M","M","T","$","R","M","R","T","R","E","M","?","E","R","B",null,"M","$","?","M","M","E","?","T","T","R","M","E","M","E","R","B",null,"M","?","$","M","M","R","E","?","T","?","T","E","E","$","R","B",null],"character_chosen":"THE_SILENT","items_purchased":["Pantograph","Flash of Steel","DuplicationPotion"],"campfire_rested":0,"item_purchase_floors":[19,37,48],"current_hp_per_floor":[52,51,47,47,47,47,47,47,47,47,25,22,22,30,30,3,50,39,39,33,33,33,31,25,25,25,25,21,11,11,9,9,22,30,28,28,28,28,26,26,33,33,33,33,33,32,32,32,32,14],"gold":5,"neow_bonus":"BOSS_RELIC","is_daily":false,"chose_seed":false,"campfire_upgraded":8,"win_rate":0.0,"timestamp":1611878015,"path_taken":["M","M","M","?","$","R","M","R","T","R","E","M","?","E","R","BOSS","M","$","?","M","M","E","?","?","T","R","M","E","M","E","R","BOSS","M","?","$","M","M","R","E","?","T","?","?","E","E","$","R","BOSS"],"items_purchased_type":["Relic","Card","Potion"],"build_version":"2020-12-22","purchased_purges":3,"victory":true,"max_hp_per_floor":[66,66,66,66,66,66,66,66,66,66,66,66,66,66,66,66,66,66,66,33,33,33,33,33,33,33,33,33,33,33,33,33,33,33,33,33,33,33,33,33,43,43,43,43,43,43,43,43,43,43],"relic_stats":{"counters":[24,131],"Blue Candle":[0],"Pantograph":35,"Pandora\u0027s Box":["Crippling Poison","Burst","Bane","Prepared","Sucker Punch","All Out Attack","Quick Slash","Adrenaline","All Out Attack"],"Pen Nib":[39],"Whetstone":["Dash","Flash of Steel"],"Cursed Key":1,"obtain_stats":[{"Ice Cream":14,"Pear":41,"Blue Candle":9,"Pen Nib":11,"Whetstone":46,"Paper Crane":47,"Cursed Key":0,"HornCleat":29,"Pantograph":19,"Pandora\u0027s Box":34,"WingedGreaves":31,"Bag of Marbles":23,"Ring of the Snake":0,"Runic Pyramid":17},{"Ice Cream":7,"Pear":21,"Blue Candle":4,"Pen Nib":5,"Whetstone":22,"Paper Crane":23,"Cursed Key":0,"HornCleat":14,"Pantograph":9,"Pandora\u0027s Box":17,"WingedGreaves":16,"Bag of Marbles":12,"Ring of the Snake":0,"Runic Pyramid":8},{"Ice Cream":31,"Pear":107,"Blue Candle":13,"Pen Nib":22,"Whetstone":114,"Paper Crane":119,"Cursed Key":0,"HornCleat":71,"Pantograph":45,"Pandora\u0027s Box":91,"WingedGreaves":80,"Bag of Marbles":59,"Ring of the Snake":0,"Runic Pyramid":42}]},"card_choices":[{"not_picked":["Infinite Blades","Quick Slash"],"picked":"Blade Dance","floor":1.0},{"not_picked":["Poisoned Stab","All Out Attack"],"picked":"Blade Dance","floor":2.0},{"not_picked":["Choke","Deadly Poison"],"picked":"Backflip","floor":3.0},{"not_picked":["Masterful Stab","Poisoned Stab"],"picked":"Backflip","floor":7.0},{"not_picked":["Prepared","Quick Slash"],"picked":"Dash","floor":11.0},{"not_picked":["Deflect","Storm of Steel"],"picked":"Deadly Poison","floor":12.0},{"not_picked":["Setup","Quick Slash"],"picked":"Blade Dance","floor":14.0},{"not_picked":["Corpse Explosion","Burst"],"picked":"Phantasmal Killer","floor":16.0},{"not_picked":["Sucker Punch","Slice","Quick Slash"],"picked":"SKIP","floor":18.0},{"not_picked":["Heel Hook","PiercingWail"],"picked":"Predator+1","floor":21.0},{"not_picked":["Sucker Punch","Outmaneuver"],"picked":"Venomology","floor":22.0},{"not_picked":["Dodge and Roll+1","Tactician","Sucker Punch"],"picked":"SKIP","floor":23.0},{"not_picked":["Deadly Poison","Predator","Dagger Throw"],"picked":"SKIP","floor":28.0},{"not_picked":["Acrobatics","Prepared"],"picked":"Cloak And Dagger","floor":29.0},{"not_picked":["Sucker Punch","Flying Knee","Dodge and Roll"],"picked":"SKIP","floor":30.0},{"not_picked":["Doppelganger","Blade Dance","Poisoned Stab"],"picked":"SKIP","floor":31.0},{"not_picked":["Venomology","Tools of the Trade"],"picked":"Wraith Form v2","floor":33.0},{"not_picked":["Slice+1","Poisoned Stab"],"picked":"Dagger Spray+1","floor":35.0},{"not_picked":["Blade Dance+1","Dagger Throw","Caltrops"],"picked":"SKIP","floor":38.0},{"not_picked":["Catalyst","Slice","Dagger Spray"],"picked":"SKIP","floor":39.0},{"not_picked":["Crippling Poison","Outmaneuver","Acrobatics+1"],"picked":"SKIP","floor":41.0},{"not_picked":["Forethought","Master of Strategy"],"picked":"Madness","floor":44.0},{"not_picked":["Crippling Poison","Flying Knee+1"],"picked":"Terror","floor":46.0},{"not_picked":["Tools of the Trade","Bane","Poisoned Stab"],"picked":"SKIP","floor":47}],"player_experience":426229,"relics_obtained":[{"floor":9.0,"key":"Blue Candle"},{"floor":11.0,"key":"Pen Nib"},{"floor":14.0,"key":"Ice Cream"},{"floor":23.0,"key":"Bag of Marbles"},{"floor":29.0,"key":"HornCleat"},{"floor":31.0,"key":"WingedGreaves"},{"floor":41.0,"key":"Pear"},{"floor":46.0,"key":"Whetstone"},{"floor":47,"key":"Paper Crane"}],"event_choices":[{"damage_healed":0.0,"max_hp_gain":0.0,"max_hp_loss":0.0,"gold_gain":0.0,"event_name":"Scrap Ooze","player_choice":"Fled","floor":13.0,"gold_loss":0.0,"damage_taken":0.0},{"damage_healed":0.0,"max_hp_gain":0.0,"max_hp_loss":33.0,"gold_gain":0.0,"event_name":"Ghosts","player_choice":"Became a Ghost","floor":20.0,"gold_loss":0.0,"damage_taken":0.0,"cards_obtained":["Ghostly","Ghostly","Ghostly"]},{"damage_healed":0.0,"max_hp_gain":0.0,"max_hp_loss":0.0,"gold_gain":0.0,"event_name":"Nest","player_choice":"Joined the Cult","floor":24.0,"gold_loss":0.0,"damage_taken":6.0,"cards_obtained":["RitualDagger"]},{"cards_removed":["Quick Slash"],"damage_healed":0.0,"max_hp_gain":0.0,"max_hp_loss":0.0,"gold_gain":0.0,"event_name":"Falling","player_choice":"Removed Attack","floor":36.0,"gold_loss":0.0,"damage_taken":0.0},{"damage_healed":0.0,"max_hp_gain":0.0,"max_hp_loss":0.0,"gold_gain":0.0,"event_name":"Mysterious Sphere","player_choice":"Ignored","floor":42.0,"gold_loss":0.0,"damage_taken":0.0},{"damage_healed":0.0,"max_hp_gain":0.0,"max_hp_loss":0.0,"gold_gain":0.0,"event_name":"SensoryStone","player_choice":"Memory 1","floor":44.0,"gold_loss":0.0,"damage_taken":0.0}],"is_beta":false,"boss_relics":[{"not_picked":["Coffee Dripper","Busted Crown"],"picked":"Runic Pyramid"},{"not_picked":["Black Star","Runic Dome"],"picked":"Pandora\u0027s Box"}],"items_purged_floors":[5,37,48],"is_endless":false,"potions_floor_spawned":[1,11,12,18,23,29,31,35,38,46],"ascension_level":19}}