{"host":"w01zow3jg16g8jdh","time":1611844184,"event":{"mods":["AchievementEnabler","BaseMod","DeckTracker","Keyboard Shortcuts","Minty Spire (QoL Compilation)","Permanent Neow","StSLib","SuperFastMode"],"gold_per_floor":[17,34,54,54,54,54,81,91,91,91,16,34,34,65,65,144,144,155,155,155,55,66,66,96,96,96,114,163,38,49,64,64,139,139,154,154,166,16,41,41,53,53,53,88,88,98,15,43,43,43,43,43],"floor_reached":51,"language":"KOR","playtime":1431,"items_purged":["Defend_G","Defend_G","Strike_G","Strike_G"],"score":1391,"play_id":"10e6ad77-b484-4b50-aea1-62c2fc714d66","local_time":"20210128232944","is_ascension_mode":true,"campfire_choices":[{"data":"Glass Knife","floor":6.0,"key":"SMITH"},{"floor":13.0,"key":"REST"},{"floor":15.0,"key":"REST"},{"floor":23.0,"key":"REST"},{"floor":25.0,"key":"REST"},{"floor":32.0,"key":"REST"},{"data":"Well Laid Plans","floor":40.0,"key":"SMITH"},{"floor":42,"key":"REST"},{"floor":49,"key":"RECALL"}],"circlet_count":0,"master_deck":["AscendersBane","Strike_G+1","Strike_G+1","Defend_G","Survivor","Neutralize","Die Die Die+1","Deadly Poison+1","PiercingWail","Glass Knife+1","Cloak And Dagger+1","Well Laid Plans+1","Acrobatics","Infinite Blades","Die Die Die","Backstab+1","Backflip","Acrobatics","Accuracy","Cloak And Dagger+1"],"relics":["Ring of the Snake","Shuriken","Thread and Needle","Turnip","SlaversCollar","Gremlin Horn","Orichalcum","Whetstone","Busted Crown","Gambling Chip","Sundial","Paper Crane"],"acts_visited":["Exordium","TheCity","TheBeyond"],"potions_floor_usage":[41,50,50],"damage_taken":[{"damage":1.0,"enemies":"Cultist","floor":1.0,"turns":4.0},{"damage":7.0,"enemies":"Jaw Worm","floor":2.0,"turns":4.0},{"damage":7.0,"enemies":"Small Slimes","floor":3.0,"turns":4.0},{"damage":22.0,"enemies":"Gremlin Nob","floor":7.0,"turns":4.0},{"damage":1.0,"enemies":"Red Slaver","floor":8.0,"turns":3.0},{"damage":0.0,"enemies":"Looter","floor":12.0,"turns":3.0},{"damage":1.0,"enemies":"3 Sentries","floor":14.0,"turns":6.0},{"damage":33.0,"enemies":"Hexaghost","floor":16.0,"turns":11.0},{"damage":0.0,"enemies":"Chosen","floor":18.0,"turns":4.0},{"damage":8.0,"enemies":"Shell Parasite","floor":22.0,"turns":5.0},{"damage":25.0,"enemies":"Gremlin Leader","floor":24.0,"turns":6.0},{"damage":12.0,"enemies":"Snake Plant","floor":27.0,"turns":4.0},{"damage":6.0,"enemies":"Cultist and Chosen","floor":30.0,"turns":5.0},{"damage":0.0,"enemies":"3 Cultists","floor":31.0,"turns":4.0},{"damage":6.0,"enemies":"Collector","floor":33.0,"turns":8.0},{"damage":3.0,"enemies":"3 Darklings","floor":35.0,"turns":3.0},{"damage":3.0,"enemies":"3 Shapes","floor":37.0,"turns":4.0},{"damage":3.0,"enemies":"Mind Bloom Boss Battle","floor":39.0,"turns":8.0},{"damage":41,"enemies":"Spire Growth","floor":41,"turns":5},{"damage":4,"enemies":"Reptomancer","floor":44,"turns":4},{"damage":0,"enemies":"4 Shapes","floor":46,"turns":7},{"damage":5,"enemies":"Nemesis","floor":48,"turns":5},{"damage":15,"enemies":"Awakened One","floor":50,"turns":9},{"damage":28,"enemies":"Time Eater","floor":51,"turns":5}],"seed_played":"-487926046175248604","potions_obtained":[{"floor":1.0,"key":"Poison Potion"},{"floor":8.0,"key":"Explosive Potion"},{"floor":16.0,"key":"PowerPotion"},{"floor":22.0,"key":"EntropicBrew"},{"floor":24.0,"key":"Energy Potion"},{"floor":31.0,"key":"Dexterity Potion"},{"floor":39.0,"key":"Swift Potion"},{"floor":41,"key":"GhostInAJar"},{"floor":44,"key":"LiquidBronze"}],"is_trial":false,"path_per_floor":["M","M","M","?","?","R","E","M","T","?","$","M","R","E","R","B",null,"M","?","?","$","M","R","E","R","T","M","T","$","M","M","R","B",null,"M","?","M","$","?","R","M","R","T","E","?","M","$","E","R","B","B"],"character_chosen":"THE_SILENT","items_purchased":["Regen Potion"],"campfire_rested":6,"item_purchase_floors":[47],"current_hp_per_floor":[58,51,44,44,24,24,2,1,1,1,1,1,20,19,38,5,51,51,33,33,33,25,46,21,42,42,30,30,30,24,24,45,39,63,60,60,57,57,54,54,13,34,34,30,30,30,30,25,25,25,0,0],"gold":43,"neow_bonus":"THREE_RARE_CARDS","is_daily":false,"chose_seed":false,"campfire_upgraded":2,"win_rate":0.0,"timestamp":1611844184,"path_taken":["M","M","M","?","?","R","E","M","T","?","$","M","R","E","R","BOSS","M","?","?","$","M","R","E","R","T","?","?","?","?","M","R","BOSS","M","?","?","$","?","R","M","R","T","E","?","?","?","E","R","BOSS","BOSS"],"items_purchased_type":["Potion"],"build_version":"2020-12-22","purchased_purges":4,"victory":false,"max_hp_per_floor":[66,66,66,66,66,66,66,66,66,66,66,66,66,66,66,66,66,66,71,71,71,71,71,71,71,71,71,71,71,71,71,71,71,71,71,71,71,71,71,71,71,71,71,71,71,71,71,71,71,71,71,71],"card_choices":[{"not_picked":["Venomology","Burst"],"picked":"Die Die Die","floor":0.0},{"not_picked":["Sucker Punch","Flying Knee"],"picked":"Deadly Poison","floor":1.0},{"not_picked":["Outmaneuver","Deflect"],"picked":"PiercingWail","floor":2.0},{"not_picked":["Terror","Quick Slash"],"picked":"Glass Knife","floor":3.0},{"not_picked":["Dodge and Roll","Bouncing Flask"],"picked":"Cloak And Dagger","floor":7.0},{"not_picked":["Blur","Bane","PiercingWail"],"picked":"SKIP","floor":8.0},{"not_picked":["Noxious Fumes","Backflip"],"picked":"Acrobatics","floor":12.0},{"not_picked":["Sucker Punch","Cloak And Dagger"],"picked":"Infinite Blades","floor":14.0},{"not_picked":["Unload","Grand Finale"],"picked":"Die Die Die","floor":16.0},{"not_picked":["Noxious Fumes","Deflect","Bane"],"picked":"SKIP","floor":18.0},{"not_picked":["Acrobatics","Bane","Sucker Punch"],"picked":"SKIP","floor":22.0},{"not_picked":["Blur","Backflip"],"picked":"Backstab+1","floor":24.0},{"not_picked":["Prepared","Slice","Catalyst"],"picked":"SKIP","floor":27.0},{"not_picked":["Night Terror","Blur","Underhanded Strike"],"picked":"SKIP","floor":30.0},{"not_picked":["PiercingWail","Dagger Throw"],"picked":"Backflip","floor":31.0},{"not_picked":["Dash"],"picked":"SKIP","floor":35.0},{"not_picked":[],"picked":"Acrobatics","floor":37.0},{"not_picked":["Bane"],"picked":"SKIP","floor":41},{"not_picked":[],"picked":"Accuracy","floor":44},{"not_picked":[],"picked":"Cloak And Dagger+1","floor":46},{"not_picked":["Blur"],"picked":"SKIP","floor":48}],"player_experience":323321,"relics_obtained":[{"floor":7.0,"key":"Shuriken"},{"floor":9.0,"key":"Thread and Needle"},{"floor":14.0,"key":"Turnip"},{"floor":24.0,"key":"Gremlin Horn"},{"floor":26.0,"key":"Orichalcum"},{"floor":28.0,"key":"Whetstone"},{"floor":39.0,"key":"Gambling Chip"},{"floor":44,"key":"Sundial"},{"floor":48,"key":"Paper Crane"}],"event_choices":[{"cards_removed":["Strike_G"],"damage_healed":0.0,"max_hp_gain":0.0,"max_hp_loss":0.0,"gold_gain":0.0,"event_name":"Living Wall","player_choice":"Forget","floor":4.0,"gold_loss":0.0,"damage_taken":0.0},{"damage_healed":0.0,"max_hp_gain":0.0,"max_hp_loss":0.0,"gold_gain":0.0,"event_name":"Shining Light","player_choice":"Entered Light","floor":5.0,"gold_loss":0.0,"damage_taken":20.0,"cards_upgraded":["Strike_G","Deadly Poison"]},{"damage_healed":0.0,"max_hp_gain":0.0,"max_hp_loss":0.0,"gold_gain":0.0,"event_name":"Match and Keep!","player_choice":"1 cards matched","floor":10.0,"gold_loss":0.0,"damage_taken":0.0,"cards_obtained":["Well Laid Plans"]},{"damage_healed":0.0,"max_hp_gain":5.0,"max_hp_loss":0.0,"gold_gain":0.0,"event_name":"Forgotten Altar","player_choice":"Shed Blood","floor":19.0,"gold_loss":0.0,"damage_taken":23.0},{"damage_healed":0.0,"max_hp_gain":0.0,"max_hp_loss":0.0,"gold_gain":0.0,"event_name":"Accursed Blacksmith","player_choice":"Forge","floor":20.0,"gold_loss":0.0,"damage_taken":0.0,"cards_upgraded":["Cloak And Dagger"]},{"cards_removed":["Defend_G"],"damage_healed":0.0,"max_hp_gain":0.0,"max_hp_loss":0.0,"gold_gain":0.0,"event_name":"Bonfire Elementals","player_choice":"Offered Basic","floor":36.0,"gold_loss":0.0,"damage_taken":0.0},{"damage_healed":0.0,"max_hp_gain":0.0,"max_hp_loss":0.0,"gold_gain":0.0,"event_name":"MindBloom","player_choice":"Fight","floor":39.0,"gold_loss":0.0,"damage_taken":0.0},{"cards_removed":["Defend_G"],"damage_healed":0,"gold_gain":0,"player_choice":"Purged","damage_taken":0,"max_hp_gain":0,"max_hp_loss":0,"event_name":"Purifier","floor":45,"gold_loss":0}],"is_beta":false,"boss_relics":[{"not_picked":["Runic Dome","Fusion Hammer"],"picked":"SlaversCollar"},{"not_picked":["Coffee Dripper","Runic Pyramid"],"picked":"Busted Crown"}],"items_purged_floors":[11,21,29,38],"is_endless":false,"potions_floor_spawned":[1,8,16,22,24,31,39,41,44,46],"killed_by":"Time Eater","ascension_level":20}}