{"host":"fjaupvxe7fzqrf4j","time":1611827135,"event":{"mods":["ATMod(°¢èªMod)","BaseMod","Minty Spire (QoL Compilation)","StSLib"],"gold_per_floor":[114,114,114,189,114,150,193,233,286,317,317,377,377,117,117,238,238,307,16,66,66,66,126,234,298,298,409,519,634,697,811,811,929,929,970,970,1086,936,1001,1065,1181,1253,1253,1361,1361,1426,1426,1542,1542,1667,1717,1717,1717,836,921,946],"floor_reached":57,"language":"ZHS","playtime":1111,"items_purged":["Dagger Throw","Finisher","Backflip","AT_WindFlip","Noxious Fumes"],"score":4866,"play_id":"0e7eec11-e858-461f-a219-46e06a684242","local_time":"20210128174535","daily_mods":["SealedDeck","Heirloom","Time Dilation","Flight","Elite Swarm"],"is_ascension_mode":true,"campfire_choices":[{"data":"Reflex","floor":11.0,"key":"SMITH"},{"data":"Expertise","floor":15.0,"key":"SMITH"},{"data":"Prepared","floor":32,"key":"SMITH"},{"data":"Wraith Form v2","floor":45,"key":"SMITH"},{"data":"Adrenaline","floor":47,"key":"SMITH"},{"floor":49,"key":"RECALL"},{"floor":53,"key":"DIG"}],"circlet_count":0,"master_deck":["AscendersBane","Terror","PiercingWail","Expertise+1","Backflip","Tactician+1","Reflex+1","Adrenaline+1","Grand Finale","After Image","Prepared+1","AT_KingSlayer+1","Escape Plan","Wraith Form v2+1"],"relics":["Ring of the Snake","AT_ATBox","Girya","Golden Idol","Bag of Preparation","Bronze Scales","AT_BladeRuinedKing","AT_MibuBalloonWealth","Boot","OrangePellets","HoveringKite","AT_BellDemon","AT_GoldPhoenixTree","AT_ImmortalShieldbow","HornCleat","Anchor","Prayer Wheel","Singing Bowl","Lantern","Shovel","Pocketwatch","Thread and Needle","Sundial","Unceasing Top","AT_LudenTempest","AT_ChloranthyRing","Meat on the Bone","Mummified Hand","AT_RedNoBalance","SacredBark","CeramicFish","AT_Manta","Strawberry","Tough Bandages","Oddly Smooth Stone","Nunchaku","The Specimen","AT_DeathDance","Ancient Tea Set","Darkstone Periapt","AT_SilvercatRing","Kunai","Pear","Blood Vial","Bottled Lightning","TungstenRod","Gremlin Horn","Letter Opener","HandDrill","Akabeko","CaptainsWheel","Gambling Chip","Ornamental Fan"],"acts_visited":["Exordium","TheCity","TheBeyond","TheEnding"],"potions_floor_usage":[56,56],"damage_taken":[{"damage":0.0,"enemies":"Small Slimes","floor":1.0,"turns":3.0},{"damage":0.0,"enemies":"Lagavulin","floor":6.0,"turns":2.0},{"damage":0.0,"enemies":"3 Sentries","floor":7.0,"turns":1.0},{"damage":0.0,"enemies":"Lagavulin","floor":8.0,"turns":1.0},{"damage":0.0,"enemies":"3 Sentries","floor":10.0,"turns":1.0},{"damage":0.0,"enemies":"Lagavulin","floor":12.0,"turns":1.0},{"damage":0.0,"enemies":"Hexaghost","floor":16.0,"turns":1.0},{"damage":0.0,"enemies":"2 Thieves","floor":18.0,"turns":1.0},{"damage":0.0,"enemies":"Spheric Guardian","floor":20.0,"turns":1.0},{"damage":0,"enemies":"Book of Stabbing","floor":23,"turns":1},{"damage":0,"enemies":"Slavers","floor":24,"turns":1},{"damage":0,"enemies":"Book of Stabbing","floor":25,"turns":1},{"damage":0,"enemies":"Gremlin Leader","floor":27,"turns":1},{"damage":0,"enemies":"Slavers","floor":28,"turns":1},{"damage":0,"enemies":"Gremlin Leader","floor":29,"turns":1},{"damage":0,"enemies":"Book of Stabbing","floor":30,"turns":1},{"damage":0,"enemies":"Slavers","floor":31,"turns":1},{"damage":0,"enemies":"Automaton","floor":33,"turns":1},{"damage":0,"enemies":"Orb Walker","floor":35,"turns":1},{"damage":0,"enemies":"2 Orb Walkers","floor":37,"turns":1},{"damage":0,"enemies":"Mind Bloom Boss Battle","floor":39,"turns":1},{"damage":0,"enemies":"Nemesis","floor":40,"turns":1},{"damage":0,"enemies":"Reptomancer","floor":41,"turns":1},{"damage":0,"enemies":"Nemesis","floor":42,"turns":1},{"damage":0,"enemies":"Reptomancer","floor":44,"turns":1},{"damage":0,"enemies":"Nemesis","floor":46,"turns":1},{"damage":0,"enemies":"Reptomancer","floor":48,"turns":1},{"damage":0,"enemies":"Awakened One","floor":50,"turns":2},{"damage":0,"enemies":"Donu and Deca","floor":51,"turns":1},{"damage":0,"enemies":"Shield and Spear","floor":55,"turns":1},{"damage":0,"enemies":"The Heart","floor":56,"turns":4}],"seed_played":"-9056177042938860489","potions_obtained":[{"floor":7.0,"key":"BlessingOfTheForge"},{"floor":10.0,"key":"CultistPotion"},{"floor":39,"key":"Swift Potion"}],"is_trial":true,"path_per_floor":["M","?","?","?","$","E","E","E","T","E","R","E","?","$","R","B",null,"M","$","M","?","?","E","E","E","T","E","E","E","E","E","R","B",null,"M","?","?","$","?","E","E","E","T","E","R","E","R","E","R","B","B",null,"R","$","E","B",null],"character_chosen":"THE_SILENT","items_purchased":["OrangePellets","AT_BellDemon","HandDrill","Akabeko","CaptainsWheel","Noxious Fumes"],"campfire_rested":0,"item_purchase_floors":[14,19,54,54,54,54],"current_hp_per_floor":[59,36,36,25,25,25,25,25,25,25,25,25,25,25,25,25,56,56,56,56,56,56,56,56,58,58,60,62,64,66,68,68,70,78,56,56,61,61,61,63,65,65,65,77,77,81,81,85,85,87,89,104,104,104,108,110],"gold":946,"neow_bonus":"","is_daily":false,"chose_seed":false,"campfire_upgraded":5,"win_rate":0.0,"timestamp":1611827135,"path_taken":["M","?","?","?","$","E","E","E","T","E","R","E","?","$","R","BOSS","M","$","?","?","?","E","E","E","T","E","E","E","E","E","R","BOSS","M","?","?","$","?","E","E","E","T","E","R","E","R","E","R","BOSS","BOSS","R","$","E","BOSS"],"items_purchased_type":["Relic","Relic","Relic","Relic","Relic","Card"],"build_version":"2020-12-22","purchased_purges":5,"victory":true,"max_hp_per_floor":[66,66,66,66,66,66,66,66,66,66,66,66,66,66,66,66,66,66,66,66,66,66,66,66,68,68,70,72,74,76,78,78,80,80,84,80,89,89,89,91,93,93,93,105,105,107,107,109,109,109,109,109,109,109,111,111],"card_choices":[{"not_picked":["AT_WindFlip","Dodge and Roll","Dagger Spray"],"picked":"SKIP","floor":1.0},{"not_picked":["Venomology","Envenom"],"picked":"Adrenaline","floor":6.0},{"not_picked":["Malaise","Wraith Form v2"],"picked":"Grand Finale","floor":7.0},{"not_picked":["Storm of Steel","Adrenaline","Malaise"],"picked":"SKIP","floor":8.0},{"not_picked":["AT_EssenceShift","Storm of Steel","Die Die Die"],"picked":"SKIP","floor":10.0},{"not_picked":["AT_KingSlayer","AT_EssenceShift"],"picked":"After Image","floor":12.0},{"not_picked":["Catalyst","AT_KneejerkReflex"],"picked":"Prepared","floor":18.0},{"not_picked":["PiercingWail+1","Bane","Dodge and Roll+1"],"picked":"SKIP","floor":20.0},{"not_picked":["AT_KingSlayer","Corpse Explosion","Doppelganger"],"picked":"SKIP","floor":23},{"not_picked":["Corpse Explosion","Doppelganger"],"picked":"AT_KingSlayer","floor":24},{"not_picked":["Envenom","Storm of Steel","Doppelganger"],"picked":"Singing Bowl","floor":25},{"not_picked":["Unload","Doppelganger","Envenom"],"picked":"Singing Bowl","floor":27},{"not_picked":["AT_KingSlayer","Phantasmal Killer","Doppelganger"],"picked":"Singing Bowl","floor":28},{"not_picked":["Malaise","Corpse Explosion","Doppelganger"],"picked":"Singing Bowl","floor":29},{"not_picked":["AT_KingSlayer","Doppelganger","Corpse Explosion"],"picked":"Singing Bowl","floor":30},{"not_picked":["Burst","Die Die Die","After Image"],"picked":"Singing Bowl","floor":31},{"not_picked":["Night Terror","After Image","Burst"],"picked":"Singing Bowl","floor":33},{"not_picked":["Backflip","AT_WindFlip","Distraction"],"picked":"Singing Bowl","floor":35},{"not_picked":["Underhanded Strike","PiercingWail","Sucker Punch"],"picked":"Singing Bowl","floor":35},{"not_picked":["Flying Knee","Dodge and Roll","Backflip"],"picked":"Singing Bowl","floor":37},{"not_picked":["AT_WindFlip+1","Quick Slash"],"picked":"Escape Plan","floor":39},{"not_picked":["Grand Finale","AT_EssenceShift","Die Die Die"],"picked":"Singing Bowl","floor":40},{"not_picked":["Doppelganger","A Thousand Cuts","Corpse Explosion"],"picked":"Singing Bowl","floor":41},{"not_picked":["AT_MyraUnstableElement","Tools of the Trade"],"picked":"Wraith Form v2","floor":42},{"not_picked":["Die Die Die","Corpse Explosion","AT_KingSlayer"],"picked":"Singing Bowl","floor":44},{"not_picked":["Envenom","Bullet Time","Doppelganger"],"picked":"Singing Bowl","floor":46},{"not_picked":["AT_MyraUnstableElement","Venomology","Envenom"],"picked":"Singing Bowl","floor":48},{"not_picked":["Night Terror","Venomology","AT_KingSlayer"],"picked":"Singing Bowl","floor":55}],"player_experience":555624,"relics_obtained":[{"floor":6.0,"key":"Bag of Preparation"},{"floor":7.0,"key":"Bronze Scales"},{"floor":9.0,"key":"AT_BladeRuinedKing"},{"floor":10.0,"key":"AT_MibuBalloonWealth"},{"floor":12.0,"key":"Boot"},{"floor":23,"key":"AT_GoldPhoenixTree"},{"floor":23,"key":"AT_ImmortalShieldbow"},{"floor":24,"key":"HornCleat"},{"floor":24,"key":"Anchor"},{"floor":25,"key":"Prayer Wheel"},{"floor":25,"key":"Singing Bowl"},{"floor":27,"key":"Lantern"},{"floor":27,"key":"Shovel"},{"floor":28,"key":"Pocketwatch"},{"floor":28,"key":"Thread and Needle"},{"floor":29,"key":"Sundial"},{"floor":29,"key":"Unceasing Top"},{"floor":30,"key":"AT_LudenTempest"},{"floor":30,"key":"AT_ChloranthyRing"},{"floor":31,"key":"Meat on the Bone"},{"floor":31,"key":"Mummified Hand"},{"floor":33,"key":"AT_SilverBalance"},{"floor":35,"key":"CeramicFish"},{"floor":37,"key":"AT_Manta"},{"floor":37,"key":"Strawberry"},{"floor":39,"key":"Tough Bandages"},{"floor":39,"key":"Oddly Smooth Stone"},{"floor":40,"key":"Nunchaku"},{"floor":40,"key":"The Specimen"},{"floor":41,"key":"AT_DeathDance"},{"floor":41,"key":"Ancient Tea Set"},{"floor":42,"key":"Darkstone Periapt"},{"floor":42,"key":"AT_SilvercatRing"},{"floor":43,"key":"Kunai"},{"floor":44,"key":"Pear"},{"floor":44,"key":"Blood Vial"},{"floor":46,"key":"Bottled Lightning"},{"floor":46,"key":"TungstenRod"},{"floor":48,"key":"Gremlin Horn"},{"floor":53,"key":"Letter Opener"},{"floor":55,"key":"Gambling Chip"},{"floor":55,"key":"Ornamental Fan"}],"event_choices":[{"damage_healed":0.0,"max_hp_gain":0.0,"max_hp_loss":0.0,"gold_gain":0.0,"event_name":"Golden Idol","player_choice":"Take Damage","floor":2.0,"gold_loss":0.0,"damage_taken":23.0,"relics_obtained":["Golden Idol"]},{"damage_healed":0.0,"max_hp_gain":0.0,"max_hp_loss":0.0,"gold_gain":0.0,"event_name":"Living Wall","player_choice":"Grow","floor":3.0,"gold_loss":0.0,"damage_taken":0.0,"cards_upgraded":["Tactician"]},{"damage_healed":0.0,"max_hp_gain":0.0,"max_hp_loss":0.0,"gold_gain":75.0,"event_name":"World of Goop","player_choice":"Gather Gold","floor":4.0,"gold_loss":0.0,"damage_taken":11.0},{"damage_healed":0.0,"max_hp_gain":0.0,"max_hp_loss":0.0,"gold_gain":0.0,"cards_transformed":["AT_TwilightShroud"],"event_name":"Transmorgrifier","player_choice":"Transformed","floor":13.0,"gold_loss":0.0,"damage_taken":0.0,"cards_obtained":["Finisher"]},{"damage_healed":0.0,"max_hp_gain":0.0,"max_hp_loss":0.0,"gold_gain":0.0,"event_name":"Duplicator","player_choice":"Ignored","floor":22.0,"gold_loss":0.0,"damage_taken":0.0},{"damage_healed":0,"gold_gain":0,"player_choice":"Max HP","damage_taken":0,"max_hp_gain":0,"max_hp_loss":4,"event_name":"Winding Halls","floor":36,"gold_loss":0},{"damage_healed":0,"gold_gain":0,"player_choice":"Fight","damage_taken":0,"max_hp_gain":0,"max_hp_loss":0,"event_name":"Mysterious Sphere","floor":37,"gold_loss":0},{"damage_healed":0,"gold_gain":0,"player_choice":"Fight","damage_taken":0,"max_hp_gain":0,"max_hp_loss":0,"event_name":"MindBloom","floor":39,"gold_loss":0}],"is_beta":false,"boss_relics":[{"not_picked":["Runic Pyramid","Ring of the Serpent"],"picked":"HoveringKite"},{"not_picked":["Fusion Hammer","Snecko Eye"],"picked":"SacredBark"}],"items_purged_floors":[5,14,19,38,54],"is_endless":false,"potions_floor_spawned":[7,10,12,20,28,29,30,31,33,35,39,40,41,42],"ascension_level":20}}