{"host":"gaqyve1328ta0etl","time":1611821686,"event":{"mods":["BaseMod","Colored Map","Colored Powertips","Googly Eyes","Minty Spire (QoL Compilation)","Shop Mod","StSLib","SuperFastMode","The Hierophant","The Runesmith"],"gold_per_floor":[119,133,143,143,68,86,103,103,103,103,3,3,21,34,34,138,138,158,158,158,59,59,59,90,90,90,90,90],"floor_reached":27,"language":"ENG","playtime":708,"items_purged":["Strike_R","Strike_R","Strike_R"],"score":354,"play_id":"faa434a9-2c81-4351-9167-cee8ecae50d4","local_time":"20210128001446","is_ascension_mode":true,"campfire_choices":[{"floor":8,"key":"REST"},{"data":"Armaments","floor":10,"key":"SMITH"},{"floor":15,"key":"REST"},{"floor":23,"key":"REST"},{"floor":25,"key":"REST"}],"circlet_count":0,"master_deck":["AscendersBane","Strike_R","Defend_R","Defend_R","Defend_R","Defend_R","Bash","Anger","Armaments+1","Dropkick","Flash of Steel","Shrug It Off","Bludgeon","Fire Breathing+1","Havoc","Shrug It Off","Exhume"],"relics":["Burning Blood","Mango","Oddly Smooth Stone","Fusion Hammer","Smiling Mask","PreservedInsect","Singing Bowl"],"acts_visited":["Exordium","TheCity"],"potions_floor_usage":[7,16,18],"damage_taken":[{"damage":14,"enemies":"Cultist","floor":1,"turns":6},{"damage":2,"enemies":"Jaw Worm","floor":2,"turns":3},{"damage":0,"enemies":"Small Slimes","floor":3,"turns":5},{"damage":34,"enemies":"Exordium Thugs","floor":6,"turns":6},{"damage":19,"enemies":"3 Louse","floor":7,"turns":7},{"damage":2,"enemies":"Blue Slaver","floor":13,"turns":4},{"damage":10,"enemies":"Exordium Wildlife","floor":14,"turns":6},{"damage":53,"enemies":"The Guardian","floor":16,"turns":15},{"damage":8,"enemies":"Shell Parasite","floor":18,"turns":6},{"damage":46,"enemies":"Book of Stabbing","floor":24,"turns":7},{"damage":94,"enemies":"Gremlin Leader","floor":27,"turns":8}],"seed_played":"2418732013412053044","potions_obtained":[{"floor":1,"key":"Strength Potion"},{"floor":3,"key":"Swift Potion"},{"floor":16,"key":"AttackPotion"},{"floor":24,"key":"SpeedPotion"}],"is_trial":false,"path_per_floor":["M","M","M","?","$","M","M","R","T","R","$","?","M","M","R","B",null,"M","?","T","$","?","R","E","R","T","E"],"character_chosen":"IRONCLAD","items_purchased":["Shrug It Off"],"campfire_rested":4,"item_purchase_floors":[21],"current_hp_per_floor":[57,61,67,67,67,39,26,54,54,54,54,54,58,54,82,35,79,77,77,77,77,77,94,54,82,82,0,0],"gold":90,"neow_bonus":"ONE_RARE_RELIC","is_daily":false,"chose_seed":false,"campfire_upgraded":1,"win_rate":0.0,"timestamp":1611821686,"path_taken":["M","?","M","?","$","M","M","R","T","R","?","?","M","?","R","BOSS","M","?","?","$","?","R","E","R","T","E"],"items_purchased_type":["Card"],"build_version":"2020-12-22","purchased_purges":3,"victory":false,"max_hp_per_floor":[94,94,94,94,94,94,94,94,94,94,94,94,94,94,94,94,94,94,94,94,94,94,94,94,94,94,94,94],"card_choices":[{"not_picked":["Uppercut","Rage"],"picked":"Anger","floor":1},{"not_picked":["Sentinel","Clothesline"],"picked":"Armaments","floor":2},{"not_picked":["Heavy Blade","Hemokinesis","Shockwave"],"picked":"SKIP","floor":3},{"not_picked":["Second Wind","Ghostly Armor","Cleave"],"picked":"SKIP","floor":6},{"not_picked":["Sever Soul","Reckless Charge","Feel No Pain"],"picked":"SKIP","floor":7},{"not_picked":["Perfected Strike","Second Wind","Flame Barrier"],"picked":"SKIP","floor":13},{"not_picked":["Thunderclap","Flame Barrier"],"picked":"Shrug It Off","floor":14},{"not_picked":["Reaper","Demon Form"],"picked":"Bludgeon","floor":16},{"not_picked":["Seeing Red","Wild Strike"],"picked":"Fire Breathing+1","floor":18},{"not_picked":["Searing Blow","Headbutt"],"picked":"Exhume","floor":24}],"player_experience":2047887,"relics_obtained":[{"floor":9,"key":"Oddly Smooth Stone"},{"floor":20,"key":"Smiling Mask"},{"floor":24,"key":"PreservedInsect"},{"floor":26,"key":"Singing Bowl"}],"event_choices":[{"damage_healed":0,"gold_gain":0,"cards_transformed":["Strike_R"],"player_choice":"Transformed","damage_taken":0,"max_hp_gain":0,"max_hp_loss":0,"event_name":"Transmorgrifier","floor":4,"gold_loss":0,"cards_obtained":["Dropkick"]},{"damage_healed":0,"gold_gain":0,"player_choice":"1 cards matched","damage_taken":0,"max_hp_gain":0,"max_hp_loss":0,"event_name":"Match and Keep!","floor":12,"gold_loss":0,"cards_obtained":["Flash of Steel"]},{"damage_healed":0,"gold_gain":0,"player_choice":"Read","damage_taken":0,"max_hp_gain":0,"max_hp_loss":0,"event_name":"The Library","floor":19,"gold_loss":0,"cards_obtained":["Havoc"]},{"damage_healed":0,"gold_gain":0,"player_choice":"Ignored","damage_taken":0,"max_hp_gain":0,"max_hp_loss":0,"event_name":"Ghosts","floor":22,"gold_loss":0}],"is_beta":false,"boss_relics":[{"not_picked":["Runic Cube","Black Star"],"picked":"Fusion Hammer"}],"items_purged_floors":[5,11,21],"is_endless":false,"potions_floor_spawned":[1,3,16,24],"killed_by":"Gremlin Leader","ascension_level":12}}