{"host":"w01zow3jg16g8jdh","time":1611851027,"event":{"mods":["AchievementEnabler","BaseMod","DeckTracker","Keyboard Shortcuts","Minty Spire (QoL Compilation)","Permanent Neow","StSLib","SuperFastMode"],"gold_per_floor":[114,131,149,168,168,194,194,223,247,247,247,146,180,196,196,294,294,317,331,349,55,55,95,95,95,120,155,54,54,89,108,108,183,183,194,469,369,379,32,59,59,84,84,106,106,119,135,167,167,167,167,167],"floor_reached":51,"language":"KOR","playtime":1317,"items_purged":["Strike_G","Defend_G","Defend_G"],"score":1601,"play_id":"bd837caa-5b23-49cb-9fd9-23022b628cbb","local_time":"20210129012347","is_ascension_mode":true,"campfire_choices":[{"data":"Dagger Spray","floor":7.0,"key":"SMITH"},{"data":"Envenom","floor":10.0,"key":"SMITH"},{"floor":15.0,"key":"REST"},{"floor":25.0,"key":"REST"},{"data":"Accuracy","floor":32.0,"key":"SMITH"},{"data":"Cloak And Dagger","floor":41.0,"key":"SMITH"},{"data":"Acrobatics","floor":45.0,"key":"SMITH"},{"floor":49.0,"key":"RECALL"}],"circlet_count":0,"master_deck":["AscendersBane","Strike_G","Defend_G","Defend_G","Survivor","Neutralize+1","Envenom+1","Deadly Poison","Flying Knee","Dagger Spray+1","Backstab+1","Backstab","PiercingWail","Blade Dance","Tools of the Trade","Infinite Blades","Venomology","Accuracy+1","Acrobatics+1","Cloak And Dagger+1","Tactician","Blade Dance","Cloak And Dagger+1","Acrobatics"],"relics":["Ring of the Snake","Shuriken","MealTicket","Omamori","Bloody Idol","Orichalcum","SlaversCollar","TheAbacus","Letter Opener","Vajra","Ninja Scroll","The Courier","Juzu Bracelet","Black Star","Kunai","Nunchaku","Pear","Lantern","CeramicFish","Ice Cream","Oddly Smooth Stone","Whetstone"],"acts_visited":["Exordium","TheCity","TheBeyond"],"potions_floor_usage":[50,50,51,51],"damage_taken":[{"damage":0.0,"enemies":"2 Louse","floor":1.0,"turns":3.0},{"damage":3.0,"enemies":"Jaw Worm","floor":2.0,"turns":3.0},{"damage":6.0,"enemies":"Cultist","floor":3.0,"turns":3.0},{"damage":5.0,"enemies":"Blue Slaver","floor":4.0,"turns":4.0},{"damage":26.0,"enemies":"Gremlin Nob","floor":6.0,"turns":4.0},{"damage":2.0,"enemies":"3 Sentries","floor":8.0,"turns":4.0},{"damage":10.0,"enemies":"Lagavulin","floor":13.0,"turns":5.0},{"damage":3.0,"enemies":"Exordium Thugs","floor":14.0,"turns":4.0},{"damage":6.0,"enemies":"Slime Boss","floor":16.0,"turns":7.0},{"damage":22.0,"enemies":"3 Byrds","floor":18.0,"turns":5.0},{"damage":0.0,"enemies":"Chosen","floor":19.0,"turns":3.0},{"damage":6.0,"enemies":"Snake Plant","floor":20.0,"turns":4.0},{"damage":18.0,"enemies":"Gremlin Leader","floor":23.0,"turns":5.0},{"damage":19.0,"enemies":"Slavers","floor":27.0,"turns":3.0},{"damage":0.0,"enemies":"Gremlin Leader","floor":30.0,"turns":3.0},{"damage":0.0,"enemies":"Chosen and Byrds","floor":31.0,"turns":3.0},{"damage":20.0,"enemies":"Automaton","floor":33.0,"turns":5.0},{"damage":8.0,"enemies":"Orb Walker","floor":35.0,"turns":3.0},{"damage":7.0,"enemies":"3 Shapes","floor":38.0,"turns":5.0},{"damage":38.0,"enemies":"Reptomancer","floor":40.0,"turns":5.0},{"damage":11.0,"enemies":"Giant Head","floor":42.0,"turns":4.0},{"damage":7.0,"enemies":"Maw","floor":44.0,"turns":5.0},{"damage":0.0,"enemies":"Jaw Worm Horde","floor":46.0,"turns":3.0},{"damage":4.0,"enemies":"4 Shapes","floor":47.0,"turns":7.0},{"damage":4.0,"enemies":"Nemesis","floor":48.0,"turns":5.0},{"damage":35,"enemies":"Donu and Deca","floor":50,"turns":7},{"damage":14,"enemies":"Time Eater","floor":51,"turns":1}],"seed_played":"861979125653975953","potions_obtained":[{"floor":2.0,"key":"Ancient Potion"},{"floor":6.0,"key":"SteroidPotion"},{"floor":13.0,"key":"FearPotion"},{"floor":14.0,"key":"SmokeBomb"},{"floor":18.0,"key":"SkillPotion"},{"floor":20.0,"key":"DuplicationPotion"},{"floor":33.0,"key":"Swift Potion"},{"floor":40.0,"key":"Energy Potion"},{"floor":46.0,"key":"DistilledChaos"}],"is_trial":false,"path_per_floor":["M","M","M","M","?","E","R","E","T","R","?","$","E","M","R","B",null,"M","M","M","$","?","E","?","R","T","E","$","T","E","M","R","B",null,"M","?","$","M","$","E","R","E","T","M","R","M","M","E","R","B","B"],"character_chosen":"THE_SILENT","items_purchased":["Blade Dance","Acrobatics","TheAbacus","Tactician","Blade Dance","Kunai","Nunchaku"],"campfire_rested":2,"item_purchase_floors":[12,21,21,28,28,39,39],"current_hp_per_floor":[59,56,50,45,38,12,12,10,10,10,10,25,15,12,30,24,51,29,29,23,38,38,20,20,38,43,29,44,44,49,54,54,39,55,52,57,60,58,60,37,37,31,31,34,34,39,40,41,41,6,0,0],"gold":167,"neow_bonus":"TRANSFORM_TWO_CARDS","is_daily":false,"chose_seed":false,"campfire_upgraded":5,"win_rate":0.0,"timestamp":1611851027,"path_taken":["M","M","M","M","?","E","R","E","T","R","?","$","E","M","R","BOSS","M","M","M","$","?","E","?","R","T","E","$","?","E","M","R","BOSS","M","?","$","M","$","E","R","E","T","M","R","M","M","E","R","BOSS","BOSS"],"items_purchased_type":["Card","Card","Relic","Card","Card","Relic","Relic"],"build_version":"2020-12-22","purchased_purges":3,"victory":false,"max_hp_per_floor":[60,60,60,60,60,60,60,60,60,60,60,60,60,60,60,60,60,60,60,60,60,60,60,60,60,60,60,60,60,60,60,60,60,60,60,60,60,60,60,70,70,70,70,70,70,70,70,70,70,70,70,70],"card_choices":[{"not_picked":["Blade Dance","Prepared"],"picked":"Flying Knee","floor":1.0},{"not_picked":["Slice","PiercingWail"],"picked":"Dagger Spray","floor":2.0},{"not_picked":["Slice","Dodge and Roll","Quick Slash"],"picked":"SKIP","floor":3.0},{"not_picked":["Finisher","Dagger Spray"],"picked":"Backstab","floor":4.0},{"not_picked":["Sucker Punch","Leg Sweep"],"picked":"Backstab","floor":6.0},{"not_picked":["Tools of the Trade","Dodge and Roll"],"picked":"PiercingWail","floor":8.0},{"not_picked":["Flying Knee","Prepared"],"picked":"Tools of the Trade","floor":13.0},{"not_picked":["Sucker Punch","Dodge and Roll"],"picked":"Infinite Blades","floor":14.0},{"not_picked":["Corpse Explosion","Burst"],"picked":"Venomology","floor":16.0},{"not_picked":["Concentrate+1","Endless Agony"],"picked":"Accuracy","floor":18.0},{"not_picked":["Outmaneuver+1","Dodge and Roll","Choke"],"picked":"SKIP","floor":19.0},{"not_picked":["Dodge and Roll","Backstab","Reflex"],"picked":"SKIP","floor":20.0},{"not_picked":["Concentrate","Acrobatics","Distraction"],"picked":"SKIP","floor":23.0},{"not_picked":["Eviscerate","Flying Knee"],"picked":"Cloak And Dagger","floor":27.0},{"not_picked":["Outmaneuver","Deadly Poison","Dodge and Roll"],"picked":"SKIP","floor":30.0},{"not_picked":["Acrobatics","Bane","PiercingWail"],"picked":"SKIP","floor":31.0},{"not_picked":["Quick Slash","Backflip"],"picked":"Cloak And Dagger+1","floor":35.0},{"not_picked":["Concentrate","Poisoned Stab","PiercingWail"],"picked":"SKIP","floor":38.0},{"not_picked":["Quick Slash","Heel Hook","Footwork"],"picked":"SKIP","floor":40.0},{"not_picked":["PiercingWail","Leg Sweep+1","Dodge and Roll+1"],"picked":"SKIP","floor":42.0},{"not_picked":["Night Terror","Quick Slash+1"],"picked":"Acrobatics","floor":44.0},{"not_picked":["Poisoned Stab","Concentrate","Cloak And Dagger"],"picked":"SKIP","floor":46.0},{"not_picked":["Dagger Throw+1","Quick Slash+1","Acrobatics"],"picked":"SKIP","floor":47.0},{"not_picked":["Acrobatics","Expertise+1","Slice"],"picked":"SKIP","floor":48.0}],"player_experience":329132,"relics_obtained":[{"floor":6.0,"key":"Shuriken"},{"floor":8.0,"key":"MealTicket"},{"floor":9.0,"key":"Omamori"},{"floor":13.0,"key":"Orichalcum"},{"floor":23.0,"key":"Letter Opener"},{"floor":26.0,"key":"Vajra"},{"floor":27.0,"key":"Ninja Scroll"},{"floor":29.0,"key":"The Courier"},{"floor":30.0,"key":"Juzu Bracelet"},{"floor":40.0,"key":"Pear"},{"floor":40.0,"key":"Lantern"},{"floor":42.0,"key":"CeramicFish"},{"floor":42.0,"key":"Ice Cream"},{"floor":48.0,"key":"Oddly Smooth Stone"},{"floor":48.0,"key":"Whetstone"}],"event_choices":[{"cards_removed":["Strike_G"],"damage_healed":0.0,"max_hp_gain":0.0,"max_hp_loss":0.0,"gold_gain":0.0,"event_name":"Golden Wing","player_choice":"Card Removal","floor":5.0,"gold_loss":0.0,"damage_taken":7.0},{"damage_healed":0.0,"max_hp_gain":0.0,"max_hp_loss":0.0,"gold_gain":0.0,"event_name":"Golden Idol","player_choice":"Take Wound","floor":11.0,"gold_loss":0.0,"damage_taken":0.0,"relics_obtained":["Golden Idol"],"cards_obtained":["Injury"]},{"cards_removed":["Strike_G"],"damage_healed":0.0,"max_hp_gain":0.0,"max_hp_loss":0.0,"gold_gain":0.0,"event_name":"Back to Basics","player_choice":"Elegance","floor":22.0,"gold_loss":0.0,"damage_taken":0.0},{"damage_healed":0.0,"max_hp_gain":0.0,"max_hp_loss":0.0,"gold_gain":0.0,"event_name":"Forgotten Altar","player_choice":"Gave Idol","floor":24.0,"relics_lost":["Golden Idol"],"gold_loss":0.0,"damage_taken":0.0,"relics_obtained":["Bloody Idol"]},{"damage_healed":0.0,"max_hp_gain":0.0,"max_hp_loss":0.0,"gold_gain":275.0,"event_name":"Golden Shrine","player_choice":"Desecrate","floor":36.0,"gold_loss":0.0,"damage_taken":0.0,"cards_obtained":["Regret"]}],"is_beta":false,"boss_relics":[{"not_picked":["Philosopher\u0027s Stone","Astrolabe"],"picked":"SlaversCollar"},{"not_picked":["Pandora\u0027s Box","Coffee Dripper"],"picked":"Black Star"}],"items_purged_floors":[12,21,37],"is_endless":false,"potions_floor_spawned":[2,6,13,14,18,20,23,33,40,44,46,48],"killed_by":"Time Eater","ascension_level":20}}