{"host":"8a72fthmlk1o8pdb","time":1611819002,"event":{"mods":["AchievementEnabler","Aspiration","Astrologer","Bard","BaseMod","Beaked The Cultist","Better Skull","Better Third Choice","Colored Map","Colored Powertips","Downfall","Friendly Minions","GifTheSpireLib","Googly Eyes","Gremlin Mod","Hermit","Jorbs\u0027s Wanderer Trilogy","Marisa????????","Minty Spire (QoL Compilation)","Permanent Neow","Random Character Button","Rare Cards Sparkle","Robot Space Explorer","Shop Mod","Somnambulant","StSLib","The Animator","The Construct","The Cursed","The Disciple","The Hayseed","The Hierophant","The Marked","The Necromancer","The Poker Player","The Problem Sleuth","The Runesmith","thorton"],"gold_per_floor":[119,131,201,201,214,214,246,246,269,299,312,323,323,323,323,419,419,437,448,461,232,4,32,42,42,65,77,57,57,83,123,123,226,226,243,243,86,101,114,114,114,165,165,165,176,191,211,211,211,211,211],"floor_reached":50,"language":"ENG","playtime":3088,"items_purged":["hermit:Strike_Hermit"],"score":544,"play_id":"0ef64ba3-395a-44b1-beb1-7054d8e4d7d1","local_time":"20210127233002","is_ascension_mode":false,"campfire_choices":[{"data":"hermit:Malice","floor":6,"key":"SMITH"},{"data":"hermit:FullyLoaded","floor":8,"key":"SMITH"},{"floor":13,"key":"REST"},{"data":"hermit:Shortfuse","floor":15,"key":"SMITH"},{"floor":29,"key":"RECALL"},{"floor":32,"key":"REST"},{"floor":40,"key":"REST"},{"data":"hermit:Maintenance","floor":44,"key":"SMITH"},{"floor":49,"key":"REST"}],"circlet_count":0,"master_deck":["hermit:Strike_Hermit+1","hermit:Strike_Hermit+1","hermit:Strike_Hermit+1","hermit:Defend_Hermit+1","hermit:Defend_Hermit+1","hermit:Defend_Hermit+1","hermit:Defend_Hermit+1","hermit:Snapshot","hermit:Covet+1","hermit:Shortfuse+1","hermit:Vantage+1","hermit:Malice+1","hermit:FullyLoaded+1","hermit:FlashPowder+1","hermit:SprayPray","hermit:Dissolve","hermit:WideOpen","hermit:Shortfuse","hermit:Shortfuse","hermit:Maintenance+1","hermit:Glare+1","hermit:Gambit","hermit:FullyLoaded+1","hermit:ShadowCloak+1","hermit:ShadowCloak+1","hermit:WideOpen+1","hermit:GhostlyPresence+1"],"relics":["hermit:Momento","War Paint","Bronze Scales","Pen Nib","aspiration:MobileForge","Sling","Bag of Marbles","Ice Cream","Ancient Tea Set","hermit:DentedPlate","Oddly Smooth Stone","aspiration:HatOfInfinitePower","aspiration:StickyExplosives_weak","Sundial"],"acts_visited":["Exordium","TheCity","TheBeyond"],"potions_floor_usage":[10,16,16,30,31,33,46,47,50,50],"damage_taken":[{"damage":1,"enemies":"2 Louse","floor":1,"turns":2},{"damage":6,"enemies":"Jaw Worm","floor":2,"turns":2},{"damage":0,"enemies":"Cultist","floor":5,"turns":2},{"damage":16,"enemies":"Lagavulin","floor":7,"turns":6},{"damage":13,"enemies":"Gremlin Nob","floor":10,"turns":3},{"damage":0,"enemies":"3 Louse","floor":11,"turns":3},{"damage":13,"enemies":"Red Slaver","floor":12,"turns":2},{"damage":24,"enemies":"The Guardian","floor":16,"turns":9},{"damage":0,"enemies":"Shell Parasite","floor":18,"turns":3},{"damage":0,"enemies":"3 Byrds","floor":19,"turns":3},{"damage":16,"enemies":"Sentry and Sphere","floor":20,"turns":6},{"damage":8,"enemies":"Book of Stabbing","floor":23,"turns":4},{"damage":8,"enemies":"Snecko","floor":24,"turns":3},{"damage":1,"enemies":"Cultist and Chosen","floor":27,"turns":5},{"damage":26,"enemies":"Gremlin Leader","floor":30,"turns":5},{"damage":0,"enemies":"Shelled Parasite and Fungi","floor":31,"turns":1},{"damage":6,"enemies":"Automaton","floor":33,"turns":7},{"damage":0,"enemies":"Orb Walker","floor":35,"turns":3},{"damage":3,"enemies":"3 Darklings","floor":38,"turns":6},{"damage":0,"enemies":"Jaw Worm Horde","floor":39,"turns":5},{"damage":31,"enemies":"2 Orb Walkers","floor":42,"turns":4},{"damage":0,"enemies":"Sphere and 2 Shapes","floor":45,"turns":5},{"damage":8,"enemies":"3 Darklings","floor":46,"turns":4},{"damage":23,"enemies":"4 Shapes","floor":47,"turns":5},{"damage":67,"enemies":"Donu and Deca","floor":50,"turns":8}],"seed_played":"1645262483678382821","potions_obtained":[{"floor":5,"key":"SteroidPotion"},{"floor":7,"key":"Swift Potion"},{"floor":12,"key":"SteroidPotion"},{"floor":16,"key":"BlessingOfTheForge"},{"floor":18,"key":"hexamod:SoulburnPotion"},{"floor":28,"key":"SneckoOil"},{"floor":30,"key":"ColorlessPotion"},{"floor":33,"key":"SteroidPotion"},{"floor":38,"key":"DuplicationPotion"},{"floor":45,"key":"Swift Potion"},{"floor":46,"key":"Strength Potion"}],"is_trial":false,"path_per_floor":["M","M","?","?","M","R","E","R","T","E","M","M","R","?","R","B",null,"M","M","M","$","$","E","M","?","T","M","?","R","E","M","R","B",null,"M","?","$","M","M","R","$","?","T","R","M","M","M","T","R","B"],"character_chosen":"HERMIT","items_purchased":["Sling","Bag of Marbles","hermit:Shortfuse","Oddly Smooth Stone"],"campfire_rested":4,"item_purchase_floors":[21,22,22,37],"current_hp_per_floor":[74,68,68,68,68,68,52,52,52,39,39,26,48,48,48,24,75,75,75,59,59,59,51,43,43,43,42,42,42,16,16,38,32,64,64,64,64,61,61,93,93,62,62,62,62,54,31,31,63,0,0],"gold":211,"neow_bonus":"UPGRADE_CARD","is_daily":false,"chose_seed":false,"campfire_upgraded":4,"win_rate":0.0,"timestamp":1611819002,"path_taken":["M","M","?","?","M","R","E","R","T","E","M","M","R","?","R","BOSS","M","M","M","?","$","E","M","?","T","M","?","R","E","M","R","BOSS","M","?","$","M","M","R","$","?","T","R","M","M","M","?","R","BOSS"],"items_purchased_type":["Relic","Relic","Card","Relic"],"build_version":"2020-12-22","purchased_purges":1,"victory":false,"max_hp_per_floor":[75,75,75,75,75,75,75,75,75,75,75,75,75,75,75,75,75,75,75,75,75,75,75,75,75,75,75,75,75,75,75,75,75,107,107,107,107,107,107,107,107,107,107,107,107,107,107,107,107,107,107],"card_choices":[{"not_picked":["hermit:TrackingShot","hermit:PistolWhip"],"picked":"hermit:Shortfuse","floor":1},{"not_picked":["hermit:Headshot","hermit:Manifest"],"picked":"hermit:Vantage","floor":2},{"not_picked":["hermit:Coalescence","hermit:Scavenge"],"picked":"hermit:Malice","floor":5},{"not_picked":["hermit:Brawl","hermit:TakeAim"],"picked":"hermit:FullyLoaded","floor":7},{"not_picked":["hermit:Feint","hermit:Misfire"],"picked":"hermit:FlashPowder","floor":10},{"not_picked":["hermit:CursedWeapon","hermit:Quickdraw"],"picked":"hermit:SprayPray","floor":11},{"not_picked":["hermit:Roulette","hermit:CursedWeapon","hermit:LowProfile"],"picked":"SKIP","floor":12},{"not_picked":["hermit:HeroicBravado","hermit:DeadOrAlive"],"picked":"hermit:Dissolve","floor":16},{"not_picked":["hermit:ItchyTrigger","hermit:TrackingShot","hermit:Roulette"],"picked":"SKIP","floor":18},{"not_picked":["hermit:TrackingShot","hermit:TakeAim"],"picked":"hermit:WideOpen","floor":19},{"not_picked":["hermit:LowProfile","hermit:WideOpen","hermit:Gestalt"],"picked":"SKIP","floor":20},{"not_picked":["hermit:HoleUp","hermit:Misfire"],"picked":"hermit:Shortfuse","floor":23},{"not_picked":["hermit:HighCaliber+1","hermit:FlashPowder"],"picked":"hermit:Maintenance","floor":24},{"not_picked":["hermit:LoneWolf","hermit:Feint+1"],"picked":"hermit:Glare+1","floor":27},{"not_picked":["hermit:Misfire","hermit:Determination","hermit:TakeAim+1"],"picked":"SKIP","floor":30},{"not_picked":["hermit:LoneWolf","hermit:CursedWeapon","hermit:Snipe+1"],"picked":"SKIP","floor":31},{"not_picked":["hermit:Purgatory","hermit:Reprieve"],"picked":"hermit:Gambit","floor":33},{"not_picked":["hermit:Feint+1","hermit:Coalescence+1","hermit:Grudge+1"],"picked":"SKIP","floor":35},{"not_picked":["hermit:Manifest","hermit:HoleUp"],"picked":"hermit:FullyLoaded+1","floor":38},{"not_picked":["hermit:HoleUp+1","hermit:Quickdraw"],"picked":"hermit:ShadowCloak+1","floor":39},{"not_picked":["hermit:DeadMansHand","hermit:Horror"],"picked":"hermit:ShadowCloak+1","floor":45},{"not_picked":["hermit:Glare","hermit:Grudge"],"picked":"hermit:WideOpen+1","floor":46},{"not_picked":["hermit:ShadowCloak","hermit:Gestalt+1"],"picked":"hermit:GhostlyPresence+1","floor":47}],"player_experience":75357,"relics_obtained":[{"floor":7,"key":"War Paint"},{"floor":9,"key":"Bronze Scales"},{"floor":10,"key":"Pen Nib"},{"floor":23,"key":"Ice Cream"},{"floor":30,"key":"Ancient Tea Set"},{"floor":42,"key":"aspiration:HatOfInfinitePower"},{"floor":43,"key":"aspiration:StickyExplosives_weak"},{"floor":48,"key":"Sundial"}],"event_choices":[{"damage_healed":0,"gold_gain":70,"player_choice":"Gained Gold","damage_taken":0,"max_hp_gain":0,"max_hp_loss":0,"event_name":"Golden Wing","floor":3,"gold_loss":0},{"damage_healed":0,"gold_gain":0,"player_choice":"Grow","damage_taken":0,"max_hp_gain":0,"max_hp_loss":0,"event_name":"Living Wall","floor":4,"gold_loss":0,"cards_upgraded":["hermit:Vantage"]},{"damage_healed":0,"gold_gain":0,"player_choice":"Upgraded","damage_taken":0,"max_hp_gain":0,"max_hp_loss":0,"event_name":"Upgrade Shrine","floor":14,"gold_loss":0,"cards_upgraded":["hermit:FlashPowder"]},{"damage_healed":0,"gold_gain":0,"player_choice":"Simplicity","damage_taken":0,"max_hp_gain":0,"max_hp_loss":5,"event_name":"betterThird:BetterWriting","floor":25,"gold_loss":0},{"damage_healed":0,"gold_gain":0,"player_choice":"Bought 1 Potion","damage_taken":0,"max_hp_gain":0,"max_hp_loss":0,"event_name":"The Woman in Blue","floor":28,"gold_loss":0},{"damage_healed":0,"gold_gain":0,"player_choice":"Fight","damage_taken":0,"max_hp_gain":0,"max_hp_loss":0,"event_name":"Mysterious Sphere","floor":42,"gold_loss":0}],"is_beta":false,"boss_relics":[{"not_picked":["theSleuth:AffinityCrow","aspiration:RunesmithSkillbook"],"picked":"aspiration:MobileForge"},{"not_picked":["Runic Dome","Black Star"],"picked":"hermit:DentedPlate"}],"items_purged_floors":[21],"is_endless":false,"potions_floor_spawned":[5,7,12,16,18,30,33,38,45,46],"killed_by":"Donu and Deca","ascension_level":0}}