{"host":"7v9t59ze4jbx2rzq","time":1611853857,"event":{"mods":["Ascension Unlocker","BaseMod","Colored Powertips","Dark Map","Ekko","Highlight Path","Minty Spire (QoL Compilation)","Optimize The Spire","StSLib"],"gold_per_floor":[115,132,80,99,99,99,132,132,132,97,97,97,97,113,113,215,215,225,255,129,90,107,107,121,121,121,121,137,166,166,92,92,192,192,209,57,57,3,22,55,55,55,82,82,102,102,102,117,117,117],"floor_reached":51,"language":"ENG","playtime":3892,"items_purged":["ekkoTheBoyWhoShatteredTime:Strike"],"score":696,"play_id":"b57c8515-f2c3-41c3-978c-422ef4932038","local_time":"20210128121057","is_ascension_mode":true,"campfire_choices":[{"data":"ekkoTheBoyWhoShatteredTime:Powered","floor":6,"key":"SMITH"},{"data":"ekkoTheBoyWhoShatteredTime:Knowledge","floor":8,"key":"SMITH"},{"data":"ekkoTheBoyWhoShatteredTime:SneakHit","floor":11,"key":"SMITH"},{"data":"ekkoTheBoyWhoShatteredTime:IcebornGauntlet","floor":15,"key":"SMITH"},{"data":"ekkoTheBoyWhoShatteredTime:CommittedStrike","floor":23,"key":"SMITH"},{"data":"ekkoTheBoyWhoShatteredTime:CommittedStrike","floor":25,"key":"SMITH"},{"floor":32,"key":"REST"},{"floor":41,"key":"REST"},{"floor":44,"key":"REST"},{"floor":49,"key":"REST"}],"circlet_count":0,"master_deck":["ekkoTheBoyWhoShatteredTime:Strike","ekkoTheBoyWhoShatteredTime:Strike","ekkoTheBoyWhoShatteredTime:Strike","ekkoTheBoyWhoShatteredTime:Strike","ekkoTheBoyWhoShatteredTime:Defend","ekkoTheBoyWhoShatteredTime:Defend","ekkoTheBoyWhoShatteredTime:Defend","ekkoTheBoyWhoShatteredTime:Defend","ekkoTheBoyWhoShatteredTime:TimeMaster+1","ekkoTheBoyWhoShatteredTime:Powered+1","ekkoTheBoyWhoShatteredTime:NaggingBlow","ekkoTheBoyWhoShatteredTime:Knowledge+1","ekkoTheBoyWhoShatteredTime:CommittedStrike+1","ekkoTheBoyWhoShatteredTime:SneakHit+1","ekkoTheBoyWhoShatteredTime:CommittedStrike+1","ekkoTheBoyWhoShatteredTime:IcebornGauntlet+1","ekkoTheBoyWhoShatteredTime:AcademyAttraction","ekkoTheBoyWhoShatteredTime:AfterimageBait","ekkoTheBoyWhoShatteredTime:Acceleration+1","ekkoTheBoyWhoShatteredTime:LevelUp+1","ekkoTheBoyWhoShatteredTime:AfterimageSetup","ekkoTheBoyWhoShatteredTime:BansheesVeil","ekkoTheBoyWhoShatteredTime:TrickOrTreatTrend","ekkoTheBoyWhoShatteredTime:TimeRecall+1","ekkoTheBoyWhoShatteredTime:QuickBreak","ekkoTheBoyWhoShatteredTime:SktSynergy","ekkoTheBoyWhoShatteredTime:Vibin"],"relics":["ekkoTheBoyWhoShatteredTime:zDriveGreediness","Kunai","Vajra","Akabeko","Nunchaku","Busted Crown","Red Mask","Ornamental Fan","StrikeDummy","Bottled Lightning","Juzu Bracelet","MealTicket","Potion Belt"],"acts_visited":["Exordium","TheCity","TheBeyond"],"potions_floor_usage":[24,24,45,50,50,50,50,50],"damage_taken":[{"damage":0,"enemies":"2 Louse","floor":1,"turns":6},{"damage":1,"enemies":"Small Slimes","floor":2,"turns":3},{"damage":9,"enemies":"Jaw Worm","floor":4,"turns":4},{"damage":23,"enemies":"3 Sentries","floor":7,"turns":9},{"damage":6,"enemies":"Exordium Thugs","floor":14,"turns":4},{"damage":12,"enemies":"Hexaghost","floor":16,"turns":8},{"damage":0,"enemies":"Spheric Guardian","floor":18,"turns":2},{"damage":17,"enemies":"Masked Bandits","floor":19,"turns":4},{"damage":2,"enemies":"Shell Parasite","floor":22,"turns":4},{"damage":11,"enemies":"Centurion and Healer","floor":24,"turns":3},{"damage":0,"enemies":"Chosen and Byrds","floor":28,"turns":4},{"damage":7,"enemies":"Gremlin Leader","floor":29,"turns":6},{"damage":44,"enemies":"Champ","floor":33,"turns":9},{"damage":20,"enemies":"3 Shapes","floor":35,"turns":5},{"damage":14,"enemies":"Orb Walker","floor":39,"turns":4},{"damage":46,"enemies":"Giant Head","floor":40,"turns":7},{"damage":26,"enemies":"3 Darklings","floor":45,"turns":3},{"damage":36,"enemies":"Sphere and 2 Shapes","floor":48,"turns":5},{"damage":21,"enemies":"Time Eater","floor":50,"turns":6}],"seed_played":"828336494966632276","potions_obtained":[{"floor":4,"key":"SteroidPotion"},{"floor":14,"key":"SteroidPotion"},{"floor":18,"key":"ekkoTheBoyWhoShatteredTime:EquilibriumPotion"},{"floor":19,"key":"AttackPotion"},{"floor":33,"key":"Explosive Potion"},{"floor":40,"key":"ekkoTheBoyWhoShatteredTime:BottledSheen"},{"floor":47,"key":"EssenceOfSteel"},{"floor":47,"key":"Swift Potion"},{"floor":47,"key":"FearPotion"}],"is_trial":false,"path_per_floor":["M","M","$","M","?","R","E","R","T","?","R","?","T","M","R","B",null,"M","?","$","$","M","R","M","R","T","?","M","E","?","$","R","B",null,"M","$","?","$","M","E","R","$","T","R","M","?","?","M","R","B",null],"character_chosen":"EKKO_THE_BOY_WHO_SHATTERED_TIME","items_purchased":["ekkoTheBoyWhoShatteredTime:CommittedStrike","ekkoTheBoyWhoShatteredTime:AfterimageBait","ekkoTheBoyWhoShatteredTime:Acceleration","ekkoTheBoyWhoShatteredTime:BansheesVeil","Juzu Bracelet","ekkoTheBoyWhoShatteredTime:QuickBreak"],"campfire_rested":4,"item_purchase_floors":[3,20,21,31,36,38],"current_hp_per_floor":[85,84,84,75,63,63,40,40,40,61,61,61,61,55,55,43,85,85,68,68,68,66,66,55,55,55,55,55,48,48,48,73,29,85,65,65,65,65,51,5,30,45,45,70,44,44,44,8,32,11],"gold":117,"neow_bonus":"TEN_PERCENT_HP_BONUS","is_daily":false,"chose_seed":false,"campfire_upgraded":6,"win_rate":0.0,"timestamp":1611853857,"path_taken":["M","M","$","M","?","R","E","R","T","?","R","?","?","?","R","BOSS","M","?","?","$","M","R","M","R","T","?","M","E","?","?","R","BOSS","M","$","?","?","M","E","R","?","T","R","M","?","?","M","R","BOSS"],"items_purchased_type":["Card","Card","Card","Card","Relic","Card"],"build_version":"2020-12-22","purchased_purges":1,"victory":true,"max_hp_per_floor":[85,85,85,85,85,85,85,85,85,85,85,85,85,85,85,85,85,85,85,85,85,85,85,85,85,85,85,85,85,85,85,85,85,85,85,85,85,85,85,85,85,85,85,85,85,81,81,81,81,81],"card_choices":[{"not_picked":["ekkoTheBoyWhoShatteredTime:HauntingGuise","ekkoTheBoyWhoShatteredTime:LoadUp"],"picked":"ekkoTheBoyWhoShatteredTime:NaggingBlow","floor":1},{"not_picked":["ekkoTheBoyWhoShatteredTime:ComeAtMe","ekkoTheBoyWhoShatteredTime:NaggingBlow"],"picked":"ekkoTheBoyWhoShatteredTime:Knowledge","floor":2},{"not_picked":["ekkoTheBoyWhoShatteredTime:SpHit","ekkoTheBoyWhoShatteredTime:QuickBreak"],"picked":"ekkoTheBoyWhoShatteredTime:SneakHit","floor":4},{"not_picked":["ekkoTheBoyWhoShatteredTime:Process","ekkoTheBoyWhoShatteredTime:Overflow"],"picked":"ekkoTheBoyWhoShatteredTime:CommittedStrike","floor":7},{"not_picked":["ekkoTheBoyWhoShatteredTime:SpHit","ekkoTheBoyWhoShatteredTime:AfterimageTease"],"picked":"ekkoTheBoyWhoShatteredTime:IcebornGauntlet","floor":14},{"not_picked":["ekkoTheBoyWhoShatteredTime:GuinsoosRageblade","ekkoTheBoyWhoShatteredTime:CatchUpTime"],"picked":"ekkoTheBoyWhoShatteredTime:AcademyAttraction","floor":16},{"not_picked":["ekkoTheBoyWhoShatteredTime:AfterimageHit"],"picked":"SKIP","floor":18},{"not_picked":[],"picked":"ekkoTheBoyWhoShatteredTime:LevelUp+1","floor":22},{"not_picked":[],"picked":"ekkoTheBoyWhoShatteredTime:AfterimageSetup","floor":24},{"not_picked":["ekkoTheBoyWhoShatteredTime:NeedlesslyLargeRod"],"picked":"SKIP","floor":28},{"not_picked":["ekkoTheBoyWhoShatteredTime:AfterimageHit+1"],"picked":"SKIP","floor":29},{"not_picked":[],"picked":"ekkoTheBoyWhoShatteredTime:TrickOrTreatTrend","floor":33},{"not_picked":[],"picked":"ekkoTheBoyWhoShatteredTime:TimeRecall+1","floor":35},{"not_picked":["ekkoTheBoyWhoShatteredTime:LevelUp+1"],"picked":"SKIP","floor":39},{"not_picked":[],"picked":"ekkoTheBoyWhoShatteredTime:SktSynergy","floor":40},{"not_picked":[],"picked":"ekkoTheBoyWhoShatteredTime:Vibin","floor":45},{"not_picked":["ekkoTheBoyWhoShatteredTime:Leap"],"picked":"SKIP","floor":48}],"player_experience":2157105,"relics_obtained":[{"floor":7,"key":"Vajra"},{"floor":9,"key":"Akabeko"},{"floor":13,"key":"Nunchaku"},{"floor":19,"key":"Red Mask"},{"floor":26,"key":"Ornamental Fan"},{"floor":29,"key":"Bottled Lightning"},{"floor":40,"key":"MealTicket"},{"floor":43,"key":"Potion Belt"}],"event_choices":[{"damage_healed":0,"gold_gain":0,"player_choice":"Success","damage_taken":12,"relics_obtained":["Kunai"],"max_hp_gain":0,"max_hp_loss":0,"event_name":"Scrap Ooze","floor":5,"gold_loss":0},{"damage_healed":21,"gold_gain":0,"player_choice":"Healed","damage_taken":0,"max_hp_gain":0,"max_hp_loss":0,"event_name":"The Cleric","floor":10,"gold_loss":35},{"damage_healed":0,"gold_gain":0,"player_choice":"Grow","damage_taken":0,"max_hp_gain":0,"max_hp_loss":0,"event_name":"Living Wall","floor":12,"gold_loss":0,"cards_upgraded":["ekkoTheBoyWhoShatteredTime:TimeMaster"]},{"damage_healed":0,"gold_gain":0,"player_choice":"Fought Bandits","damage_taken":0,"max_hp_gain":0,"max_hp_loss":0,"event_name":"Masked Bandits","floor":19,"gold_loss":0},{"damage_healed":0,"gold_gain":0,"player_choice":"Opened","damage_taken":0,"relics_obtained":["StrikeDummy"],"max_hp_gain":0,"max_hp_loss":0,"event_name":"The Mausoleum","floor":27,"gold_loss":0},{"damage_healed":0,"gold_gain":0,"player_choice":"Ignored","damage_taken":0,"max_hp_gain":0,"max_hp_loss":0,"event_name":"Ghosts","floor":30,"gold_loss":0},{"damage_healed":0,"gold_gain":0,"player_choice":"Upgraded","damage_taken":0,"max_hp_gain":0,"max_hp_loss":0,"event_name":"Upgrade Shrine","floor":37,"gold_loss":0,"cards_upgraded":["ekkoTheBoyWhoShatteredTime:Acceleration"]},{"damage_healed":0,"gold_gain":0,"player_choice":"Max HP","damage_taken":0,"max_hp_gain":0,"max_hp_loss":4,"event_name":"Winding Halls","floor":46,"gold_loss":0},{"damage_healed":0,"gold_gain":0,"player_choice":"Got Potions","damage_taken":0,"max_hp_gain":0,"max_hp_loss":0,"event_name":"Lab","floor":47,"gold_loss":0}],"is_beta":false,"boss_relics":[{"not_picked":["Black Star","Runic Pyramid"],"picked":"Busted Crown"},{"not_picked":["Philosopher\u0027s Stone","Coffee Dripper"],"picked":"ekkoTheBoyWhoShatteredTime:zDriveGreediness"}],"items_purged_floors":[20],"is_endless":false,"potions_floor_spawned":[4,14,18,19,33,40],"ascension_level":1}}