{"host":"6qo42zgaknezulyg","time":1611836537,"event":{"mods":["2.2 Compatiblity","BaseMod","Faster Ascension Climbing","Keyboard Shortcuts","Minty Spire (QoL Compilation)","Permanent Neow","Quick Restart","StSLib","SuperFastMode","The Dragon Tamer"],"gold_per_floor":[113,124,140,140,159,159,202,202,202,202,202,235,260,185,185,274,274,295,0,0,50,55,55,55,80,80,80,80,80],"floor_reached":27,"language":"ENG","playtime":858,"items_purged":["DTMod:Strike"],"score":442,"play_id":"3903744e-5a69-463c-a965-b82b1a8f515e","local_time":"20210128212217","is_ascension_mode":true,"metric_token":659,"campfire_choices":[{"data":"DTMod:SwitchingTactic","floor":6.0,"key":"SMITH"},{"data":"DTMod:Outburst","floor":8.0,"key":"SMITH"},{"floor":11.0,"key":"REST"},{"floor":15.0,"key":"REST"},{"floor":23.0,"key":"REST"}],"dtmod_dragon_data":[0,46,1,-1,12,0],"circlet_count":0,"master_deck":["AscendersBane","DTMod:Strike","DTMod:Strike","DTMod:Strike","DTMod:DoubleHit","DTMod:TargetDefense","DTMod:TargetDefense","DTMod:TargetDefense","DTMod:TargetDefense","DTMod:SwitchingTactic+1","DTMod:BalancedStrike","DTMod:QuickFly","DTMod:BurningForce","DTMod:Outburst+1","DTMod:BurningEnergy","DTMod:MaximumCharge","DTMod:GearUp","DTMod:CleansingStrike+1","DTMod:DarkBreath","DTMod:BlazingStrike"],"relics":["DTMod:TheChair","Golden Idol","Blood Vial","Strawberry","Darkstone Periapt","Question Card","Runic Dome","DTMod:DragonFood"],"acts_visited":["Exordium","TheCity"],"potions_floor_usage":[],"damage_taken":[{"damage":0.0,"enemies":"Jaw Worm","floor":1.0,"turns":5.0},{"damage":0.0,"enemies":"2 Louse","floor":2.0,"turns":4.0},{"damage":1.0,"enemies":"Cultist","floor":3.0,"turns":3.0},{"damage":0.0,"enemies":"Lots of Slimes","floor":5.0,"turns":1.0},{"damage":25.0,"enemies":"Lagavulin","floor":7.0,"turns":6.0},{"damage":16.0,"enemies":"Gremlin Nob","floor":12.0,"turns":4.0},{"damage":0.0,"enemies":"Looter","floor":13.0,"turns":2.0},{"damage":19.0,"enemies":"The Guardian","floor":16.0,"turns":7.0},{"damage":0.0,"enemies":"Shell Parasite","floor":18.0,"turns":4.0},{"damage":17.0,"enemies":"2 Thieves","floor":22.0,"turns":4.0},{"damage":8.0,"enemies":"Snecko","floor":25.0,"turns":4.0},{"damage":33,"enemies":"Snake Plant","floor":27,"turns":5}],"seed_played":"-2606436870901193517","potions_obtained":[{"floor":1.0,"key":"Regen Potion"},{"floor":3.0,"key":"AttackPotion"},{"floor":16.0,"key":"Explosive Potion"},{"floor":18.0,"key":"Dexterity Potion"}],"is_trial":false,"path_per_floor":["M","M","M","?","M","R","E","R","T","?","R","E","M","$","R","B",null,"M","?","?","?","M","R","?","M","T","M"],"character_chosen":"THE_DT","items_purchased":[],"campfire_rested":3,"item_purchase_floors":[],"current_hp_per_floor":[37,37,36,36,36,36,11,11,18,18,31,17,19,19,32,15,37,39,39,39,39,24,37,37,31,31,0,0,0],"gold":80,"neow_bonus":"BOSS_RELIC","is_daily":false,"chose_seed":true,"campfire_upgraded":2,"win_rate":0.0,"timestamp":1611836537,"path_taken":["M","M","M","?","M","R","E","R","T","?","R","E","?","?","R","BOSS","M","?","?","?","?","R","?","M","T","M"],"items_purchased_type":[],"build_version":"2020-12-22","purchased_purges":1,"victory":false,"max_hp_per_floor":[41,41,41,37,37,37,37,37,44,44,44,44,44,44,44,44,44,44,44,44,44,44,44,44,44,44,44,44,44],"card_choices":[{"not_picked":["DTMod:MagicField","DTMod:Hide"],"picked":"DTMod:BalancedStrike","floor":1.0},{"not_picked":["DTMod:Hide","DTMod:Training"],"picked":"DTMod:QuickFly","floor":2.0},{"not_picked":["DTMod:QuickFly","DTMod:MagicField"],"picked":"DTMod:BurningForce","floor":3.0},{"not_picked":["DTMod:Observe","DTMod:FlameSlash"],"picked":"DTMod:Outburst","floor":5.0},{"not_picked":["DTMod:HeatWave","DTMod:BurningEnergy"],"picked":"DTMod:BurningForce","floor":7.0},{"not_picked":["DTMod:FlameSlash","DTMod:DeepFocus"],"picked":"DTMod:BurningEnergy","floor":12.0},{"not_picked":["DTMod:Cover","DTMod:QuickFly","DTMod:MagicField"],"picked":"DTMod:MaximumCharge","floor":13.0},{"not_picked":["DTMod:EchoTactic","DTMod:StunTrap","DTMod:Safeguard"],"picked":"DTMod:GearUp","floor":16.0},{"not_picked":["DTMod:CrossStep","DTMod:HeatWave","DTMod:MagicField"],"picked":"DTMod:CleansingStrike+1","floor":18.0},{"not_picked":["DTMod:MagicField","DTMod:CleansingStrike","DTMod:LowKick","DTMod:MasterPlan"],"picked":"SKIP","floor":22.0},{"not_picked":["DTMod:LowKick","DTMod:ForkedFire","DTMod:BurningEnergy"],"picked":"DTMod:BlazingStrike","floor":25.0}],"player_experience":734007,"relics_obtained":[{"floor":7.0,"key":"Blood Vial"},{"floor":9.0,"key":"Strawberry"},{"floor":12.0,"key":"Question Card"},{"floor":26.0,"key":"DTMod:DragonFood"}],"event_choices":[{"damage_healed":0.0,"max_hp_gain":0.0,"max_hp_loss":4.0,"gold_gain":0.0,"event_name":"Golden Idol","player_choice":"Lose Max HP","floor":4.0,"gold_loss":0.0,"damage_taken":0.0,"relics_obtained":["Golden Idol"]},{"cards_removed":["DTMod:BurningForce"],"damage_healed":0.0,"max_hp_gain":0.0,"max_hp_loss":0.0,"gold_gain":0.0,"event_name":"WeMeetAgain","player_choice":"Gave Card","floor":10.0,"gold_loss":0.0,"damage_taken":0.0,"relics_obtained":["Darkstone Periapt"]},{"damage_healed":0.0,"max_hp_gain":0.0,"max_hp_loss":0.0,"gold_gain":0.0,"event_name":"Masked Bandits","player_choice":"Paid Fearfully","floor":19.0,"gold_loss":295.0,"damage_taken":0.0},{"damage_healed":0.0,"max_hp_gain":0.0,"max_hp_loss":0.0,"gold_gain":0.0,"event_name":"The Library","player_choice":"Read","floor":20.0,"gold_loss":0.0,"damage_taken":0.0,"cards_obtained":["DTMod:DarkBreath"]},{"damage_healed":0.0,"max_hp_gain":0.0,"max_hp_loss":0.0,"gold_gain":50.0,"event_name":"Nest","player_choice":"Stole From Cult","floor":21.0,"gold_loss":0.0,"damage_taken":0.0}],"is_beta":false,"boss_relics":[{"not_picked":["Busted Crown","Calling Bell"],"picked":"Runic Dome"}],"items_purged_floors":[14],"is_endless":false,"potions_floor_spawned":[1,3,16,18,25],"killed_by":"Snake Plant","ascension_level":20}}