{"host":"yd6hhqps9de4qmof","time":1611855302,"event":{"mods":["BaseMod","Downfall","Hermit","Highlight Path","Jorbs\u0027s Wanderer Trilogy","Minty Spire (QoL Compilation)","Relic Stats","Robot Space Explorer","Shade Mod","StSLib","The Cursed","The Disciple","The Marked","The Servant 0.9.4"],"gold_per_floor":[113,63,80,92,92,123,123,123,123,123,42,55,68,68,68,166,166,181,197,197,197,207,238,238,265,265,265,276,306,317,317,317,417,417,432,446,446,493,493,493,522,522,522,542,113,113,131,146,146,146],"floor_reached":51,"language":"ENG","playtime":2615,"items_purged":["downfall:Malfunctioning"],"score":1233,"play_id":"15a8cf15-9f43-4218-a149-7ba87f9ff305","local_time":"20210128183502","is_ascension_mode":true,"campfire_choices":[{"data":"RobotSpaceExplorer:Pulsar","floor":7,"key":"SMITH"},{"floor":10,"key":"REST"},{"data":"RobotSpaceExplorer:FrostMissile","floor":15,"key":"SMITH"},{"floor":24,"key":"REST"},{"data":"Writhe","floor":27,"key":"PURGE"},{"data":"downfall:Aged","floor":32,"key":"PURGE"},{"data":"RobotSpaceExplorer:PowerCollector","floor":40,"key":"SMITH"},{"data":"RobotSpaceExplorer:Jetpack","floor":42,"key":"SMITH"},{"data":"RobotSpaceExplorer:PowerCollector","floor":46,"key":"SMITH"},{"floor":49,"key":"REST"}],"circlet_count":0,"master_deck":["RobotSpaceExplorer:Strike","RobotSpaceExplorer:Strike","RobotSpaceExplorer:Defend","RobotSpaceExplorer:Defend","RobotSpaceExplorer:Defend","RobotSpaceExplorer:Scan","RobotSpaceExplorer:MiniLasers","RobotSpaceExplorer:Multitool+1","RobotSpaceExplorer:FrostMissile+1","RobotSpaceExplorer:ShovelStrike+1","RobotSpaceExplorer:Pulsar+1","RobotSpaceExplorer:Probe","RobotSpaceExplorer:ScrapMissile+1","RobotSpaceExplorer:StarDust","RobotSpaceExplorer:Calculate","RobotSpaceExplorer:GearShield","RobotSpaceExplorer:TrailblazerForm","Necronomicurse","RobotSpaceExplorer:Jetpack+1","RobotSpaceExplorer:GearShield+1","RobotSpaceExplorer:LuckyStrike+1","RobotSpaceExplorer:ChargingLaser","RobotSpaceExplorer:PowerCollector+1","Madness","RobotSpaceExplorer:FranticSearch+1","RobotSpaceExplorer:PowerCollector+1","RobotSpaceExplorer:Pulsar+1","RobotSpaceExplorer:ShovelStrike+1"],"relics":["RobotSpaceExplorer:RoboCore","FossilizedHelix","Akabeko","Peace Pipe","Cursed Key","Necronomicon","Mercury Hourglass","Toy Ornithopter","HornCleat","hexamod:BolsterEngine","Whetstone","Sozu","Calipers","Pen Nib","Smiling Mask","TungstenRod"],"acts_visited":["Exordium","TheCity","TheBeyond"],"potions_floor_usage":[19,25,25,25,33,33,38,50],"damage_taken":[{"damage":0,"enemies":"2 Louse","floor":1,"turns":2},{"damage":2,"enemies":"Small Slimes","floor":3,"turns":4},{"damage":1,"enemies":"Jaw Worm","floor":4,"turns":6},{"damage":16,"enemies":"3 Sentries","floor":6,"turns":10},{"damage":0,"enemies":"Exordium Wildlife","floor":12,"turns":4},{"damage":2,"enemies":"2 Fungi Beasts","floor":13,"turns":3},{"damage":0,"enemies":"Hexaghost","floor":16,"turns":9},{"damage":0,"enemies":"3 Byrds","floor":18,"turns":6},{"damage":2,"enemies":"Spheric Guardian","floor":19,"turns":5},{"damage":0,"enemies":"Chosen and Byrds","floor":22,"turns":5},{"damage":11,"enemies":"Book of Stabbing","floor":23,"turns":6},{"damage":14,"enemies":"Gremlin Leader","floor":25,"turns":9},{"damage":0,"enemies":"Centurion and Healer","floor":28,"turns":5},{"damage":7,"enemies":"Slavers","floor":29,"turns":6},{"damage":0,"enemies":"Cultist and Chosen","floor":30,"turns":5},{"damage":0,"enemies":"Collector","floor":33,"turns":8},{"damage":0,"enemies":"3 Shapes","floor":35,"turns":3},{"damage":0,"enemies":"Orb Walker","floor":36,"turns":3},{"damage":23,"enemies":"2 Orb Walkers","floor":38,"turns":6},{"damage":0,"enemies":"Giant Head","floor":41,"turns":7},{"damage":0,"enemies":"Jaw Worm Horde","floor":44,"turns":3},{"damage":5,"enemies":"Sphere and 2 Shapes","floor":47,"turns":3},{"damage":0,"enemies":"4 Shapes","floor":48,"turns":4},{"damage":0,"enemies":"Time Eater","floor":50,"turns":8}],"seed_played":"862697421647878343","potions_obtained":[{"floor":1,"key":"Weak Potion"},{"floor":13,"key":"Energy Potion"},{"floor":19,"key":"GamblersBrew"},{"floor":23,"key":"EssenceOfSteel"},{"floor":30,"key":"EntropicBrew"},{"floor":33,"key":"PowerPotion"}],"is_trial":false,"path_per_floor":["M","?","M","M","?","E","R","?","T","R","$","M","M","?","R","B",null,"M","M","?","?","M","E","R","E","T","R","M","E","M","T","R","B",null,"M","M","?","?","?","R","E","R","T","M","$","R","M","M","R","B",null],"character_chosen":"RobotSpaceExplorer","items_purchased":["RobotSpaceExplorer:StarDust","RobotSpaceExplorer:PowerCollector","TungstenRod"],"campfire_rested":3,"item_purchase_floors":[11,45,45],"current_hp_per_floor":[68,68,66,65,65,49,49,16,16,38,38,38,36,21,21,21,62,62,60,44,44,44,33,55,56,56,56,56,49,49,49,49,59,71,71,71,71,52,52,52,52,52,52,52,52,52,47,47,69,74],"gold":146,"neow_bonus":"ONE_RANDOM_RARE_CARD","is_daily":false,"chose_seed":false,"campfire_upgraded":5,"win_rate":0.0,"timestamp":1611855302,"path_taken":["M","?","M","M","?","E","R","?","T","R","$","M","?","?","R","BOSS","M","M","?","?","M","E","R","E","T","R","M","E","M","?","R","BOSS","M","?","?","?","?","R","E","R","T","M","$","R","M","M","R","BOSS"],"items_purchased_type":["Card","Card","Relic"],"build_version":"2020-12-22","purchased_purges":1,"victory":true,"max_hp_per_floor":[75,75,75,75,75,75,75,75,75,75,75,75,75,75,75,75,75,75,75,75,75,75,75,75,75,75,75,75,75,75,75,75,75,75,75,75,75,75,75,75,75,75,75,75,75,75,75,75,75,75],"relic_stats":{"Peace Pipe":2,"Sozu":4,"counters":[24,130],"Pen Nib":[4],"Necronomicon":[13],"Whetstone":["RobotSpaceExplorer:ScrapMissile","RobotSpaceExplorer:ShovelStrike"],"Cursed Key":2,"Smiling Mask":25,"obtain_stats":[{"Calipers":38,"RobotSpaceExplorer:RoboCore":0,"Pen Nib":41,"Whetstone":31,"Cursed Key":17,"Smiling Mask":43,"Akabeko":8,"Mercury Hourglass":21,"Peace Pipe":9,"Sozu":34,"HornCleat":25,"Necronomicon":20,"hexamod:BolsterEngine":29,"FossilizedHelix":6,"Toy Ornithopter":23,"TungstenRod":45},{"Calipers":19,"RobotSpaceExplorer:RoboCore":0,"Pen Nib":20,"Whetstone":15,"Cursed Key":7,"Smiling Mask":20,"Akabeko":4,"Mercury Hourglass":9,"Peace Pipe":4,"Sozu":16,"HornCleat":12,"Necronomicon":9,"hexamod:BolsterEngine":14,"FossilizedHelix":4,"Toy Ornithopter":11,"TungstenRod":21},{"Calipers":105,"RobotSpaceExplorer:RoboCore":0,"Pen Nib":112,"Whetstone":85,"Cursed Key":38,"Smiling Mask":112,"Akabeko":22,"Mercury Hourglass":49,"Peace Pipe":22,"Sozu":93,"HornCleat":69,"Necronomicon":49,"hexamod:BolsterEngine":80,"FossilizedHelix":22,"Toy Ornithopter":60,"TungstenRod":115}],"Toy Ornithopter":34,"TungstenRod":1,"Mercury Hourglass":[368]},"card_choices":[{"not_picked":["RobotSpaceExplorer:Electropulse","RobotSpaceExplorer:ShockKick"],"picked":"RobotSpaceExplorer:FrostMissile","floor":1},{"not_picked":["RobotSpaceExplorer:ShockKick","RobotSpaceExplorer:SurgingShield"],"picked":"RobotSpaceExplorer:ShovelStrike","floor":3},{"not_picked":["RobotSpaceExplorer:ImprovisedAttack","RobotSpaceExplorer:Discharger"],"picked":"RobotSpaceExplorer:Pulsar","floor":4},{"not_picked":["RobotSpaceExplorer:ShovelStrike","RobotSpaceExplorer:HighVoltage"],"picked":"RobotSpaceExplorer:ScrapMissile","floor":6},{"not_picked":["RobotSpaceExplorer:Ammunition","RobotSpaceExplorer:ImprovisedAttack"],"picked":"RobotSpaceExplorer:Calculate","floor":12},{"not_picked":["RobotSpaceExplorer:PlasmaMissile","RobotSpaceExplorer:ScrapMissile"],"picked":"RobotSpaceExplorer:GearShield","floor":13},{"not_picked":["RobotSpaceExplorer:Scanner","RobotSpaceExplorer:ShockMissile"],"picked":"RobotSpaceExplorer:TrailblazerForm","floor":16},{"not_picked":["RobotSpaceExplorer:SurgingShield","RobotSpaceExplorer:Probe","RobotSpaceExplorer:GlueShot"],"picked":"SKIP","floor":18},{"not_picked":["RobotSpaceExplorer:ShockKick","RobotSpaceExplorer:Counterblock","RobotSpaceExplorer:Electroshield"],"picked":"SKIP","floor":19},{"not_picked":["RobotSpaceExplorer:Pulsar","RobotSpaceExplorer:GlueShot","RobotSpaceExplorer:SwiftStep"],"picked":"SKIP","floor":22},{"not_picked":["RobotSpaceExplorer:GlueShot","RobotSpaceExplorer:Discharger"],"picked":"RobotSpaceExplorer:Jetpack","floor":23},{"not_picked":["RobotSpaceExplorer:DoubleFind","RobotSpaceExplorer:ExhaustFan"],"picked":"RobotSpaceExplorer:GearShield+1","floor":25},{"not_picked":["RobotSpaceExplorer:ScrapShield","RobotSpaceExplorer:SurgingShield","RobotSpaceExplorer:MetalStrike+1"],"picked":"SKIP","floor":28},{"not_picked":["RobotSpaceExplorer:SurgingStrike","RobotSpaceExplorer:DroneSwarm"],"picked":"RobotSpaceExplorer:LuckyStrike+1","floor":29},{"not_picked":["RobotSpaceExplorer:GlueSpray+1","RobotSpaceExplorer:ShovelStrike","RobotSpaceExplorer:TurboDodge"],"picked":"SKIP","floor":30},{"not_picked":["RobotSpaceExplorer:Multitool","RobotSpaceExplorer:Explosion"],"picked":"RobotSpaceExplorer:ChargingLaser","floor":33},{"not_picked":["RobotSpaceExplorer:Probe","RobotSpaceExplorer:Electroshield","RobotSpaceExplorer:ShockKick+1"],"picked":"SKIP","floor":35},{"not_picked":["RobotSpaceExplorer:Counterblock+1","RobotSpaceExplorer:GearShield","RobotSpaceExplorer:LuckyStrike"],"picked":"SKIP","floor":36},{"not_picked":["RobotSpaceExplorer:MiniDrones","RobotSpaceExplorer:SlimeMissile+1"],"picked":"RobotSpaceExplorer:PowerCollector","floor":38},{"not_picked":["Chrysalis","Blind"],"picked":"Madness","floor":39},{"not_picked":["RobotSpaceExplorer:Pulsar","RobotSpaceExplorer:Probe+1","RobotSpaceExplorer:Reload"],"picked":"SKIP","floor":41},{"not_picked":["RobotSpaceExplorer:IronShell","RobotSpaceExplorer:Ammunition+1"],"picked":"RobotSpaceExplorer:FranticSearch+1","floor":44},{"not_picked":["RobotSpaceExplorer:Reload+1","RobotSpaceExplorer:FrostMissile+1"],"picked":"RobotSpaceExplorer:Pulsar+1","floor":47},{"not_picked":["RobotSpaceExplorer:PowerGlove","RobotSpaceExplorer:FrostMissile"],"picked":"RobotSpaceExplorer:ShovelStrike+1","floor":48}],"player_experience":1188426,"relics_obtained":[{"floor":6,"key":"FossilizedHelix"},{"floor":9,"key":"Peace Pipe"},{"floor":20,"key":"Necronomicon"},{"floor":23,"key":"Toy Ornithopter"},{"floor":25,"key":"HornCleat"},{"floor":29,"key":"hexamod:BolsterEngine"},{"floor":31,"key":"Whetstone"},{"floor":38,"key":"Calipers"},{"floor":41,"key":"Pen Nib"},{"floor":43,"key":"Smiling Mask"}],"event_choices":[{"cards_removed":["RobotSpaceExplorer:Strike"],"damage_healed":0,"gold_gain":0,"player_choice":"Card Removal","damage_taken":0,"max_hp_gain":0,"max_hp_loss":0,"event_name":"The Cleric","floor":2,"gold_loss":50},{"damage_healed":0,"gold_gain":0,"cards_transformed":["RobotSpaceExplorer:Strike"],"player_choice":"Change","damage_taken":0,"max_hp_gain":0,"max_hp_loss":0,"event_name":"Living Wall","floor":5,"gold_loss":0,"cards_obtained":["RobotSpaceExplorer:Probe"]},{"damage_healed":0,"gold_gain":0,"player_choice":"Success","damage_taken":33,"relics_obtained":["Akabeko"],"max_hp_gain":0,"max_hp_loss":0,"event_name":"Scrap Ooze","floor":8,"gold_loss":0},{"damage_healed":0,"gold_gain":0,"player_choice":"Entered Light","damage_taken":15,"max_hp_gain":0,"max_hp_loss":0,"event_name":"Shining Light","floor":14,"gold_loss":0,"cards_upgraded":["RobotSpaceExplorer:Multitool","RobotSpaceExplorer:Defend"]},{"damage_healed":0,"gold_gain":0,"player_choice":"Obtained Book","damage_taken":16,"max_hp_gain":0,"max_hp_loss":0,"event_name":"Cursed Tome","floor":20,"gold_loss":0},{"damage_healed":0,"gold_gain":0,"player_choice":"Opened","damage_taken":0,"relics_obtained":["Mercury Hourglass"],"max_hp_gain":0,"max_hp_loss":0,"event_name":"The Mausoleum","floor":21,"gold_loss":0,"cards_obtained":["Writhe"]},{"cards_removed":["RobotSpaceExplorer:Defend"],"damage_healed":0,"gold_gain":0,"player_choice":"Removed Skill","damage_taken":0,"max_hp_gain":0,"max_hp_loss":0,"event_name":"Falling","floor":37,"gold_loss":0},{"damage_healed":0,"gold_gain":0,"player_choice":"Fight","damage_taken":0,"max_hp_gain":0,"max_hp_loss":0,"event_name":"Mysterious Sphere","floor":38,"gold_loss":0},{"damage_healed":0,"gold_gain":0,"player_choice":"Memory 1","damage_taken":0,"max_hp_gain":0,"max_hp_loss":0,"event_name":"SensoryStone","floor":39,"gold_loss":0}],"is_beta":false,"boss_relics":[{"not_picked":["RobotSpaceExplorer:Reprocessor","SlaversCollar"],"picked":"Cursed Key"},{"not_picked":["Snecko Eye","Runic Dome"],"picked":"Sozu"}],"items_purged_floors":[45],"is_endless":false,"potions_floor_spawned":[1,13,19,23,30,33,41,44,47,48],"ascension_level":6}}