{"host":"oz0i1fpezyhy8r2h","time":1611846561,"event":{"mods":["ATMod(∞¢Ë™Mod)","Act Like it!","Arknights The Spire","BaseMod","KinomotoSakuraMod(ƒæ÷Æ±æ”£)","Minty Spire (QoL Compilation)","Reimu£®≤©¿ˆ¡È√Œ£©","Remilia£®¿Ÿ√◊¿Ú—«£©","StSLib","The Bug Knight","°æ“≈ŒÔø®≈∆°øREMEMod"],"gold_per_floor":[109,34,34,48,48,75,75,75,148,148,182,201,201,219,219,319,319,334,194,194,207,225,250,267,302,378,378,574,574,605,110,110,211,211,237,237,155,210,210,210,60,83,131,197,239,239,64,121,121,152],"floor_reached":51,"language":"ZHS","playtime":2034,"items_purged":["ats:Defend","ats:Strike V","Envy_TH","ats:Strike C","ats:Flame Of Heaven"],"score":1139,"play_id":"298f6348-b127-4aa9-a1a9-a619a3ad4529","local_time":"20210128230921","is_ascension_mode":true,"campfire_choices":[{"data":"ats:Literary Storm","floor":10.0,"key":"SMITH"},{"data":"ats:Part Time Job","floor":13.0,"key":"SMITH"},{"data":"ats:Emotion Absorption","floor":15.0,"key":"SMITH"},{"data":"ats:Soul Absorption","floor":29,"key":"SMITH"},{"data":"ats:Composite Medical Shells","floor":32,"key":"SMITH"},{"data":"ats:Flexible Camouflage","floor":40,"key":"SMITH"},{"floor":46,"key":"RECALL"},{"data":"ats:Nebulous Foxfire","floor":49,"key":"SMITH"}],"circlet_count":0,"master_deck":["ats:Defend","ats:Emotion Absorption+1","ats:Literary Storm+1","ats:Wolf Pack","ats:Part Time Job+1","ats:Very Hot Blade","ats:Calcification","ats:Hook Shot","ats:Flexible Camouflage+1","ats:Healing Strengthening+1","ats:Nebulous Foxfire+1","ats:Soul Absorption+1","ats:Composite Medical Shells+1","ats:Calcification","CurseOfTheBell","ats:Mental Burst","ats:Serious Mode"],"relics":["ats:Sanity","AT_ATBox","REME_ComplimentaryCards","NeowsBlessing","ats:Originium","Bronze Scales","Pear","AT_BellowingDragoncrestRing","AT_TrinityForce","AT_ChloranthyRing","Boot","REME_ArchaeologicalTools","AT_RedNoBalance","ats:Berate","REME_CardOfGreed","Calling Bell","AT_Manta","Mastiff:ReiMu","PureWhite:ReiMu","AT_MibuBalloonWealth","Bird Faced Urn","AT_SilvercatRing"],"acts_visited":["Exordium","TheCity","TheBeyond"],"potions_floor_usage":[],"damage_taken":[{"damage":0.0,"enemies":"2 Louse","floor":1.0,"turns":1.0},{"damage":0.0,"enemies":"Cultist","floor":4.0,"turns":1.0},{"damage":0.0,"enemies":"3 Sentries","floor":6.0,"turns":1.0},{"damage":50.0,"enemies":"Lagavulin","floor":11.0,"turns":8.0},{"damage":7.0,"enemies":"Jaw Worm","floor":12.0,"turns":4.0},{"damage":7.0,"enemies":"Exordium Wildlife","floor":14.0,"turns":5.0},{"damage":73.0,"enemies":"The Guardian","floor":16.0,"turns":15.0},{"damage":2.0,"enemies":"Chosen","floor":18.0,"turns":3.0},{"damage":14.0,"enemies":"2 Thieves","floor":21.0,"turns":3.0},{"damage":12.0,"enemies":"Chosen and Byrds","floor":22.0,"turns":3.0},{"damage":32.0,"enemies":"Gremlin Leader","floor":23.0,"turns":5.0},{"damage":17.0,"enemies":"Centurion and Healer","floor":24.0,"turns":4.0},{"damage":21.0,"enemies":"Book of Stabbing","floor":25.0,"turns":4.0},{"damage":0,"enemies":"Colosseum Slavers","floor":28,"turns":3},{"damage":5,"enemies":"Colosseum Nobs","floor":28,"turns":4},{"damage":13,"enemies":"Cultist and Chosen","floor":30,"turns":5},{"damage":0,"enemies":"Collector","floor":33,"turns":6},{"damage":13,"enemies":"3 Darklings","floor":35,"turns":4},{"damage":0,"enemies":"2 Orb Walkers","floor":38,"turns":2},{"damage":0,"enemies":"Orb Walker","floor":42,"turns":2},{"damage":2,"enemies":"Giant Head","floor":44,"turns":4},{"damage":0,"enemies":"Writhing Mass","floor":45,"turns":1},{"damage":0,"enemies":"Nemesis","floor":48,"turns":1},{"damage":31,"enemies":"Time Eater","floor":50,"turns":3}],"seed_played":"-4232926813450926360","potions_obtained":[{"floor":1.0,"key":"Weak Potion"},{"floor":6.0,"key":"FearPotion"},{"floor":18.0,"key":"Weak Potion"},{"floor":22.0,"key":"Fire Potion"},{"floor":23.0,"key":"REME_GoldPotion"},{"floor":28,"key":"Strength Potion"}],"is_trial":false,"path_per_floor":["M","$","?","M","?","E","$","?","T","R","E","M","R","M","R","B",null,"M","$","?","M","M","E","M","E","T","?","?","R","M","$","R","B",null,"M","?","$","?","?","R","$","M","T","E","M","R","$","E","R","B",null],"character_chosen":"DOCTOR_CLASS","items_purchased":["ats:Hook Shot","ats:Composite Medical Shells","ats:Berate","REME_CardOfGreed","ats:Mental Burst"],"campfire_rested":0,"item_purchase_floors":[19,31,31,31,37],"current_hp_per_floor":[65,65,65,65,65,65,65,70,80,80,30,30,30,39,39,22,71,80,80,80,77,76,60,76,87,87,87,82,82,87,87,87,87,87,87,87,87,87,87,87,87,87,87,85,85,85,85,87,87,68],"gold":152,"neow_bonus":"THREE_ENEMY_KILL","is_daily":false,"chose_seed":false,"campfire_upgraded":7,"win_rate":0.0,"timestamp":1611846561,"path_taken":["M","$","?","?","?","E","$","?","T","R","E","M","R","M","R","BOSS","M","$","?","M","M","E","M","E","T","?","?","R","M","$","R","BOSS","M","?","?","?","?","R","$","?","T","E","M","R","?","E","R","BOSS"],"items_purchased_type":["Card","Card","Relic","Relic","Card"],"build_version":"2020-12-22","purchased_purges":5,"victory":true,"max_hp_per_floor":[72,72,72,72,72,72,72,77,87,87,87,87,87,87,87,87,87,87,87,87,87,87,87,87,87,87,87,87,87,87,87,87,87,87,87,87,87,87,87,87,87,87,87,87,87,87,87,87,87,87],"card_choices":[{"not_picked":["ats:Phantom","ats:Assault Order","ats:Hammer On"],"picked":"SKIP","floor":1.0},{"not_picked":["ats:Guard Mode","ats:Powerful Strike"],"picked":"ats:Curse Doll","floor":4.0},{"not_picked":["ats:Ignite","ats:Closed Bolt Burst Fire"],"picked":"ats:Wolf Pack","floor":6.0},{"not_picked":["ats:Defend Order","ats:Closed Bolt Burst Fire"],"picked":"ats:Part Time Job","floor":11.0},{"not_picked":["ats:Explosion Area Strengthen","ats:Ignite"],"picked":"ats:Very Hot Blade","floor":12.0},{"not_picked":["ats:Song Of Battle","ats:Assault Order","ats:Apocalypse"],"picked":"SKIP","floor":14.0},{"not_picked":["ats:Roar Of Ursus","ats:Rat Pack"],"picked":"ats:Calcification","floor":16.0},{"not_picked":["ats:Shell Defense","ats:Absolute Focus","ats:Explosion Area Strengthen"],"picked":"SKIP","floor":18.0},{"not_picked":["ats:Cat Scratch","ats:Leaping Hammer","ats:Very Hot Blade"],"picked":"SKIP","floor":21.0},{"not_picked":["ats:Ignite+1","ats:Guard Mode","ats:Phantom"],"picked":"SKIP","floor":22.0},{"not_picked":["ats:Revitalization","ats:Part Time Job+1"],"picked":"ats:Healing Strengthening","floor":23.0},{"not_picked":["ats:Consecutive Shot Auto","ats:Soul Rend","ats:Closed Bolt Burst Fire"],"picked":"SKIP","floor":24.0},{"not_picked":["ats:Song Of Battle+1","ats:Absolute Focus"],"picked":"ats:Nebulous Foxfire","floor":25.0},{"not_picked":["ats:Encircling Forest","ats:Shell Defense"],"picked":"ats:Soul Absorption","floor":28},{"not_picked":["ats:Absolute Focus","ats:Very Hot Blade","ats:Powerful Strike+1"],"picked":"SKIP","floor":30},{"not_picked":["ats:Fractured Body","ats:Ambush"],"picked":"ats:Calcification","floor":33},{"not_picked":["ats:Explosion Area Strengthen","ats:Hammer On","ats:Soul Absorption+1"],"picked":"SKIP","floor":35},{"not_picked":["ats:Ignite+1","ats:Guard Mode","ats:Song Of Battle+1"],"picked":"SKIP","floor":42},{"not_picked":["ats:Assault Order+1","ats:Sashimi Platter","ats:Serious Mode+1"],"picked":"SKIP","floor":44},{"not_picked":["ats:Powerful Strike+1","ats:Curse Doll+1","ats:Soul Absorption+1"],"picked":"SKIP","floor":45},{"not_picked":["ats:Hammer On+1","ats:Counter Healing Mode","ats:Very Hot Blade"],"picked":"SKIP","floor":48}],"player_experience":179742,"relics_obtained":[{"floor":6.0,"key":"ats:Originium"},{"floor":6.0,"key":"Bronze Scales"},{"floor":9.0,"key":"Pear"},{"floor":11.0,"key":"ats:Originium"},{"floor":11.0,"key":"AT_BellowingDragoncrestRing"},{"floor":23.0,"key":"ats:Originium"},{"floor":23.0,"key":"AT_ChloranthyRing"},{"floor":25.0,"key":"ats:Originium"},{"floor":25.0,"key":"Boot"},{"floor":26.0,"key":"REME_ArchaeologicalTools"},{"floor":28,"key":"AT_SilverBalance"},{"floor":34,"key":"AT_Manta"},{"floor":34,"key":"Mastiff:ReiMu"},{"floor":38,"key":"PureWhite:ReiMu"},{"floor":43,"key":"AT_MibuBalloonWealth"},{"floor":44,"key":"Bird Faced Urn"},{"floor":48,"key":"AT_SilvercatRing"}],"event_choices":[{"damage_healed":0.0,"max_hp_gain":0.0,"max_hp_loss":0.0,"gold_gain":0.0,"cards_transformed":["ats:Defend"],"event_name":"Transmorgrifier","player_choice":"Transformed","floor":3.0,"gold_loss":0.0,"damage_taken":0.0,"cards_obtained":["ats:Literary Storm"]},{"damage_healed":0.0,"max_hp_gain":5.0,"max_hp_loss":0.0,"gold_gain":0.0,"event_name":"Big Fish","player_choice":"Donut","floor":8.0,"gold_loss":0.0,"damage_taken":0.0},{"damage_healed":0.0,"max_hp_gain":0.0,"max_hp_loss":0.0,"gold_gain":0.0,"cards_transformed":["ats:Strike S","ats:Armor Crushing Shot"],"event_name":"Drug Dealer","player_choice":"Became Test Subject","floor":20.0,"gold_loss":0.0,"damage_taken":0.0,"cards_obtained":["ats:Flexible Camouflage","ats:Flame Of Heaven"]},{"damage_healed":0,"gold_gain":0,"player_choice":"Fight","damage_taken":0,"max_hp_gain":0,"max_hp_loss":0,"event_name":"Colosseum","floor":28,"gold_loss":0},{"damage_healed":0,"gold_gain":0,"player_choice":"Fought Nobs","damage_taken":0,"max_hp_gain":0,"max_hp_loss":0,"event_name":"Colosseum","floor":28,"gold_loss":0},{"damage_healed":0,"gold_gain":0,"player_choice":"Upgraded","damage_taken":0,"max_hp_gain":0,"max_hp_loss":0,"event_name":"Upgrade Shrine","floor":36,"gold_loss":0,"cards_upgraded":["ats:Healing Strengthening"]},{"damage_healed":0,"gold_gain":0,"player_choice":"Fight","damage_taken":0,"max_hp_gain":0,"max_hp_loss":0,"event_name":"Mysterious Sphere","floor":38,"gold_loss":0},{"damage_healed":0,"gold_gain":0,"cards_transformed":["ats:Defend"],"player_choice":"Transformed","damage_taken":0,"max_hp_gain":0,"max_hp_loss":0,"event_name":"Transmorgrifier","floor":39,"gold_loss":0,"cards_obtained":["ats:Serious Mode"]}],"is_beta":false,"boss_relics":[{"not_picked":["REME_DuelDisc","Coffee Dripper"],"picked":"AT_TrinityForce"},{"not_picked":["Fusion Hammer","REME_DemonsWealth"],"picked":"Calling Bell"}],"items_purged_floors":[2,19,31,41,47],"is_endless":false,"potions_floor_spawned":[1,6,18,22,23,28,33,38,42,44,45],"ascension_level":6}}