{"host":"hxmfoq77054plnuw","time":1611803733,"event":{"mods":["BaseMod","Colored Map","Colored Powertips","Downfall","Highlight Path","Minty Spire (QoL Compilation)","Quick Restart","Replay The Spire","Shop Mod","StSLib","SuperFastMode","[功能]功能增强和修复MOD","【遗物卡牌】REMEMod","篝火指南"],"gold_per_floor":[114,114,131,91,91,91,130,130,130,130,185,264,315,315,315,433,0,15,45,60,60,60,55,93,125,125,141,91,118,118,118,118,217,217,227,150,150,150],"floor_reached":37,"language":"ZHS","playtime":1785,"items_purged":["ReplayTheSpireMod:Splinters","Strike_R","Strike_R","Strike_R","Strike_R","Strike_R","Defend_R","Bash","Pain","Defend_R","Defend_R"],"score":489,"play_id":"8ee16d70-3ea0-4a81-ab8e-f23e2bb6b1d7","local_time":"20210128041533","is_ascension_mode":true,"campfire_choices":[{"data":"REME_Fury","floor":6.0,"key":"SMITH"},{"floor":8.0,"key":"RECALL"},{"data":"ReplayTheSpireMod:Muscle Training","floor":10.0,"key":"SMITH"},{"floor":15.0,"key":"DIG"},{"data":"Searing Blow","floor":32.0,"key":"SMITH"}],"circlet_count":1,"master_deck":["Defend_R","REME_Fury+1","Flame Barrier+1","Twin Strike","HandOfGreed+1","ReplayTheSpireMod:Muscle Training+1","Searing Blow+2","Whirlwind+1","ReplayTheSpireMod:Limb From Limb+1","Feed+1","Seeing Red+1","Shrug It Off+1","Intimidate+1","Shrug It Off+1","RitualDagger","Demonic Infusion+1","Warcry+1","Flame Barrier+1"],"relics":["Burning Blood","REME_ComplimentaryCards","Matryoshka","Replay:Wax Seal","ReplayTheSpireMod:Ninjato","Unceasing Top","Toxic Egg 2","EctoplasmExtend","WarpedTongs","Replay:PocketPolymizer","Snack Pack","ReplayTheSpireMod:TigerMarble","ReplayTheSpireMod:Spearhead","Bottled Lightning","Circlet"],"acts_visited":["Exordium","TheCity","TheBeyond"],"potions_floor_usage":[],"damage_taken":[{"damage":0.0,"enemies":"Small Slimes","floor":1.0,"turns":5.0},{"damage":10.0,"enemies":"Cultist","floor":3.0,"turns":6.0},{"damage":2.0,"enemies":"Jaw Worm","floor":7.0,"turns":4.0},{"damage":17.0,"enemies":"Lagavulin","floor":11.0,"turns":7.0},{"damage":6.0,"enemies":"Gremlin Gang","floor":12.0,"turns":8.0},{"damage":25.0,"enemies":"Gremlin Nob","floor":13.0,"turns":5.0},{"damage":15.0,"enemies":"The Guardian","floor":16.0,"turns":13.0},{"damage":2.0,"enemies":"Shell Parasite","floor":18.0,"turns":5.0},{"damage":2.0,"enemies":"3 Byrds","floor":19.0,"turns":3.0},{"damage":24.0,"enemies":"Cultist and Chosen","floor":20.0,"turns":5.0},{"damage":23.0,"enemies":"Snecko","floor":24.0,"turns":7.0},{"damage":14.0,"enemies":"Book of Stabbing","floor":25.0,"turns":5.0},{"damage":7.0,"enemies":"Chosen and Byrds","floor":27.0,"turns":4.0},{"damage":20.0,"enemies":"Gremlin Leader","floor":29.0,"turns":6.0},{"damage":53.0,"enemies":"Automaton","floor":33.0,"turns":9.0},{"damage":6.0,"enemies":"3 Shapes","floor":35.0,"turns":3.0},{"damage":0.0,"enemies":"Orb Walker","floor":37.0,"turns":3.0}],"seed_played":"-1083796385357571512","potions_obtained":[{"floor":7.0,"key":"EssenceOfSteel"},{"floor":16.0,"key":"Weak Potion"},{"floor":18.0,"key":"Elixir"}],"is_trial":false,"path_per_floor":["M","?","M","$","T","R","M","R","T","R","E","M","E","?","R_BF","B",null,"M","M","M","$","?","R","M","E","T","M","R","E","?","T","R","B",null,"M","$","M"],"character_chosen":"IRONCLAD","items_purchased":["Shrug It Off+1","Flame Barrier+1"],"campfire_rested":0,"item_purchase_floors":[28,36],"current_hp_per_floor":[80,80,76,76,76,76,80,80,80,80,69,69,50,50,50,41,80,83,83,68,68,68,68,51,47,47,60,60,56,50,50,50,19,94,98,98,98,98],"gold":150,"neow_bonus":"THREE_RARE_CARDS","is_daily":false,"chose_seed":false,"campfire_upgraded":3,"win_rate":0.0,"timestamp":1611803733,"path_taken":["M","?","M","$","?","R","M","R","T","R","E","M","E","?","R_BF","BOSS","M","M","M","$","?","R","M","E","T","?","R","E","?","?","R","BOSS","M","$","M"],"items_purchased_type":["Card","Card"],"build_version":"2020-12-22","purchased_purges":11,"victory":false,"max_hp_per_floor":[80,80,80,80,80,80,80,80,80,80,80,80,80,80,80,80,80,83,83,86,86,86,86,86,90,90,94,94,94,94,94,94,94,94,98,98,98,98],"card_choices":[{"not_picked":["Bludgeon","REME_ACTH"],"picked":"REME_Fury","floor":0.0},{"not_picked":["Heavy Blade","Clothesline"],"picked":"Flame Barrier","floor":1.0},{"not_picked":["Clash","Havoc"],"picked":"Twin Strike","floor":3.0},{"not_picked":["Dual Wield","Rampage"],"picked":"ReplayTheSpireMod:Muscle Training","floor":7.0},{"not_picked":["Bludgeon","Intimidate"],"picked":"Searing Blow","floor":11.0},{"not_picked":["Clash","True Grit"],"picked":"Whirlwind","floor":12.0},{"not_picked":["Replay:Undeath\u0027s Touch","Pommel Strike"],"picked":"ReplayTheSpireMod:Limb From Limb","floor":13.0},{"not_picked":["Corruption","REME_Fury+1"],"picked":"Feed","floor":16.0},{"not_picked":["Heavy Blade","Thunderclap","ReplayTheSpireMod:Strike From Hell"],"picked":"SKIP","floor":18.0},{"not_picked":["Cleave+1","Replay:Undeath\u0027s Touch+1"],"picked":"Seeing Red+1","floor":19.0},{"not_picked":["Bludgeon","Run Through+1","Feel No Pain"],"picked":"SKIP","floor":20.0},{"not_picked":["Twin Strike","Havoc+1"],"picked":"Shrug It Off+1","floor":24.0},{"not_picked":["Carnage","Uppercut"],"picked":"Intimidate+1","floor":25.0},{"not_picked":["Cleave+1","Perfected Strike","Run Through"],"picked":"SKIP","floor":27.0},{"not_picked":["Evolve","Havoc+1","Twin Strike+1"],"picked":"SKIP","floor":29.0},{"not_picked":["Replay:Many Hands+1","Brutality"],"picked":"Demonic Infusion+1","floor":33.0},{"not_picked":["Body Slam","Thunderclap"],"picked":"Warcry+1","floor":35.0}],"player_experience":330781,"relics_obtained":[{"floor":5.0,"key":"Matryoshka"},{"floor":9.0,"key":"Replay:Wax Seal"},{"floor":11.0,"key":"ReplayTheSpireMod:Ninjato"},{"floor":13.0,"key":"Unceasing Top"},{"floor":15.0,"key":"Toxic Egg 2"},{"floor":25.0,"key":"Replay:PocketPolymizer"},{"floor":26.0,"key":"Snack Pack"},{"floor":26.0,"key":"ReplayTheSpireMod:TigerMarble"},{"floor":29.0,"key":"ReplayTheSpireMod:Spearhead"},{"floor":31.0,"key":"Bottled Lightning"}],"event_choices":[{"damage_healed":0.0,"max_hp_gain":0.0,"max_hp_loss":0.0,"gold_gain":0.0,"event_name":"The Woman in Blue","player_choice":"Bought 0 Potions","floor":2.0,"gold_loss":0.0,"damage_taken":0.0},{"damage_healed":0.0,"max_hp_gain":0.0,"max_hp_loss":0.0,"gold_gain":0.0,"event_name":"Accursed Blacksmith","player_choice":"Rummage","floor":22.0,"gold_loss":0.0,"damage_taken":0.0,"relics_obtained":["WarpedTongs"],"cards_obtained":["Pain"]},{"damage_healed":0.0,"max_hp_gain":0.0,"max_hp_loss":0.0,"gold_gain":0.0,"event_name":"Nest","player_choice":"Joined the Cult","floor":30.0,"gold_loss":0.0,"damage_taken":6.0,"cards_obtained":["RitualDagger"]}],"is_beta":false,"boss_relics":[{"not_picked":["Astrolabe","vexMod:MysteryBossChallenge"],"picked":"EctoplasmExtend"},{"not_picked":["sneckomod:SneckoTalon","ReplayTheSpireMod:DimensionalGlitch"],"picked":"vexMod:ImprovementManual"}],"items_purged_floors":[4,4,4,4,4,4,4,4,23,28,36],"is_endless":false,"potions_floor_spawned":[7,16,18,19,24,25,29,33,37],"killed_by":"Orb Walker","ascension_level":1}}