{"host":"yx5rao87132cy5xq","time":1611798050,"event":{"mods":["2.2 Compatiblity","AchievementEnabler","BaseMod","Bestiary","Colored Map","Colored Powertips","Minty Spire (QoL Compilation)","Quick Restart","Relic Stats","Slay-I","SuperFastMode"],"gold_per_floor":[113,132,151,226,226,241,241,241],"floor_reached":7,"language":"ENG","playtime":423,"items_purged":[],"score":69,"play_id":"26282351-9330-45cf-ba39-929cd8e73912","local_time":"20210128024050","is_ascension_mode":true,"campfire_choices":[],"circlet_count":0,"master_deck":["AscendersBane","Strike_R","Strike_R","Strike_R","Strike_R","Strike_R","Defend_R","Defend_R","Defend_R","Defend_R","Bash","Dark Shackles","Blood for Blood","Clothesline","Headbutt","Spot Weakness"],"relics":["Burning Blood"],"acts_visited":["Exordium"],"potions_floor_usage":[],"damage_taken":[{"damage":6,"enemies":"Cultist","floor":1,"turns":5},{"damage":12,"enemies":"Jaw Worm","floor":2,"turns":5},{"damage":4,"enemies":"Small Slimes","floor":3,"turns":4},{"damage":22,"enemies":"Exordium Thugs","floor":6,"turns":5},{"damage":40,"enemies":"3 Sentries","floor":7,"turns":6}],"seed_played":"-2295900527852918566","potions_obtained":[{"floor":1,"key":"FairyPotion"}],"is_trial":false,"path_per_floor":["M","M","M","?","?","M","E"],"character_chosen":"IRONCLAD","items_purchased":[],"campfire_rested":0,"item_purchase_floors":[],"current_hp_per_floor":[72,66,68,57,57,41,1,1],"gold":241,"neow_bonus":"RANDOM_COLORLESS","is_daily":false,"chose_seed":false,"campfire_upgraded":0,"win_rate":0.0,"timestamp":1611798050,"path_taken":["M","?","M","?","?","M","E"],"items_purchased_type":[],"build_version":"2020-12-22","purchased_purges":0,"victory":false,"max_hp_per_floor":[80,80,80,80,80,80,80,80],"relic_stats":{"counters":[5,25],"obtain_stats":[{"Burning Blood":0},{"Burning Blood":0},{"Burning Blood":0}],"Burning Blood":24},"card_choices":[{"not_picked":["Dramatic Entrance","Purity"],"picked":"Dark Shackles","floor":0.0},{"not_picked":["Sever Soul","Sword Boomerang"],"picked":"Blood for Blood","floor":1},{"not_picked":["Body Slam","Flex"],"picked":"Clothesline","floor":2},{"not_picked":["Clothesline","Clash"],"picked":"Headbutt","floor":3},{"not_picked":["Thunderclap","Barricade"],"picked":"Spot Weakness","floor":6}],"player_experience":862813,"relics_obtained":[],"event_choices":[{"damage_healed":0,"gold_gain":75,"player_choice":"Gather Gold","damage_taken":11,"max_hp_gain":0,"max_hp_loss":0,"event_name":"World of Goop","floor":4,"gold_loss":0},{"damage_healed":0,"gold_gain":0,"player_choice":"Ignored","damage_taken":0,"max_hp_gain":0,"max_hp_loss":0,"event_name":"Shining Light","floor":5,"gold_loss":0}],"is_beta":false,"boss_relics":[],"items_purged_floors":[],"is_endless":false,"potions_floor_spawned":[1],"killed_by":"3 Sentries","ascension_level":12}}