{"host":"13o02hya6v6rzuva","time":1611831295,"event":{"mods":["BaseMod","Minty Spire (QoL Compilation)","Relic Stats"],"gold_per_floor":[216,216,66,66,86,120,120,149,175,208,220,243,267,279,291,406,418,445,457,469,499,35,65,83,83,153,188,188,188,213,223,223,322,322,333,348,362,362,376,376,404,404,431,431,431],"floor_reached":44,"language":"ENG","playtime":1612,"items_purged":[],"score":707,"play_id":"0d1a55a4-02a0-4495-9279-b76a34df47fd","local_time":"20210128115455","is_ascension_mode":true,"campfire_choices":[{"data":"LikeWater","floor":7.0,"key":"SMITH"},{"data":"Eruption","floor":11.0,"key":"SMITH"},{"data":"Vigilance","floor":15.0,"key":"SMITH"},{"data":"Blasphemy","floor":25.0,"key":"SMITH"},{"data":"Evaluate","floor":28.0,"key":"SMITH"},{"floor":32.0,"key":"REST"},{"floor":40.0,"key":"REST"}],"circlet_count":0,"master_deck":["Strike_P+1","Strike_P+1","Strike_P+1","Defend_P+1","Defend_P+1","Defend_P+1","Eruption+1","Vigilance+1","ClearTheMind+1","LikeWater+1","ConjureBlade","ReachHeaven","Evaluate+1","FearNoEvil","CarveReality","Halt","Blasphemy+1","Halt","BattleHymn","Dark Shackles","BowlingBash+1","DeusExMachina+1","Protect+1","MasterReality","LikeWater+1","Halt+1","Parasite","Study+1"],"relics":["HolyWater","Centennial Puzzle","Lantern","MawBank","MutagenicStrength","Regal Pillow","Vajra","Du-Vu Doll","Toxic Egg 2","Dream Catcher","Ornamental Fan","SacredBark","Sundial","Toy Ornithopter"],"acts_visited":["Exordium","TheCity","TheBeyond"],"potions_floor_usage":[41,41,44],"damage_taken":[{"damage":0.0,"enemies":"Small Slimes","floor":1.0,"turns":2.0},{"damage":0.0,"enemies":"Cultist","floor":5.0,"turns":3.0},{"damage":15.0,"enemies":"Lagavulin","floor":6.0,"turns":5.0},{"damage":30.0,"enemies":"Gremlin Nob","floor":8.0,"turns":4.0},{"damage":0.0,"enemies":"Lagavulin","floor":10.0,"turns":2.0},{"damage":0.0,"enemies":"Jaw Worm","floor":12.0,"turns":3.0},{"damage":1.0,"enemies":"Lots of Slimes","floor":13.0,"turns":3.0},{"damage":12.0,"enemies":"Hexaghost","floor":16.0,"turns":8.0},{"damage":6.0,"enemies":"Spheric Guardian","floor":18.0,"turns":3.0},{"damage":0.0,"enemies":"Chosen","floor":21.0,"turns":5.0},{"damage":13.0,"enemies":"Slavers","floor":23.0,"turns":8.0},{"damage":0.0,"enemies":"Sentry and Sphere","floor":24.0,"turns":2.0},{"damage":6.0,"enemies":"Book of Stabbing","floor":27.0,"turns":5.0},{"damage":0.0,"enemies":"Gremlin Leader","floor":30.0,"turns":7.0},{"damage":20.0,"enemies":"Snecko","floor":31.0,"turns":4.0},{"damage":3.0,"enemies":"Automaton","floor":33.0,"turns":5.0},{"damage":10.0,"enemies":"3 Shapes","floor":35.0,"turns":4.0},{"damage":4.0,"enemies":"Orb Walker","floor":36.0,"turns":4.0},{"damage":15.0,"enemies":"Sphere and 2 Shapes","floor":37.0,"turns":4.0},{"damage":33.0,"enemies":"Writhing Mass","floor":39.0,"turns":7.0},{"damage":20,"enemies":"Giant Head","floor":41,"turns":6},{"damage":9,"enemies":"Spire Growth","floor":44,"turns":5}],"seed_played":"-6185275583193764621","potions_obtained":[{"floor":5.0,"key":"Regen Potion"},{"floor":8.0,"key":"FearPotion"},{"floor":10.0,"key":"Energy Potion"},{"floor":12.0,"key":"CultistPotion"},{"floor":16.0,"key":"Fire Potion"},{"floor":24.0,"key":"AttackPotion"},{"floor":31.0,"key":"DuplicationPotion"},{"floor":36.0,"key":"LiquidMemories"},{"floor":41,"key":"Explosive Potion"}],"is_trial":false,"path_per_floor":["M","?","$","?","M","E","R","E","T","E","R","M","M","?","R","B",null,"M","?","?","M","$","E","M","R","T","E","R","?","E","M","R","B",null,"M","M","M","?","M","R","E","?","T","M"],"character_chosen":"WATCHER","items_purchased":["LikeWater","ConjureBlade","Regal Pillow","Vajra","BattleHymn","Dark Shackles"],"campfire_rested":2,"item_purchase_floors":[3,3,22,22,22,22],"current_hp_per_floor":[72,72,72,72,72,57,57,27,27,32,32,32,31,31,31,19,72,66,66,66,66,66,53,53,53,53,47,47,47,47,27,63,60,72,62,58,43,43,10,46,26,26,26,22,22],"gold":431,"neow_bonus":"HUNDRED_GOLD","is_daily":false,"chose_seed":false,"campfire_upgraded":5,"win_rate":0.0,"timestamp":1611831295,"path_taken":["M","?","?","?","M","E","R","E","T","E","R","?","M","?","R","BOSS","M","?","?","M","?","E","M","R","T","E","R","?","E","?","R","BOSS","M","M","M","?","M","R","E","?","T","M"],"items_purchased_type":["Card","Card","Relic","Relic","Card","Card"],"build_version":"2020-12-22","purchased_purges":0,"victory":false,"max_hp_per_floor":[72,72,72,72,72,72,72,72,72,72,72,72,72,72,72,72,72,72,72,72,72,72,72,72,72,72,72,72,72,72,72,72,72,72,72,72,72,72,72,72,72,72,72,72,72],"relic_stats":{"Centennial Puzzle":[43],"Regal Pillow":30,"Dream Catcher":2,"counters":[22,99],"Ornamental Fan":[32],"Sundial":[0],"MawBank":144,"obtain_stats":[{"Lantern":8,"Regal Pillow":22,"SacredBark":34,"Vajra":22,"MawBank":10,"Du-Vu Doll":23,"Centennial Puzzle":6,"Dream Catcher":27,"Ornamental Fan":30,"Sundial":41,"MutagenicStrength":19,"HolyWater":17,"PureWater":0,"Toxic Egg 2":26,"Toy Ornithopter":43},{"Lantern":4,"Regal Pillow":10,"SacredBark":16,"Vajra":10,"MawBank":5,"Du-Vu Doll":11,"Centennial Puzzle":3,"Dream Catcher":13,"Ornamental Fan":14,"Sundial":21,"MutagenicStrength":9,"HolyWater":8,"PureWater":0,"Toxic Egg 2":12,"Toy Ornithopter":21},{"Lantern":14,"Regal Pillow":38,"SacredBark":69,"Vajra":38,"MawBank":16,"Du-Vu Doll":46,"Centennial Puzzle":10,"Dream Catcher":53,"Ornamental Fan":60,"Sundial":94,"MutagenicStrength":33,"HolyWater":30,"PureWater":0,"Toxic Egg 2":48,"Toy Ornithopter":94}],"Toy Ornithopter":5},"card_choices":[{"not_picked":["JustLucky","WaveOfTheHand"],"picked":"ClearTheMind","floor":1.0},{"not_picked":["Consecrate","Protect"],"picked":"ReachHeaven","floor":5.0},{"not_picked":["Swivel","EmptyFist"],"picked":"Evaluate","floor":6.0},{"not_picked":["Establishment","Crescendo","Protect"],"picked":"SKIP","floor":8.0},{"not_picked":["Protect","CutThroughFate"],"picked":"FearNoEvil","floor":10.0},{"not_picked":["Study","Prostrate"],"picked":"CarveReality","floor":12.0},{"not_picked":["Meditate","EmptyFist"],"picked":"Halt","floor":13.0},{"not_picked":["Scrawl","Devotion"],"picked":"Blasphemy","floor":16.0},{"not_picked":["CutThroughFate","SashWhip"],"picked":"Halt","floor":18.0},{"not_picked":["ForeignInfluence","PathToVictory","ReachHeaven"],"picked":"SKIP","floor":21.0},{"not_picked":["CutThroughFate","Brilliance"],"picked":"Consecrate","floor":23.0},{"not_picked":["FollowUp","Collect"],"picked":"BowlingBash+1","floor":24.0},{"not_picked":["FollowUp","Pray+1"],"picked":"DeusExMachina+1","floor":27.0},{"not_picked":["Nirvana","Fasting2+1","WheelKick"],"picked":"SKIP","floor":30.0},{"not_picked":["JustLucky","SashWhip","BowlingBash+1"],"picked":"SKIP","floor":31.0},{"not_picked":["Indignation+1","BowlingBash"],"picked":"Protect+1","floor":32.0},{"not_picked":["Establishment","DeusExMachina+1"],"picked":"MasterReality","floor":33.0},{"not_picked":["EmptyFist","WheelKick"],"picked":"LikeWater+1","floor":35.0},{"not_picked":["Pray+1","Study"],"picked":"Halt+1","floor":36.0},{"not_picked":["Wireheading+1","Crescendo+1","FollowUp+1"],"picked":"SKIP","floor":37.0},{"not_picked":["BowlingBash+1","EmptyFist","Weave+1"],"picked":"SKIP","floor":39.0},{"not_picked":["Protect+1","Perseverance+1"],"picked":"Study+1","floor":41}],"player_experience":1160722,"relics_obtained":[{"floor":6.0,"key":"Centennial Puzzle"},{"floor":8.0,"key":"Lantern"},{"floor":10.0,"key":"MawBank"},{"floor":23.0,"key":"Du-Vu Doll"},{"floor":26.0,"key":"Toxic Egg 2"},{"floor":27.0,"key":"Dream Catcher"},{"floor":30.0,"key":"Ornamental Fan"},{"floor":41,"key":"Sundial"},{"floor":43,"key":"Toy Ornithopter"}],"event_choices":[{"cards_removed":["Defend_P"],"damage_healed":0.0,"max_hp_gain":0.0,"max_hp_loss":0.0,"gold_gain":0.0,"event_name":"Purifier","player_choice":"Purged","floor":2.0,"gold_loss":0.0,"damage_taken":0.0},{"cards_removed":["Strike_P"],"damage_healed":0.0,"max_hp_gain":0.0,"max_hp_loss":0.0,"gold_gain":0.0,"event_name":"Bonfire Elementals","player_choice":"Offered Basic","floor":4.0,"gold_loss":0.0,"damage_taken":0.0},{"damage_healed":0.0,"max_hp_gain":0.0,"max_hp_loss":0.0,"gold_gain":0.0,"event_name":"Living Wall","player_choice":"Grow","floor":14.0,"gold_loss":0.0,"damage_taken":0.0,"cards_upgraded":["ClearTheMind"]},{"damage_healed":0.0,"max_hp_gain":0.0,"max_hp_loss":0.0,"gold_gain":0.0,"event_name":"Drug Dealer","player_choice":"Inject Mutagens","floor":19.0,"gold_loss":0.0,"damage_taken":0.0,"relics_obtained":["MutagenicStrength"]},{"damage_healed":0.0,"max_hp_gain":0.0,"max_hp_loss":0.0,"gold_gain":0.0,"event_name":"Back to Basics","player_choice":"Simplicity","floor":20.0,"gold_loss":0.0,"damage_taken":0.0,"cards_upgraded":["Strike_P","Strike_P","Strike_P","Defend_P","Defend_P","Defend_P"]},{"cards_removed":["Consecrate"],"damage_healed":0.0,"max_hp_gain":0.0,"max_hp_loss":0.0,"gold_gain":0.0,"event_name":"Purifier","player_choice":"Purged","floor":29.0,"gold_loss":0.0,"damage_taken":0.0},{"damage_healed":0.0,"max_hp_gain":0.0,"max_hp_loss":0.0,"gold_gain":0.0,"event_name":"Mysterious Sphere","player_choice":"Ignored","floor":38.0,"gold_loss":0.0,"damage_taken":0.0},{"damage_healed":0,"gold_gain":0,"player_choice":"Ignored","damage_taken":0,"max_hp_gain":0,"max_hp_loss":0,"event_name":"Tomb of Lord Red Mask","floor":42,"gold_loss":0}],"is_beta":false,"boss_relics":[{"not_picked":["Philosopher\u0027s Stone","Astrolabe"],"picked":"HolyWater"},{"not_picked":["Pandora\u0027s Box","Fusion Hammer"],"picked":"SacredBark"}],"items_purged_floors":[],"is_endless":false,"potions_floor_spawned":[5,8,10,12,16,18,24,31,33,36,41],"killed_by":"Spire Growth","ascension_level":4}}