{"host":"vyjryxuuuxkt43k4","time":1611811413,"event":{"mods":["AchievementEnabler","BaseMod","Colored Map","DeckTracker","Keyboard Shortcuts","Minty Spire (QoL Compilation)","Permanent Neow","Quick Restart","Rare Cards Sparkle","StSLib","SuperFastMode","everything is the same but u backflip on backflip"],"gold_per_floor":[359,42,59,69,89,89,104,104,129,160,160,160,178,178,178,251,251,264,19,36,86,106,106,134,134,134,134,84,84,84,119,119,119,119],"floor_reached":33,"language":"KOR","playtime":1798,"items_purged":["Strike_R"],"score":566,"play_id":"0192ef6e-b5cb-4514-8cea-5a72758fcf10","local_time":"20210128142333","is_ascension_mode":true,"campfire_choices":[{"data":"Searing Blow","floor":6.0,"key":"SMITH"},{"data":"Searing Blow+1","floor":8.0,"key":"SMITH"},{"data":"Searing Blow+2","floor":11.0,"key":"SMITH"},{"data":"Searing Blow+3","floor":15.0,"key":"SMITH"},{"data":"Searing Blow+4","floor":23.0,"key":"SMITH"},{"floor":25.0,"key":"REST"},{"data":"Searing Blow+5","floor":30.0,"key":"SMITH"},{"data":"Searing Blow+6","floor":32.0,"key":"SMITH"}],"circlet_count":0,"master_deck":["AscendersBane","Strike_R","Strike_R","Strike_R","Strike_R","Defend_R","Defend_R","Defend_R","Defend_R+1","Bash","Pommel Strike","Searing Blow+7","Double Tap","Shrug It Off","Feel No Pain","Exhume","Offering+1","Headbutt","Flame Barrier","Inflame","Havoc+1","Writhe","Immolate"],"relics":["Burning Blood","Bag of Marbles","Happy Flower","Red Skull","Vajra","FaceOfCleric","Ornamental Fan","Sozu","Akabeko","Smiling Mask","Blood Vial","Ice Cream","War Paint"],"acts_visited":["Exordium","TheCity"],"potions_floor_usage":[],"damage_taken":[{"damage":8.0,"enemies":"2 Louse","floor":1.0,"turns":4.0},{"damage":1.0,"enemies":"Cultist","floor":3.0,"turns":3.0},{"damage":9.0,"enemies":"Jaw Worm","floor":4.0,"turns":3.0},{"damage":14.0,"enemies":"Exordium Wildlife","floor":5.0,"turns":4.0},{"damage":12.0,"enemies":"Large Slime","floor":7.0,"turns":4.0},{"damage":17.0,"enemies":"3 Sentries","floor":10.0,"turns":5.0},{"damage":3.0,"enemies":"Blue Slaver","floor":13.0,"turns":3.0},{"damage":41.0,"enemies":"The Guardian","floor":16.0,"turns":10.0},{"damage":6.0,"enemies":"Spheric Guardian","floor":18.0,"turns":3.0},{"damage":18.0,"enemies":"Shell Parasite","floor":20.0,"turns":4.0},{"damage":14.0,"enemies":"3 Cultists","floor":22.0,"turns":5.0},{"damage":34.0,"enemies":"Slavers","floor":24.0,"turns":4.0},{"damage":2.0,"enemies":"Book of Stabbing","floor":31.0,"turns":2.0},{"damage":43,"enemies":"Automaton","floor":33,"turns":4}],"seed_played":"326067003224751699","potions_obtained":[{"floor":3.0,"key":"Explosive Potion"},{"floor":5.0,"key":"PowerPotion"}],"is_trial":false,"path_per_floor":["M","$","M","M","M","R","M","R","T","E","R","?","M","T","R","B",null,"M","$","M","?","M","R","E","R","T","T","$","?","R","E","R","B"],"character_chosen":"IRONCLAD","items_purchased":["Bag of Marbles","Happy Flower","Akabeko","Flame Barrier"],"campfire_rested":1,"item_purchase_floors":[2,2,19,19],"current_hp_per_floor":[66,66,68,65,57,57,51,51,51,40,40,40,44,44,44,10,55,56,56,45,45,38,38,11,33,33,33,33,33,33,40,40,0,0],"gold":119,"neow_bonus":"TWO_FIFTY_GOLD","is_daily":false,"chose_seed":true,"campfire_upgraded":7,"win_rate":0.0,"timestamp":1611811413,"path_taken":["M","$","M","M","M","R","M","R","T","E","R","?","?","?","R","BOSS","M","$","M","?","M","R","E","R","T","?","?","?","R","E","R","BOSS"],"items_purchased_type":["Relic","Relic","Relic","Card"],"build_version":"2020-12-22","purchased_purges":1,"victory":false,"max_hp_per_floor":[68,68,68,68,68,68,68,68,68,68,68,68,69,69,69,70,70,71,71,72,72,73,73,74,74,74,74,74,74,74,75,75,75,75],"card_choices":[{"not_picked":["Thunderclap","Sever Soul"],"picked":"Pommel Strike","floor":1.0},{"not_picked":["Havoc","Bloodletting"],"picked":"Searing Blow","floor":3.0},{"not_picked":["Sever Soul","Clothesline"],"picked":"Double Tap","floor":4.0},{"not_picked":["Feel No Pain","Searing Blow"],"picked":"Shrug It Off","floor":5.0},{"not_picked":["Sever Soul","Searing Blow","Warcry"],"picked":"SKIP","floor":7.0},{"not_picked":["Flame Barrier","Headbutt"],"picked":"Feel No Pain","floor":10.0},{"not_picked":["Clothesline","Havoc"],"picked":"Exhume","floor":13.0},{"not_picked":["Bludgeon","Limit Break"],"picked":"Offering","floor":16.0},{"not_picked":["Flex","Shrug It Off"],"picked":"Headbutt","floor":18.0},{"not_picked":["Metallicize","Wild Strike"],"picked":"Inflame","floor":20.0},{"not_picked":["Clothesline","Pommel Strike","Thunderclap"],"picked":"SKIP","floor":22.0},{"not_picked":["Feel No Pain","Bloodletting"],"picked":"Havoc+1","floor":24.0},{"not_picked":["Perfected Strike","Cleave"],"picked":"Immolate","floor":31.0}],"player_experience":440641,"relics_obtained":[{"floor":9.0,"key":"Red Skull"},{"floor":10.0,"key":"Vajra"},{"floor":14.0,"key":"Ornamental Fan"},{"floor":24.0,"key":"Smiling Mask"},{"floor":26.0,"key":"Blood Vial"},{"floor":31.0,"key":"War Paint"}],"event_choices":[{"damage_healed":0.0,"max_hp_gain":0.0,"max_hp_loss":0.0,"gold_gain":0.0,"event_name":"FaceTrader","player_choice":"Trade","floor":12.0,"gold_loss":0.0,"damage_taken":0.0,"relics_obtained":["FaceOfCleric"]},{"damage_healed":0.0,"max_hp_gain":0.0,"max_hp_loss":0.0,"gold_gain":50.0,"event_name":"Nest","player_choice":"Stole From Cult","floor":21.0,"gold_loss":0.0,"damage_taken":0.0},{"damage_healed":0.0,"max_hp_gain":0.0,"max_hp_loss":0.0,"gold_gain":0.0,"event_name":"The Mausoleum","player_choice":"Opened","floor":29.0,"gold_loss":0.0,"damage_taken":0.0,"relics_obtained":["Ice Cream"],"cards_obtained":["Writhe"]}],"is_beta":false,"boss_relics":[{"not_picked":["Fusion Hammer","Runic Pyramid"],"picked":"Sozu"}],"items_purged_floors":[28],"is_endless":false,"potions_floor_spawned":[3,5,18,31],"killed_by":"Automaton","ascension_level":20}}