{"host":"nwd160me4iqdtr8u","time":1611841486,"event":{"mods":["AchievementEnabler","Act Like it!","BaseMod","Colored Map","DeckTracker","Minty Spire (QoL Compilation)","Quick Restart","Rare Cards Sparkle","StSLib","SuperFastMode","everything is the same but u backflip on backflip"],"gold_per_floor":[109,121,46,46,46,79,79,104,156,174,174,203,229,261,273,389,401,433,445,457,32,50,50,80,80,80,30,30,30,40,54,54,151,151,165,184,230,230,242,267,267,283,309,329,4,17,17,17,17,17],"floor_reached":51,"language":"KOR","playtime":2393,"items_purged":["Strike_P","Defend_P","Defend_P"],"score":878,"play_id":"f27804e5-1083-4731-af48-3b535add04c7","local_time":"20210128224446","is_ascension_mode":true,"campfire_choices":[{"data":"Eruption","floor":7.0,"key":"SMITH"},{"data":"Scrawl","floor":11.0,"key":"SMITH"},{"data":"TalkToTheHand","floor":15.0,"key":"SMITH"},{"data":"RitualDagger","floor":23.0,"key":"SMITH"},{"floor":25.0,"key":"REST"},{"floor":32.0,"key":"REST"},{"floor":41,"key":"REST"},{"floor":47,"key":"REST"},{"floor":49,"key":"REST"}],"circlet_count":0,"master_deck":["Strike_P","Strike_P","Strike_P","Defend_P","Eruption+1","Vigilance","Scrawl+1","WheelKick","Consecrate","TalkToTheHand+1","Judgement","EmptyFist","Meditate","Vault","RitualDagger+1","WaveOfTheHand+1","Swift Strike+1","EmptyFist+1","ReachHeaven+1","Brilliance+1","Prostrate+1","Evaluate+1","Evaluate+1","Worship","Evaluate+1","BattleHymn","Tantrum+1"],"relics":["PureWater","Centennial Puzzle","Yang","Smiling Mask","MawBank","Busted Crown","Molten Egg 2","Potion Belt","Ice Cream","StrikeDummy","Fusion Hammer","Gambling Chip","Ornamental Fan","Regal Pillow","Bottled Lightning"],"acts_visited":["Exordium","TheCity","TheBeyond"],"potions_floor_usage":[40,40,50],"damage_taken":[{"damage":0.0,"enemies":"Cultist","floor":1.0,"turns":2.0},{"damage":4.0,"enemies":"Jaw Worm","floor":2.0,"turns":3.0},{"damage":12.0,"enemies":"Lagavulin","floor":6.0,"turns":6.0},{"damage":0.0,"enemies":"3 Sentries","floor":8.0,"turns":1.0},{"damage":0.0,"enemies":"Small Slimes","floor":10.0,"turns":1.0},{"damage":14.0,"enemies":"Gremlin Nob","floor":12.0,"turns":3.0},{"damage":0.0,"enemies":"2 Fungi Beasts","floor":13.0,"turns":2.0},{"damage":4.0,"enemies":"Gremlin Gang","floor":14.0,"turns":3.0},{"damage":29.0,"enemies":"Hexaghost","floor":16.0,"turns":9.0},{"damage":12.0,"enemies":"2 Thieves","floor":18.0,"turns":2.0},{"damage":6.0,"enemies":"Chosen","floor":22.0,"turns":2.0},{"damage":13.0,"enemies":"Gremlin Leader","floor":24.0,"turns":7.0},{"damage":14.0,"enemies":"Centurion and Healer","floor":30.0,"turns":2.0},{"damage":12.0,"enemies":"Cultist and Chosen","floor":31.0,"turns":2.0},{"damage":32.0,"enemies":"Automaton","floor":33.0,"turns":7.0},{"damage":17.0,"enemies":"3 Darklings","floor":35.0,"turns":2.0},{"damage":5.0,"enemies":"Orb Walker","floor":36.0,"turns":2.0},{"damage":7.0,"enemies":"2 Orb Walkers","floor":37.0,"turns":2.0},{"damage":6.0,"enemies":"Transient","floor":39.0,"turns":5.0},{"damage":6,"enemies":"Reptomancer","floor":40,"turns":5},{"damage":5,"enemies":"3 Darklings","floor":42,"turns":3},{"damage":14,"enemies":"4 Shapes","floor":44,"turns":4},{"damage":6,"enemies":"Spire Growth","floor":46,"turns":3},{"damage":73,"enemies":"Donu and Deca","floor":50,"turns":7}],"seed_played":"-1882156862393293640","potions_obtained":[{"floor":6.0,"key":"Ambrosia"},{"floor":8.0,"key":"Block Potion"},{"floor":13.0,"key":"Block Potion"},{"floor":14.0,"key":"SpeedPotion"},{"floor":18.0,"key":"Ancient Potion"},{"floor":22.0,"key":"AttackPotion"},{"floor":30.0,"key":"FairyPotion"},{"floor":31.0,"key":"SpeedPotion"},{"floor":36.0,"key":"Block Potion"},{"floor":37.0,"key":"GamblersBrew"}],"is_trial":false,"path_per_floor":["M","M","$","?","$","E","R","E","T","M","R","E","M","M","R","B",null,"M","?","?","$","M","R","E","R","T","$","?","$","M","M","R","B",null,"M","M","?","?","M","E","R","M","T","M","$","M","R","$","R","B",null],"character_chosen":"WATCHER","items_purchased":["Molten Egg 2","Potion Belt","Tantrum+1","Bottled Lightning"],"campfire_rested":5,"item_purchase_floors":[21,21,45,45],"current_hp_per_floor":[72,68,68,73,73,61,61,61,61,61,61,47,47,43,43,14,77,65,59,45,45,39,39,26,50,50,50,50,50,36,24,48,16,82,65,60,53,53,47,41,65,60,60,46,46,40,79,79,82,9],"gold":17,"neow_bonus":"TRANSFORM_CARD","is_daily":false,"chose_seed":false,"campfire_upgraded":4,"win_rate":0.0,"timestamp":1611841486,"path_taken":["M","?","$","?","$","E","R","E","T","M","R","E","M","M","R","BOSS","M","?","?","$","M","R","E","R","T","$","?","$","?","M","R","BOSS","M","M","?","?","M","E","R","M","T","M","$","?","R","$","R","BOSS"],"items_purchased_type":["Relic","Relic","Card","Relic"],"build_version":"2020-12-22","purchased_purges":3,"victory":true,"max_hp_per_floor":[72,72,72,77,77,77,77,77,77,77,77,77,77,77,77,77,77,77,77,82,82,82,82,82,82,82,82,82,82,82,82,82,82,82,82,82,82,82,82,82,82,82,82,82,82,82,82,82,82,82],"card_choices":[{"not_picked":["Protect","ThirdEye"],"picked":"WheelKick","floor":1.0},{"not_picked":["Halt","Fasting2"],"picked":"Consecrate","floor":2.0},{"not_picked":["WheelKick","FlurryOfBlows"],"picked":"TalkToTheHand","floor":6.0},{"not_picked":["Protect","Perseverance"],"picked":"Judgement","floor":8.0},{"not_picked":["Pray","SashWhip"],"picked":"EmptyFist","floor":10.0},{"not_picked":["WheelKick","Vengeance","Prostrate"],"picked":"SKIP","floor":12.0},{"not_picked":["Consecrate","ClearTheMind"],"picked":"Meditate","floor":13.0},{"not_picked":["BowlingBash","EmptyFist","Prostrate"],"picked":"SKIP","floor":14.0},{"not_picked":["Scrawl","Blasphemy"],"picked":"Vault","floor":16.0},{"not_picked":["EmptyBody"],"picked":"SKIP","floor":18.0},{"not_picked":[],"picked":"WaveOfTheHand+1","floor":22.0},{"not_picked":["JustLucky+1"],"picked":"SKIP","floor":24.0},{"not_picked":[],"picked":"ReachHeaven+1","floor":30.0},{"not_picked":["JustLucky+1"],"picked":"SKIP","floor":31.0},{"not_picked":[],"picked":"Brilliance+1","floor":33.0},{"not_picked":[],"picked":"Prostrate+1","floor":35.0},{"not_picked":[],"picked":"Evaluate+1","floor":36.0},{"not_picked":[],"picked":"Evaluate+1","floor":37.0},{"not_picked":[],"picked":"Worship","floor":39.0},{"not_picked":["ReachHeaven+1"],"picked":"SKIP","floor":40},{"not_picked":[],"picked":"Evaluate+1","floor":42},{"not_picked":[],"picked":"BattleHymn","floor":44},{"not_picked":["Evaluate+1"],"picked":"SKIP","floor":46}],"player_experience":278536,"relics_obtained":[{"floor":6.0,"key":"Centennial Puzzle"},{"floor":8.0,"key":"Yang"},{"floor":9.0,"key":"Smiling Mask"},{"floor":12.0,"key":"MawBank"},{"floor":24.0,"key":"Ice Cream"},{"floor":26.0,"key":"StrikeDummy"},{"floor":37.0,"key":"Gambling Chip"},{"floor":40,"key":"Ornamental Fan"},{"floor":43,"key":"Regal Pillow"}],"event_choices":[{"damage_healed":0.0,"max_hp_gain":5.0,"max_hp_loss":0.0,"gold_gain":0.0,"event_name":"Big Fish","player_choice":"Donut","floor":4.0,"gold_loss":0.0,"damage_taken":0.0},{"damage_healed":0.0,"max_hp_gain":0.0,"max_hp_loss":0.0,"gold_gain":0.0,"event_name":"Nest","player_choice":"Joined the Cult","floor":19.0,"gold_loss":0.0,"damage_taken":6.0,"cards_obtained":["RitualDagger"]},{"damage_healed":0.0,"max_hp_gain":5.0,"max_hp_loss":0.0,"gold_gain":0.0,"event_name":"Forgotten Altar","player_choice":"Shed Blood","floor":20.0,"gold_loss":0.0,"damage_taken":19.0},{"damage_healed":0.0,"max_hp_gain":0.0,"max_hp_loss":0.0,"gold_gain":0.0,"event_name":"Match and Keep!","player_choice":"2 cards matched","floor":28.0,"gold_loss":0.0,"damage_taken":0.0,"cards_obtained":["Swift Strike","EmptyFist"]},{"damage_healed":0.0,"max_hp_gain":0.0,"max_hp_loss":0.0,"gold_gain":0.0,"event_name":"Mysterious Sphere","player_choice":"Fight","floor":37.0,"gold_loss":0.0,"damage_taken":0.0},{"damage_healed":0.0,"max_hp_gain":0.0,"max_hp_loss":0.0,"gold_gain":0.0,"event_name":"The Woman in Blue","player_choice":"Bought 0 Potions","floor":38.0,"gold_loss":0.0,"damage_taken":0.0}],"is_beta":false,"boss_relics":[{"not_picked":["Pandora\u0027s Box","SacredBark"],"picked":"Busted Crown"},{"not_picked":["Coffee Dripper","Astrolabe"],"picked":"Fusion Hammer"}],"items_purged_floors":[3,21,27],"is_endless":false,"potions_floor_spawned":[6,8,13,14,18,22,30,31,36,37],"ascension_level":4}}