{"host":"nwd160me4iqdtr8u","time":1611846366,"event":{"mods":["AchievementEnabler","Act Like it!","BaseMod","Colored Map","DeckTracker","Minty Spire (QoL Compilation)","Quick Restart","Rare Cards Sparkle","StSLib","SuperFastMode","everything is the same but u backflip on backflip"],"gold_per_floor":[113,133,152,6,25,50,50,67,67,67,79,79,79,90,90,90,90],"floor_reached":16,"language":"KOR","playtime":472,"items_purged":[],"score":135,"play_id":"9dd8a8c9-2c1b-404e-a5d2-3e6f19a91bfe","local_time":"20210129000606","is_ascension_mode":true,"campfire_choices":[{"data":"Eruption","floor":10.0,"key":"SMITH"},{"data":"WheelKick","floor":12,"key":"SMITH"},{"data":"Devotion","floor":15,"key":"SMITH"}],"circlet_count":0,"master_deck":["Strike_P","Strike_P","Strike_P","Strike_P","Defend_P","Defend_P","Defend_P","Defend_P","Eruption+1","Vigilance","Devotion+1","Indignation","Prostrate","Consecrate","EmptyFist","WheelKick+1"],"relics":["PureWater","Lantern","WingedGreaves","Meat on the Bone","Girya"],"acts_visited":["Exordium"],"potions_floor_usage":[],"damage_taken":[{"damage":6.0,"enemies":"Small Slimes","floor":1.0,"turns":4.0},{"damage":0.0,"enemies":"Cultist","floor":2.0,"turns":3.0},{"damage":0.0,"enemies":"2 Louse","floor":3.0,"turns":3.0},{"damage":11.0,"enemies":"Exordium Thugs","floor":5.0,"turns":6.0},{"damage":12.0,"enemies":"Lagavulin","floor":6.0,"turns":4.0},{"damage":0.0,"enemies":"3 Louse","floor":8.0,"turns":3.0},{"damage":9,"enemies":"Blue Slaver","floor":11,"turns":4},{"damage":0,"enemies":"2 Fungi Beasts","floor":14,"turns":2},{"damage":52,"enemies":"The Guardian","floor":16,"turns":4}],"seed_played":"1652524227961794002","potions_obtained":[{"floor":2.0,"key":"BottledMiracle"},{"floor":5.0,"key":"StancePotion"},{"floor":14,"key":"Energy Potion"}],"is_trial":false,"path_per_floor":["M","M","M","$","M","E","$","M","T","R","M","R","?","M","R","B"],"character_chosen":"WATCHER","items_purchased":["Lantern"],"campfire_rested":0,"item_purchase_floors":[4],"current_hp_per_floor":[59,59,59,59,48,36,36,36,36,36,39,39,36,48,48,0,0],"gold":90,"neow_bonus":"ONE_RANDOM_RARE_CARD","is_daily":false,"chose_seed":false,"campfire_upgraded":3,"win_rate":0.0,"timestamp":1611846366,"path_taken":["M","M","M","$","M","E","$","M","T","R","M","R","?","M","R","BOSS"],"items_purchased_type":["Relic"],"build_version":"2020-12-22","purchased_purges":0,"victory":false,"max_hp_per_floor":[72,72,72,72,72,72,72,72,72,72,72,72,72,72,72,72,72],"card_choices":[{"not_picked":["FlurryOfBlows","Protect"],"picked":"Indignation","floor":1.0},{"not_picked":["Protect","Consecrate"],"picked":"Prostrate","floor":2.0},{"not_picked":["Protect","SashWhip","ThirdEye"],"picked":"SKIP","floor":3.0},{"not_picked":["Prostrate","FollowUp"],"picked":"Consecrate","floor":5.0},{"not_picked":["Consecrate","ThirdEye"],"picked":"EmptyFist","floor":6.0},{"not_picked":["CutThroughFate","EmptyBody","Wireheading"],"picked":"SKIP","floor":8.0},{"not_picked":["Alpha","CutThroughFate"],"picked":"WheelKick","floor":11},{"not_picked":["JustLucky","ThirdEye","Evaluate"],"picked":"SKIP","floor":14}],"player_experience":284103,"relics_obtained":[{"floor":6.0,"key":"WingedGreaves"},{"floor":9.0,"key":"Meat on the Bone"}],"event_choices":[{"damage_healed":0,"gold_gain":0,"player_choice":"Success","damage_taken":3,"relics_obtained":["Girya"],"max_hp_gain":0,"max_hp_loss":0,"event_name":"Scrap Ooze","floor":13,"gold_loss":0}],"is_beta":false,"boss_relics":[],"items_purged_floors":[],"is_endless":false,"potions_floor_spawned":[2,5,14],"killed_by":"The Guardian","ascension_level":6}}