{"host":"osk2oboccoevp2u5","time":1611801433,"event":{"mods":["AchievementEnabler","Alarm Clock","BaseMod","Colored Powertips","Disable Question Mark Monsters","Displayed Cursed Tome","Hermit","Key Reminder","Minty Spire (QoL Compilation)","Potion Indicator Mod","Quick Restart","Rare Cards Sparkle","Reorder Act Four","StSLib","Useless Jewels Mod"],"gold_per_floor":[115,115,126,139,314,314,284,284,310,310,385,385,385,14,14,139,139,152,152,162,181,197,197,17,32,32,43,77,77,86,103,103,204,213,224,252,267,287,320,320,9,9,18,61,93,127,159,187,187,194],"floor_reached":51,"language":"ENG","playtime":4330,"items_purged":[],"score":906,"play_id":"e71930d0-77e5-45c2-863d-01c8248dd335","local_time":"20210127223713","is_ascension_mode":true,"campfire_choices":[{"data":"hermit:Covet","floor":6,"key":"SMITH"},{"data":"hermit:Vantage","floor":8,"key":"SMITH"},{"data":"hermit:Snapshot","floor":10,"key":"SMITH"},{"data":"hermit:Horror","floor":15,"key":"SMITH"},{"data":"hermit:RoundhouseKick","floor":23,"key":"SMITH"},{"data":"hermit:Glare","floor":29,"key":"SMITH"},{"floor":32,"key":"REST"},{"floor":40,"key":"REST"},{"data":"hermit:Deadeye","floor":49,"key":"SMITH"}],"circlet_count":0,"master_deck":["hermit:Strike_Hermit","hermit:Strike_Hermit+1","hermit:Strike_Hermit+1","hermit:Defend_Hermit","hermit:Defend_Hermit","hermit:Defend_Hermit","hermit:Defend_Hermit","hermit:Snapshot+1","hermit:Covet+1","hermit:Vantage+1","Doubt","Injury","hermit:Horror+1","hermit:RoundhouseKick+1","hermit:CursedWeapon+1","hermit:Glare+1","Injury","hermit:NoHoldsBarred+1","hermit:Deadeye+1","CurseOfTheBell","hermit:Vantage+1","hermit:Scavenge+1","Parasite","hermit:Roulette","Writhe","hermit:Purgatory+1","hermit:Glare+1","hermit:Glare+1","Parasite"],"relics":["hermit:Momento","uselessJewelsMod:UselessJewelsRelic","Whetstone","Bloody Idol","Eternal Feather","Mango","Cursed Key","Membership Card","Orichalcum","CeramicFish","Calling Bell","Bag of Preparation","Pear","Peace Pipe","Boot","Blue Candle","hermit:Horseshoe","Molten Egg 2","Gremlin Horn"],"acts_visited":["Exordium","TheCity","TheBeyond"],"potions_floor_usage":[21,28,28,28,33,39,44,44,44,49,50],"damage_taken":[{"damage":1,"enemies":"Cultist","floor":1,"turns":3},{"damage":0,"enemies":"Small Slimes","floor":3,"turns":4},{"damage":0,"enemies":"2 Louse","floor":4,"turns":4},{"damage":0,"enemies":"Looter","floor":7,"turns":4},{"damage":59,"enemies":"The Guardian","floor":16,"turns":16},{"damage":0,"enemies":"Chosen","floor":18,"turns":4},{"damage":17,"enemies":"Shell Parasite","floor":20,"turns":8},{"damage":41,"enemies":"Shelled Parasite and Fungi","floor":21,"turns":9},{"damage":42,"enemies":"Cultist and Chosen","floor":22,"turns":8},{"damage":24,"enemies":"Centurion and Healer","floor":25,"turns":4},{"damage":2,"enemies":"Snake Plant","floor":27,"turns":3},{"damage":10,"enemies":"Gremlin Leader","floor":28,"turns":3},{"damage":27,"enemies":"3 Cultists","floor":31,"turns":5},{"damage":32,"enemies":"Champ","floor":33,"turns":9},{"damage":2,"enemies":"Orb Walker","floor":35,"turns":1},{"damage":25,"enemies":"3 Shapes","floor":36,"turns":3},{"damage":50,"enemies":"Transient","floor":37,"turns":5},{"damage":17,"enemies":"Maw","floor":38,"turns":7},{"damage":29,"enemies":"Writhing Mass","floor":39,"turns":9},{"damage":49,"enemies":"Giant Head","floor":44,"turns":8},{"damage":61,"enemies":"Spire Growth","floor":45,"turns":5},{"damage":13,"enemies":"Sphere and 2 Shapes","floor":46,"turns":4},{"damage":57,"enemies":"Nemesis","floor":47,"turns":9},{"damage":16,"enemies":"Writhing Mass","floor":48,"turns":5},{"damage":123,"enemies":"Time Eater","floor":50,"turns":13}],"seed_played":"-8647058207745245115","potions_obtained":[{"floor":16,"key":"GamblersBrew"},{"floor":21,"key":"Dexterity Potion"},{"floor":25,"key":"Fire Potion"},{"floor":27,"key":"ColorlessPotion"},{"floor":31,"key":"Dexterity Potion"},{"floor":36,"key":"hermit:Tonic"},{"floor":38,"key":"CultistPotion"},{"floor":39,"key":"LiquidBronze"},{"floor":47,"key":"PowerPotion"},{"floor":48,"key":"Fruit Juice"}],"is_trial":false,"path_per_floor":["M","T","M","M","?","R","M","R","T","R","?","?","?","$","R","B",null,"M","?","M","M","M","R","$","M","T","M","E","R","?","M","R","B",null,"M","M","M","M","M","R","$","?","T","E","M","M","E","M","R","B",null],"character_chosen":"HERMIT","items_purchased":["Mango","hermit:Horror","Membership Card","hermit:Glare","CultistPotion","Boot","Blue Candle","hermit:BlackWind","hermit:Roulette"],"campfire_rested":2,"item_purchase_floors":[14,14,24,24,41,41,41,41,41],"current_hp_per_floor":[74,74,74,74,74,74,74,74,74,74,63,63,63,77,83,24,89,89,89,77,41,72,81,81,62,62,65,60,69,74,52,87,60,99,99,84,39,32,18,59,69,109,109,70,24,26,67,66,86,61],"gold":194,"neow_bonus":"REMOVE_CARD","is_daily":false,"chose_seed":false,"campfire_upgraded":7,"win_rate":0.0,"timestamp":1611801433,"path_taken":["M","?","?","M","?","R","M","R","T","R","?","?","?","$","R","BOSS","M","?","M","M","M","R","$","M","T","M","E","R","?","M","R","BOSS","M","M","M","M","M","R","$","?","T","E","?","M","E","M","R","BOSS"],"items_purchased_type":["Relic","Card","Relic","Card","Potion","Relic","Relic","Card","Card"],"build_version":"2020-12-22","purchased_purges":0,"victory":true,"max_hp_per_floor":[75,75,75,75,75,75,75,75,75,75,75,75,75,89,89,89,89,89,89,89,89,89,89,89,89,89,89,89,89,89,89,89,89,99,99,99,99,99,99,99,99,109,109,109,109,109,109,109,114,114],"card_choices":[{"not_picked":["hermit:LowProfile","hermit:Glare"],"picked":"hermit:Vantage","floor":1},{"not_picked":["hermit:Brawl","hermit:PistolWhip","hermit:Roulette"],"picked":"SKIP","floor":3},{"not_picked":["hermit:Desperado","hermit:CalledShot","hermit:Spite"],"picked":"SKIP","floor":4},{"not_picked":["hermit:LoneWolf","hermit:BlackWind","hermit:Glare"],"picked":"SKIP","floor":7},{"not_picked":["hermit:Dissolve","hermit:EternalForm"],"picked":"hermit:RoundhouseKick","floor":16},{"not_picked":["hermit:CalledShot","hermit:WideOpen","hermit:Roulette"],"picked":"SKIP","floor":18},{"not_picked":["hermit:Deadeye","hermit:HighCaliber"],"picked":"hermit:CursedWeapon+1","floor":20},{"not_picked":["hermit:FullyLoaded+1","hermit:LowProfile","hermit:Enervate"],"picked":"SKIP","floor":21},{"not_picked":["hermit:Shortfuse+1","hermit:DeadMansHand","hermit:Virtue"],"picked":"SKIP","floor":22},{"not_picked":["hermit:LowProfile+1","hermit:Determination","hermit:Manifest"],"picked":"SKIP","floor":25},{"not_picked":["hermit:Snipe","hermit:Glare"],"picked":"hermit:NoHoldsBarred+1","floor":27},{"not_picked":["hermit:BodyArmor","hermit:Adapt","hermit:Manifest"],"picked":"SKIP","floor":28},{"not_picked":["hermit:FlashPowder+1","hermit:Grudge","hermit:HoleUp"],"picked":"SKIP","floor":31},{"not_picked":["hermit:Roulette+1","hermit:GoldenBullet+1","hermit:HoleUp+1"],"picked":"SKIP","floor":35},{"not_picked":["hermit:Desperado+1","hermit:Ricochet"],"picked":"hermit:Vantage+1","floor":36},{"not_picked":["hermit:Vantage","hermit:SprayPray","hermit:Ricochet"],"picked":"SKIP","floor":37},{"not_picked":["hermit:Ricochet+1","hermit:PistolWhip"],"picked":"hermit:Scavenge+1","floor":38},{"not_picked":["hermit:Dive","hermit:LowProfile+1","hermit:Ricochet"],"picked":"SKIP","floor":39},{"not_picked":["hermit:Roulette+1","hermit:PistolWhip+1"],"picked":"hermit:Purgatory+1","floor":44},{"not_picked":["hermit:BodyArmor+1","hermit:Manifest"],"picked":"hermit:Glare+1","floor":45},{"not_picked":["hermit:FullyLoaded+1","hermit:Coalescence"],"picked":"hermit:Glare+1","floor":46},{"not_picked":["hermit:Ricochet+1","hermit:Cheat","hermit:Gambit"],"picked":"SKIP","floor":47},{"not_picked":["hermit:WideOpen+1","hermit:FlashPowder+1","hermit:TrackingShot+1"],"picked":"SKIP","floor":48}],"player_experience":928286,"relics_obtained":[{"floor":2,"key":"uselessJewelsMod:UselessJewelsRelic"},{"floor":9,"key":"Whetstone"},{"floor":26,"key":"Orichalcum"},{"floor":28,"key":"CeramicFish"},{"floor":34,"key":"Bag of Preparation"},{"floor":34,"key":"Pear"},{"floor":34,"key":"Peace Pipe"},{"floor":43,"key":"hermit:Horseshoe"},{"floor":44,"key":"Molten Egg 2"},{"floor":47,"key":"Gremlin Horn"}],"event_choices":[{"damage_healed":0,"gold_gain":175,"player_choice":"AGREE","damage_taken":0,"max_hp_gain":0,"max_hp_loss":0,"event_name":"Liars Game","floor":5,"gold_loss":0,"cards_obtained":["Doubt"]},{"damage_healed":0,"gold_gain":75,"player_choice":"Gather Gold","damage_taken":11,"max_hp_gain":0,"max_hp_loss":0,"event_name":"World of Goop","floor":11,"gold_loss":0},{"damage_healed":0,"gold_gain":0,"player_choice":"Take Wound","damage_taken":0,"relics_obtained":["Golden Idol"],"max_hp_gain":0,"max_hp_loss":0,"event_name":"Golden Idol","floor":12,"gold_loss":0,"cards_obtained":["Injury"]},{"damage_healed":0,"gold_gain":0,"player_choice":"Searched \u00272\u0027 times","damage_taken":0,"relics_obtained":["Eternal Feather"],"max_hp_gain":0,"max_hp_loss":0,"event_name":"Dead Adventurer","floor":13,"gold_loss":0},{"damage_healed":0,"gold_gain":0,"player_choice":"Gave Idol","damage_taken":0,"relics_obtained":["Bloody Idol"],"max_hp_gain":0,"max_hp_loss":0,"event_name":"Forgotten Altar","floor":19,"relics_lost":["Golden Idol"],"gold_loss":0},{"damage_healed":0,"gold_gain":0,"player_choice":"Read","damage_taken":0,"max_hp_gain":0,"max_hp_loss":0,"event_name":"The Library","floor":30,"gold_loss":0,"cards_obtained":["hermit:Deadeye"]},{"cards_removed":["hermit:BlackWind"],"damage_healed":30,"gold_gain":0,"player_choice":"Offered Rare","damage_taken":0,"max_hp_gain":10,"max_hp_loss":0,"event_name":"Bonfire Elementals","floor":42,"gold_loss":0}],"is_beta":false,"boss_relics":[{"not_picked":["Runic Dome","Philosopher\u0027s Stone"],"picked":"Cursed Key"},{"not_picked":["hermit:DentedPlate","Sozu"],"picked":"Calling Bell"}],"items_purged_floors":[],"is_endless":false,"potions_floor_spawned":[16,21,25,27,31,36,38,39,47,48],"ascension_level":1}}