{"host":"uvmuduost5bzvojs","time":1611808400,"event":{"mods":["Aspiration","Bard","BaseMod","Better Match","Block Reminder","Conspire","Hermit","Highlight Path","Hubris","Infinite Spire","Jorbs\u0027s Wanderer Trilogy","Mad Scientist","Marisa????????","Mimic Mod","Minty Spire (QoL Compilation)","Potionbrewer","Replay The Spire","Robot Space Explorer","StSLib","The Blackbeard","The Construct","The Cursed","The Disciple","The Hayseed","The Hierophant","The Juggle","The Jungle","The Poker Player","The Runesmith","The Servant 0.9.4","The Spell Scribe","The Valiant","TheBandit"],"gold_per_floor":[118,135,135,135,90,104,135,153,153,170,170,170,203,221,221,318,318,336,350,350,350,367,367,367,380,418,418,343,343,343,343],"floor_reached":30,"language":"ENG","playtime":1937,"items_purged":["Pain"],"score":240,"play_id":"f10a8b9a-d9a3-44e9-930e-dc3ce3f8a3eb","local_time":"20210127233320","is_ascension_mode":false,"campfire_choices":[{"data":"bard:Balestra","floor":11,"key":"SMITH"},{"floor":15,"key":"REST"},{"data":"bard:Sift","floor":23,"key":"SMITH"},{"data":"bard:Gamble","floor":27,"key":"SMITH"},{"floor":29,"key":"REST"}],"circlet_count":0,"master_deck":["bard:Strike","bard:Strike","bard:Strike","bard:Defend","bard:Defend","bard:Defend","bard:Defend","bard:Riposte","bard:Inspire","bard:Blink","bard:HideousLaughter+1","bard:Parry","bard:BucklerBash","bard:MnemonicVestments","bard:ViciousMockery","bard:Balestra+1","bard:Improv","bard:Encore","bard:Sift","bard:Sift+1","bard:Gamble+1"],"relics":["bard:PitchPipe","bard:BagPipes","Strawberry","Boot","Ring of Fury","ReplayTheSpireMod:Ring of Sloth","Torii","bard:DeepVero","SlaversCollar","Nloth\u0027s Gift","aspiration:FrozenJewel"],"acts_visited":["Exordium","TheCity"],"potions_floor_usage":[16,16,16,22,30],"damage_taken":[{"damage":3,"enemies":"conspire:RoseBush","floor":1,"turns":4},{"damage":2,"enemies":"2 Louse","floor":2,"turns":3},{"damage":6,"enemies":"infinitespire:Voidling","floor":6,"turns":5},{"damage":20,"enemies":"Gremlin Nob","floor":7,"turns":4},{"damage":13,"enemies":"Lots of Slimes","floor":8,"turns":2},{"damage":9,"enemies":"Blue Slaver","floor":10,"turns":3},{"damage":12,"enemies":"Lagavulin","floor":13,"turns":5},{"damage":13,"enemies":"Large Slime","floor":14,"turns":5},{"damage":28,"enemies":"The Guardian","floor":16,"turns":10},{"damage":23,"enemies":"conspire:FuzzyDice","floor":18,"turns":6},{"damage":26,"enemies":"2 Thieves","floor":19,"turns":4},{"damage":2,"enemies":"Snake Plant","floor":22,"turns":3},{"damage":6,"enemies":"Centurion and Healer","floor":25,"turns":5},{"damage":7,"enemies":"Snecko","floor":26,"turns":9},{"damage":40,"enemies":"Snecko","floor":30,"turns":9}],"seed_played":"-1668566388996331076","potions_obtained":[{"floor":2,"key":"Strength Potion"},{"floor":7,"key":"Strength Potion"},{"floor":10,"key":"Dexterity Potion"},{"floor":19,"key":"LifebloodPotion"},{"floor":25,"key":"potionbrewer:BoundlessPotion"}],"is_trial":false,"path_per_floor":["M","M","?","?","$","M","E","M","T","M","R","?","E","M","R","B",null,"M","M","AVR","?","M","R","?","M","MIM","R","?","R","M"],"character_chosen":"BARD","items_purchased":["bard:BucklerBash"],"campfire_rested":2,"item_purchase_floors":[5],"current_hp_per_floor":[67,65,65,70,70,68,55,42,42,33,33,33,21,8,31,3,77,54,28,28,28,26,26,26,20,13,13,13,36,0,0],"gold":343,"neow_bonus":"THREE_CARDS","is_daily":false,"chose_seed":false,"campfire_upgraded":3,"win_rate":0.0,"timestamp":1611808400,"path_taken":["M","M","?","?","$","?","E","M","T","?","R","?","E","M","R","BOSS","M","M","AVR","?","?","R","?","M","MIM","R","?","R","M"],"items_purchased_type":["Card"],"build_version":"2020-12-22","purchased_purges":1,"victory":false,"max_hp_per_floor":[70,70,70,70,70,70,77,77,77,77,77,77,77,77,77,77,77,77,77,77,77,77,77,77,77,77,77,77,77,77,77],"card_choices":[{"not_picked":["bard:Sift","bard:TinyHut"],"picked":"bard:Blink","floor":0},{"not_picked":["bard:HarmoniousVoice","bard:StudiedStrike"],"picked":"bard:HideousLaughter","floor":1},{"not_picked":["bard:QuickSong","bard:Thunderwave"],"picked":"bard:Parry","floor":2},{"not_picked":["bard:PhantasmalForce","bard:BucklerBash"],"picked":"bard:MnemonicVestments","floor":6},{"not_picked":["bard:PhantasmalForce","bard:QuickSong","bard:Fermata"],"picked":"SKIP","floor":7},{"not_picked":["bard:StudiedStrike","bard:FeastOnFear"],"picked":"bard:ViciousMockery","floor":8},{"not_picked":["bard:Fermata","bard:Gamble"],"picked":"bard:Balestra","floor":10},{"not_picked":["bard:InspiringSong","bard:PhantasmalForce"],"picked":"bard:Improv","floor":13},{"not_picked":["bard:LifeDrain","bard:QuickSong","bard:BucklerBash"],"picked":"SKIP","floor":14},{"not_picked":["bard:DeathMetal","bard:CovetousAura"],"picked":"bard:Encore","floor":16},{"not_picked":["bard:Demoralize","bard:Thunderwave","bard:FeastOnFear"],"picked":"SKIP","floor":18},{"not_picked":["bard:QuickSong","bard:Thunderwave"],"picked":"bard:Sift","floor":19},{"not_picked":["bard:FingerOfDeath","bard:BestowCurse","bard:Fermata"],"picked":"SKIP","floor":22},{"not_picked":["bard:HideousLaughter+1","bard:CuttingWords+1","bard:SongBolt"],"picked":"SKIP","floor":25},{"not_picked":["bard:Fermata","bard:ViciousMockery"],"picked":"bard:Gamble","floor":26}],"player_experience":1874058,"relics_obtained":[{"floor":7,"key":"Strawberry"},{"floor":9,"key":"Boot"},{"floor":12,"key":"Ring of Fury"},{"floor":12,"key":"ReplayTheSpireMod:Ring of Sloth"},{"floor":13,"key":"Torii"},{"floor":26,"key":"aspiration:FrozenJewel"}],"event_choices":[{"damage_healed":0,"gold_gain":0,"player_choice":"Copied","damage_taken":0,"max_hp_gain":0,"max_hp_loss":0,"event_name":"Duplicator","floor":21,"gold_loss":0,"cards_obtained":["bard:Sift"]},{"damage_healed":0,"gold_gain":0,"player_choice":"Traded Relic","damage_taken":0,"relics_obtained":["Nloth\u0027s Gift"],"max_hp_gain":0,"max_hp_loss":0,"event_name":"N\u0027loth","floor":24,"relics_lost":["Gremlin Food"],"gold_loss":0},{"cards_removed":["bard:Strike"],"damage_healed":0,"gold_gain":0,"player_choice":"Gave Gold","damage_taken":0,"max_hp_gain":0,"max_hp_loss":0,"event_name":"Beggar","floor":28,"gold_loss":75}],"is_beta":false,"boss_relics":[{"not_picked":["Abe\u0027s Treasure","hubris:GrandSneckoEye"],"picked":"bard:DeepVero"}],"items_purged_floors":[20],"is_endless":false,"potions_floor_spawned":[2,7,10,14,19,25],"killed_by":"Snecko","ascension_level":0}}