{"host":"g907ck67u7c3hrs6","time":1611808294,"event":{"mods":["BaseMod","Colored Map","DeckTracker","Highlight Path","Keyboard Shortcuts","Minty Spire (QoL Compilation)","Permanent Neow","Say the Spire","SuperFastMode"],"gold_per_floor":[111,111,36,36,52,72,72,89,138,165,165,175,201,220,220,315,315,330,344,356,356,204,235,235,235,286,286,286,301,316,333,333,429,429,442,112,124,136,153,186,186,197,197,223,238,238,253,265,265,265],"floor_reached":51,"language":"KOR","playtime":1515,"items_purged":["Zap","Writhe"],"score":945,"play_id":"4e25679d-36d7-4bc0-af3b-f06222ed59bb","local_time":"20210128133134","daily_mods":["Chimera","Vintage","Binary"],"is_ascension_mode":false,"campfire_choices":[{"data":"Eruption","floor":7,"key":"SMITH"},{"data":"Bash","floor":15,"key":"SMITH"},{"data":"Blasphemy","floor":24,"key":"SMITH"},{"data":"Swivel","floor":28,"key":"SMITH"},{"data":"FearNoEvil","floor":32,"key":"SMITH"},{"data":"Survivor","floor":41,"key":"SMITH"},{"data":"Strike_B","floor":46,"key":"SMITH"},{"data":"Strike_G","floor":49,"key":"SMITH"}],"circlet_count":0,"master_deck":["Bash+1","Survivor+1","Eruption+1","Strike_R+1","Strike_G+1","Strike_B+1","Defend_R+1","Defend_G+1","Defend_P+1","FearNoEvil+1","Blasphemy+1","Tantrum+1","Swivel+1","Wallop+1","DevaForm+1","Ragnarok+1","WindmillStrike+1","Adaptation+1"],"relics":["HolyWater","Yang","White Beast Statue","Singing Bowl","Toy Ornithopter","Tiny Chest","Vajra","InkBottle","Letter Opener","Bird Faced Urn","Kunai","Molten Egg 2","Gremlin Horn","Eternal Feather","Bag of Marbles","Frozen Egg 2","Lantern","Mummified Hand","Oddly Smooth Stone","Darkstone Periapt","Mercury Hourglass","Runic Dome","Matryoshka","FossilizedHelix","Nunchaku","Smiling Mask","Regal Pillow","Potion Belt","Bag of Preparation","Dream Catcher","Centennial Puzzle","War Paint","Boot","PreservedInsect"],"acts_visited":["Exordium","TheCity","TheBeyond"],"potions_floor_usage":[29,31,33,50,50,50,50,50],"damage_taken":[{"damage":1,"enemies":"2 Louse","floor":1,"turns":4},{"damage":2,"enemies":"Jaw Worm","floor":5,"turns":2},{"damage":0,"enemies":"Small Slimes","floor":6,"turns":2},{"damage":2,"enemies":"Blue Slaver","floor":8,"turns":2},{"damage":22,"enemies":"Lagavulin","floor":10,"turns":7},{"damage":1,"enemies":"Red Slaver","floor":12,"turns":3},{"damage":17,"enemies":"3 Sentries","floor":13,"turns":10},{"damage":0,"enemies":"Looter","floor":14,"turns":2},{"damage":9,"enemies":"Hexaghost","floor":16,"turns":10},{"damage":0,"enemies":"Chosen","floor":18,"turns":4},{"damage":29,"enemies":"3 Byrds","floor":19,"turns":8},{"damage":11,"enemies":"Snake Plant","floor":20,"turns":2},{"damage":7,"enemies":"Book of Stabbing","floor":23,"turns":3},{"damage":0,"enemies":"Shelled Parasite and Fungi","floor":29,"turns":2},{"damage":0,"enemies":"Sentry and Sphere","floor":30,"turns":2},{"damage":3,"enemies":"Snecko","floor":31,"turns":4},{"damage":43,"enemies":"Champ","floor":33,"turns":6},{"damage":0,"enemies":"3 Darklings","floor":35,"turns":2},{"damage":0,"enemies":"3 Shapes","floor":37,"turns":2},{"damage":0,"enemies":"Transient","floor":38,"turns":5},{"damage":0,"enemies":"3 Darklings","floor":39,"turns":2},{"damage":0,"enemies":"Giant Head","floor":40,"turns":4},{"damage":0,"enemies":"Spire Growth","floor":42,"turns":2},{"damage":0,"enemies":"Reptomancer","floor":44,"turns":2},{"damage":0,"enemies":"Writhing Mass","floor":45,"turns":3},{"damage":0,"enemies":"Maw","floor":47,"turns":3},{"damage":0,"enemies":"Transient","floor":48,"turns":5},{"damage":19,"enemies":"Awakened One","floor":50,"turns":7}],"seed_played":"-939812129733095814","potions_obtained":[{"floor":5,"key":"FearPotion"},{"floor":6,"key":"DuplicationPotion"},{"floor":8,"key":"StancePotion"},{"floor":29,"key":"FearPotion"},{"floor":31,"key":"Weak Potion"},{"floor":33,"key":"BottledMiracle"},{"floor":42,"key":"SteroidPotion"},{"floor":44,"key":"DuplicationPotion"},{"floor":47,"key":"SteroidPotion"}],"is_trial":true,"path_per_floor":["M","T","$","?","M","M","R","M","T","E","?","M","E","M","R","B",null,"M","M","M","?","$","E","R","?","T","T","R","M","M","M","R","B",null,"M","$","M","M","M","E","R","M","T","E","M","R","M","M","R","B",null],"character_chosen":"WATCHER","items_purchased":["Tantrum+1","Swivel","Ragnarok+1","WindmillStrike+1","Adaptation+1"],"campfire_rested":0,"item_purchase_floors":[22,22,36,36,36],"current_hp_per_floor":[71,71,71,57,55,55,55,53,53,33,33,32,15,15,15,6,74,74,45,34,20,20,13,19,19,19,19,28,33,33,35,44,6,79,79,79,79,79,79,81,81,81,81,83,83,83,83,83,83,83],"gold":265,"neow_bonus":"","is_daily":false,"chose_seed":false,"campfire_upgraded":8,"win_rate":0.0,"timestamp":1611808294,"path_taken":["M","?","$","?","M","M","R","M","T","E","?","M","E","M","R","BOSS","M","M","M","?","$","E","R","?","T","?","R","M","M","M","R","BOSS","M","$","M","?","M","E","R","M","T","E","M","R","M","M","R","BOSS"],"items_purchased_type":["Card","Card","Card","Card","Card"],"build_version":"2020-12-22","purchased_purges":2,"victory":true,"max_hp_per_floor":[72,72,72,72,72,72,72,72,72,74,74,74,74,74,74,74,74,74,74,74,79,79,79,79,79,79,79,79,79,79,79,79,79,79,79,79,79,79,79,81,81,81,81,83,83,83,83,83,83,83],"card_choices":[{"not_picked":["Consecrate","Halt"],"picked":"Singing Bowl","floor":10},{"not_picked":["FollowUp"],"picked":"FearNoEvil","floor":13},{"not_picked":["Judgement"],"picked":"Blasphemy","floor":16},{"not_picked":["Evaluate"],"picked":"Wallop+1","floor":23},{"not_picked":["Ragnarok+1"],"picked":"DevaForm+1","floor":33},{"not_picked":["Wireheading+1","BowlingBash+1"],"picked":"Singing Bowl","floor":40},{"not_picked":["DeceiveReality","JustLucky+1"],"picked":"Singing Bowl","floor":44}],"player_experience":238166,"relics_obtained":[{"floor":1,"key":"Yang"},{"floor":2,"key":"White Beast Statue"},{"floor":5,"key":"Singing Bowl"},{"floor":6,"key":"Toy Ornithopter"},{"floor":8,"key":"Tiny Chest"},{"floor":9,"key":"Vajra"},{"floor":10,"key":"InkBottle"},{"floor":12,"key":"Letter Opener"},{"floor":13,"key":"Bird Faced Urn"},{"floor":14,"key":"Kunai"},{"floor":18,"key":"Molten Egg 2"},{"floor":19,"key":"Gremlin Horn"},{"floor":20,"key":"Eternal Feather"},{"floor":23,"key":"Bag of Marbles"},{"floor":26,"key":"Lantern"},{"floor":27,"key":"Mummified Hand"},{"floor":29,"key":"Oddly Smooth Stone"},{"floor":30,"key":"Darkstone Periapt"},{"floor":31,"key":"Mercury Hourglass"},{"floor":35,"key":"Matryoshka"},{"floor":37,"key":"FossilizedHelix"},{"floor":38,"key":"Nunchaku"},{"floor":39,"key":"Smiling Mask"},{"floor":40,"key":"Regal Pillow"},{"floor":42,"key":"Potion Belt"},{"floor":43,"key":"Bag of Preparation"},{"floor":43,"key":"Dream Catcher"},{"floor":44,"key":"Centennial Puzzle"},{"floor":45,"key":"War Paint"},{"floor":47,"key":"Boot"},{"floor":48,"key":"PreservedInsect"}],"event_choices":[{"damage_healed":0,"gold_gain":0,"player_choice":"Entered Light","damage_taken":14,"max_hp_gain":0,"max_hp_loss":0,"event_name":"Shining Light","floor":4,"gold_loss":0,"cards_upgraded":["Strike_R","Defend_G"]},{"damage_healed":0,"gold_gain":0,"player_choice":"Ignored","damage_taken":0,"max_hp_gain":0,"max_hp_loss":0,"event_name":"Liars Game","floor":11,"gold_loss":0},{"damage_healed":0,"gold_gain":0,"player_choice":"Shed Blood","damage_taken":19,"max_hp_gain":5,"max_hp_loss":0,"event_name":"Forgotten Altar","floor":21,"gold_loss":0},{"damage_healed":0,"gold_gain":0,"player_choice":"Opened","damage_taken":0,"relics_obtained":["Frozen Egg 2"],"max_hp_gain":0,"max_hp_loss":0,"event_name":"The Mausoleum","floor":25,"gold_loss":0,"cards_obtained":["Writhe"]}],"is_beta":false,"boss_relics":[{"not_picked":["Runic Pyramid","SlaversCollar"],"picked":"HolyWater"},{"not_picked":["Pandora\u0027s Box","Sozu"],"picked":"Runic Dome"}],"items_purged_floors":[3,36],"is_endless":false,"potions_floor_spawned":[5,6,8,10,12,13,14,16,18,19,20,23,29,30,31,33,35,37,38,39,40,42,44,45,47,48],"ascension_level":0}}