{"host":"cziotie8mnsl18m5","time":1611869648,"event":{"mods":["BaseMod","Minty Spire (QoL Compilation)","StSLib","The Animator"],"gold_per_floor":[131,131,144,219,239,291,314,239,239,239,139,139,139],"floor_reached":12,"language":"ENG","playtime":933,"items_purged":["animator:Defend","animator:Strike"],"score":156,"play_id":"2e63546d-ab8e-4679-a075-15aacceecc9d","local_time":"20210128163408","is_ascension_mode":true,"campfire_choices":[{"floor":10,"key":"REST"}],"circlet_count":0,"master_deck":["AscendersBane","animator:Strike_TenSura","animator:Defend_TenSura","animator:Strike","animator:Strike","animator:Defend+1","animator:Defend","animator:Benimaru","animator:Shuna","animator:Vesta","animator:Kaijin","animator:Hakurou"],"relics":["animator:LivingPicture","animator:TheMissingPiece","NeowsBlessing","Golden Idol","Gambling Chip","White Beast Statue"],"acts_visited":["Exordium"],"potions_floor_usage":[6,12],"damage_taken":[{"damage":0.0,"enemies":"Small Slimes","floor":1.0,"turns":1.0},{"damage":0,"enemies":"2 Louse","floor":3,"turns":2},{"damage":0,"enemies":"Jaw Worm","floor":5,"turns":1},{"damage":26,"enemies":"3 Sentries","floor":6,"turns":11},{"damage":11,"enemies":"Large Slime","floor":7,"turns":6},{"damage":62,"enemies":"Gremlin Nob","floor":12,"turns":4}],"seed_played":"5247752580476742845","potions_obtained":[{"floor":3,"key":"Strength Potion"},{"floor":7,"key":"Regen Potion"}],"is_trial":false,"path_per_floor":["M","?","M","?","M","E","M","$","T","R","$","E"],"character_chosen":"THE_ANIMATOR","items_purchased":[],"campfire_rested":1,"item_purchase_floors":[],"current_hp_per_floor":[54,54,54,43,44,18,7,7,7,23,23,0,0],"gold":139,"neow_bonus":"THREE_ENEMY_KILL","is_daily":false,"chose_seed":false,"campfire_upgraded":0,"win_rate":0.0,"timestamp":1611869648,"path_taken":["M","?","M","?","M","E","M","$","T","R","?","E"],"items_purchased_type":[],"build_version":"2020-12-22","purchased_purges":2,"victory":false,"max_hp_per_floor":[60,54,54,54,55,55,55,55,55,55,55,55,55],"card_choices":[{"not_picked":["animator:Guy","animator:Kuribayashi"],"picked":"animator:Vesta","floor":1.0},{"not_picked":["animator:Verdia","animator:Assassin","animator:Tet"],"picked":"SKIP","floor":3},{"not_picked":["animator:TukaLunaMarceau","animator:DolaSchwi"],"picked":"animator:Kaijin","floor":5},{"not_picked":["animator:Benimaru","animator:Shuna"],"picked":"animator:Hakurou","floor":6},{"not_picked":["animator:Assassin","animator:Caster","animator:Megumin"],"picked":"SKIP","floor":7}],"player_experience":2620997,"relics_obtained":[{"floor":6,"key":"Gambling Chip"},{"floor":9,"key":"White Beast Statue"}],"event_choices":[{"damage_healed":0.0,"max_hp_gain":0.0,"max_hp_loss":6.0,"gold_gain":0.0,"event_name":"Golden Idol","player_choice":"Lose Max HP","floor":2.0,"gold_loss":0.0,"damage_taken":0.0,"relics_obtained":["Golden Idol"]},{"damage_healed":0,"gold_gain":75,"player_choice":"Gather Gold","damage_taken":11,"max_hp_gain":0,"max_hp_loss":0,"event_name":"World of Goop","floor":4,"gold_loss":0}],"is_beta":false,"boss_relics":[],"items_purged_floors":[8,11],"is_endless":false,"potions_floor_spawned":[3,7],"killed_by":"Gremlin Nob","ascension_level":20}}