{"host":"Troy","time":1611853963,"event":{"mods":["BaseMod","Colored Map","Highlight Path","Minty Spire (QoL Compilation)","Permanent Neow"],"gold_per_floor":[117,117,42,42,42,42,82,95,122,137,137,137,170,191,191,282,282,256,84,84,109,133,133,164,164,164,203,203,219,219,240,240,336,336,354,354,18,43,64,95,95,139,166,166,197,197,197,241,241,241,241],"floor_reached":50,"language":"ENG","playtime":3333,"items_purged":["Regret"],"score":1373,"play_id":"6d4ec143-0967-40e1-b379-a5fe57328560","local_time":"20210128121243","is_ascension_mode":true,"campfire_choices":[{"data":"Blade Dance","floor":6.0,"key":"SMITH"},{"floor":15.0,"key":"REST"},{"floor":23.0,"key":"REST"},{"data":"Riddle With Holes","floor":28.0,"key":"SMITH"},{"data":"Calculated Gamble","floor":30.0,"key":"SMITH"},{"data":"Burst","floor":32.0,"key":"SMITH"},{"floor":41.0,"key":"REST"},{"floor":49.0,"key":"RECALL"}],"circlet_count":0,"master_deck":["AscendersBane","Defend_G","Defend_G","Defend_G","Defend_G+1","Defend_G","Survivor+1","Neutralize","Blade Dance+1","Footwork","Riddle With Holes+1","Backflip","Leg Sweep","Die Die Die","Burst+1","Slice+1","Bite","Bite","Bite","Bite","Crippling Poison+1","Outmaneuver","Skewer","Noxious Fumes","Calculated Gamble+1","A Thousand Cuts","Concentrate+1","Flechettes+1","Phantasmal Killer+1","Reflex+1","Accuracy+1","Leg Sweep+1","Prepared+1"],"relics":["Ring of the Snake","NeowsBlessing","Golden Idol","Akabeko","Dream Catcher","Art of War","Mango","Vajra","Runic Pyramid","PreservedInsect","Thread and Needle","Ice Cream","WristBlade","CaptainsWheel","Boot","Juzu Bracelet","War Paint","Gambling Chip","Molten Egg 2","Torii"],"acts_visited":["Exordium","TheCity","TheBeyond"],"potions_floor_usage":[],"damage_taken":[{"damage":0.0,"enemies":"Small Slimes","floor":1.0,"turns":1.0},{"damage":0.0,"enemies":"3 Sentries","floor":7.0,"turns":1.0},{"damage":0.0,"enemies":"2 Louse","floor":8.0,"turns":1.0},{"damage":0.0,"enemies":"Jaw Worm","floor":10.0,"turns":1.0},{"damage":34.0,"enemies":"Lagavulin","floor":13.0,"turns":6.0},{"damage":1.0,"enemies":"3 Louse","floor":14.0,"turns":3.0},{"damage":28.0,"enemies":"Hexaghost","floor":16.0,"turns":10.0},{"damage":19.0,"enemies":"2 Thieves","floor":18.0,"turns":4.0},{"damage":23.0,"enemies":"Spheric Guardian","floor":21.0,"turns":8.0},{"damage":0.0,"enemies":"Chosen and Byrds","floor":22.0,"turns":2.0},{"damage":17.0,"enemies":"Slavers","floor":24.0,"turns":3.0},{"damage":0.0,"enemies":"Gremlin Leader","floor":27.0,"turns":3.0},{"damage":12.0,"enemies":"Snake Plant","floor":29.0,"turns":2.0},{"damage":5.0,"enemies":"Centurion and Healer","floor":31.0,"turns":18.0},{"damage":38.0,"enemies":"Collector","floor":33.0,"turns":10.0},{"damage":7.0,"enemies":"Orb Walker","floor":35.0,"turns":4.0},{"damage":4.0,"enemies":"3 Shapes","floor":38.0,"turns":6.0},{"damage":34.0,"enemies":"Jaw Worm Horde","floor":39.0,"turns":4.0},{"damage":35.0,"enemies":"Giant Head","floor":40.0,"turns":9.0},{"damage":0.0,"enemies":"Nemesis","floor":42.0,"turns":3.0},{"damage":0.0,"enemies":"Mind Bloom Boss Battle","floor":45.0,"turns":8.0},{"damage":0.0,"enemies":"Reptomancer","floor":48.0,"turns":1.0},{"damage":56,"enemies":"Awakened One","floor":50,"turns":5}],"seed_played":"-8664842414272668196","potions_obtained":[{"floor":10.0,"key":"Dexterity Potion"},{"floor":13.0,"key":"LiquidBronze"},{"floor":18.0,"key":"DuplicationPotion"},{"floor":24.0,"key":"Block Potion"},{"floor":29.0,"key":"GhostInAJar"},{"floor":39.0,"key":"Block Potion"},{"floor":42.0,"key":"SteroidPotion"},{"floor":45.0,"key":"FearPotion"},{"floor":48.0,"key":"AttackPotion"}],"is_trial":false,"path_per_floor":["M","?","$","?","T","R","E","M","T","M","?","?","E","M","R","B",null,"M","$","?","M","M","R","E","?","T","E","R","M","R","M","R","B",null,"M","?","$","M","M","E","R","E","T","?","?","T","?","E","R","B"],"character_chosen":"THE_SILENT","items_purchased":["PreservedInsect","CaptainsWheel"],"campfire_rested":3,"item_purchase_floors":[19,37],"current_hp_per_floor":[59,59,59,59,59,59,60,60,60,60,63,41,9,10,32,6,57,40,40,40,25,25,47,34,34,34,40,40,32,32,74,74,52,69,70,70,70,74,42,9,31,31,31,31,43,43,43,43,43,0,0],"gold":241,"neow_bonus":"THREE_ENEMY_KILL","is_daily":false,"chose_seed":false,"campfire_upgraded":4,"win_rate":0.0,"timestamp":1611853963,"path_taken":["M","?","$","?","?","R","E","M","T","M","?","?","E","M","R","BOSS","M","$","?","M","M","R","E","?","T","E","R","M","R","M","R","BOSS","M","?","$","M","M","E","R","E","T","?","?","?","?","E","R","BOSS"],"items_purchased_type":["Relic","Relic"],"build_version":"2020-12-18","purchased_purges":1,"victory":false,"max_hp_per_floor":[66,66,66,60,60,60,60,60,60,60,74,74,74,74,74,74,74,74,74,74,74,74,74,74,74,74,74,74,74,74,74,74,74,74,74,74,74,74,74,74,74,74,74,74,74,74,74,74,74,74,74],"card_choices":[{"not_picked":["Deflect","All Out Attack"],"picked":"Blade Dance","floor":1.0},{"not_picked":["Predator","Well Laid Plans"],"picked":"Footwork","floor":7.0},{"not_picked":["Underhanded Strike","Acrobatics"],"picked":"Riddle With Holes","floor":8.0},{"not_picked":["Flying Knee","Poisoned Stab","Slice"],"picked":"SKIP","floor":10.0},{"not_picked":["PiercingWail","Deadly Poison"],"picked":"Backflip","floor":13.0},{"not_picked":["Escape Plan","Reflex"],"picked":"Leg Sweep","floor":14.0},{"not_picked":["Reflex","Catalyst"],"picked":"Die Die Die","floor":15.0},{"not_picked":["Glass Knife","Unload"],"picked":"Burst","floor":16.0},{"not_picked":["PiercingWail","Predator"],"picked":"Slice+1","floor":18.0},{"not_picked":["Flying Knee+1","Acrobatics"],"picked":"Crippling Poison+1","floor":21.0},{"not_picked":["Well Laid Plans","Cloak And Dagger","PiercingWail"],"picked":"SKIP","floor":22.0},{"not_picked":["Endless Agony","Riddle With Holes"],"picked":"Outmaneuver","floor":23.0},{"not_picked":["Cloak And Dagger+1","Burst"],"picked":"Skewer","floor":24.0},{"not_picked":["Endless Agony","Reflex"],"picked":"Noxious Fumes","floor":27.0},{"not_picked":["Outmaneuver","Dodge and Roll+1"],"picked":"Calculated Gamble","floor":29.0},{"not_picked":["Dash","Deflect","Sucker Punch"],"picked":"SKIP","floor":31.0},{"not_picked":["Unload","Glass Knife"],"picked":"A Thousand Cuts","floor":33.0},{"not_picked":["Finisher+1","Blur"],"picked":"Concentrate+1","floor":35.0},{"not_picked":["Backflip+1","Dagger Spray"],"picked":"Flechettes+1","floor":38.0},{"not_picked":["Underhanded Strike","Dagger Spray"],"picked":"Phantasmal Killer","floor":39.0},{"not_picked":["Tools of the Trade","Crippling Poison+1"],"picked":"Reflex+1","floor":40.0},{"not_picked":["Finisher+1","Bane"],"picked":"Accuracy+1","floor":42.0},{"not_picked":["Infinite Blades","Noxious Fumes"],"picked":"Leg Sweep+1","floor":45.0},{"not_picked":["Catalyst+1","Masterful Stab+1"],"picked":"Prepared+1","floor":48.0}],"player_experience":4087759,"relics_obtained":[{"floor":5.0,"key":"Akabeko"},{"floor":7.0,"key":"Dream Catcher"},{"floor":9.0,"key":"Art of War"},{"floor":13.0,"key":"Vajra"},{"floor":24.0,"key":"Thread and Needle"},{"floor":27.0,"key":"Ice Cream"},{"floor":40.0,"key":"Boot"},{"floor":42.0,"key":"Juzu Bracelet"},{"floor":43.0,"key":"War Paint"},{"floor":45.0,"key":"Gambling Chip"},{"floor":46.0,"key":"Molten Egg 2"},{"floor":48.0,"key":"Torii"}],"event_choices":[{"damage_healed":0.0,"max_hp_gain":0.0,"max_hp_loss":0.0,"gold_gain":0.0,"event_name":"Big Fish","player_choice":"Box","floor":2.0,"gold_loss":0.0,"damage_taken":0.0,"relics_obtained":["Blood Vial"],"cards_obtained":["Regret"]},{"damage_healed":0.0,"max_hp_gain":0.0,"max_hp_loss":6.0,"gold_gain":0.0,"event_name":"Golden Idol","player_choice":"Lose Max HP","floor":4.0,"gold_loss":0.0,"damage_taken":0.0,"relics_obtained":["Golden Idol"]},{"damage_healed":0.0,"max_hp_gain":0.0,"max_hp_loss":0.0,"gold_gain":0.0,"event_name":"Scrap Ooze","player_choice":"Success","floor":11.0,"gold_loss":0.0,"damage_taken":11.0,"relics_obtained":["Mango"]},{"damage_healed":0.0,"max_hp_gain":0.0,"max_hp_loss":0.0,"gold_gain":0.0,"event_name":"Shining Light","player_choice":"Entered Light","floor":12.0,"gold_loss":0.0,"damage_taken":22.0,"cards_upgraded":["Defend_G","Strike_G"]},{"damage_healed":0.0,"max_hp_gain":0.0,"max_hp_loss":0.0,"gold_gain":0.0,"event_name":"Vampires","player_choice":"Became a vampire (Vial)","floor":20.0,"relics_lost":["Blood Vial"],"gold_loss":0.0,"damage_taken":0.0,"cards_obtained":["Bite","Bite","Bite","Bite","Bite"]},{"damage_healed":0.0,"max_hp_gain":0.0,"max_hp_loss":0.0,"gold_gain":0.0,"event_name":"Beggar","player_choice":"Ignored","floor":25.0,"gold_loss":0.0,"damage_taken":0.0},{"damage_healed":0.0,"max_hp_gain":0.0,"max_hp_loss":0.0,"gold_gain":0.0,"event_name":"SecretPortal","player_choice":"Ignored","floor":36.0,"gold_loss":0.0,"damage_taken":0.0},{"cards_removed":["Bite"],"damage_healed":0.0,"max_hp_gain":0.0,"max_hp_loss":0.0,"gold_gain":0.0,"event_name":"Falling","player_choice":"Removed Attack","floor":44.0,"gold_loss":0.0,"damage_taken":0.0},{"damage_healed":0.0,"max_hp_gain":0.0,"max_hp_loss":0.0,"gold_gain":0.0,"event_name":"MindBloom","player_choice":"Fight","floor":45.0,"gold_loss":0.0,"damage_taken":0.0},{"damage_healed":0.0,"max_hp_gain":0.0,"max_hp_loss":0.0,"gold_gain":0.0,"event_name":"Lab","player_choice":"Got Potions","floor":47.0,"gold_loss":0.0,"damage_taken":0.0}],"is_beta":true,"boss_relics":[{"not_picked":["Cursed Key","Sozu"],"picked":"Runic Pyramid"},{"not_picked":["Tiny House","Runic Dome"],"picked":"WristBlade"}],"items_purged_floors":[3],"is_endless":false,"potions_floor_spawned":[10,13,14,18,24,29,31,39,42,45,48],"killed_by":"Awakened One","ascension_level":20}}