{"host":"or1kyy78tiubr3jv","time":1611874121,"event":{"mods":["2.2 Compatiblity","AchievementEnabler","BaseMod","Bestiary","Better Note","Better Third Choice","BetterRewards","Colored Map","Colored Powertips","DeckTracker","Downfall","Energized Spire","Highlight Path","Infinite Spire","Minty Spire (QoL Compilation)","Quick Restart","Relic Filter","Reworked Bosses","StSLib","The Cursed"],"gold_per_floor":[99,116,34,34,48,64,64,49,49,149,149,149,149,184,201,300,300,300,300,385,399,399],"floor_reached":21,"language":"ENG","playtime":2958,"items_purged":[],"score":204,"play_id":"339ae6bc-190d-4790-b903-9346726be80a","local_time":"20210128174841","is_ascension_mode":true,"campfire_choices":[{"data":"champ:StrikeOfGenius","floor":1,"key":"SMITH"},{"data":"champ:Taunt","floor":9,"key":"SMITH"},{"data":"infinitespire:Starlight","floor":11,"key":"SMITH"},{"floor":13,"key":"REST"},{"data":"champ:FlashCut","floor":18,"key":"SMITH"}],"circlet_count":0,"master_deck":["champ:Strike","champ:Strike","champ:Strike","champ:Strike","champ:Defend","champ:Defend","champ:Defend","champ:Defend","champ:Execute","champ:Taunt+1","champ:StrikeOfGenius+1","champ:DefensiveStyle","champ:FlashCut+1","champ:DefensiveStyle","infinitespire:Starlight+1","champ:FocusedBerserking","champ:BerserkerStyle","champ:FocusedDefense","champ:IgnorePain"],"relics":["champ:ChampionCrown","bronze:DecasWashers","Blood Vial","energizedSpire:RedRose"],"acts_visited":["Exordium","TheCity"],"potions_floor_usage":[16,16,19],"damage_taken":[{"damage":15,"enemies":"Jaw Worm","floor":2,"turns":4},{"damage":10,"enemies":"downfall:FleeingMerchant","floor":3,"turns":4},{"damage":18,"enemies":"2 Louse","floor":5,"turns":3},{"damage":15,"enemies":"Small Slimes","floor":6,"turns":4},{"damage":30,"enemies":"downfall:FleeingMerchant","floor":8,"turns":4},{"damage":53,"enemies":"3 Sentries","floor":14,"turns":8},{"damage":28,"enemies":"Blue Slaver","floor":15,"turns":4},{"damage":32,"enemies":"WA_ARCHETYPE_RETAIN","floor":16,"turns":8},{"damage":2,"enemies":"3 Byrds","floor":19,"turns":3},{"damage":42,"enemies":"Spheric Guardian","floor":21,"turns":5}],"seed_played":"205301871782192422","potions_obtained":[{"floor":2,"key":"SmokeBomb"},{"floor":14,"key":"ColorlessPotion"},{"floor":15,"key":"BlessingOfTheForge"},{"floor":16,"key":"Energy Potion"}],"is_trial":false,"path_per_floor":["R","M","$","?","M","M","T","$","R","?","R","?","R","E","M","B",null,"R","M","?","M"],"character_chosen":"THE_CHAMP","items_purchased":["champ:DefensiveStyle"],"campfire_rested":1,"item_purchase_floors":[3],"current_hp_per_floor":[90,90,90,68,60,55,55,62,62,62,62,72,100,65,68,65,100,100,98,80,65,65,65],"gold":399,"neow_bonus":"ONE_RANDOM_RARE_CARD","is_daily":false,"chose_seed":false,"campfire_upgraded":4,"win_rate":0.0,"timestamp":1611874121,"path_taken":["R","M","$","?","M","M","T","$","R","?","R","?","R","E","M","BOSS","R","M","?","M"],"items_purchased_type":["Card"],"build_version":"2020-12-22","purchased_purges":0,"victory":false,"max_hp_per_floor":[90,90,90,90,90,90,90,90,90,90,90,100,100,100,100,100,100,100,100,100,100,100,100],"card_choices":[{"not_picked":["champ:FanOfKnives","champ:Haymaker"],"picked":"champ:DefensiveStyle","floor":2},{"not_picked":["champ:TornadoPunch","champ:BladeFlurry"],"picked":"champ:FlashCut","floor":3},{"not_picked":["infinitespire:FutureSight","infinitespire:Menacing"],"picked":"infinitespire:Starlight","floor":4},{"not_picked":["champ:Endure","champ:Duel"],"picked":"champ:FocusedBerserking","floor":5},{"not_picked":["champ:PreemptiveStrike","champ:Shatter"],"picked":"champ:BerserkerStyle","floor":6},{"not_picked":["champ:RecklessLeap","champ:Circumvent","champ:PreemptiveStrike"],"picked":"SKIP","floor":8},{"not_picked":["champ:ShieldSigil","champ:HeavySlash"],"picked":"champ:FocusedDefense","floor":14},{"not_picked":["champ:DefensiveStyle","champ:Parry","champ:BerserkersShout"],"picked":"SKIP","floor":15},{"not_picked":["champ:Devastate","champ:SwordThrow"],"picked":"champ:IgnorePain","floor":16}],"player_experience":523476,"relics_obtained":[{"floor":7,"key":"bronze:DecasWashers"},{"floor":14,"key":"Blood Vial"}],"event_choices":[],"is_beta":false,"boss_relics":[{"not_picked":["energizedSpire:HugeHouse","energizedSpire:MagnifyingGlass"],"picked":"energizedSpire:RedRose"}],"items_purged_floors":[],"is_endless":false,"potions_floor_spawned":[2,14,15,16,19],"killed_by":"Spheric Guardian","ascension_level":3}}