{"host":"oz0i1fpezyhy8r2h","time":1611828833,"event":{"mods":["ATMod(∞¢Ë™Mod)","Act Like it!","Arknights The Spire","BaseMod","KinomotoSakuraMod(ƒæ÷Æ±æ”£)","Minty Spire (QoL Compilation)","Reimu£®≤©¿ˆ¡È√Œ£©","Remilia£®¿Ÿ√◊¿Ú—«£©","StSLib","The Bug Knight","°æ“≈ŒÔø®≈∆°øREMEMod"],"gold_per_floor":[17,27,44,55,66,66,91,91,91,109,34,65,77,102,102,199,199,217,233,53,71,87,122,122,122,122],"floor_reached":25,"language":"ZHS","playtime":1405,"items_purged":["ats:Strike V","ats:Strike S"],"score":313,"play_id":"b87fd5a3-2e75-4fbc-aa68-5b9c1f140b19","local_time":"20210128181353","is_ascension_mode":true,"campfire_choices":[{"data":"ats:Thermite Blade","floor":6.0,"key":"SMITH"},{"data":"ats:Guard Mode","floor":8.0,"key":"SMITH"},{"data":"ats:Roar Of Ursus","floor":15.0,"key":"SMITH"},{"data":"ats:Emotion Absorption","floor":24.0,"key":"SMITH"}],"circlet_count":0,"master_deck":["ats:Strike C","ats:Strike G","ats:Armor Crushing Shot","ats:Defend","ats:Defend","ats:Defend","ats:Defend","ats:Emotion Absorption+1","ats:Thermite Blade+1","ats:Roar Of Ursus+1","ats:Guard Mode+1","ats:Composite Medical Shells","ats:Fractured Body","ats:Directed Diagnosis","ats:Curse Doll+1","ats:Soul Absorption","ats:Part Time Job+1"],"relics":["ats:Sanity","AT_ATBox","REME_ComplimentaryCards","CaptainsWheel","ats:Originium","ats:Bonebreaker","AT_BladeRuinedKing","Oddly Smooth Stone","REME_LimitBreaker","REME_DuelDisc","HollowMod:LifeEnderRelic"],"acts_visited":["Exordium","TheCity"],"potions_floor_usage":[],"damage_taken":[{"damage":6.0,"enemies":"Cultist","floor":1.0,"turns":4.0},{"damage":2.0,"enemies":"Jaw Worm","floor":2.0,"turns":5.0},{"damage":1.0,"enemies":"2 Louse","floor":3.0,"turns":2.0},{"damage":11.0,"enemies":"Lots of Slimes","floor":4.0,"turns":5.0},{"damage":14.0,"enemies":"3 Louse","floor":5.0,"turns":4.0},{"damage":11.0,"enemies":"Gremlin Nob","floor":7.0,"turns":4.0},{"damage":1.0,"enemies":"Looter","floor":10.0,"turns":3.0},{"damage":0.0,"enemies":"HollowMod:MossKnight","floor":12.0,"turns":5.0},{"damage":0.0,"enemies":"Large Slime","floor":13.0,"turns":4.0},{"damage":12.0,"enemies":"3 Sentries","floor":14.0,"turns":10.0},{"damage":2.0,"enemies":"Hexaghost","floor":16.0,"turns":7.0},{"damage":13.0,"enemies":"3 Byrds","floor":18.0,"turns":6.0},{"damage":0.0,"enemies":"Spheric Guardian","floor":19.0,"turns":2.0},{"damage":40.0,"enemies":"Snecko","floor":21.0,"turns":5.0},{"damage":4.0,"enemies":"Snake Plant","floor":22.0,"turns":4.0},{"damage":39.0,"enemies":"Gremlin Leader","floor":23.0,"turns":8.0}],"seed_played":"-3595956990731242876","potions_obtained":[{"floor":4.0,"key":"GrandPatriotsElixir:ReiMu"},{"floor":5.0,"key":"REME_GoldPotion"},{"floor":7.0,"key":"Dexterity Potion"},{"floor":14.0,"key":"Dexterity Potion"},{"floor":16.0,"key":"GamblersBrew"},{"floor":19.0,"key":"Swift Potion"},{"floor":22.0,"key":"PowerPotion"}],"is_trial":false,"path_per_floor":["M","M","M","M","M","R","E","R","T","M","$","E","M","E","R","B",null,"M","M","$","M","M","E","R","?"],"character_chosen":"DOCTOR_CLASS","items_purchased":["ats:Soul Absorption"],"campfire_rested":0,"item_purchase_floors":[20],"current_hp_per_floor":[66,64,63,52,38,38,27,27,27,26,26,26,26,14,14,12,72,59,59,59,19,24,4,4,0,0],"gold":122,"neow_bonus":"ONE_RARE_RELIC","is_daily":false,"chose_seed":false,"campfire_upgraded":4,"win_rate":0.0,"timestamp":1611828833,"path_taken":["M","M","M","M","M","R","E","R","T","M","$","E","M","E","R","BOSS","M","M","$","M","M","E","R","?"],"items_purchased_type":["Card"],"build_version":"2020-12-22","purchased_purges":2,"victory":false,"max_hp_per_floor":[72,72,72,72,72,72,72,72,72,72,72,72,72,72,72,72,72,72,72,72,72,72,72,72,72,72],"card_choices":[{"not_picked":["ats:Poison Spread","ats:Flexible Camouflage","ats:Powerful Strike"],"picked":"SKIP","floor":1.0},{"not_picked":["ats:Thorns","ats:Explosion Area Strengthen"],"picked":"ats:Thermite Blade","floor":2.0},{"not_picked":["ats:Poison Spread","ats:Closed Bolt Burst Fire"],"picked":"ats:Roar Of Ursus","floor":3.0},{"not_picked":["ats:Spore Proliferation","ats:Flexible Camouflage","ats:Very Hot Blade"],"picked":"SKIP","floor":4.0},{"not_picked":["ats:Song Of Battle","ats:Explosion Area Strengthen"],"picked":"ats:Guard Mode","floor":5.0},{"not_picked":["ats:Burning Ground","ats:Sunburst","ats:Volcano"],"picked":"SKIP","floor":7.0},{"not_picked":["ats:Guard Mode","ats:Ignite","ats:Closed Bolt Burst Fire"],"picked":"SKIP","floor":10.0},{"not_picked":["ats:Explosion Area Strengthen","ats:Collapsing Strike","ats:Burning Ground"],"picked":"SKIP","floor":12.0},{"not_picked":["ats:Closed Bolt Burst Fire","ats:Powerful Strike","ats:Spore Proliferation"],"picked":"SKIP","floor":13.0},{"not_picked":["ats:Hammer On","ats:Directed Diagnosis"],"picked":"ats:Composite Medical Shells","floor":14.0},{"not_picked":["ats:Wolf Pack","ats:Durian"],"picked":"ats:Fractured Body","floor":16.0},{"not_picked":["ats:Revitalization+1","ats:Healing Strengthening"],"picked":"ats:Directed Diagnosis","floor":18.0},{"not_picked":["ats:Closed Bolt Burst Fire","ats:Neurotoxin"],"picked":"ats:Curse Doll+1","floor":19.0},{"not_picked":["ats:Leaping Hammer","ats:Cat Scratch"],"picked":"ats:Part Time Job+1","floor":21.0},{"not_picked":["ats:Consecutive Shot Auto","ats:Thorns","ats:Explosion Area Strengthen"],"picked":"SKIP","floor":22.0},{"not_picked":["ats:Consecutive Shot Auto","ats:Closed Bolt Burst Fire+1","ats:Explosion Area Strengthen"],"picked":"SKIP","floor":23.0}],"player_experience":165978,"relics_obtained":[{"floor":7.0,"key":"ats:Originium"},{"floor":7.0,"key":"ats:Bonebreaker"},{"floor":9.0,"key":"AT_BladeRuinedKing"},{"floor":12.0,"key":"ats:Originium"},{"floor":12.0,"key":"Oddly Smooth Stone"},{"floor":14.0,"key":"ats:Originium"},{"floor":14.0,"key":"REME_LimitBreaker"},{"floor":23.0,"key":"ats:Originium"},{"floor":23.0,"key":"HollowMod:LifeEnderRelic"}],"event_choices":[],"is_beta":false,"boss_relics":[{"not_picked":["SacredBark","Tiny House"],"picked":"REME_DuelDisc"}],"items_purged_floors":[11,20],"is_endless":false,"potions_floor_spawned":[4,5,7,14,16,19,22],"ascension_level":3}}