{"host":"au11756vq5igonuc","time":1611796650,"event":{"mods":["BaseMod","Bestiary","BetterRewards","CapriCore","Colored Map","Colored Powertips","Dark Map","Downfall","Energized Spire","Halation","Highlight Path","Hubris","Infinite Spire","KinomotoSakuraMod(????)","Koishi","Marisa????????","Minty Spire (QoL Compilation)","Onozuka Komachi Mod","Reimu??????","Remilia??????","Replay The Spire","StSLib","The Administrix","The Animator","The Construct","The Cursed","The Immortal","The Mystic","The Servant 0.9.4","TheBandit","TheVelvet","Yakumo Yukari mod"],"gold_per_floor":[99,109,121,121,221,221,221,121,147,12,12,43,56,67,84,84,84,84],"floor_reached":16,"language":"ENG","playtime":1086,"items_purged":["Slimebound:Strike_Slimebound"],"score":110,"play_id":"9317f204-11c6-4e5e-b23e-041280d04414","local_time":"20210127201730","is_ascension_mode":false,"campfire_choices":[{"data":"Slimebound:CorrosiveSpit","floor":1,"key":"SMITH"},{"floor":6,"key":"RECALL"},{"data":"Slimebound:Gluttony","floor":8,"key":"SMITH"}],"circlet_count":0,"master_deck":["Slimebound:Strike_Slimebound","Slimebound:Strike_Slimebound","Slimebound:Tackle","Slimebound:Defend_Slimebound","Slimebound:Defend_Slimebound","Slimebound:Defend_Slimebound","Slimebound:Defend_Slimebound","Slimebound:Split+1","Slimebound:CorrosiveSpit+1","Slimebound:Gluttony+1","Slimebound:Schlurp","Slimebound:GoopTackle+1","Slimebound:PressTheAttack+1","Slimebound:LevelUp","Slimebound:HauntingLick","Slimebound:HauntingLick","Slimebound:Gluttony"],"relics":["Slimebound:AbsorbEndCombat","hubris:Metronome","Golden Egg","downfall:HeartBlessingRed","hubris:Zylophone","Letter Opener","Slimebound:MaxSlimesRelic"],"acts_visited":["Exordium"],"potions_floor_usage":[],"damage_taken":[{"damage":4,"enemies":"Cultist","floor":2,"turns":3},{"damage":6,"enemies":"2 Louse","floor":3,"turns":3},{"damage":18,"enemies":"Lagavulin","floor":9,"turns":6},{"damage":10,"enemies":"downfall:FleeingMerchant","floor":10,"turns":4},{"damage":26,"enemies":"3 Sentries","floor":12,"turns":6},{"damage":0,"enemies":"Jaw Worm","floor":13,"turns":2},{"damage":2,"enemies":"Blue Slaver","floor":14,"turns":3},{"damage":8,"enemies":"Red Slaver","floor":15,"turns":2},{"damage":10,"enemies":"SI_SHIV_ARCHETYPE","floor":16,"turns":3}],"seed_played":"4600809255031742044","potions_obtained":[{"floor":9,"key":"Swift Potion"},{"floor":12,"key":"Slimebound:SlimyTonguePotion"},{"floor":14,"key":"ColorlessPotion"}],"is_trial":false,"path_per_floor":["R_BF","M","M","T","?","R","T","R","E","$","?","E","M","M","M","B"],"character_chosen":"SLIMEBOUND","items_purchased":["Slimebound:PressTheAttack"],"campfire_rested":0,"item_purchase_floors":[10],"current_hp_per_floor":[65,65,59,59,59,59,59,59,49,43,25,3,9,9,5,0,0,0],"gold":84,"neow_bonus":"UPGRADE_CARD","is_daily":false,"chose_seed":false,"campfire_upgraded":2,"win_rate":0.0,"timestamp":1611796650,"path_taken":["R_BF","M","M","?","?","R","T","R","E","$","?","E","M","M","M","BOSS"],"items_purchased_type":["Card"],"build_version":"2020-12-22","purchased_purges":1,"victory":false,"max_hp_per_floor":[65,65,65,65,65,65,65,65,65,65,65,65,65,65,65,65,65,65],"card_choices":[{"not_picked":["Slimebound:SlimeSpikes","Slimebound:ProtectTheBoss","Slimebound:Grow"],"picked":"SKIP","floor":2},{"not_picked":["Slimebound:SlimeBarrage","Slimebound:Nibble"],"picked":"Slimebound:Gluttony","floor":3},{"not_picked":["Slimebound:SplitLeeching","Slimebound:DivideAndConquer"],"picked":"Slimebound:Schlurp","floor":9},{"not_picked":["Slimebound:LeechingTouch","Slimebound:SlimeBrawl"],"picked":"Slimebound:GoopTackle","floor":10},{"not_picked":["Slimebound:Repurpose","Slimebound:FinishingTackle"],"picked":"Slimebound:LevelUp","floor":12},{"not_picked":["Slimebound:FinishingTackle","Slimebound:RejuvenatingLick"],"picked":"Slimebound:HauntingLick","floor":13},{"not_picked":["Slimebound:SplitAcid","Slimebound:LeechEnergy"],"picked":"Slimebound:HauntingLick","floor":14},{"not_picked":["Slimebound:LivingWall","Slimebound:SplitMire"],"picked":"Slimebound:Gluttony","floor":15}],"player_experience":205629,"relics_obtained":[{"floor":4,"key":"hubris:Metronome"},{"floor":7,"key":"Golden Egg"},{"floor":9,"key":"hubris:Zylophone"},{"floor":12,"key":"Slimebound:MaxSlimesRelic"}],"event_choices":[{"damage_healed":0,"gold_gain":0,"player_choice":"Success","damage_taken":18,"relics_obtained":["Letter Opener"],"max_hp_gain":0,"max_hp_loss":0,"event_name":"Scrap Ooze","floor":11,"gold_loss":0}],"is_beta":false,"boss_relics":[],"items_purged_floors":[10],"is_endless":false,"potions_floor_spawned":[9,12,14],"killed_by":"SI_SHIV_ARCHETYPE","ascension_level":0}}