{"host":"syozzdlzcqop4jia","time":1611871709,"event":{"mods":["BaseMod","Colored Map","Colored Powertips","Minty Spire (QoL Compilation)","Quick Restart"],"gold_per_floor":[109,123,123,133,133,133,10,29,101,114,124,138,167,187,187,286,286,304,314,326,344,355,355,369,468,522,522,541,396,422,448,448,558,558,586,612,612,22,43,81,81,100,146,146,146,174,229,229,229],"floor_reached":48,"language":"ENG","playtime":3475,"items_purged":["Strike_R","Defend_R","Strike_R"],"score":593,"play_id":"34c6acd6-fd8c-4ba3-a07d-cd95394cb5bb","local_time":"20210128230829","is_ascension_mode":true,"campfire_choices":[{"data":"Shrug It Off","floor":6,"key":"SMITH"},{"floor":15,"key":"REST"},{"floor":23,"key":"REST"},{"floor":32,"key":"REST"},{"floor":41,"key":"REST"},{"data":"Flex","floor":45,"key":"SMITH"}],"circlet_count":0,"master_deck":["Strike_R","Strike_R","Strike_R","Defend_R+1","Defend_R","Defend_R","Bash","Shrug It Off+1","Wild Strike","Combust+1","Heavy Blade","Anger","Clothesline+1","Wild Strike+1","Twin Strike+1","Perfected Strike+1","Wild Strike+1","Immolate+1","Perfected Strike+1","Sword Boomerang+1","Inflame+1","Twin Strike+1","Anger+1","Ghostly Armor","Shrug It Off+1","Anger+1","Shrug It Off","Feed+1","Rampage+1","Headbutt+1","Flex+1","Rampage+1","Blood for Blood+1","Armaments","Parasite","Thunderclap+1"],"relics":["Burning Blood","Regal Pillow","Molten Egg 2","Orichalcum","Odd Mushroom","SlaversCollar","CeramicFish","Busted Crown","Sundial","TheAbacus","Eternal Feather","Bag of Marbles","War Paint","Girya"],"acts_visited":["Exordium","TheCity","TheBeyond"],"potions_floor_usage":[31,31,33,35,40],"damage_taken":[{"damage":6,"enemies":"Jaw Worm","floor":1,"turns":6},{"damage":0,"enemies":"Cultist","floor":2,"turns":4},{"damage":2,"enemies":"2 Louse","floor":4,"turns":2},{"damage":13,"enemies":"Looter","floor":8,"turns":3},{"damage":9,"enemies":"Large Slime","floor":10,"turns":5},{"damage":15,"enemies":"Exordium Wildlife","floor":11,"turns":3},{"damage":11,"enemies":"Blue Slaver","floor":12,"turns":3},{"damage":15,"enemies":"Lagavulin","floor":13,"turns":6},{"damage":9,"enemies":"The Mushroom Lair","floor":14,"turns":3},{"damage":41,"enemies":"Hexaghost","floor":16,"turns":6},{"damage":6,"enemies":"Spheric Guardian","floor":18,"turns":3},{"damage":9,"enemies":"3 Byrds","floor":19,"turns":3},{"damage":28,"enemies":"Centurion and Healer","floor":20,"turns":3},{"damage":24,"enemies":"Chosen and Byrds","floor":21,"turns":5},{"damage":7,"enemies":"Snecko","floor":22,"turns":3},{"damage":27,"enemies":"Centurion and Healer","floor":24,"turns":4},{"damage":12,"enemies":"Snake Plant","floor":28,"turns":3},{"damage":0,"enemies":"3 Cultists","floor":30,"turns":3},{"damage":16,"enemies":"Centurion and Healer","floor":31,"turns":4},{"damage":32,"enemies":"Collector","floor":33,"turns":7},{"damage":30,"enemies":"3 Darklings","floor":35,"turns":4},{"damage":32,"enemies":"3 Shapes","floor":36,"turns":4},{"damage":15,"enemies":"Spire Growth","floor":39,"turns":4},{"damage":63,"enemies":"Reptomancer","floor":40,"turns":6},{"damage":34,"enemies":"Writhing Mass","floor":42,"turns":6},{"damage":19,"enemies":"Jaw Worm Horde","floor":46,"turns":4},{"damage":37,"enemies":"2 Orb Walkers","floor":47,"turns":4},{"damage":38,"enemies":"Sphere and 2 Shapes","floor":48,"turns":3}],"seed_played":"-4946769706362198879","potions_obtained":[{"floor":2,"key":"Swift Potion"},{"floor":11,"key":"Dexterity Potion"},{"floor":13,"key":"Ancient Potion"},{"floor":21,"key":"EssenceOfSteel"},{"floor":24,"key":"Regen Potion"},{"floor":31,"key":"SpeedPotion"},{"floor":39,"key":"Block Potion"},{"floor":42,"key":"DistilledChaos"},{"floor":46,"key":"Strength Potion"}],"is_trial":false,"path_per_floor":["M","M","?","M","?","R","$","M","T","M","M","M","E","?","R","B",null,"M","M","M","M","M","R","M","?","T","?","M","$","M","M","R","B",null,"M","M","?","$","M","E","R","M","T","?","R","M","?","M"],"character_chosen":"IRONCLAD","items_purchased":["Heavy Blade","Shrug It Off","Flex","Rampage+1","Sundial","TheAbacus"],"campfire_rested":4,"item_purchase_floors":[7,29,38,38,38,38],"current_hp_per_floor":[80,80,80,80,80,80,80,73,73,70,61,56,47,44,80,45,80,80,77,55,37,36,75,54,54,54,39,33,33,39,38,78,52,85,61,35,85,85,76,19,77,49,49,49,70,57,26,0,0],"gold":229,"neow_bonus":"RANDOM_COMMON_RELIC","is_daily":false,"chose_seed":false,"campfire_upgraded":2,"win_rate":0.0,"timestamp":1611871709,"path_taken":["M","M","?","M","?","R","$","M","T","M","M","?","E","?","R","BOSS","M","M","M","M","M","R","M","?","T","?","M","?","M","M","R","BOSS","M","M","?","$","M","E","R","?","T","?","R","?","?","M"],"items_purchased_type":["Card","Card","Card","Card","Relic","Relic"],"build_version":"2020-12-22","purchased_purges":3,"victory":false,"max_hp_per_floor":[80,80,80,80,80,80,80,80,80,80,80,80,80,80,80,80,80,80,80,80,80,80,80,80,80,80,85,85,85,85,85,85,85,85,85,85,85,85,85,85,85,85,85,85,85,85,85,89,89],"card_choices":[{"not_picked":["Twin Strike","Dark Embrace"],"picked":"Shrug It Off","floor":1},{"not_picked":["Thunderclap","Reckless Charge"],"picked":"Wild Strike","floor":2},{"not_picked":["Cleave","Wild Strike"],"picked":"Combust","floor":4},{"not_picked":["Clash","True Grit"],"picked":"Anger","floor":8},{"not_picked":["Dropkick+1","Iron Wave+1"],"picked":"Clothesline+1","floor":10},{"not_picked":["Fire Breathing","Heavy Blade+1"],"picked":"Wild Strike+1","floor":11},{"not_picked":["Clash+1","Rupture"],"picked":"Twin Strike+1","floor":12},{"not_picked":["Corruption","Whirlwind+1"],"picked":"Perfected Strike+1","floor":13},{"not_picked":["Clash+1","Rupture"],"picked":"Wild Strike+1","floor":14},{"not_picked":["Brutality","Limit Break"],"picked":"Immolate+1","floor":16},{"not_picked":["Thunderclap+1","Heavy Blade+1"],"picked":"Perfected Strike+1","floor":18},{"not_picked":["Armaments","Thunderclap+1"],"picked":"Sword Boomerang+1","floor":19},{"not_picked":["True Grit","Iron Wave+1"],"picked":"Intimidate","floor":20},{"not_picked":["Wild Strike+1","Cleave+1"],"picked":"Inflame+1","floor":21},{"not_picked":["Thunderclap+1","Sword Boomerang+1"],"picked":"Twin Strike+1","floor":22},{"not_picked":["Perfected Strike+1","Brutality"],"picked":"Anger+1","floor":24},{"not_picked":["Headbutt+1","Dual Wield"],"picked":"Ghostly Armor","floor":28},{"not_picked":["Thunderclap+1","Wild Strike+1"],"picked":"Anger+1","floor":30},{"not_picked":["Havoc","Warcry"],"picked":"Shrug It Off","floor":31},{"not_picked":["Bludgeon+1","Corruption"],"picked":"Feed+1","floor":33},{"not_picked":[],"picked":"Rampage+1","floor":35},{"not_picked":[],"picked":"Headbutt+1","floor":36},{"not_picked":[],"picked":"Blood for Blood+1","floor":39},{"not_picked":[],"picked":"Armaments","floor":40},{"not_picked":["Havoc"],"picked":"SKIP","floor":42},{"not_picked":[],"picked":"Thunderclap+1","floor":46}],"player_experience":420615,"relics_obtained":[{"floor":9,"key":"Molten Egg 2"},{"floor":13,"key":"Orichalcum"},{"floor":14,"key":"Odd Mushroom"},{"floor":26,"key":"CeramicFish"},{"floor":40,"key":"Eternal Feather"},{"floor":43,"key":"Bag of Marbles"},{"floor":47,"key":"Girya"}],"event_choices":[{"damage_healed":0,"gold_gain":0,"player_choice":"Ignored","damage_taken":0,"max_hp_gain":0,"max_hp_loss":0,"event_name":"Liars Game","floor":3,"gold_loss":0},{"damage_healed":0,"gold_gain":0,"player_choice":"Forge","damage_taken":0,"max_hp_gain":0,"max_hp_loss":0,"event_name":"Accursed Blacksmith","floor":5,"gold_loss":0,"cards_upgraded":["Combust"]},{"damage_healed":0,"gold_gain":0,"player_choice":"Fought Mushrooms","damage_taken":0,"max_hp_gain":0,"max_hp_loss":0,"event_name":"Mushrooms","floor":14,"gold_loss":0},{"damage_healed":0,"gold_gain":99,"player_choice":"Stole From Cult","damage_taken":0,"max_hp_gain":0,"max_hp_loss":0,"event_name":"Nest","floor":25,"gold_loss":0},{"damage_healed":0,"gold_gain":0,"player_choice":"Shed Blood","damage_taken":20,"max_hp_gain":5,"max_hp_loss":0,"event_name":"Forgotten Altar","floor":27,"gold_loss":0},{"cards_removed":["Intimidate"],"damage_healed":50,"gold_gain":0,"player_choice":"Offered Uncommon","damage_taken":0,"max_hp_gain":0,"max_hp_loss":0,"event_name":"Bonfire Elementals","floor":37,"gold_loss":0},{"damage_healed":0,"gold_gain":0,"player_choice":"Gave Potion","damage_taken":0,"relics_obtained":["War Paint"],"max_hp_gain":0,"max_hp_loss":0,"event_name":"WeMeetAgain","floor":44,"gold_loss":0},{"damage_healed":0,"gold_gain":0,"player_choice":"Fight","damage_taken":0,"max_hp_gain":0,"max_hp_loss":0,"event_name":"Mysterious Sphere","floor":47,"gold_loss":0}],"is_beta":false,"boss_relics":[{"not_picked":["Snecko Eye","Runic Cube"],"picked":"SlaversCollar"},{"not_picked":["SacredBark","Sozu"],"picked":"Busted Crown"}],"items_purged_floors":[7,29,38],"is_endless":false,"potions_floor_spawned":[2,11,13,14,19,21,24,31,39,42,46],"killed_by":"Sphere and 2 Shapes","ascension_level":3}}