{"host":"h5golg54dem4i27y","time":1611828089,"event":{"mods":["BaseMod","Colored Map","Colored Powertips","Minty Spire (QoL Compilation)","Replay The Spire","StSLib","SuperFastMode","The Hierophant"],"gold_per_floor":[113,44,55,75,94,112,138,138,191,213,213,213,6,32,32,137,137,148,161,34,51,51,51,51,76,76,76,109,109,9,29,29,29,29],"floor_reached":33,"language":"KOR","playtime":1305,"items_purged":["Strike_P"],"score":515,"play_id":"df54a537-0a11-4ddf-804a-f65385c59286","local_time":"20210128190129","is_ascension_mode":true,"campfire_choices":[{"data":"MentalFortress","floor":8.0,"key":"SMITH"},{"floor":12.0,"key":"REST"},{"data":"Eruption","floor":15.0,"key":"SMITH"},{"data":"Omniscience","floor":23.0,"key":"SMITH"},{"floor":27.0,"key":"REST"},{"data":"Tantrum","floor":29.0,"key":"SMITH"},{"data":"Strike_P","floor":32,"key":"PURGE"}],"circlet_count":0,"master_deck":["Defend_P","Defend_P","Defend_P","Defend_P+1","Eruption+1","Vigilance","Tantrum+1","FlurryOfBlows","MentalFortress+1","CutThroughFate","EmptyBody","Omniscience+1","Omniscience+1","ClearTheMind","Blasphemy","Replay:Battleflow","FearNoEvil","MentalFortress","Adaptation"],"relics":["PureWater","NeowsBlessing","Replay:Baseball","Bag of Preparation","Odd Mushroom","ReplayTheSpireMod:Ninjato","War Paint","Philosopher\u0027s Stone","Letter Opener","The Courier"],"acts_visited":["Exordium","TheCity"],"potions_floor_usage":[31,33,33],"damage_taken":[{"damage":0.0,"enemies":"Cultist","floor":1.0,"turns":1.0},{"damage":0.0,"enemies":"2 Louse","floor":3.0,"turns":1.0},{"damage":0.0,"enemies":"Small Slimes","floor":4.0,"turns":1.0},{"damage":7.0,"enemies":"Looter","floor":5.0,"turns":3.0},{"damage":0.0,"enemies":"3 Louse","floor":6.0,"turns":3.0},{"damage":31.0,"enemies":"Lagavulin","floor":7.0,"turns":6.0},{"damage":14.0,"enemies":"The Mushroom Lair","floor":10.0,"turns":6.0},{"damage":0.0,"enemies":"3 Sentries","floor":14.0,"turns":3.0},{"damage":32.0,"enemies":"Fading Forest","floor":16.0,"turns":11.0},{"damage":0.0,"enemies":"Spheric Guardian","floor":18.0,"turns":2.0},{"damage":0.0,"enemies":"Shell Parasite","floor":19.0,"turns":4.0},{"damage":0.0,"enemies":"Snecko","floor":21.0,"turns":3.0},{"damage":0.0,"enemies":"Slavers","floor":25.0,"turns":6.0},{"damage":24.0,"enemies":"Book of Stabbing","floor":28.0,"turns":6.0},{"damage":0,"enemies":"Snake Plant","floor":31,"turns":4},{"damage":99999,"enemies":"Champ","floor":33,"turns":3}],"seed_played":"-833564451700788820","potions_obtained":[{"floor":4.0,"key":"Block Potion"},{"floor":6.0,"key":"Dexterity Potion"},{"floor":14.0,"key":"Languid Potion"},{"floor":28.0,"key":"BottledMiracle"},{"floor":31,"key":"Strength Potion"}],"is_trial":false,"path_per_floor":["M","$","M","M","M","M","E","R","T","?","?","R","$","E","R","B",null,"M","M","$","M","?","R","?","E","T","R","E","R","$","M","R_BF","B"],"character_chosen":"WATCHER","items_purchased":["Tantrum","Omniscience","Energy Potion","Adrenaline Potion","MentalFortress","Adrenaline Potion"],"campfire_rested":2,"item_purchase_floors":[2,13,13,20,30,30],"current_hp_per_floor":[65,65,65,65,58,58,27,27,27,13,6,27,27,27,27,3,55,55,55,55,55,55,55,42,42,42,65,41,41,41,41,41,0,0],"gold":29,"neow_bonus":"THREE_ENEMY_KILL","is_daily":false,"chose_seed":false,"campfire_upgraded":4,"win_rate":0.0,"timestamp":1611828089,"path_taken":["M","?","?","M","M","M","E","R","T","?","?","R","$","E","R","BOSS","M","M","$","M","?","R","?","E","T","R","E","R","$","M","R_BF","BOSS"],"items_purchased_type":["Card","Card","Potion","Potion","Card","Potion"],"build_version":"2020-12-22","purchased_purges":1,"victory":false,"max_hp_per_floor":[72,72,72,72,72,72,72,72,72,72,72,72,72,72,72,72,72,72,72,72,72,72,72,77,77,77,77,77,77,77,77,77,77,77],"card_choices":[{"not_picked":["Protect","CrushJoints","Worship"],"picked":"SKIP","floor":1.0},{"not_picked":["Replay:BluntJabs","BowlingBash"],"picked":"FlurryOfBlows","floor":3.0},{"not_picked":["Replay:DivineShield","ThirdEye"],"picked":"MentalFortress","floor":4.0},{"not_picked":["FlyingSleeves","Judgement"],"picked":"CutThroughFate","floor":5.0},{"not_picked":["SignatureMove","SashWhip","CrushJoints"],"picked":"SKIP","floor":6.0},{"not_picked":["Crescendo","PathToVictory"],"picked":"EmptyBody","floor":7.0},{"not_picked":["FollowUp","DeceiveReality","Crescendo"],"picked":"SKIP","floor":14.0},{"not_picked":["Replay:LoomingThreat","Alpha"],"picked":"Omniscience","floor":16.0},{"not_picked":["Replay:Battleflow","CutThroughFate"],"picked":"ClearTheMind","floor":18.0},{"not_picked":["CutThroughFate+1","Prostrate","CrushJoints"],"picked":"SKIP","floor":19.0},{"not_picked":["Indignation+1","FlyingSleeves","SashWhip"],"picked":"SKIP","floor":21.0},{"not_picked":["Conclude","Crescendo","ForeignInfluence"],"picked":"SKIP","floor":25.0},{"not_picked":["ForeignInfluence","Replay:AtTheReady"],"picked":"FearNoEvil","floor":28.0},{"not_picked":["WheelKick","FollowUp+1"],"picked":"Adaptation","floor":31}],"player_experience":648108,"relics_obtained":[{"floor":7.0,"key":"Replay:Baseball"},{"floor":9.0,"key":"Bag of Preparation"},{"floor":10.0,"key":"Odd Mushroom"},{"floor":14.0,"key":"War Paint"},{"floor":26.0,"key":"Letter Opener"},{"floor":28.0,"key":"The Courier"}],"event_choices":[{"damage_healed":0.0,"max_hp_gain":0.0,"max_hp_loss":0.0,"gold_gain":0.0,"event_name":"Mushrooms","player_choice":"Fought Mushrooms","floor":10.0,"gold_loss":0.0,"damage_taken":0.0},{"damage_healed":0.0,"max_hp_gain":0.0,"max_hp_loss":0.0,"gold_gain":0.0,"event_name":"Scrap Ooze","player_choice":"Success","floor":11.0,"gold_loss":0.0,"damage_taken":7.0,"relics_obtained":["ReplayTheSpireMod:Ninjato"]},{"damage_healed":0.0,"max_hp_gain":0.0,"max_hp_loss":0.0,"gold_gain":0.0,"cards_transformed":["Strike_P","Strike_P"],"event_name":"Drug Dealer","player_choice":"Became Test Subject","floor":22.0,"gold_loss":0.0,"damage_taken":0.0,"cards_obtained":["Blasphemy","Replay:Battleflow"]},{"damage_healed":0.0,"max_hp_gain":5.0,"max_hp_loss":0.0,"gold_gain":0.0,"event_name":"Forgotten Altar","player_choice":"Shed Blood","floor":24.0,"gold_loss":0.0,"damage_taken":18.0}],"is_beta":false,"boss_relics":[{"not_picked":["SacredBark","Busted Crown"],"picked":"Philosopher\u0027s Stone"}],"items_purged_floors":[20],"is_endless":false,"potions_floor_spawned":[4,6,14,28,31],"killed_by":"Champ","ascension_level":8}}