{"host":"ws1rigs6jhqnf67d","time":1611844765,"event":{"mods":["BaseMod","Friendly Minions","KinomotoSakuraMod(ƒæ÷Æ±æ”£)","Kiyohime£®«Âºß£©","Lobotomy","LobotomyExtend","Marisa£®ÏF”Í°°ƒß¿Ì…≥£©","Minty Spire (QoL Compilation)","Remilia£®¿Ÿ√◊¿Ú—«£©","StSLib","The Bug Knight","The Senshi","Youmu£®ªÍ∆«—˝√Œ£©","[IsaacMod]“‘»ˆº‚À˛"],"gold_per_floor":[113,130,144,444,444,444,469,469,469,469,504,504,125,157,157,252,252,262,108,121,134,150,185,203,203,228,255,255,274,308,325,325,424,424,442,456,506,523,542,94,106,106,130,157,172,172,172,122,122,122,122],"floor_reached":52,"language":"ZHS","playtime":1527,"items_purged":["Normality","Doubt"],"score":1382,"play_id":"d5ccd00c-323c-4d5c-9c92-e691967d64f3","local_time":"20210128223925","is_ascension_mode":true,"campfire_choices":[{"data":"Creative AI","floor":6.0,"key":"SMITH"},{"data":"Zap","floor":8.0,"key":"SMITH"},{"floor":10.0,"key":"REST"},{"floor":15.0,"key":"REST"},{"floor":25.0,"key":"REST"},{"data":"EpicFetus","floor":28.0,"key":"SMITH"},{"floor":32.0,"key":"REST"},{"data":"Echo Form","floor":42,"key":"SMITH"},{"floor":49,"key":"REST"}],"circlet_count":0,"master_deck":["Strike_B","Strike_B+1","Strike_B","Strike_B","Defend_B","Defend_B","Defend_B","Defend_B","Zap+1","Dualcast","EpicFetus+1","Creative AI+1","Streamline","Echo Form+1","Core Surge+1"],"relics":["Cracked Core","HushsDoor","DoctorsRemote","LetterFromLob","TheBean","Oddly Smooth Stone","PillsDrop","TheBible","Habit","BelialBook","Pantograph","Cursed Key","Centennial Puzzle","BookOfRevelations","Omamori","Happy Flower","SlaversCollar","MomsKnife","FossilizedHelix","Vajra","Lee\u0027s Waffle","Whetstone","Juzu Bracelet","Smiling Mask"],"acts_visited":["Exordium","TheCity","TheBeyond"],"potions_floor_usage":[50],"damage_taken":[{"damage":1.0,"enemies":"Cultist","floor":1.0,"turns":3.0},{"damage":0.0,"enemies":"2 Louse","floor":2.0,"turns":1.0},{"damage":0.0,"enemies":"Small Slimes","floor":3.0,"turns":3.0},{"damage":15.0,"enemies":"Lagavulin","floor":7.0,"turns":6.0},{"damage":32.0,"enemies":"Gremlin Nob","floor":11.0,"turns":4.0},{"damage":0.0,"enemies":"3 Sentries","floor":14.0,"turns":1.0},{"damage":42.0,"enemies":"Hexaghost","floor":16.0,"turns":6.0},{"damage":12.0,"enemies":"Chosen","floor":18.0,"turns":3.0},{"damage":0.0,"enemies":"3 Byrds","floor":20.0,"turns":4.0},{"damage":15.0,"enemies":"Snecko","floor":21.0,"turns":4.0},{"damage":11.0,"enemies":"3 Cultists","floor":22.0,"turns":3.0},{"damage":9.0,"enemies":"Slavers","floor":23.0,"turns":3.0},{"damage":6.0,"enemies":"Snake Plant","floor":24.0,"turns":2.0},{"damage":0.0,"enemies":"Gremlin Leader","floor":27.0,"turns":4.0},{"damage":0.0,"enemies":"Sentry and Sphere","floor":29.0,"turns":3.0},{"damage":0.0,"enemies":"Book of Stabbing","floor":30.0,"turns":3.0},{"damage":13.0,"enemies":"Centurion and Healer","floor":31.0,"turns":3.0},{"damage":1.0,"enemies":"Collector","floor":33.0,"turns":6.0},{"damage":0,"enemies":"3 Darklings","floor":35,"turns":2},{"damage":5,"enemies":"Orb Walker","floor":36,"turns":2},{"damage":0,"enemies":"2 Orb Walkers","floor":37,"turns":2},{"damage":0,"enemies":"3 Darklings","floor":38,"turns":2},{"damage":10,"enemies":"Maw","floor":39,"turns":4},{"damage":0,"enemies":"Transient","floor":41,"turns":5},{"damage":0,"enemies":"Reptomancer","floor":44,"turns":3},{"damage":28,"enemies":"Writhing Mass","floor":45,"turns":4},{"damage":0,"enemies":"Donu and Deca","floor":50,"turns":6}],"seed_played":"8443574654739220211","potions_obtained":[{"floor":1.0,"key":"SneckoOil"},{"floor":7.0,"key":"DuplicationPotion"},{"floor":18.0,"key":"Dexterity Potion"},{"floor":23.0,"key":"Fire Potion"},{"floor":27.0,"key":"SkillPotion"},{"floor":29.0,"key":"FairyPotion"},{"floor":30.0,"key":"CultistPotion"},{"floor":31.0,"key":"Regen Potion"},{"floor":36,"key":"Dexterity Potion"}],"is_trial":false,"path_per_floor":["M","M","M","?","?","R","E","R","T","R","E","M","$","E","R","B",null,"M","$","M","M","M","E","M","R","T","E","R","M","E","M","R","B",null,"M","M","?","M","M","$","M","R","T","E","M","?","?","$","R","B",null,null],"character_chosen":"DEFECT","items_purchased":["Habit","BelialBook","Echo Form","MomsKnife","Vajra","Lee\u0027s Waffle","Whetstone"],"campfire_rested":5,"item_purchase_floors":[13,13,19,34,40,40,40],"current_hp_per_floor":[67,67,67,67,55,55,40,40,40,62,30,30,30,30,52,33,65,53,53,53,38,27,18,12,34,34,34,34,34,37,24,45,69,41,41,36,36,36,26,48,48,48,48,48,20,20,20,20,34,48,48],"gold":122,"neow_bonus":"THREE_RARE_CARDS","is_daily":false,"chose_seed":false,"campfire_upgraded":4,"win_rate":0.0,"timestamp":1611844765,"path_taken":["M","M","?","?","?","R","E","R","T","R","E","?","$","E","R","BOSS","M","$","M","M","M","E","M","R","T","E","R","M","E","M","R","BOSS","M","M","?","M","M","$","M","R","T","E","M","?","?","$","R","BOSS"],"items_purchased_type":["Relic","Relic","Card","Relic","Relic","Relic","Relic"],"build_version":"2020-12-22","purchased_purges":2,"victory":true,"max_hp_per_floor":[75,75,75,75,75,75,75,75,75,75,75,75,75,75,75,75,75,75,75,75,75,75,75,75,75,75,75,75,70,73,73,73,73,41,41,41,41,41,41,48,48,48,48,48,48,48,48,48,48,48,48],"card_choices":[{"not_picked":[],"picked":"EpicFetus","floor":0.0},{"not_picked":["Thunder Strike","Amplify"],"picked":"Creative AI","floor":0.0},{"not_picked":["Cold Snap","Barrage","Go for the Eyes"],"picked":"SKIP","floor":1.0},{"not_picked":["Cold Snap","Conserve Battery","Go for the Eyes"],"picked":"SKIP","floor":2.0},{"not_picked":["Reboot","Leap"],"picked":"Streamline","floor":3.0},{"not_picked":["Turbo","Darkness","Rip and Tear"],"picked":"SKIP","floor":7.0},{"not_picked":["Turbo","Force Field"],"picked":"Bomb","floor":11.0},{"not_picked":["Rebound","Heatsinks","Fusion"],"picked":"SKIP","floor":14.0},{"not_picked":["Turbo","Doom and Gloom","Beam Cell"],"picked":"SKIP","floor":18.0},{"not_picked":["Static Discharge","Sweeping Beam","Blizzard"],"picked":"SKIP","floor":20.0},{"not_picked":["Conserve Battery","Ball Lightning+1","Coolheaded+1"],"picked":"SKIP","floor":21.0},{"not_picked":["Steam Power+1","Skim","Reprogram+1"],"picked":"SKIP","floor":22.0},{"not_picked":["Compile Driver","Pulse+1","Chaos"],"picked":"SKIP","floor":23.0},{"not_picked":["Steam","Stack","Leap+1"],"picked":"SKIP","floor":24.0},{"not_picked":["Aggregate","Hologram+1","Glacier"],"picked":"SKIP","floor":27.0},{"not_picked":["Leap+1","Go for the Eyes+1","Barrage"],"picked":"SKIP","floor":29.0},{"not_picked":["Steam+1","Hologram","Amplify"],"picked":"SKIP","floor":30.0},{"not_picked":["Conserve Battery","Gash+1","Lockon"],"picked":"SKIP","floor":31.0},{"not_picked":["Seek","Reboot"],"picked":"Core Surge","floor":33.0},{"not_picked":["Stack+1","Rebound+1","Chaos"],"picked":"SKIP","floor":35},{"not_picked":["Sunder","Consume","Creative AI"],"picked":"SKIP","floor":36},{"not_picked":["Core Surge","Leap","Beam Cell+1"],"picked":"SKIP","floor":38},{"not_picked":["Streamline+1","Cold Snap","Compile Driver"],"picked":"SKIP","floor":39},{"not_picked":["Cancel+1","Steam","Ball Lightning"],"picked":"SKIP","floor":41},{"not_picked":["Hologram+1","Hello World+1","Cancel"],"picked":"SKIP","floor":44},{"not_picked":["Hologram","ElectricPowerLearning","Turbo"],"picked":"SKIP","floor":45}],"player_experience":920980,"relics_obtained":[{"floor":1.0,"key":"LetterFromLob"},{"floor":7.0,"key":"Oddly Smooth Stone"},{"floor":9.0,"key":"PillsDrop"},{"floor":11.0,"key":"TheBible"},{"floor":14.0,"key":"Pantograph"},{"floor":23.0,"key":"Centennial Puzzle"},{"floor":26.0,"key":"BookOfRevelations"},{"floor":27.0,"key":"Omamori"},{"floor":30.0,"key":"Happy Flower"},{"floor":37,"key":"FossilizedHelix"},{"floor":43,"key":"Juzu Bracelet"},{"floor":44,"key":"Smiling Mask"}],"event_choices":[{"damage_healed":0.0,"max_hp_gain":0.0,"max_hp_loss":0.0,"gold_gain":0.0,"event_name":"Scrap Ooze","player_choice":"Success","floor":5.0,"gold_loss":0.0,"damage_taken":12.0,"relics_obtained":["TheBean"]},{"damage_healed":0,"gold_gain":0,"player_choice":"Fight","damage_taken":0,"max_hp_gain":0,"max_hp_loss":0,"event_name":"Mysterious Sphere","floor":37,"gold_loss":0},{"damage_healed":0,"gold_gain":0,"player_choice":"Ignored","damage_taken":0,"max_hp_gain":0,"max_hp_loss":0,"event_name":"The Moai Head","floor":47,"gold_loss":0}],"is_beta":false,"boss_relics":[{"not_picked":["Busted Crown","Ectoplasm"],"picked":"Cursed Key"},{"not_picked":[]},{"not_picked":["Pandora\u0027s Box","SacredBark"],"picked":"SlaversCollar"},{"not_picked":[]}],"items_purged_floors":[13,48],"is_endless":false,"potions_floor_spawned":[1,7,18,23,27,29,30,31,36,38,39,44],"ascension_level":8}}