{"host":"vx9g5eyuglzorf3u","time":1611842649,"event":{"mods":["2.2 Compatiblity","BaseMod","DeckTracker","Keyboard Shortcuts","Minty Spire (QoL Compilation)","Relic Stats","StSLib","SuperFastMode","everything is the same but u backflip on backflip"],"gold_per_floor":[113,113,133,133,208,208,208,208],"floor_reached":7,"language":"KOR","playtime":118,"items_purged":[],"score":78,"play_id":"21c5496d-5569-43bf-9a11-d311e3049ea4","local_time":"20210128230409","is_ascension_mode":true,"campfire_choices":[{"data":"Bash","floor":6,"key":"SMITH"}],"circlet_count":0,"master_deck":["AscendersBane","Strike_R","Strike_R","Strike_R","Strike_R","Defend_R","Defend_R","Defend_R","Defend_R","Bash+1","Disarm","Reaper","Shrug It Off"],"relics":["Burning Blood","Champion Belt"],"acts_visited":["Exordium"],"potions_floor_usage":[],"damage_taken":[{"damage":4,"enemies":"Small Slimes","floor":1,"turns":3},{"damage":9,"enemies":"Jaw Worm","floor":3,"turns":5},{"damage":59,"enemies":"3 Sentries","floor":7,"turns":9}],"seed_played":"-2568059783418330068","potions_obtained":[],"is_trial":false,"path_per_floor":["M","?","M","?","?","R","E"],"character_chosen":"IRONCLAD","items_purchased":[],"campfire_rested":0,"item_purchase_floors":[],"current_hp_per_floor":[52,52,49,54,43,43,0,0],"gold":208,"neow_bonus":"ONE_RARE_RELIC","is_daily":false,"chose_seed":false,"campfire_upgraded":1,"win_rate":0.0,"timestamp":1611842649,"path_taken":["M","?","M","?","?","R","E"],"items_purchased_type":[],"build_version":"2020-12-22","purchased_purges":0,"victory":false,"max_hp_per_floor":[75,75,75,80,80,80,80,80],"relic_stats":{"counters":[3,17],"Champion Belt":[3],"obtain_stats":[{"Champion Belt":0,"Burning Blood":0},{"Champion Belt":0,"Burning Blood":0},{"Champion Belt":0,"Burning Blood":0}],"Burning Blood":12},"card_choices":[{"not_picked":["Shrug It Off","Sentinel"],"picked":"Disarm","floor":1},{"not_picked":["Warcry","Pommel Strike"],"picked":"Shrug It Off","floor":3}],"player_experience":1487895,"relics_obtained":[],"event_choices":[{"damage_healed":0,"gold_gain":0,"cards_transformed":["Strike_R"],"player_choice":"Change","damage_taken":0,"max_hp_gain":0,"max_hp_loss":0,"event_name":"Living Wall","floor":2,"gold_loss":0,"cards_obtained":["Reaper"]},{"damage_healed":0,"gold_gain":0,"player_choice":"Donut","damage_taken":0,"max_hp_gain":5,"max_hp_loss":0,"event_name":"Big Fish","floor":4,"gold_loss":0},{"damage_healed":0,"gold_gain":75,"player_choice":"Gather Gold","damage_taken":11,"max_hp_gain":0,"max_hp_loss":0,"event_name":"World of Goop","floor":5,"gold_loss":0}],"is_beta":false,"boss_relics":[],"items_purged_floors":[],"is_endless":false,"potions_floor_spawned":[],"killed_by":"3 Sentries","ascension_level":20}}