{"host":"kydqlojjt9mno5rv","time":1611818202,"event":{"mods":["AchievementEnabler","BaseMod","Colored Powertips","DeckTracker","Minty Spire (QoL Compilation)","Spicy Shops","StSLib","SuperFastMode","Synergy Search","Weighted Paths"],"gold_per_floor":[118,118,133,133,144,144,156,156,207,237,237,237,237,276,276,276,276],"floor_reached":16,"language":"ENG","playtime":536,"items_purged":[],"score":113,"play_id":"fe8e746f-7a69-4e3d-bd25-87e3674ee421","local_time":"20210128021642","is_ascension_mode":true,"campfire_choices":[{"data":"Bloodletting","floor":6,"key":"SMITH"},{"floor":8,"key":"REST"},{"data":"Double Tap","floor":13,"key":"SMITH"},{"floor":15,"key":"REST"}],"circlet_count":0,"master_deck":["Strike_R","Strike_R","Strike_R","Strike_R","Defend_R","Defend_R","Defend_R","Defend_R","Bash","Iron Wave","Cleave","Regret","Bloodletting+1","Double Tap+1","Bloodletting","Injury","Parasite"],"relics":["Burning Blood","NeowsBlessing","MealTicket","Bronze Scales","Golden Idol","Toy Ornithopter"],"acts_visited":["Exordium"],"potions_floor_usage":[],"damage_taken":[{"damage":0,"enemies":"Small Slimes","floor":1,"turns":1},{"damage":0,"enemies":"2 Louse","floor":3,"turns":1},{"damage":0,"enemies":"Jaw Worm","floor":5,"turns":1},{"damage":21,"enemies":"Large Slime","floor":7,"turns":7},{"damage":37,"enemies":"Gremlin Nob","floor":10,"turns":5},{"damage":36,"enemies":"3 Sentries","floor":14,"turns":7},{"damage":52,"enemies":"Slime Boss","floor":16,"turns":8}],"seed_played":"5984882538019347158","potions_obtained":[{"floor":3,"key":"EssenceOfSteel"},{"floor":7,"key":"SmokeBomb"}],"is_trial":false,"path_per_floor":["M","?","M","?","M","R","M","R","T","E","?","?","R","E","R","B"],"character_chosen":"IRONCLAD","items_purchased":[],"campfire_rested":2,"item_purchase_floors":[],"current_hp_per_floor":[80,73,79,79,80,80,65,80,80,49,49,69,69,39,63,11,11],"gold":276,"neow_bonus":"THREE_ENEMY_KILL","is_daily":false,"chose_seed":false,"campfire_upgraded":2,"win_rate":0.0,"timestamp":1611818202,"path_taken":["M","?","M","?","M","R","?","R","T","E","?","?","R","E","R","BOSS"],"items_purchased_type":[],"build_version":"2020-12-22","purchased_purges":0,"victory":false,"max_hp_per_floor":[80,80,80,80,80,80,80,80,80,80,80,80,80,80,80,80,80],"card_choices":[{"not_picked":["Clash","Havoc"],"picked":"Iron Wave","floor":1},{"not_picked":["Havoc","Headbutt"],"picked":"Cleave","floor":3},{"not_picked":["Clothesline","Perfected Strike"],"picked":"Bloodletting","floor":5},{"not_picked":["Wild Strike","Body Slam"],"picked":"Double Tap","floor":7},{"not_picked":["Searing Blow","Havoc"],"picked":"Bloodletting","floor":10},{"not_picked":["Rampage","Combust","Metallicize"],"picked":"SKIP","floor":14}],"player_experience":143956,"relics_obtained":[{"floor":10,"key":"Bronze Scales"},{"floor":14,"key":"Toy Ornithopter"}],"event_choices":[{"cards_removed":["Strike_R"],"damage_healed":0,"gold_gain":0,"player_choice":"Card Removal","damage_taken":7,"max_hp_gain":0,"max_hp_loss":0,"event_name":"Golden Wing","floor":2,"gold_loss":0},{"damage_healed":0,"gold_gain":0,"player_choice":"Box","damage_taken":0,"relics_obtained":["MealTicket"],"max_hp_gain":0,"max_hp_loss":0,"event_name":"Big Fish","floor":4,"gold_loss":0,"cards_obtained":["Regret"]},{"damage_healed":0,"gold_gain":0,"player_choice":"Take Wound","damage_taken":0,"relics_obtained":["Golden Idol"],"max_hp_gain":0,"max_hp_loss":0,"event_name":"Golden Idol","floor":11,"gold_loss":0,"cards_obtained":["Injury"]},{"damage_healed":20,"gold_gain":0,"player_choice":"Healed and dodged fight","damage_taken":0,"max_hp_gain":0,"max_hp_loss":0,"event_name":"Mushrooms","floor":12,"gold_loss":0,"cards_obtained":["Parasite"]}],"is_beta":false,"boss_relics":[],"items_purged_floors":[],"is_endless":false,"potions_floor_spawned":[3,7],"killed_by":"Slime Boss","ascension_level":1}}