{"host":"msmkw03x1o7nq45i","time":1611862162,"event":{"mods":["BaseMod","Bestiary","Colored Powertips","Downfall","GifTheSpireLib","Highlight Path","Minty Spire (QoL Compilation)","Random Character Button","StSLib","everything is the same but u backflip on backflip"],"gold_per_floor":[99,115,130,130,141,41,41,52,152,184,184,202,202,202,220,316,316,316,335,6,24,36,65,92,92,111,111,111,111,111,125,136,234,234,234,144,160,160,160,188,188,188,188,188],"floor_reached":42,"language":"ENG","playtime":3667,"items_purged":["Guardian:Defend_Guardian"],"score":496,"play_id":"bfa71f61-23ec-46bf-918c-09fba1f3cf29","local_time":"20210128212922","is_ascension_mode":false,"campfire_choices":[{"floor":1.0,"key":"RECALL"},{"data":"Guardian:ChargeCore","floor":6.0,"key":"SMITH"},{"data":"Trip","floor":11.0,"key":"SMITH"},{"data":"Guardian:WalkerClaw","floor":13.0,"key":"SMITH"},{"data":"Guardian:RollAttack","floor":18.0,"key":"SMITH"},{"data":"Guardian:RevengeProtocol","floor":27,"key":"SMITH"},{"data":"Guardian:ArmoredProtocol","floor":30,"key":"SMITH"},{"data":"Guardian:HyperBeam_Guardian","floor":35,"key":"SMITH"}],"circlet_count":0,"master_deck":["Guardian:Defend_Guardian","Guardian:CurlUp","Guardian:TwinSlam","Guardian:ChargeCore+1","Guardian:RollAttack+1","Guardian:TimeSifter","Trip+1","Guardian:TemporalStrike","Guardian:ChargeCore","Guardian:WalkerClaw+1","Guardian:StasisField","Guardian:Suspension+1","Guardian:RevengeProtocol+1","Guardian:ShieldCharger+1","Guardian:ArmoredProtocol+1","Guardian:EvasiveProtocol","Guardian:HyperBeam_Guardian+1","Guardian:Repulse+1","Guardian:PrimingBeam+1","Guardian:RevengeProtocol+1","Guardian:Gem_Purple","Guardian:Gem_Lightblue"],"relics":["Guardian:ModeShifterPlus","downfall:HeartBlessingRed","StrikeDummy","downfall:GremlinSack","Bottled Flame","Gremlin Horn","Calipers","Ancient Tea Set","Toy Ornithopter","Astrolabe","Juzu Bracelet","Bottled Tornado"],"acts_visited":["Exordium","TheCity","TheBeyond"],"potions_floor_usage":[23,33,42],"damage_taken":[{"damage":7.0,"enemies":"2 Louse","floor":2.0,"turns":4.0},{"damage":7.0,"enemies":"Cultist","floor":3.0,"turns":5.0},{"damage":4.0,"enemies":"Jaw Worm","floor":5.0,"turns":8.0},{"damage":8.0,"enemies":"Red Slaver","floor":8.0,"turns":2.0},{"damage":6.0,"enemies":"Red Slaver","floor":9.0,"turns":4.0},{"damage":8.0,"enemies":"3 Sentries","floor":10.0,"turns":6.0},{"damage":8.0,"enemies":"Lots of Slimes","floor":12.0,"turns":2.0},{"damage":0.0,"enemies":"Large Slime","floor":15.0,"turns":2.0},{"damage":38.0,"enemies":"DF_ARCHETYPE_STREAMLINE","floor":16.0,"turns":12.0},{"damage":0.0,"enemies":"3 Byrds","floor":19.0,"turns":2.0},{"damage":0.0,"enemies":"downfall:FleeingMerchant","floor":20.0,"turns":4.0},{"damage":0,"enemies":"Centurion and Healer","floor":21,"turns":6},{"damage":2,"enemies":"Shelled Parasite and Fungi","floor":22,"turns":4},{"damage":0,"enemies":"Book of Stabbing","floor":23,"turns":5},{"damage":0,"enemies":"Cultist and Chosen","floor":26,"turns":4},{"damage":0,"enemies":"Snecko","floor":31,"turns":5},{"damage":0,"enemies":"Snake Plant","floor":32,"turns":4},{"damage":15,"enemies":"IC_MUSHROOM_ARCHETYPE","floor":33,"turns":7},{"damage":0,"enemies":"downfall:FleeingMerchant","floor":36,"turns":4},{"damage":1,"enemies":"3 Darklings","floor":37,"turns":2},{"damage":15,"enemies":"Nemesis","floor":40,"turns":3},{"damage":78,"enemies":"Giant Head","floor":42,"turns":11}],"seed_played":"-5139316526164145200","potions_obtained":[{"floor":9.0,"key":"DuplicationPotion"},{"floor":12.0,"key":"FearPotion"},{"floor":15.0,"key":"Swift Potion"},{"floor":16.0,"key":"BlessingOfTheForge"},{"floor":19.0,"key":"ColorlessPotion"},{"floor":21,"key":"EssenceOfSteel"},{"floor":23,"key":"AttackPotion"},{"floor":28,"key":"CultistPotion"},{"floor":37,"key":"FearPotion"}],"is_trial":false,"path_per_floor":["R","M","M","?","M","R","T","M","?","E","R","M","R","T","M","B",null,"R","M","$","M","M","E","T","?","M","R","?","?","R","M","M","B",null,"R","$","M","?","?","E","T","E"],"character_chosen":"GUARDIAN","items_purchased":["Calipers"],"campfire_rested":0,"item_purchase_floors":[20],"current_hp_per_floor":[88,81,74,74,70,70,70,62,56,48,48,40,40,40,40,2,88,88,88,88,88,86,86,86,78,78,78,78,78,78,78,78,68,88,88,88,87,87,87,72,72,0,0,0],"gold":188,"neow_bonus":"TEN_PERCENT_HP_BONUS","is_daily":false,"chose_seed":false,"campfire_upgraded":7,"win_rate":0.0,"timestamp":1611862162,"path_taken":["R","M","M","?","M","R","T","M","?","E","R","?","R","?","M","BOSS","R","M","$","M","M","E","T","?","?","R","?","?","R","M","M","BOSS","R","$","M","?","?","E","T","E"],"items_purchased_type":["Relic"],"build_version":"2020-12-22","purchased_purges":1,"victory":false,"max_hp_per_floor":[88,88,88,88,88,88,88,88,88,88,88,88,88,88,88,88,88,88,88,88,88,88,88,88,88,88,88,88,88,88,88,88,88,88,88,88,88,88,88,88,88,88,88,88],"card_choices":[{"not_picked":["Guardian:TemporalStrike","Guardian:ShieldCharger"],"picked":"Guardian:ChargeCore","floor":2.0},{"not_picked":["Guardian:BronzeOrb","Guardian:ShieldCharger"],"picked":"Guardian:Gem_Yellow","floor":3.0},{"not_picked":["Guardian:PolyBeam","Guardian:Repulse"],"picked":"Guardian:Gem_Lightblue","floor":5.0},{"not_picked":["Guardian:TemporalStrike","Guardian:Suspension"],"picked":"Guardian:RollAttack","floor":8.0},{"not_picked":["Guardian:Recover","Guardian:Incinerate"],"picked":"Guardian:TemporalStrike","floor":9.0},{"not_picked":["Guardian:Gem_Green","Guardian:CrystalBeam"],"picked":"Guardian:ChargeCore","floor":10.0},{"not_picked":["Guardian:Planning","Guardian:FloatingOrbs"],"picked":"Guardian:WalkerClaw","floor":12.0},{"not_picked":["Guardian:Gem_Lightblue","Guardian:DonusPower"],"picked":"Guardian:Gem_Blue","floor":15.0},{"not_picked":["Guardian:Gem_Orange","Guardian:ExploitGems"],"picked":"Guardian:StasisField","floor":16.0},{"not_picked":["Guardian:TimeCapacitor","Guardian:ChargeCore+1"],"picked":"Guardian:Suspension","floor":19.0},{"not_picked":["Guardian:PiercingHide","Guardian:Repulse"],"picked":"Guardian:Gem_Crimson","floor":20.0},{"not_picked":["Guardian:PrismaticBeam+1","Guardian:Gem_Red","Guardian:PrismaticBarrier"],"picked":"SKIP","floor":21},{"not_picked":["Guardian:CrystalBeam","Guardian:PiercingHide","Guardian:RollAttack+1"],"picked":"SKIP","floor":22},{"not_picked":["Guardian:Gem_Green","Guardian:PiercingHide"],"picked":"Guardian:RevengeProtocol","floor":23},{"not_picked":["Guardian:Gem_Green","Guardian:TemporalStrike+1"],"picked":"Guardian:ShieldCharger+1","floor":26},{"not_picked":["Guardian:Recover","Guardian:Gem_Green"],"picked":"Guardian:EvasiveProtocol","floor":31},{"not_picked":["Guardian:TemporalStrike","Guardian:SentryBeam+1","Guardian:ShieldCharger"],"picked":"SKIP","floor":32},{"not_picked":["Guardian:Gem_Orange","Guardian:StasisStrike"],"picked":"Guardian:HyperBeam_Guardian","floor":33},{"not_picked":["Guardian:PrismaticBarrier+1","Guardian:Gem_White"],"picked":"Guardian:Gem_Purple","floor":36},{"not_picked":["Guardian:Recover+1","Guardian:CrystalBeam+1","Guardian:Gem_Blue"],"picked":"SKIP","floor":37},{"not_picked":["Guardian:Repulse+1","Guardian:Incinerate","Guardian:Gem_Green"],"picked":"SKIP","floor":40}],"player_experience":428355,"relics_obtained":[{"floor":7.0,"key":"StrikeDummy"},{"floor":9.0,"key":"downfall:GremlinSack"},{"floor":10.0,"key":"Bottled Flame"},{"floor":14.0,"key":"Gremlin Horn"},{"floor":23,"key":"Ancient Tea Set"},{"floor":24,"key":"Toy Ornithopter"},{"floor":40,"key":"Juzu Bracelet"},{"floor":41,"key":"Bottled Tornado"}],"event_choices":[{"cards_removed":["Guardian:Strike_Guardian"],"damage_healed":0.0,"max_hp_gain":0.0,"max_hp_loss":0.0,"gold_gain":0.0,"event_name":"The Cleric","player_choice":"Card Removal","floor":4.0,"gold_loss":0.0,"damage_taken":0.0},{"damage_healed":0,"gold_gain":0,"player_choice":"Read","damage_taken":0,"max_hp_gain":0,"max_hp_loss":0,"event_name":"The Library","floor":29,"gold_loss":0,"cards_obtained":["Guardian:ArmoredProtocol"]},{"cards_removed":["Guardian:Strike_Guardian"],"damage_healed":0,"gold_gain":0,"player_choice":"Removed Attack","damage_taken":0,"max_hp_gain":0,"max_hp_loss":0,"event_name":"Falling","floor":38,"gold_loss":0}],"is_beta":false,"boss_relics":[{"not_picked":["Sozu","Cursed Key"],"picked":"Guardian:ModeShifterPlus"},{"not_picked":["SlaversCollar","Fusion Hammer"],"picked":"Astrolabe"}],"items_purged_floors":[36],"is_endless":false,"potions_floor_spawned":[9,12,15,16,19,21,22,23,37],"killed_by":"Giant Head","ascension_level":0}}