{"host":"takgv9cv6xf64vhq","time":1611847657,"event":{"mods":["BaseMod","Colored Powertips","Downfall","Hubris","LagranYue(拉格朗・月)","Marisa（F雨　魔理沙）","Minty Spire (QoL Compilation)","Replay The Spire","StSLib","The Animator","The Cursed","The Jungle","TheHeartMod"],"gold_per_floor":[117,117,117,117,133,133,151,164,164,182,211,211,229,2,2,103,103,114,125,144,144,76,104,104,120,120,152,162,181,194,207,207,302,302,318,128,0,0,19,19,19,146,146,146,163,173,198,218,218,218,218,218,16,51,51,51],"floor_reached":55,"language":"ZHS","playtime":3468,"items_purged":["Regret","Zap"],"score":811,"play_id":"1aae38b8-af71-4f37-8c92-3a907aa8e4a1","local_time":"20210128232737","is_ascension_mode":true,"campfire_choices":[{"data":"Conserve Battery","floor":6.0,"key":"SMITH"},{"data":"Strike_B","floor":15.0,"key":"PURGE"},{"data":"Conserve Battery","floor":24.0,"key":"SMITH"},{"data":"Coolheaded","floor":32.0,"key":"SMITH"},{"floor":44.0,"key":"RECALL"},{"data":"Parasite","floor":49,"key":"PURGE"},{"data":"Hologram","floor":52,"key":"SMITH"}],"circlet_count":0,"master_deck":["Defend_B","Defend_B+1","Defend_B","Conserve Battery+1","Electrodynamics+1","Conserve Battery+1","Crystallizer","Compile Driver","Panic Button","Steam Power","Hologram+1","Hyperbeam","Turbo+1","Barrage+1","ReplayGash","Rip and Tear+1","Steam","ReplayTheSpireMod:Calculation Training+1","Streamline","All For One","Coolheaded+1","Gash+1","Echo Form","Turbo+1","Tempest","Leap","Gash","Beam Cell","ReplayGash+1","Static Discharge","Fission+1","ReplayTheSpireMod:Reroute Power+1"],"relics":["Nuclear Battery","hubris:BottledRain","Omamori","Anchor","Replay:Ancient Bell","Centennial Puzzle","Meat on the Bone","Ice Cream","theJungle:SpiritDisease","Shuriken","Spirit Poop","Carrot","Philosopher\u0027s Stone","BargainBundle","Red Mask","Orichalcum","hubris:Icosahedron","Golden Egg","hubris:DeckOfHolding","Replay:Bottled Flurry","Oddly Smooth Stone","StrikeDummy"],"acts_visited":["Exordium","Exordium","TheBeyond","TheEnding"],"potions_floor_usage":[50,54,54,55],"damage_taken":[{"damage":0.0,"enemies":"Small Slimes","floor":1.0,"turns":4.0},{"damage":0.0,"enemies":"Jaw Worm","floor":5.0,"turns":3.0},{"damage":0.0,"enemies":"Cultist","floor":7.0,"turns":3.0},{"damage":0.0,"enemies":"2 Fungi Beasts","floor":8.0,"turns":2.0},{"damage":0.0,"enemies":"Looter","floor":10.0,"turns":3.0},{"damage":5.0,"enemies":"Replay:BlueRogue","floor":11.0,"turns":4.0},{"damage":4.0,"enemies":"Exordium Thugs","floor":13.0,"turns":4.0},{"damage":38.0,"enemies":"Fading Forest","floor":16.0,"turns":11.0},{"damage":3.0,"enemies":"theJungle:5_Spyders","floor":18.0,"turns":6.0},{"damage":24.0,"enemies":"theJungle:Flameango_and_Byrd","floor":19.0,"turns":6.0},{"damage":11.0,"enemies":"theJungle:2_Flameangoes","floor":20.0,"turns":5.0},{"damage":18.0,"enemies":"theJungle:2_Phrogs","floor":23.0,"turns":6.0},{"damage":6.0,"enemies":"theJungle:SlimyTreeVines","floor":25.0,"turns":5.0},{"damage":0.0,"enemies":"theJungle:MamaSnecko","floor":27.0,"turns":5.0},{"damage":5.0,"enemies":"theJungle:JungleHuntersEncounter","floor":28.0,"turns":4.0},{"damage":7.0,"enemies":"Snake Plant","floor":29.0,"turns":3.0},{"damage":13.0,"enemies":"theJungle:2_Snecko_Cultists","floor":30.0,"turns":3.0},{"damage":2.0,"enemies":"theJungle:SlimyTreeVines","floor":31.0,"turns":3.0},{"damage":47.0,"enemies":"theJungle:TotemBoss","floor":33.0,"turns":7.0},{"damage":0.0,"enemies":"3 Darklings","floor":35.0,"turns":3.0},{"damage":2.0,"enemies":"3 Shapes","floor":39.0,"turns":2.0},{"damage":13.0,"enemies":"Reptomancer","floor":42.0,"turns":5.0},{"damage":3.0,"enemies":"Writhing Mass","floor":45.0,"turns":5.0},{"damage":6.0,"enemies":"Jaw Worm Horde","floor":46.0,"turns":3.0},{"damage":22.0,"enemies":"Nemesis","floor":47.0,"turns":5.0},{"damage":9,"enemies":"3 Darklings","floor":48,"turns":3},{"damage":34,"enemies":"Donu and Deca","floor":50,"turns":7},{"damage":30,"enemies":"Shield and Spear","floor":54,"turns":3},{"damage":58,"enemies":"NeowBoss","floor":55,"turns":2}],"seed_played":"1205883694558953586","potions_obtained":[{"floor":7.0,"key":"champ:CounterPotion"},{"floor":8.0,"key":"EntropicBrew"},{"floor":10.0,"key":"bronze:BurnAndBuffPotion"},{"floor":16.0,"key":"Venom Potion"},{"floor":19.0,"key":"Fire Potion"},{"floor":23.0,"key":"FairyPotion"},{"floor":29.0,"key":"SteroidPotion"},{"floor":30.0,"key":"Death Potion"},{"floor":42.0,"key":"Elixir"},{"floor":45.0,"key":"bronze:BurnAndBuffPotion"},{"floor":47.0,"key":"LifebloodPotion"}],"is_trial":false,"path_per_floor":["M","?","?","?","M","R","M","M","T","M","E","?","M","$","R","B",null,"M","M","M","?","$","E","R","M","T","E","M","M","M","M","R","B",null,"M","$","?","T","M","?","?","E","T","R","M","M","E","M","R","B",null,"R","$","E","B"],"character_chosen":"DEFECT","items_purchased":["Anchor","ReplayGash","BargainBundle","Guardian:BlockOnCardUsePotion","Tempest","Leap","Weak Potion","Oddly Smooth Stone","Block Potion"],"campfire_rested":0,"item_purchase_floors":[14,22,36,36,36,36,36,53,53],"current_hp_per_floor":[75,60,53,53,53,53,53,53,53,53,48,48,44,44,44,6,75,72,48,49,49,49,43,43,43,43,43,38,43,42,43,43,34,75,75,75,75,75,73,73,73,60,60,60,72,66,44,47,47,25,72,72,72,42,0,0],"gold":51,"neow_bonus":"BOSS_RELIC","is_daily":false,"chose_seed":false,"campfire_upgraded":4,"win_rate":0.0,"timestamp":1611847657,"path_taken":["M","?","?","?","M","R","?","M","T","M","E","?","M","?","R","BOSS","M","?","M","?","$","E","R","M","T","E","M","M","M","M","R","BOSS","M","$","?","?","M","?","?","E","T","R","M","M","E","M","R","BOSS","R","$","E","BOSS"],"items_purchased_type":["Relic","Card","Relic","Potion","Card","Card","Potion","Relic","Potion"],"build_version":"2020-12-22","purchased_purges":2,"victory":false,"max_hp_per_floor":[75,75,75,75,75,75,75,75,75,75,75,75,75,75,75,75,75,75,75,75,75,75,75,75,75,75,75,75,75,75,75,75,75,75,75,75,75,75,75,75,75,75,75,75,75,75,75,75,72,72,72,72,72,72,72,72],"card_choices":[{"not_picked":["Darkness","Stack"],"picked":"Conserve Battery","floor":1.0},{"not_picked":["Barrage","Redo"],"picked":"Conserve Battery","floor":5.0},{"not_picked":["Redo","ReplayTheSpireMod:Reroute Power"],"picked":"Crystallizer","floor":7.0},{"not_picked":["Sweeping Beam","Hyperbeam"],"picked":"Compile Driver","floor":8.0},{"not_picked":["Conserve Battery","Hello World"],"picked":"Panic Button","floor":10.0},{"not_picked":["Streamline","Steam"],"picked":"Steam Power","floor":11.0},{"not_picked":["ReplaySolidLightProjector","Tempest"],"picked":"Hologram","floor":13.0},{"not_picked":["Electrodynamics","Meteor Strike"],"picked":"Hyperbeam","floor":16.0},{"not_picked":["animator:Curse_Greed","animator:Curse_Nutcracker"],"picked":"downfall:Icky","floor":17.0},{"not_picked":["Parasite","Regret"],"picked":"ReplayTheSpireMod:Doomed","floor":17.0},{"not_picked":["Voices","animator:Curse_Greed"],"picked":"Injury","floor":17.0},{"not_picked":["Consume","Hologram"],"picked":"Turbo+1","floor":18.0},{"not_picked":["Redo","Sunder"],"picked":"Barrage+1","floor":19.0},{"not_picked":["Amplify","Capacitor","Fusion"],"picked":"SKIP","floor":20.0},{"not_picked":["Chaos","Rebound"],"picked":"Rip and Tear+1","floor":23.0},{"not_picked":["Panic Button","Reinforced Body"],"picked":"Steam","floor":25.0},{"not_picked":["Aggregate","Force Field"],"picked":"ReplayTheSpireMod:Calculation Training+1","floor":27.0},{"not_picked":["Leap","Turbo"],"picked":"Streamline","floor":28.0},{"not_picked":["Static Discharge","ReplaySolidLightProjector"],"picked":"All For One","floor":29.0},{"not_picked":["Doom and Gloom","Panic Button"],"picked":"Coolheaded","floor":30.0},{"not_picked":["ReplayTheSpireMod:Reroute Power","Cold Snap+1"],"picked":"Gash+1","floor":31.0},{"not_picked":["Rainbow","Core Surge"],"picked":"Echo Form","floor":33.0},{"not_picked":["Force Field","Sweeping Beam"],"picked":"Turbo+1","floor":35.0},{"not_picked":["Lockon+1","Rip and Tear"],"picked":"Gash","floor":39.0},{"not_picked":["Conserve Battery","Storm+1"],"picked":"Beam Cell","floor":42.0},{"not_picked":["Streamline","Compile Driver+1"],"picked":"ReplayGash+1","floor":45.0},{"not_picked":["ReplaySort","Ball Lightning+1"],"picked":"Static Discharge","floor":46.0},{"not_picked":["Undo+1","Rebound+1"],"picked":"Fission","floor":47.0},{"not_picked":["Streamline","Beam Cell","Compile Driver"],"picked":"SKIP","floor":48},{"not_picked":["Skim+1","Electrodynamics"],"picked":"ReplayTheSpireMod:Reroute Power+1","floor":54}],"player_experience":168467,"relics_obtained":[{"floor":11.0,"key":"hubris:BottledRain"},{"floor":23.0,"key":"Shuriken"},{"floor":26.0,"key":"Spirit Poop"},{"floor":27.0,"key":"Carrot"},{"floor":38.0,"key":"Orichalcum"},{"floor":42.0,"key":"Golden Egg"},{"floor":43.0,"key":"hubris:DeckOfHolding"},{"floor":47.0,"key":"Replay:Bottled Flurry"},{"floor":54,"key":"StrikeDummy"}],"event_choices":[{"damage_healed":0.0,"max_hp_gain":0.0,"max_hp_loss":0.0,"gold_gain":0.0,"event_name":"Shining Light","player_choice":"Entered Light","floor":2.0,"gold_loss":0.0,"damage_taken":15.0,"cards_upgraded":["Defend_B","Strike_B"]},{"cards_removed":["Strike_B"],"damage_healed":0.0,"max_hp_gain":0.0,"max_hp_loss":0.0,"gold_gain":0.0,"event_name":"Golden Wing","player_choice":"Card Removal","floor":3.0,"gold_loss":0.0,"damage_taken":7.0},{"damage_healed":0.0,"max_hp_gain":0.0,"max_hp_loss":0.0,"gold_gain":0.0,"event_name":"Big Fish","player_choice":"Box","floor":12.0,"gold_loss":0.0,"damage_taken":0.0,"relics_obtained":["Omamori"],"cards_obtained":["Regret"]},{"damage_healed":0.0,"max_hp_gain":0.0,"max_hp_loss":0.0,"gold_gain":0.0,"event_name":"Tomb of Lord Red Mask","player_choice":"Paid","floor":37.0,"gold_loss":128.0,"damage_taken":0.0,"relics_obtained":["Red Mask"]},{"cards_removed":["Dualcast"],"damage_healed":0.0,"max_hp_gain":0.0,"max_hp_loss":0.0,"gold_gain":0.0,"event_name":"Falling","player_choice":"Removed Skill","floor":41.0,"gold_loss":0.0,"damage_taken":0.0}],"is_beta":false,"boss_relics":[{"not_picked":["Busted Crown","Sozu"],"picked":"Replay:Ancient Bell"},{"not_picked":["Pet Ghost","Regal Pillow"],"picked":"Centennial Puzzle"},{"not_picked":["Mummified Hand","hubris:DuctTape"],"picked":"Meat on the Bone"},{"not_picked":["hubris:Spice","Old Coin"],"picked":"Ice Cream"},{"not_picked":["hubris:TerracottaHorce","SacredBark"],"picked":"Philosopher\u0027s Stone"}],"items_purged_floors":[14,36],"is_endless":false,"potions_floor_spawned":[7,8,10,16,19,23,29,30,42,45,47],"killed_by":"NeowBoss","ascension_level":1}}