{"host":"v9ordiuf4xzdpttp","time":1611795026,"event":{"mods":["AchievementEnabler","Act Like it!","AlwaysNeverKeys","BaseMod","Better Third Choice","Better Vampires","BetterRewards","CCEM2","Colored Map","Gold Saver","Halation","Infinite Spire","Jedi Mod","Marked Mod","Minty Spire (QoL Compilation)","Pale of the Ancients","Remove Card Discount Mod","Shop Mod","Spicy Shops","StSLib","The Bug Knight","The Runesmith"],"gold_per_floor":[1053,1003,1014,171,184,215,215,226,226,226,242,279,279],"floor_reached":12,"language":"ENG","playtime":605,"items_purged":[],"score":90,"play_id":"777c4f23-7c54-4db1-a35d-459520d6f10e","local_time":"20210127195026","is_ascension_mode":false,"campfire_choices":[{"data":"Dualcast","floor":7,"key":"SMITH"}],"circlet_count":0,"master_deck":["Strike_B","Strike_B","Strike_B","Strike_B","Defend_B","Defend_B","Defend_B","Zap","Dualcast+1","Streamline","Conserve Battery","jedi:blockon","Sweeping Beam","Gash","White Noise","Ball Lightning","Static Discharge"],"relics":["Cracked Core","CCEMRelics:BiPhaseBiplane","jedi:fakemustache","MerchantsRug","Matryoshka","CCEMRelics:FryingPan","Tiny Chest","infinitespire:Midas Blood","jedi:arcanewood"],"acts_visited":["Exordium"],"potions_floor_usage":[],"damage_taken":[{"damage":5,"enemies":"Cultist","floor":1,"turns":4},{"damage":6,"enemies":"Jaw Worm","floor":3,"turns":3},{"damage":10,"enemies":"2 Louse","floor":5,"turns":3},{"damage":19,"enemies":"Gremlin Nob","floor":6,"turns":4},{"damage":15,"enemies":"Lots of Slimes","floor":8,"turns":3},{"damage":0,"enemies":"Blue Slaver","floor":11,"turns":2},{"damage":27,"enemies":"3 Sentries","floor":12,"turns":5}],"seed_played":"-5794735265201230407","potions_obtained":[{"floor":3,"key":"Weak Potion"},{"floor":5,"key":"FairyPotion"},{"floor":6,"key":"Block Potion"}],"is_trial":false,"path_per_floor":["M","?","M","$","M","E","R","M","T","?","M","E"],"character_chosen":"DEFECT","items_purchased":["CCEMRelics:BiPhaseBiplane","jedi:fakemustache","MerchantsRug","jedi:blockon","Sweeping Beam","Matryoshka"],"campfire_rested":0,"item_purchase_floors":[4,4,4,4,4,4],"current_hp_per_floor":[70,70,64,75,65,46,46,31,31,31,31,4,4],"gold":279,"neow_bonus":"ONE_RANDOM_RARE_CARD","is_daily":false,"chose_seed":false,"campfire_upgraded":1,"win_rate":0.0,"timestamp":1611795026,"path_taken":["M","?","M","$","M","E","R","M","T","?","M","E"],"items_purchased_type":["Relic","Relic","Relic","Card","Card","Relic"],"build_version":"2020-12-22","purchased_purges":0,"victory":false,"max_hp_per_floor":[75,75,75,75,75,75,75,75,75,75,75,75,75],"card_choices":[{"not_picked":["Leap","Undo"],"picked":"Streamline","floor":1},{"not_picked":["jedi:BurstLightning","Compile Driver"],"picked":"Conserve Battery","floor":3},{"not_picked":["Sweeping Beam","jedi:sharpshooter"],"picked":"Gash","floor":5},{"not_picked":["Doom and Gloom","jedi:studyfrost","Sweeping Beam"],"picked":"SKIP","floor":6},{"not_picked":["Force Field","Turbo","Hologram"],"picked":"SKIP","floor":8},{"not_picked":["White Noise","Turbo"],"picked":"Ball Lightning","floor":11},{"not_picked":["Redo","Core Surge"],"picked":"Static Discharge","floor":12}],"player_experience":208186,"relics_obtained":[{"floor":6,"key":"CCEMRelics:FryingPan"},{"floor":9,"key":"Tiny Chest"},{"floor":9,"key":"infinitespire:Midas Blood"},{"floor":12,"key":"jedi:arcanewood"}],"event_choices":[{"cards_removed":["jedi:darknesscall"],"damage_healed":0,"gold_gain":0,"player_choice":"Card Removal","damage_taken":0,"max_hp_gain":0,"max_hp_loss":0,"event_name":"The Cleric","floor":2,"gold_loss":50},{"damage_healed":0,"gold_gain":0,"cards_transformed":["Defend_B"],"player_choice":"Change","damage_taken":0,"max_hp_gain":0,"max_hp_loss":0,"event_name":"Living Wall","floor":10,"gold_loss":0,"cards_obtained":["White Noise"]}],"is_beta":false,"boss_relics":[],"items_purged_floors":[],"is_endless":false,"potions_floor_spawned":[3,5,6],"killed_by":"3 Sentries","ascension_level":0}}