{"host":"11728qvdvolffudn","time":1611875765,"event":{"mods":["BaseMod","Block Reminder","Colored Powertips","Curses Come First","Custom Start","Displayed Cursed Tome","Highlight Path","Minty Spire (QoL Compilation)","Permanent Neow","Quick Restart","Rare Cards Sparkle","Relic Stats","StSLib"],"gold_per_floor":[116,116,194,209,209,234,234,269,315,327,327,402,183,199,199,300,300,320,220,220,232,249,249,267,297,297,324,324,350,350,364,364,460,460,478,478,357,357,373,373,407,407,476,509,509,509,509,521,521,521,521],"floor_reached":50,"language":"ENG","playtime":1659,"items_purged":["Strike_R","Strike_R","Strike_R+1"],"score":639,"play_id":"441a986b-2d23-4154-b273-c95366e597cb","local_time":"20210128231605","is_ascension_mode":false,"campfire_choices":[{"data":"Immolate","floor":7,"key":"SMITH"},{"data":"Whirlwind","floor":11,"key":"SMITH"},{"data":"Whirlwind","floor":15,"key":"SMITH"},{"data":"Double Tap","floor":23,"key":"SMITH"},{"data":"Bash","floor":30,"key":"SMITH"},{"data":"Inflame","floor":32,"key":"SMITH"},{"data":"Madness","floor":40,"key":"SMITH"},{"data":"Madness","floor":42,"key":"SMITH"},{"floor":46,"key":"REST"},{"floor":49,"key":"REST"}],"circlet_count":0,"master_deck":["Strike_R+1","Defend_R+1","Defend_R+1","Defend_R+1","Defend_R+1","Bash+1","Immolate+1","Whirlwind+1","Inflame+1","Whirlwind+1","Double Tap","CurseOfTheBell","Seeing Red+1","Double Tap+1","Madness+1","Madness+1","Inflame","Immolate+1"],"relics":["Burning Blood","Gremlin Horn","Bronze Scales","Red Skull","Lantern","Vajra","Calling Bell","Pen Nib","Mercury Hourglass","Torii","Bottled Flame","Matryoshka","Oddly Smooth Stone","Smiling Mask","Molten Egg 2","Shuriken","SlaversCollar","Regal Pillow","Bag of Preparation","Paper Frog","Juzu Bracelet"],"acts_visited":["Exordium","TheCity","TheBeyond"],"potions_floor_usage":[8,33,33,44,48,48,50],"damage_taken":[{"damage":6,"enemies":"Jaw Worm","floor":1,"turns":4},{"damage":0,"enemies":"2 Louse","floor":4,"turns":1},{"damage":9,"enemies":"3 Sentries","floor":6,"turns":4},{"damage":0,"enemies":"Gremlin Nob","floor":8,"turns":2},{"damage":0,"enemies":"Small Slimes","floor":10,"turns":2},{"damage":0,"enemies":"Exordium Thugs","floor":14,"turns":2},{"damage":2,"enemies":"Slime Boss","floor":16,"turns":6},{"damage":0,"enemies":"Chosen","floor":18,"turns":3},{"damage":0,"enemies":"2 Thieves","floor":21,"turns":1},{"damage":0,"enemies":"Sentry and Sphere","floor":22,"turns":1},{"damage":7,"enemies":"Centurion and Healer","floor":24,"turns":3},{"damage":1,"enemies":"Gremlin Leader","floor":25,"turns":4},{"damage":22,"enemies":"Book of Stabbing","floor":27,"turns":5},{"damage":0,"enemies":"Gremlin Leader","floor":29,"turns":2},{"damage":0,"enemies":"Snecko","floor":31,"turns":2},{"damage":63,"enemies":"Champ","floor":33,"turns":8},{"damage":0,"enemies":"3 Shapes","floor":35,"turns":1},{"damage":10,"enemies":"Orb Walker","floor":39,"turns":3},{"damage":0,"enemies":"Reptomancer","floor":41,"turns":1},{"damage":43,"enemies":"Giant Head","floor":44,"turns":6},{"damage":23,"enemies":"Transient","floor":48,"turns":5},{"damage":84,"enemies":"Time Eater","floor":50,"turns":6}],"seed_played":"3786113208319220270","potions_obtained":[{"floor":1,"key":"DistilledChaos"},{"floor":6,"key":"Fire Potion"},{"floor":8,"key":"ElixirPotion"},{"floor":10,"key":"ColorlessPotion"},{"floor":22,"key":"Regen Potion"},{"floor":33,"key":"Fire Potion"},{"floor":44,"key":"Fire Potion"},{"floor":48,"key":"DuplicationPotion"}],"is_trial":false,"path_per_floor":["M","?","T","M","?","E","R","E","T","M","R","?","$","M","R","B",null,"M","$","?","M","M","R","M","E","T","E","T","E","R","M","R","B",null,"M","?","$","?","M","R","E","R","T","E","?","R","?","M","R","B"],"character_chosen":"IRONCLAD","items_purchased":["Vajra","Inflame"],"campfire_rested":2,"item_purchase_floors":[13,37],"current_hp_per_floor":[80,80,80,80,64,61,61,67,67,73,73,62,62,68,68,72,80,80,80,80,80,80,80,79,80,80,64,64,70,70,76,76,28,80,80,70,70,70,66,66,72,72,72,35,35,74,74,57,80,0,0],"gold":521,"neow_bonus":"ONE_RANDOM_RARE_CARD","is_daily":false,"chose_seed":false,"campfire_upgraded":8,"win_rate":0.0,"timestamp":1611875765,"path_taken":["M","?","?","M","?","E","R","E","T","M","R","?","$","M","R","BOSS","M","$","?","M","M","R","M","E","T","E","?","E","R","M","R","BOSS","M","?","$","?","M","R","E","R","T","E","?","R","?","M","R","BOSS"],"items_purchased_type":["Relic","Card"],"build_version":"2020-12-22","purchased_purges":3,"victory":false,"max_hp_per_floor":[80,80,80,80,80,80,80,80,80,80,80,80,80,80,80,80,80,80,80,80,80,80,80,80,80,80,80,80,80,80,80,80,80,80,80,80,80,80,80,80,80,80,80,80,80,80,80,80,80,80,80],"relic_stats":{"Regal Pillow":15,"Gremlin Horn":[16,16],"Torii":23,"counters":[22,72],"Pen Nib":[8],"Bag of Preparation":[6],"Juzu Bracelet":2,"Smiling Mask":75,"Burning Blood":92,"Mercury Hourglass":[183],"Shuriken":[7],"Bronze Scales":[114],"obtain_stats":[{"Lantern":9,"Regal Pillow":41,"Gremlin Horn":3,"Torii":17,"Vajra":13,"Oddly Smooth Stone":27,"Pen Nib":17,"Bag of Preparation":43,"Juzu Bracelet":44,"Smiling Mask":28,"Burning Blood":0,"Mercury Hourglass":17,"Calling Bell":17,"SlaversCollar":34,"Bottled Flame":25,"Matryoshka":26,"Shuriken":29,"Bronze Scales":6,"Molten Egg 2":28,"Red Skull":8,"Paper Frog":43},{"Lantern":4,"Regal Pillow":19,"Gremlin Horn":1,"Torii":7,"Vajra":5,"Oddly Smooth Stone":13,"Pen Nib":7,"Bag of Preparation":19,"Juzu Bracelet":20,"Smiling Mask":13,"Burning Blood":0,"Mercury Hourglass":7,"Calling Bell":7,"SlaversCollar":16,"Bottled Flame":12,"Matryoshka":12,"Shuriken":14,"Bronze Scales":3,"Molten Egg 2":13,"Red Skull":4,"Paper Frog":19},{"Lantern":11,"Regal Pillow":55,"Gremlin Horn":4,"Torii":21,"Vajra":13,"Oddly Smooth Stone":38,"Pen Nib":21,"Bag of Preparation":55,"Juzu Bracelet":61,"Smiling Mask":38,"Burning Blood":0,"Mercury Hourglass":21,"Calling Bell":21,"SlaversCollar":50,"Bottled Flame":33,"Matryoshka":33,"Shuriken":40,"Bronze Scales":9,"Molten Egg 2":38,"Red Skull":11,"Paper Frog":55}]},"card_choices":[{"not_picked":["Blood for Blood","Twin Strike","Wild Strike"],"picked":"SKIP","floor":1},{"not_picked":["Bloodletting","Rupture"],"picked":"Whirlwind","floor":4},{"not_picked":["Twin Strike","Sword Boomerang","Juggernaut"],"picked":"SKIP","floor":6},{"not_picked":["Intimidate","Dark Embrace"],"picked":"Inflame","floor":8},{"not_picked":["Carnage","Blood for Blood","Clothesline"],"picked":"SKIP","floor":10},{"not_picked":["Anger","Evolve"],"picked":"Whirlwind","floor":14},{"not_picked":["Corruption","Bludgeon"],"picked":"Double Tap","floor":16},{"not_picked":["Twin Strike+1","True Grit"],"picked":"Seeing Red+1","floor":18},{"not_picked":["Uppercut","Armaments"],"picked":"Double Tap","floor":21},{"not_picked":["Fire Breathing+1","Sever Soul","Cleave"],"picked":"SKIP","floor":22},{"not_picked":["Rage+1","Pommel Strike+1","Warcry+1"],"picked":"SKIP","floor":24},{"not_picked":["Berserk","Body Slam","Pummel"],"picked":"SKIP","floor":25},{"not_picked":["Impervious","True Grit","Heavy Blade"],"picked":"SKIP","floor":27},{"not_picked":["Pummel+1","Clothesline+1","Bloodletting+1"],"picked":"SKIP","floor":29},{"not_picked":["Flex","Twin Strike+1","Anger+1"],"picked":"SKIP","floor":31},{"not_picked":["Cleave+1","Power Through+1","Anger+1"],"picked":"SKIP","floor":35},{"not_picked":["Thunderclap+1","Intimidate+1","Wild Strike+1"],"picked":"SKIP","floor":39},{"not_picked":["Fire Breathing+1","Hemokinesis+1","Feed+1"],"picked":"SKIP","floor":41},{"not_picked":["Perfected Strike+1","Wild Strike+1","Anger+1"],"picked":"SKIP","floor":44},{"not_picked":["Twin Strike+1","Shockwave+1","Bloodletting+1"],"picked":"SKIP","floor":48}],"player_experience":163528,"relics_obtained":[{"floor":3,"key":"Gremlin Horn"},{"floor":6,"key":"Bronze Scales"},{"floor":8,"key":"Red Skull"},{"floor":9,"key":"Lantern"},{"floor":17,"key":"Pen Nib"},{"floor":17,"key":"Mercury Hourglass"},{"floor":17,"key":"Torii"},{"floor":25,"key":"Bottled Flame"},{"floor":26,"key":"Matryoshka"},{"floor":27,"key":"Oddly Smooth Stone"},{"floor":28,"key":"Smiling Mask"},{"floor":28,"key":"Molten Egg 2"},{"floor":29,"key":"Shuriken"},{"floor":41,"key":"Regal Pillow"},{"floor":43,"key":"Bag of Preparation"},{"floor":43,"key":"Paper Frog"},{"floor":44,"key":"Juzu Bracelet"}],"event_choices":[{"damage_healed":0,"gold_gain":0,"player_choice":"Ignored","damage_taken":0,"max_hp_gain":0,"max_hp_loss":0,"event_name":"Liars Game","floor":2,"gold_loss":0},{"damage_healed":0,"gold_gain":0,"player_choice":"Entered Light","damage_taken":16,"max_hp_gain":0,"max_hp_loss":0,"event_name":"Shining Light","floor":5,"gold_loss":0,"cards_upgraded":["Strike_R","Strike_R"]},{"damage_healed":0,"gold_gain":75,"player_choice":"Gather Gold","damage_taken":11,"max_hp_gain":0,"max_hp_loss":0,"event_name":"World of Goop","floor":12,"gold_loss":0},{"damage_healed":0,"gold_gain":0,"player_choice":"Simplicity","damage_taken":0,"max_hp_gain":0,"max_hp_loss":0,"event_name":"Back to Basics","floor":20,"gold_loss":0,"cards_upgraded":["Strike_R","Defend_R","Defend_R","Defend_R","Defend_R"]},{"damage_healed":0,"gold_gain":0,"player_choice":"Embrace Madness","damage_taken":10,"max_hp_gain":0,"max_hp_loss":0,"event_name":"Winding Halls","floor":36,"gold_loss":0,"cards_obtained":["Madness","Madness"]},{"cards_removed":["Strike_R"],"damage_healed":0,"gold_gain":0,"player_choice":"Purged","damage_taken":0,"max_hp_gain":0,"max_hp_loss":0,"event_name":"Purifier","floor":38,"gold_loss":0},{"damage_healed":0,"gold_gain":0,"player_choice":"Copied","damage_taken":0,"max_hp_gain":0,"max_hp_loss":0,"event_name":"Duplicator","floor":45,"gold_loss":0,"cards_obtained":["Immolate"]},{"damage_healed":0,"gold_gain":0,"player_choice":"Ignored","damage_taken":0,"max_hp_gain":0,"max_hp_loss":0,"event_name":"SecretPortal","floor":47,"gold_loss":0}],"is_beta":false,"boss_relics":[{"not_picked":["Empty Cage","Snecko Eye"],"picked":"Calling Bell"},{"not_picked":["Cursed Key","Black Star"],"picked":"SlaversCollar"}],"items_purged_floors":[13,19,37],"is_endless":false,"potions_floor_spawned":[1,6,8,10,22,27,31,33,44,48],"killed_by":"Time Eater","ascension_level":0}}