{"host":"92108ef2q9tm8rod","time":1611871774,"event":{"mods":["BaseMod","Defuse TimeMaze Blight","Minty Spire (QoL Compilation)","StSLib","The Jungle"],"gold_per_floor":[115,115,115,134,209,209,240,284,284,324,172,172,172,172,172,296,296,309,309,92,105,129,169,169,169,169,169,169,209,132,132,132,258,258,276,290,315,339,339,380,415,415,415,430,448,467,271,292,292,292],"floor_reached":51,"language":"ENG","playtime":3847,"items_purged":[],"score":1161,"play_id":"50988b54-aef0-4d76-9105-0b50627b3bc1","local_time":"20210128220934","daily_mods":["SealedDeck","Hoarder","Colorless Cards","Heirloom","Flight"],"is_ascension_mode":false,"campfire_choices":[{"data":"Blind","floor":6.0,"key":"SMITH"},{"data":"Slice","floor":12.0,"key":"SMITH"},{"data":"Slice","floor":13.0,"key":"SMITH"},{"data":"Dramatic Entrance","floor":15.0,"key":"SMITH"},{"data":"After Image","floor":24.0,"key":"SMITH"},{"data":"Blind","floor":25.0,"key":"SMITH"},{"data":"After Image","floor":27.0,"key":"SMITH"},{"data":"Deflect","floor":28.0,"key":"SMITH"},{"data":"Dramatic Entrance","floor":32.0,"key":"SMITH"},{"data":"After Image","floor":42,"key":"SMITH"},{"data":"Skewer","floor":49,"key":"SMITH"}],"circlet_count":0,"master_deck":["Skewer","Skewer","Skewer+1","Enlightenment","Enlightenment","Enlightenment","PiercingWail","PiercingWail","PiercingWail","Slice+1","Slice+1","Slice+1","Dramatic Entrance+1","Dramatic Entrance+1","Dramatic Entrance+1","Deep Breath","Deep Breath","Deep Breath","Deflect","Deflect","Deflect+1","Blind+1","Blind+1","Blind","Deflect","Deflect","Deflect","Good Instincts","Good Instincts","Good Instincts","Bandage Up","Bandage Up","Bandage Up","After Image+1","After Image+1","After Image+1","Finesse","Finesse","Finesse","Terror+1","Terror+1","Terror+1","Dark Shackles+1","Dark Shackles+1","Dark Shackles+1","Panacea","Panacea","Panacea"],"relics":["Unceasing Top","FossilizedHelix","Golden Idol","Tiny Chest","White Beast Statue","Paper Crane","Orichalcum","Whetstone","SacredBark","Membership Card","Oddly Smooth Stone","Dream Catcher","Omamori","TheAbacus","Empty Cage","Anchor","TungstenRod","Molten Egg 2","Singing Bowl","TwistedFunnel"],"acts_visited":["Exordium","Exordium","TheBeyond"],"potions_floor_usage":[50,50,50],"damage_taken":[{"damage":0.0,"enemies":"2 Louse","floor":1.0,"turns":1.0},{"damage":0.0,"enemies":"Small Slimes","floor":4.0,"turns":1.0},{"damage":0.0,"enemies":"3 Sentries","floor":7.0,"turns":4.0},{"damage":0.0,"enemies":"Lagavulin","floor":8.0,"turns":6.0},{"damage":0.0,"enemies":"Gremlin Nob","floor":10.0,"turns":2.0},{"damage":0.0,"enemies":"Hexaghost","floor":16.0,"turns":9.0},{"damage":0.0,"enemies":"Shell Parasite","floor":18.0,"turns":6.0},{"damage":0.0,"enemies":"theJungle:5_Spyders","floor":21.0,"turns":3.0},{"damage":0.0,"enemies":"theJungle:SlimyTreeVines","floor":22.0,"turns":19.0},{"damage":0.0,"enemies":"theJungle:Cassacara","floor":23.0,"turns":8.0},{"damage":0.0,"enemies":"theJungle:MamaSnecko","floor":29.0,"turns":4.0},{"damage":0.0,"enemies":"theJungle:QueenSpyder","floor":33.0,"turns":12.0},{"damage":2.0,"enemies":"3 Shapes","floor":35.0,"turns":1.0},{"damage":0.0,"enemies":"3 Darklings","floor":36.0,"turns":5.0},{"damage":0.0,"enemies":"Transient","floor":37.0,"turns":5.0},{"damage":0.0,"enemies":"Jaw Worm Horde","floor":38.0,"turns":3.0},{"damage":0,"enemies":"Nemesis","floor":40,"turns":3},{"damage":0,"enemies":"Giant Head","floor":41,"turns":4},{"damage":0,"enemies":"Sphere and 2 Shapes","floor":44,"turns":4},{"damage":0,"enemies":"Spire Growth","floor":45,"turns":3},{"damage":0,"enemies":"Transient","floor":46,"turns":5},{"damage":0,"enemies":"4 Shapes","floor":48,"turns":1},{"damage":0,"enemies":"Donu and Deca","floor":50,"turns":14}],"seed_played":"-8729743234003287386","potions_obtained":[{"floor":7.0,"key":"Weak Potion"},{"floor":8.0,"key":"FearPotion"},{"floor":10.0,"key":"Swift Potion"},{"floor":16.0,"key":"PowerPotion"},{"floor":18.0,"key":"Ancient Potion"},{"floor":29.0,"key":"Fruit Juice"},{"floor":33.0,"key":"ColorlessPotion"},{"floor":35.0,"key":"Explosive Potion"},{"floor":36.0,"key":"Poison Potion"},{"floor":40,"key":"BlessingOfTheForge"},{"floor":41,"key":"Fire Potion"},{"floor":44,"key":"Fire Potion"}],"is_trial":true,"path_per_floor":["M","?","?","M","?","R","E","E","T","E","$","R","R","?","R","B",null,"M","?","$","M","M","E","R","R","T","R","R","E","$","$","R","B",null,"M","M","M","M","$","E","E","R","T","M","M","M","$","M","R","B",null],"character_chosen":"THE_SILENT","items_purchased":["Whetstone","Membership Card","Oddly Smooth Stone","TheAbacus","Singing Bowl","TwistedFunnel"],"campfire_rested":0,"item_purchase_floors":[11,20,20,30,47,47],"current_hp_per_floor":[70,63,63,63,52,52,52,52,52,52,52,52,52,57,57,69,70,70,70,70,70,70,70,70,70,70,70,70,70,70,70,70,80,80,80,80,80,80,80,80,80,80,80,80,80,80,80,82,82,82],"gold":292,"neow_bonus":"","is_daily":false,"chose_seed":false,"campfire_upgraded":11,"win_rate":0.0,"timestamp":1611871774,"path_taken":["M","?","?","?","?","R","E","E","T","E","$","R","R","?","R","BOSS","M","?","$","M","M","E","R","R","T","R","R","E","$","$","R","BOSS","M","M","M","M","$","E","E","R","T","M","M","M","$","M","R","BOSS"],"items_purchased_type":["Relic","Relic","Relic","Relic","Relic","Relic"],"build_version":"2020-12-22","purchased_purges":0,"victory":true,"max_hp_per_floor":[70,70,65,65,65,65,65,65,65,65,65,65,65,70,70,70,70,70,70,70,70,70,70,70,70,70,70,70,70,70,70,70,80,80,80,80,80,80,80,80,80,80,80,80,80,80,80,82,82,82],"card_choices":[{"not_picked":["Acrobatics","PiercingWail"],"picked":"Good Instincts","floor":1.0},{"not_picked":["Blade Dance","Eviscerate","Choke"],"picked":"SKIP","floor":4.0},{"not_picked":["Eviscerate","Flying Knee","Tactician"],"picked":"SKIP","floor":7.0},{"not_picked":["Good Instincts","Backflip","Poisoned Stab"],"picked":"SKIP","floor":8.0},{"not_picked":["Flying Knee","Noxious Fumes"],"picked":"Bandage Up","floor":10.0},{"not_picked":["Chrysalis","Corpse Explosion"],"picked":"After Image","floor":16.0},{"not_picked":["Dodge and Roll","Cloak And Dagger+1","Backflip"],"picked":"SKIP","floor":18.0},{"not_picked":["Dagger Throw","Outmaneuver"],"picked":"Terror+1","floor":21.0},{"not_picked":["Leg Sweep","Bane","Quick Slash"],"picked":"SKIP","floor":22.0},{"not_picked":["Backflip","Underhanded Strike+1","Madness"],"picked":"SKIP","floor":23.0},{"not_picked":["Outmaneuver","Calculated Gamble+1"],"picked":"Dark Shackles+1","floor":29.0},{"not_picked":["Blade Dance+1","Sucker Punch+1","Dagger Spray+1"],"picked":"SKIP","floor":35.0},{"not_picked":["Blade Dance+1","Quick Slash+1","Flechettes+1"],"picked":"SKIP","floor":36.0},{"not_picked":["Flash of Steel+1","Panacea+1","Dagger Throw+1"],"picked":"SKIP","floor":37.0},{"not_picked":["Sucker Punch","Bane","PiercingWail"],"picked":"SKIP","floor":38.0},{"not_picked":["Mayhem","Backflip","Impatience"],"picked":"SKIP","floor":40},{"not_picked":["Purity","PanicButton","Well Laid Plans"],"picked":"SKIP","floor":41},{"not_picked":["Deadly Poison","Finisher+1"],"picked":"Panacea","floor":44},{"not_picked":["Slice+1","Well Laid Plans+1","Bane+1"],"picked":"SKIP","floor":45},{"not_picked":["Flechettes+1","Slice+1","Dagger Throw+1"],"picked":"SKIP","floor":46},{"not_picked":["Blade Dance+1","Prepared","Dagger Throw+1"],"picked":"Singing Bowl","floor":48}],"player_experience":3358160,"relics_obtained":[{"floor":7.0,"key":"Tiny Chest"},{"floor":8.0,"key":"White Beast Statue"},{"floor":9.0,"key":"Paper Crane"},{"floor":10.0,"key":"Orichalcum"},{"floor":23.0,"key":"Dream Catcher"},{"floor":29.0,"key":"Omamori"},{"floor":40,"key":"Anchor"},{"floor":41,"key":"TungstenRod"},{"floor":43,"key":"Molten Egg 2"}],"event_choices":[{"cards_removed":["PanicButton"],"damage_healed":0.0,"max_hp_gain":0.0,"max_hp_loss":0.0,"gold_gain":0.0,"event_name":"Golden Wing","player_choice":"Card Removal","floor":2.0,"gold_loss":0.0,"damage_taken":7.0},{"damage_healed":0.0,"max_hp_gain":0.0,"max_hp_loss":5.0,"gold_gain":0.0,"event_name":"Golden Idol","player_choice":"Lose Max HP","floor":3.0,"gold_loss":0.0,"damage_taken":0.0,"relics_obtained":["Golden Idol"]},{"damage_healed":0.0,"max_hp_gain":0.0,"max_hp_loss":0.0,"gold_gain":75.0,"event_name":"World of Goop","player_choice":"Gather Gold","floor":5.0,"gold_loss":0.0,"damage_taken":11.0},{"damage_healed":0.0,"max_hp_gain":5.0,"max_hp_loss":0.0,"gold_gain":0.0,"event_name":"Big Fish","player_choice":"Donut","floor":14.0,"gold_loss":0.0,"damage_taken":0.0},{"damage_healed":0.0,"max_hp_gain":0.0,"max_hp_loss":0.0,"gold_gain":0.0,"event_name":"Match and Keep!","player_choice":"1 cards matched","floor":19.0,"gold_loss":0.0,"damage_taken":0.0,"cards_obtained":["Finesse"]}],"is_beta":false,"boss_relics":[{"not_picked":["Velvet Choker","Sozu"],"picked":"SacredBark"},{"not_picked":["Black Star","Philosopher\u0027s Stone"],"picked":"Empty Cage"}],"items_purged_floors":[],"is_endless":false,"potions_floor_spawned":[7,8,10,16,18,21,22,23,29,33,35,36,37,38,40,41,44,45,46,48],"ascension_level":0}}