{"host":"q2l6xtlpu05lrop8","time":1611801304,"event":{"mods":["AchievementEnabler","BaseMod","Colored Map","Downfall","Googly Eyes","Minty Spire (QoL Compilation)","StSLib","The IronCluck","slay the spire mod where everything is the same but ironclad has a cowboy hat"],"gold_per_floor":[99,99,99,99,117,137,163,163,181,215,47,47,47,59,73,171,171,171,171,184,184,169,188,215,215,215,248,248,262,262,72,91,188,188,188,203,213,213,313,5,84,103,123,141,159,159,177,223,238,238],"floor_reached":51,"language":"ENG","playtime":5016,"items_purged":["hexamod:Strike","hexamod:Strike"],"score":802,"play_id":"56df9f62-cbfd-47ae-ae89-65c1f4b717c3","local_time":"20210127183504","is_ascension_mode":true,"campfire_choices":[{"data":"hexamod:Sear","floor":1,"key":"SMITH"},{"data":"hexamod:PhantomCloak","floor":13,"key":"SMITH"},{"data":"hexamod:HeatShield","floor":18,"key":"SMITH"},{"data":"hexamod:RainOfEmbers","floor":25,"key":"SMITH"},{"floor":28,"key":"REST"},{"floor":30,"key":"REST"},{"data":"hexamod:PhantomCloak","floor":35,"key":"SMITH"},{"data":"expansioncontent:StudyTheSpire","floor":46,"key":"SMITH"}],"circlet_count":0,"master_deck":["hexamod:Strike","hexamod:Strike","hexamod:Defend","hexamod:Defend","hexamod:Defend","hexamod:Defend","hexamod:Sear+1","hexamod:Float","hexamod:HeatMetal","hexamod:RainOfEmbers+1","hexamod:SoulSteal","hexamod:PhantomCloak+1","hexamod:NightmareGuise","hexamod:HeatShield+1","hexamod:SuperheatedStrike","hexamod:BurningTouch","hexamod:ExtraCrispy","hexamod:GhostflameBarrier","hexamod:PhantomCloak+1","hexamod:Incineration","hexamod:WildfireWeapon","hexamod:Rewind+1","hexamod:GhostflameBarrier","hexamod:PhantomFireball","hexamod:Hexaguard+1","expansioncontent:AwakenDeath","expansioncontent:QuickStudy","expansioncontent:StudyTheSpire","hexamod:Hexaguard","expansioncontent:QuickStudy","expansioncontent:StudyTheSpire+1","hexamod:PhantomCloak","hexamod:ThermalTransfer","hexamod:Hexaguard+1","hexamod:PhantomCloak"],"relics":["hexamod:SpiritBrand","downfall:HeartsMalice","Omamori","Du-Vu Doll","Calling Bell","Boot","Pear","Pocketwatch","Bag of Marbles","sneckomod:BabySnecko","Letter Opener","Velvet Choker","White Beast Statue","DollysMirror","Bird Faced Urn","HornCleat","Dead Branch"],"acts_visited":["Exordium","TheCity","TheBeyond"],"potions_floor_usage":[11,16,16,16,29,33,48,49,50,50],"damage_taken":[{"damage":0,"enemies":"2 Louse","floor":2,"turns":1},{"damage":0,"enemies":"Cultist","floor":3,"turns":1},{"damage":0,"enemies":"Jaw Worm","floor":4,"turns":1},{"damage":12,"enemies":"Gremlin Gang","floor":5,"turns":6},{"damage":0,"enemies":"Large Slime","floor":6,"turns":4},{"damage":15,"enemies":"3 Louse","floor":9,"turns":3},{"damage":4,"enemies":"3 Sentries","floor":10,"turns":6},{"damage":1,"enemies":"downfall:FleeingMerchant","floor":11,"turns":4},{"damage":20,"enemies":"Exordium Wildlife","floor":14,"turns":4},{"damage":0,"enemies":"Large Slime","floor":15,"turns":3},{"damage":13,"enemies":"WA_ARCHETYPE_RETAIN","floor":16,"turns":14},{"damage":21,"enemies":"3 Byrds","floor":20,"turns":3},{"damage":0,"enemies":"downfall:FleeingMerchant","floor":22,"turns":4},{"damage":28,"enemies":"3 Cultists","floor":23,"turns":7},{"damage":19,"enemies":"Gremlin Leader","floor":27,"turns":6},{"damage":14,"enemies":"Snake Plant","floor":29,"turns":5},{"damage":2,"enemies":"downfall:FleeingMerchant","floor":31,"turns":4},{"damage":0,"enemies":"Snecko","floor":32,"turns":4},{"damage":52,"enemies":"IC_MUSHROOM_ARCHETYPE","floor":33,"turns":10},{"damage":0,"enemies":"3 Darklings","floor":36,"turns":4},{"damage":14,"enemies":"3 Shapes","floor":37,"turns":4},{"damage":0,"enemies":"downfall:LadyInBlue","floor":39,"turns":10},{"damage":0,"enemies":"downfall:FleeingMerchant","floor":40,"turns":2},{"damage":16,"enemies":"Transient","floor":42,"turns":5},{"damage":0,"enemies":"4 Shapes","floor":43,"turns":7},{"damage":5,"enemies":"Writhing Mass","floor":44,"turns":7},{"damage":0,"enemies":"Sphere and 2 Shapes","floor":45,"turns":3},{"damage":3,"enemies":"3 Darklings","floor":47,"turns":3},{"damage":14,"enemies":"2 Orb Walkers","floor":48,"turns":4},{"damage":0,"enemies":"Jaw Worm Horde","floor":49,"turns":4},{"damage":7,"enemies":"SI_POISON_ARCHETYPE","floor":50,"turns":8}],"seed_played":"1766681858790132819","potions_obtained":[{"floor":5,"key":"Ancient Potion"},{"floor":6,"key":"Guardian:BlockOnCardUsePotion"},{"floor":10,"key":"EssenceOfSteel"},{"floor":14,"key":"Block Potion"},{"floor":29,"key":"Fruit Juice"},{"floor":32,"key":"PowerPotion"},{"floor":39,"key":"EssenceOfSteel"},{"floor":39,"key":"BlessingOfTheForge"},{"floor":39,"key":"hexamod:SoulburnPotion"},{"floor":44,"key":"hexamod:SoulburnPotion"},{"floor":48,"key":"DistilledChaos"},{"floor":49,"key":"LiquidMemories"}],"is_trial":false,"path_per_floor":["R","M","M","M","M","M","T","?","M","E","$","?","R","M","M","B",null,"R","?","M","?","$","M","T","R","?","E","R","M","R","$","M","B",null,"R","M","M","?","?","$","T","M","M","M","M","R","M","?","M","B",null],"character_chosen":"THE_SPIRIT","items_purchased":["hexamod:GhostflameBarrier","hexamod:PhantomFireball","expansioncontent:QuickStudy","DollysMirror","Bird Faced Urn","hexamod:PhantomCloak"],"campfire_rested":2,"item_purchase_floors":[11,31,40,40,40,40],"current_hp_per_floor":[70,70,70,70,58,58,58,58,43,39,38,38,38,18,18,5,80,80,65,44,72,72,44,44,44,44,25,50,41,68,66,66,14,90,90,90,76,66,66,66,66,58,70,71,79,79,80,72,82,90],"gold":238,"neow_bonus":"THREE_ENEMY_KILL","is_daily":false,"chose_seed":false,"campfire_upgraded":6,"win_rate":0.0,"timestamp":1611801304,"path_taken":["R","M","M","M","M","M","T","?","?","E","$","?","R","?","M","BOSS","R","?","M","?","?","M","T","R","?","E","R","M","R","$","M","BOSS","R","M","M","?","?","$","T","M","M","?","M","R","M","?","M","BOSS"],"items_purchased_type":["Card","Card","Card","Relic","Relic","Card"],"build_version":"2020-12-22","purchased_purges":2,"victory":true,"max_hp_per_floor":[70,70,70,70,70,70,70,70,70,70,70,70,70,70,70,70,80,80,85,85,85,85,85,85,85,85,85,85,90,90,90,90,90,90,90,90,90,90,90,90,90,90,90,90,90,90,90,90,90,90],"card_choices":[{"not_picked":["hexamod:GhostShield","hexamod:Haunt"],"picked":"hexamod:HeatMetal","floor":2},{"not_picked":["hexamod:Haunt","hexamod:FirstSeal"],"picked":"hexamod:RainOfEmbers","floor":3},{"not_picked":["hexamod:FlamesFromBeyond","hexamod:Hexaguard"],"picked":"hexamod:SoulSteal","floor":4},{"not_picked":["hexamod:Hexaguard","hexamod:SwordOfDarkness"],"picked":"hexamod:PhantomCloak","floor":5},{"not_picked":["hexamod:BacktrackSmack","hexamod:SwordOfDarkness"],"picked":"hexamod:NightmareGuise","floor":6},{"not_picked":["hexamod:FastForward","hexamod:BacktrackSmack"],"picked":"hexamod:SuperheatedStrike","floor":9},{"not_picked":["hexamod:RecurringNightmare","hexamod:HexaLevel"],"picked":"hexamod:BurningTouch","floor":10},{"not_picked":["hexamod:InspiringFlames","hexamod:StepThrough"],"picked":"hexamod:ExtraCrispy","floor":11},{"not_picked":["hexamod:RainOfEmbers","hexamod:FastForward"],"picked":"hexamod:Incineration","floor":14},{"not_picked":["hexamod:FastForward","hexamod:SpectersWail","hexamod:InspiringFlames"],"picked":"SKIP","floor":15},{"not_picked":["hexamod:HexaLevel","hexamod:UnlimitedPower"],"picked":"hexamod:WildfireWeapon","floor":16},{"not_picked":["hexamod:GhostOfSpirePast+1","hexamod:SwordOfDarkness"],"picked":"hexamod:Rewind+1","floor":20},{"not_picked":["hexamod:GiftsFromTheDead","hexamod:SpectersWail","hexamod:ChargedBarrage+1"],"picked":"SKIP","floor":22},{"not_picked":["hexamod:HauntingEcho","hexamod:ShieldOfDarkness"],"picked":"hexamod:GhostflameBarrier","floor":23},{"not_picked":["hexamod:SpectralAdrenaline+1","hexamod:CatchUp+1","hexamod:BacktrackSmack"],"picked":"SKIP","floor":27},{"not_picked":["hexamod:BacktrackSmack","hexamod:FastForward+1","hexamod:FlamesFromBeyond"],"picked":"SKIP","floor":29},{"not_picked":["hexamod:DynamicBlow","hexamod:RainOfEmbers+1","hexamod:ShieldOfDarkness"],"picked":"SKIP","floor":31},{"not_picked":["hexamod:NightmareStrike+1","hexamod:FirstSeal","hexamod:AdvancingGuard"],"picked":"SKIP","floor":32},{"not_picked":["hexamod:FlamesFromBeyond","hexamod:ShieldOfDarkness"],"picked":"hexamod:Hexaguard+1","floor":36},{"not_picked":["hexamod:NightmareStrike","hexamod:FastForward+1","hexamod:ShieldOfDarkness"],"picked":"SKIP","floor":37},{"not_picked":["expansioncontent:LastStand","expansioncontent:InvincibleStrength"],"picked":"expansioncontent:AwakenDeath","floor":38},{"not_picked":["expansioncontent:Chronoboost","expansioncontent:InvincibleStrength"],"picked":"expansioncontent:QuickStudy","floor":38},{"not_picked":["expansioncontent:GuardianWhirl","expansioncontent:DashGenerateEvil"],"picked":"expansioncontent:StudyTheSpire","floor":38},{"not_picked":["hexamod:UnleashSpirits","hexamod:FlamesFromBeyond"],"picked":"hexamod:Hexaguard","floor":40},{"not_picked":["hexamod:EtherealExpedition","hexamod:SpectersWail+1","hexamod:SuperheatedStrike+1"],"picked":"SKIP","floor":42},{"not_picked":["hexamod:GhostOfSpirePast+1","hexamod:Firestarter"],"picked":"hexamod:ThermalTransfer","floor":43},{"not_picked":["hexamod:FastForward+1","hexamod:RecurringNightmare"],"picked":"hexamod:Hexaguard+1","floor":44},{"not_picked":["hexamod:NightmareStrike","hexamod:GhostLash","hexamod:Firestarter+1"],"picked":"SKIP","floor":45},{"not_picked":["hexamod:Incineration+1","hexamod:SwordOfDarkness+1","hexamod:RecurringNightmare"],"picked":"SKIP","floor":47},{"not_picked":["hexamod:SpectersWail+1","hexamod:TurnItUp"],"picked":"hexamod:PhantomCloak","floor":48},{"not_picked":["hexamod:InspiringFlames+1","hexamod:ShieldOfDarkness+1","hexamod:NightmareGuise"],"picked":"SKIP","floor":49}],"player_experience":891314,"relics_obtained":[{"floor":7,"key":"Omamori"},{"floor":10,"key":"Du-Vu Doll"},{"floor":17,"key":"Boot"},{"floor":17,"key":"Pear"},{"floor":17,"key":"Pocketwatch"},{"floor":24,"key":"Bag of Marbles"},{"floor":27,"key":"Letter Opener"},{"floor":39,"key":"White Beast Statue"},{"floor":41,"key":"HornCleat"},{"floor":48,"key":"Dead Branch"}],"event_choices":[{"damage_healed":28,"gold_gain":0,"player_choice":"Heal","damage_taken":0,"max_hp_gain":0,"max_hp_loss":0,"event_name":"The Library","floor":21,"gold_loss":0},{"damage_healed":0,"gold_gain":0,"player_choice":"Fight","damage_taken":0,"max_hp_gain":0,"max_hp_loss":0,"event_name":"Mysterious Sphere","floor":48,"gold_loss":0}],"is_beta":false,"boss_relics":[{"not_picked":["Black Star","Astrolabe"],"picked":"Calling Bell"},{"not_picked":["Runic Dome","SacredBark"],"picked":"Velvet Choker"}],"items_purged_floors":[11,31],"is_endless":false,"potions_floor_spawned":[5,6,10,14,29,32,40,42,43,44,45,47,48,49],"ascension_level":1}}