{"host":"e326moqq81vao3qq","time":1611851975,"event":{"mods":["BaseMod","Colored Powertips","Highlight Path","Minty Spire (QoL Compilation)","Quick Restart","Relic Stats","Spicy Shops","StSLib","The Druid"],"gold_per_floor":[115,128,142,66,66,66,93,105,140,163,175,200,223,264,276,392,404,436,465,477,500,512,512],"floor_reached":22,"language":"ENG","playtime":842,"items_purged":[],"score":228,"play_id":"94c54bab-8390-427c-8a66-f5859c05bbcb","local_time":"20210128113935","is_ascension_mode":true,"campfire_choices":[{"data":"Searing Blow","floor":6,"key":"SMITH"},{"data":"Searing Blow+1","floor":8,"key":"SMITH"},{"data":"Searing Blow+3","floor":15,"key":"SMITH"}],"circlet_count":0,"master_deck":["Strike_R+1","Strike_R","Strike_R+1","Strike_R","Strike_R","Defend_R","Defend_R","Defend_R","Defend_R","Bash+1","Searing Blow+4","Warcry","Armaments+1","Headbutt","Thunderclap","Immolate","Disarm","Offering","Body Slam+1","Spot Weakness"],"relics":["Burning Blood","Dream Catcher","MawBank","Whetstone","Ginger","SlaversCollar"],"acts_visited":["Exordium","TheCity"],"potions_floor_usage":[12,12,22],"damage_taken":[{"damage":0,"enemies":"Small Slimes","floor":1,"turns":3},{"damage":1,"enemies":"Cultist","floor":2,"turns":3},{"damage":0,"enemies":"2 Louse","floor":3,"turns":2},{"damage":20,"enemies":"Gremlin Nob","floor":7,"turns":4},{"damage":4,"enemies":"2 Fungi Beasts","floor":10,"turns":3},{"damage":8,"enemies":"Gremlin Gang","floor":12,"turns":4},{"damage":3,"enemies":"Blue Slaver","floor":13,"turns":3},{"damage":10,"enemies":"3 Sentries","floor":14,"turns":3},{"damage":38,"enemies":"Hexaghost","floor":16,"turns":8},{"damage":6,"enemies":"Spheric Guardian","floor":18,"turns":2},{"damage":17,"enemies":"Shell Parasite","floor":19,"turns":2},{"damage":53,"enemies":"Centurion and Healer","floor":21,"turns":5},{"damage":27,"enemies":"Chosen and Byrds","floor":22,"turns":4}],"seed_played":"142763630601369808","potions_obtained":[{"floor":3,"key":"PowerPotion"},{"floor":7,"key":"EssenceOfSteel"},{"floor":13,"key":"SneckoOil"},{"floor":16,"key":"FearPotion"}],"is_trial":false,"path_per_floor":["M","M","M","$","?","R","E","R","T","M","?","M","M","E","R","B",null,"M","M","?","M","M"],"character_chosen":"IRONCLAD","items_purchased":["Dream Catcher"],"campfire_rested":0,"item_purchase_floors":[4],"current_hp_per_floor":[80,80,80,80,64,64,50,50,50,52,52,50,53,49,49,17,80,80,69,69,22,0,0],"gold":512,"neow_bonus":"UPGRADE_CARD","is_daily":false,"chose_seed":false,"campfire_upgraded":3,"win_rate":0.0,"timestamp":1611851975,"path_taken":["M","M","M","$","?","R","E","R","T","M","?","M","?","E","R","BOSS","M","M","?","M","M"],"items_purchased_type":["Relic"],"build_version":"2020-12-22","purchased_purges":0,"victory":false,"max_hp_per_floor":[80,80,80,80,80,80,80,80,80,80,80,80,80,80,80,80,80,80,80,80,80,80,80],"relic_stats":{"Dream Catcher":0,"counters":[13,46],"Whetstone":["Strike_R","Searing Blow"],"Ginger":[0],"MawBank":180,"obtain_stats":[{"SlaversCollar":17,"Dream Catcher":4,"Whetstone":9,"Ginger":14,"MawBank":7,"Burning Blood":0},{"SlaversCollar":9,"Dream Catcher":3,"Whetstone":4,"Ginger":8,"MawBank":4,"Burning Blood":0},{"SlaversCollar":33,"Dream Catcher":8,"Whetstone":12,"Ginger":25,"MawBank":12,"Burning Blood":0}],"Burning Blood":55},"card_choices":[{"not_picked":["Perfected Strike","Wild Strike"],"picked":"Searing Blow","floor":1},{"not_picked":["Power Through","Whirlwind"],"picked":"Warcry","floor":2},{"not_picked":["Shrug It Off","Heavy Blade"],"picked":"Armaments","floor":3},{"not_picked":["Warcry","Clash"],"picked":"Headbutt","floor":7},{"not_picked":["Warcry","Perfected Strike"],"picked":"Thunderclap","floor":10},{"not_picked":["Clothesline","Feel No Pain","Rampage"],"picked":"SKIP","floor":12},{"not_picked":["Perfected Strike","Iron Wave"],"picked":"Immolate","floor":13},{"not_picked":["Dropkick","Ghostly Armor"],"picked":"Disarm","floor":14},{"not_picked":["Immolate","Limit Break"],"picked":"Offering","floor":16},{"not_picked":["Cleave","Twin Strike"],"picked":"Body Slam+1","floor":18},{"not_picked":["Headbutt","Twin Strike+1","Metallicize"],"picked":"SKIP","floor":19},{"not_picked":["Iron Wave","Perfected Strike"],"picked":"Spot Weakness","floor":21}],"player_experience":259510,"relics_obtained":[{"floor":7,"key":"MawBank"},{"floor":9,"key":"Whetstone"},{"floor":14,"key":"Ginger"}],"event_choices":[{"damage_healed":0,"gold_gain":0,"player_choice":"Entered Light","damage_taken":16,"max_hp_gain":0,"max_hp_loss":0,"event_name":"Shining Light","floor":5,"gold_loss":0,"cards_upgraded":["Armaments","Strike_R"]},{"damage_healed":0,"gold_gain":0,"player_choice":"Cursed","damage_taken":0,"max_hp_gain":0,"max_hp_loss":0,"event_name":"Wheel of Change","floor":11,"gold_loss":0,"cards_obtained":["Decay"]},{"cards_removed":["Decay"],"damage_healed":0,"gold_gain":0,"player_choice":"Elegance","damage_taken":0,"max_hp_gain":0,"max_hp_loss":0,"event_name":"Back to Basics","floor":20,"gold_loss":0}],"is_beta":false,"boss_relics":[{"not_picked":["SacredBark","Tiny House"],"picked":"SlaversCollar"}],"items_purged_floors":[],"is_endless":false,"potions_floor_spawned":[3,7,13,16],"killed_by":"Chosen and Byrds","ascension_level":3}}