{"host":"5h6e4l6hpn0p5lap","time":1611802335,"event":{"mods":["AchievementEnabler","BaseMod","Better Altar","Better Match","Better Sensory Stone","Better Skull","Better Third Choice","Filter the Spire","Highlight Path","Minty Spire (QoL Compilation)","StSLib"],"gold_per_floor":[218,232,86,106,126,126,126,145,199,232,245,245,278,278,278,380,380,391,408,189,206,218,218,245,245,271,221,221,256,256,270,270,270,270],"floor_reached":33,"language":"ENG","playtime":1744,"items_purged":["Strike_R","Strike_R"],"score":277,"play_id":"d9dccfe5-284a-4ef4-b02d-965d414bd68b","local_time":"20210127215215","is_ascension_mode":false,"campfire_choices":[{"data":"Juggernaut","floor":6,"key":"SMITH"},{"data":"Body Slam","floor":15,"key":"SMITH"},{"floor":23,"key":"REST"},{"floor":28,"key":"REST"},{"data":"Rupture","floor":30,"key":"SMITH"},{"floor":32,"key":"REST"}],"circlet_count":0,"master_deck":["Strike_R","Strike_R","Strike_R","Defend_R","Defend_R","Defend_R","Defend_R","Bash","Whirlwind+1","Body Slam+1","Juggernaut+1","Flame Barrier","Sword Boomerang","Hemokinesis","Fire Breathing+1","Metallicize","Rupture+1","Pommel Strike","PanicButton","Wild Strike","Evolve+1","Shrug It Off","Anger+1","Power Through","Spot Weakness","Heavy Blade+1","Shrug It Off"],"relics":["Burning Blood","Orrery","Vajra","Blue Candle","Nunchaku","Black Star","Lantern","Red Skull","CaptainsWheel","Smiling Mask","Red Mask"],"acts_visited":["Exordium","TheCity"],"potions_floor_usage":[10,10,13,16,24,24],"damage_taken":[{"damage":5,"enemies":"Cultist","floor":1,"turns":4},{"damage":7,"enemies":"Small Slimes","floor":2,"turns":3},{"damage":2,"enemies":"2 Louse","floor":4,"turns":2},{"damage":15,"enemies":"2 Fungi Beasts","floor":5,"turns":4},{"damage":0,"enemies":"3 Louse","floor":8,"turns":1},{"damage":25,"enemies":"3 Sentries","floor":10,"turns":6},{"damage":2,"enemies":"Large Slime","floor":11,"turns":4},{"damage":9,"enemies":"Gremlin Nob","floor":13,"turns":4},{"damage":51,"enemies":"The Guardian","floor":16,"turns":11},{"damage":13,"enemies":"Chosen","floor":18,"turns":6},{"damage":24,"enemies":"3 Byrds","floor":19,"turns":4},{"damage":22,"enemies":"Centurion and Healer","floor":21,"turns":8},{"damage":26,"enemies":"3 Cultists","floor":22,"turns":5},{"damage":24,"enemies":"Gremlin Leader","floor":24,"turns":9},{"damage":24,"enemies":"Masked Bandits","floor":29,"turns":5},{"damage":15,"enemies":"Snake Plant","floor":31,"turns":3},{"damage":65,"enemies":"Collector","floor":33,"turns":7}],"seed_played":"4939720346396121423","potions_obtained":[{"floor":1,"key":"BloodPotion"},{"floor":2,"key":"BloodPotion"},{"floor":8,"key":"CultistPotion"},{"floor":11,"key":"Weak Potion"},{"floor":22,"key":"DistilledChaos"},{"floor":24,"key":"Fruit Juice"}],"is_trial":false,"path_per_floor":["M","M","$","M","M","R","?","M","T","E","M","?","E","?","R","B",null,"M","M","$","M","M","R","E","?","T","$","R","?","R","M","R","B"],"character_chosen":"IRONCLAD","items_purchased":["Orrery","Lantern"],"campfire_rested":3,"item_purchase_floors":[3,20],"current_hp_per_floor":[80,79,79,80,71,71,76,82,82,80,84,84,81,81,81,53,85,78,60,60,44,24,49,36,36,36,36,63,45,45,36,63,0,0],"gold":270,"neow_bonus":"HUNDRED_GOLD","is_daily":false,"chose_seed":false,"campfire_upgraded":3,"win_rate":0.0,"timestamp":1611802335,"path_taken":["M","M","$","M","M","R","?","M","T","E","M","?","E","?","R","BOSS","M","M","$","M","M","R","E","?","T","?","R","?","R","M","R","BOSS"],"items_purchased_type":["Relic","Relic"],"build_version":"2020-12-22","purchased_purges":2,"victory":false,"max_hp_per_floor":[80,80,80,80,80,80,85,85,85,85,85,85,85,85,85,85,85,85,85,85,85,85,85,90,90,90,90,90,90,90,90,90,90,90],"card_choices":[{"not_picked":["Rupture","Heavy Blade"],"picked":"Whirlwind","floor":1},{"not_picked":["Iron Wave","Seeing Red"],"picked":"Body Slam","floor":2},{"not_picked":["Iron Wave","Armaments"],"picked":"Juggernaut","floor":3},{"not_picked":["Rampage","Anger"],"picked":"Flame Barrier","floor":3},{"not_picked":["Wild Strike","Armaments"],"picked":"Sword Boomerang","floor":3},{"not_picked":["Anger","Headbutt"],"picked":"Hemokinesis","floor":3},{"not_picked":["True Grit","Cleave"],"picked":"Fire Breathing","floor":4},{"not_picked":["Warcry","Infernal Blade"],"picked":"Metallicize","floor":5},{"not_picked":["Perfected Strike","Blood for Blood"],"picked":"Rupture","floor":8},{"not_picked":["Flex","Dual Wield"],"picked":"Pommel Strike","floor":10},{"not_picked":["Body Slam","Sever Soul","Exhume"],"picked":"SKIP","floor":11},{"not_picked":["Apotheosis","Purity"],"picked":"PanicButton","floor":12},{"not_picked":["Perfected Strike","Anger"],"picked":"Wild Strike","floor":13},{"not_picked":["Thunderclap","Headbutt+1"],"picked":"Evolve+1","floor":18},{"not_picked":["Searing Blow","Cleave"],"picked":"Shrug It Off","floor":19},{"not_picked":["Sword Boomerang","Iron Wave"],"picked":"Anger+1","floor":21},{"not_picked":["Clothesline","Bludgeon"],"picked":"Power Through","floor":22},{"not_picked":["Twin Strike","Wild Strike"],"picked":"Spot Weakness","floor":24},{"not_picked":["Pommel Strike","Reckless Charge"],"picked":"Heavy Blade+1","floor":29},{"not_picked":["Pommel Strike","Infernal Blade"],"picked":"Shrug It Off","floor":31}],"player_experience":1001549,"relics_obtained":[{"floor":9,"key":"Vajra"},{"floor":10,"key":"Blue Candle"},{"floor":13,"key":"Nunchaku"},{"floor":24,"key":"Red Skull"},{"floor":24,"key":"CaptainsWheel"},{"floor":26,"key":"Smiling Mask"},{"floor":29,"key":"Red Mask"}],"event_choices":[{"damage_healed":0,"gold_gain":0,"player_choice":"Donut","damage_taken":0,"max_hp_gain":5,"max_hp_loss":0,"event_name":"Big Fish","floor":7,"gold_loss":0},{"damage_healed":0,"gold_gain":1,"player_choice":"1","damage_taken":0,"max_hp_gain":0,"max_hp_loss":0,"event_name":"betterStone:BetterStone","floor":12,"gold_loss":0},{"damage_healed":0,"gold_gain":0,"player_choice":"Grow","damage_taken":0,"max_hp_gain":0,"max_hp_loss":0,"event_name":"Living Wall","floor":14,"gold_loss":0,"cards_upgraded":["Fire Breathing"]},{"damage_healed":0,"gold_gain":0,"player_choice":"Upgraded","damage_taken":0,"max_hp_gain":0,"max_hp_loss":0,"event_name":"Upgrade Shrine","floor":25,"gold_loss":0,"cards_upgraded":["Whirlwind"]},{"damage_healed":0,"gold_gain":0,"player_choice":"Fought Bandits","damage_taken":0,"max_hp_gain":0,"max_hp_loss":0,"event_name":"Masked Bandits","floor":29,"gold_loss":0}],"is_beta":false,"boss_relics":[{"not_picked":["Runic Dome","Velvet Choker"],"picked":"Black Star"}],"items_purged_floors":[20,27],"is_endless":false,"potions_floor_spawned":[1,2,8,11,22,24],"killed_by":"Collector","ascension_level":0}}