{"host":"mai03x2ekbjy4059","time":1611802916,"event":{"mods":["2.2 Compatiblity","BaseMod","Colored Map","DeckTracker","Keyboard Shortcuts","Minty Spire (QoL Compilation)","Permanent Neow","Quick Restart","SuperFastMode","everything is the same but u backflip on backflip"],"gold_per_floor":[120,120,136,136,152,152,181,181,208,263,295,307,336,392,404,416,416],"floor_reached":16,"language":"KOR","playtime":426,"items_purged":[],"score":126,"play_id":"f58f1cb9-5f93-4b10-98a4-fe319d7a76a4","local_time":"20210128120156","is_ascension_mode":true,"campfire_choices":[{"data":"Neutralize","floor":6.0,"key":"SMITH"},{"data":"After Image","floor":12.0,"key":"SMITH"},{"data":"Heel Hook","floor":15.0,"key":"SMITH"}],"circlet_count":0,"master_deck":["Strike_G","Strike_G","Strike_G","Strike_G","Strike_G","Defend_G","Defend_G+1","Defend_G","Defend_G+1","Survivor","Neutralize+1","Heel Hook+1","After Image+1","Escape Plan"],"relics":["Ring of the Snake","CeramicFish","Question Card","MawBank","Lantern","Potion Belt"],"acts_visited":["Exordium"],"potions_floor_usage":[16],"damage_taken":[{"damage":0.0,"enemies":"Jaw Worm","floor":1.0,"turns":5.0},{"damage":1.0,"enemies":"Cultist","floor":3.0,"turns":4.0},{"damage":0.0,"enemies":"Small Slimes","floor":5.0,"turns":3.0},{"damage":10.0,"enemies":"Gremlin Nob","floor":7.0,"turns":5.0},{"damage":17.0,"enemies":"Lagavulin","floor":10.0,"turns":9.0},{"damage":11.0,"enemies":"Exordium Thugs","floor":11.0,"turns":7.0},{"damage":0.0,"enemies":"3 Louse","floor":13.0,"turns":4.0},{"damage":6.0,"enemies":"3 Sentries","floor":14.0,"turns":10.0},{"damage":0,"enemies":"Slime Boss","floor":16,"turns":5}],"seed_played":"3424499256242682850","potions_obtained":[{"floor":1.0,"key":"LiquidBronze"},{"floor":3.0,"key":"LiquidBronze"},{"floor":13.0,"key":"Swift Potion"},{"floor":14.0,"key":"AttackPotion"}],"is_trial":false,"path_per_floor":["M","?","M","?","M","R","E","T","T","E","M","R","M","E","R","B"],"character_chosen":"THE_SILENT","items_purchased":[],"campfire_rested":0,"item_purchase_floors":[],"current_hp_per_floor":[70,63,62,48,48,48,38,38,38,21,10,10,10,4,4,4,4],"gold":416,"neow_bonus":"RANDOM_COMMON_RELIC","is_daily":false,"chose_seed":false,"campfire_upgraded":3,"win_rate":0.0,"timestamp":1611802916,"path_taken":["M","?","M","?","M","R","E","?","T","E","?","R","M","E","R","BOSS"],"items_purchased_type":[],"build_version":"2020-12-22","purchased_purges":0,"victory":false,"max_hp_per_floor":[70,70,70,70,70,70,70,70,70,70,70,70,70,70,70,70,70],"card_choices":[{"not_picked":["Well Laid Plans","PiercingWail"],"picked":"Heel Hook","floor":1.0},{"not_picked":["Eviscerate","Prepared","Outmaneuver"],"picked":"SKIP","floor":3.0},{"not_picked":["Deflect","Endless Agony","Infinite Blades"],"picked":"SKIP","floor":5.0},{"not_picked":["Cloak And Dagger","Doppelganger","Eviscerate"],"picked":"SKIP","floor":7.0},{"not_picked":["Bane","Outmaneuver","Storm of Steel"],"picked":"After Image","floor":10.0},{"not_picked":["Calculated Gamble","Bane","Skewer","Choke"],"picked":"SKIP","floor":11.0},{"not_picked":["Backflip","Bane","Poisoned Stab","Predator"],"picked":"SKIP","floor":13.0},{"not_picked":["Deflect","Prepared","Flying Knee"],"picked":"Escape Plan","floor":14.0}],"player_experience":1152948,"relics_obtained":[{"floor":7.0,"key":"Question Card"},{"floor":9.0,"key":"MawBank"},{"floor":10.0,"key":"Lantern"},{"floor":14.0,"key":"Potion Belt"}],"event_choices":[{"cards_removed":["Defend_G"],"damage_healed":0.0,"max_hp_gain":0.0,"max_hp_loss":0.0,"gold_gain":0.0,"event_name":"Golden Wing","player_choice":"Card Removal","floor":2.0,"gold_loss":0.0,"damage_taken":7.0},{"damage_healed":0.0,"max_hp_gain":0.0,"max_hp_loss":0.0,"gold_gain":0.0,"event_name":"Shining Light","player_choice":"Entered Light","floor":4.0,"gold_loss":0.0,"damage_taken":14.0,"cards_upgraded":["Defend_G","Defend_G"]}],"is_beta":false,"boss_relics":[],"items_purged_floors":[],"is_endless":false,"potions_floor_spawned":[1,3,13,14],"killed_by":"Slime Boss","ascension_level":1}}