{"host":"4gr5irrdjh39ysed","time":1611794780,"event":{"mods":["AchievementEnabler","BaseMod","Colored Map","Downfall","Hermit","Minty Spire (QoL Compilation)","Random Character Button","StSLib","The Construct","The Cursed","The Disciple","The Hierophant","The Mystic","The Necromancer","The Runesmith"],"gold_per_floor":[109,109,126,126,126,126,146,179,179,179,179,194,210,228,228,302,302,315,328,328,328,344,671,689,202,202,215,215,258,258,95,95,181,181,207,225,252,76,76,119,119,42,42,42,79,16,16,54,54,54,54,54,54,92,92],"floor_reached":56,"language":"ENG","playtime":3667,"items_purged":["Defend_R","Strike_R"],"score":2195,"play_id":"9307a8f7-4f15-4f83-9b12-0abad2d1b835","local_time":"20210127174620","is_ascension_mode":true,"campfire_choices":[{"floor":6,"key":"RECALL"},{"data":"Inflame","floor":10,"key":"SMITH"},{"data":"Rupture","floor":15,"key":"SMITH"},{"data":"Limit Break","floor":30,"key":"SMITH"},{"data":"Limit Break","floor":32,"key":"SMITH"},{"data":"Limit Break","floor":41,"key":"SMITH"},{"data":"RitualDagger","floor":47,"key":"SMITH"},{"data":"Fire Breathing","floor":49,"key":"SMITH"},{"data":"Offering","floor":52,"key":"SMITH"}],"circlet_count":0,"master_deck":["AscendersBane","Strike_R","Strike_R","Strike_R+1","Bash+1","Inflame+1","Dropkick","Shrug It Off","Spot Weakness","Fire Breathing+1","Flame Barrier","Rupture+1","Evolve","Rage","Limit Break+1","Battle Trance","Demon Form","RitualDagger+1","Fire Breathing+1","Flex","Wild Strike","Headbutt","Anger","Chrysalis","Limit Break+1","Dual Wield","Limit Break+1","Impervious","Carnage","Madness","Madness","Rampage","Dropkick","Iron Wave+1","Offering+1","Intimidate+1","Clothesline","Wild Strike","Sword Boomerang","Anger"],"relics":["Burning Blood","Blue Candle","Calipers","Kunai","Black Star","Art of War","Old Coin","DollysMirror","Strawberry","CeramicFish","Empty Cage","Bottled Tornado","Nunchaku","Shuriken","Akabeko","Boot","Omamori","Runesmith:Nanobots","InkBottle","Vajra"],"acts_visited":["Exordium","TheCity","TheBeyond","TheEnding"],"potions_floor_usage":[13,16,16,27,33,45,48,50],"damage_taken":[{"damage":14,"enemies":"Jaw Worm","floor":1,"turns":3},{"damage":6,"enemies":"Cultist","floor":3,"turns":3},{"damage":28,"enemies":"2 Louse","floor":7,"turns":4},{"damage":40,"enemies":"Lagavulin","floor":8,"turns":7},{"damage":28,"enemies":"Large Slime","floor":12,"turns":4},{"damage":35,"enemies":"Exordium Thugs","floor":13,"turns":4},{"damage":24,"enemies":"Looter","floor":14,"turns":4},{"damage":875,"enemies":"Hexaghost","floor":16,"turns":9},{"damage":43,"enemies":"Chosen","floor":18,"turns":6},{"damage":78,"enemies":"3 Byrds","floor":19,"turns":6},{"damage":48,"enemies":"Snecko","floor":22,"turns":7},{"damage":123,"enemies":"Slavers","floor":23,"turns":6},{"damage":63,"enemies":"Centurion and Healer","floor":24,"turns":6},{"damage":107,"enemies":"3 Cultists","floor":27,"turns":6},{"damage":107,"enemies":"Book of Stabbing","floor":29,"turns":6},{"damage":160,"enemies":"Automaton","floor":33,"turns":12},{"damage":41,"enemies":"3 Shapes","floor":35,"turns":6},{"damage":96,"enemies":"3 Darklings","floor":37,"turns":6},{"damage":260,"enemies":"Giant Head","floor":40,"turns":10},{"damage":114,"enemies":"Reptomancer","floor":45,"turns":5},{"damage":114,"enemies":"Giant Head","floor":48,"turns":7},{"damage":234,"enemies":"Awakened One","floor":50,"turns":10},{"damage":228,"enemies":"Shield and Spear","floor":54,"turns":6},{"damage":306,"enemies":"The Heart","floor":55,"turns":9}],"seed_played":"7909544644595018767","potions_obtained":[{"floor":7,"key":"EssenceOfSteel"},{"floor":12,"key":"BloodPotion"},{"floor":13,"key":"hexamod:SoulburnPotion"},{"floor":16,"key":"BlessingOfTheForge"},{"floor":22,"key":"FearPotion"},{"floor":27,"key":"ElixirPotion"},{"floor":29,"key":"AttackPotion"},{"floor":37,"key":"AttackPotion"},{"floor":45,"key":"Strength Potion"}],"is_trial":false,"path_per_floor":["M","?","M","?","?","R","M","E","T","R","?","M","M","M","R","B",null,"M","M","?","?","M","E","M","$","T","M","?","E","R","$","R","B",null,"M","?","M","$","?","E","R","$","T","?","E","$","R","E","R","B",null,"R","$","E","B",null],"character_chosen":"IRONCLAD","items_purchased":["Anger","Chrysalis","DollysMirror","Limit Break","Dropkick","Offering","Clothesline","Wild Strike"],"campfire_rested":0,"item_purchase_floors":[25,25,25,31,38,42,46,46],"current_hp_per_floor":[2060,2060,2060,2055,1432,1432,1410,1376,1376,1376,1376,1354,1740,1722,1722,853,1770,1733,1661,1655,1655,1613,1496,1439,1439,1439,1338,1338,1244,1244,1244,1244,1090,1834,1799,1424,1334,1334,1334,1080,1080,1080,1080,1080,972,972,972,864,864,636,1721,1721,1721,1499,1199],"gold":92,"neow_bonus":"THREE_CARDS","is_daily":false,"chose_seed":false,"campfire_upgraded":8,"win_rate":0.0,"timestamp":1611794780,"path_taken":["M","?","?","?","?","R","M","E","T","R","?","M","M","M","R","BOSS","M","M","?","?","M","E","M","$","T","M","?","E","R","$","R","BOSS","M","?","M","$","?","E","R","?","T","?","E","$","R","E","R","BOSS","R","$","E","BOSS"],"items_purchased_type":["Card","Card","Relic","Card","Card","Card","Card","Card"],"build_version":"2020-12-22","purchased_purges":2,"victory":true,"max_hp_per_floor":[2075,2075,2075,2075,2075,2075,2075,2075,2075,2075,2075,2075,2075,2075,2075,2075,2075,2075,2075,2075,2075,2075,2075,2075,2075,2075,2075,2075,2082,2082,2082,2082,2082,2082,2082,2082,2082,2082,2082,2082,2082,2082,2082,2082,2082,2082,2082,2082,2082,2082,2082,2082,2082,2082,2082],"card_choices":[{"not_picked":["Perfected Strike","Sentinel"],"picked":"Inflame","floor":0},{"not_picked":["Armaments","Shrug It Off"],"picked":"Dropkick","floor":1},{"not_picked":["Cleave","True Grit"],"picked":"Spot Weakness","floor":3},{"not_picked":["Pommel Strike","Metallicize"],"picked":"Fire Breathing","floor":7},{"not_picked":["Shrug It Off","Body Slam"],"picked":"Flame Barrier","floor":8},{"not_picked":["Warcry","Dual Wield"],"picked":"Rupture","floor":12},{"not_picked":["Iron Wave","Ghostly Armor"],"picked":"Evolve","floor":13},{"not_picked":["Anger","Reckless Charge"],"picked":"Rage","floor":14},{"not_picked":["Demon Form","Juggernaut"],"picked":"Limit Break","floor":16},{"not_picked":["Body Slam","Warcry"],"picked":"Battle Trance","floor":18},{"not_picked":["Body Slam","True Grit"],"picked":"Demon Form","floor":19},{"not_picked":["Wild Strike","Anger"],"picked":"Flex","floor":22},{"not_picked":["Searing Blow","Iron Wave"],"picked":"Wild Strike","floor":23},{"not_picked":["Searing Blow","Sword Boomerang"],"picked":"Headbutt","floor":24},{"not_picked":["Headbutt","Body Slam"],"picked":"Rupture","floor":27},{"not_picked":["Anger","Perfected Strike"],"picked":"Dual Wield","floor":29},{"not_picked":["Demon Form","Limit Break"],"picked":"Impervious","floor":33},{"not_picked":["Shrug It Off","Shockwave"],"picked":"Carnage","floor":35},{"not_picked":["Sword Boomerang","Carnage"],"picked":"Rampage","floor":37},{"not_picked":["Shrug It Off","Searing Blow+1"],"picked":"Iron Wave+1","floor":40},{"not_picked":["Body Slam","Clash"],"picked":"Intimidate+1","floor":45},{"not_picked":["Flame Barrier+1","Wild Strike"],"picked":"Sword Boomerang","floor":48},{"not_picked":["Searing Blow","Rage"],"picked":"Anger","floor":54}],"player_experience":253651,"relics_obtained":[{"floor":8,"key":"Calipers"},{"floor":9,"key":"Kunai"},{"floor":23,"key":"Art of War"},{"floor":23,"key":"Old Coin"},{"floor":29,"key":"Strawberry"},{"floor":29,"key":"CeramicFish"},{"floor":40,"key":"Bottled Tornado"},{"floor":40,"key":"Nunchaku"},{"floor":43,"key":"Shuriken"},{"floor":45,"key":"Akabeko"},{"floor":45,"key":"Boot"},{"floor":48,"key":"Omamori"},{"floor":48,"key":"Runesmith:Nanobots"},{"floor":54,"key":"InkBottle"},{"floor":54,"key":"Vajra"}],"event_choices":[{"damage_healed":0,"gold_gain":0,"cards_transformed":["Defend_R"],"player_choice":"Transformed","damage_taken":0,"max_hp_gain":0,"max_hp_loss":0,"event_name":"Transmorgrifier","floor":2,"gold_loss":0,"cards_obtained":["Shrug It Off"]},{"damage_healed":0,"gold_gain":0,"player_choice":"Entered Light","damage_taken":623,"max_hp_gain":0,"max_hp_loss":0,"event_name":"Shining Light","floor":5,"gold_loss":0,"cards_upgraded":["Strike_R","Bash"]},{"damage_healed":0,"gold_gain":0,"player_choice":"Forge","damage_taken":0,"max_hp_gain":0,"max_hp_loss":0,"event_name":"Accursed Blacksmith","floor":11,"gold_loss":0,"cards_upgraded":["Fire Breathing"]},{"damage_healed":0,"gold_gain":0,"player_choice":"Joined the Cult","damage_taken":6,"max_hp_gain":0,"max_hp_loss":0,"event_name":"Nest","floor":20,"gold_loss":0,"cards_obtained":["RitualDagger"]},{"damage_healed":0,"gold_gain":0,"player_choice":"Read","damage_taken":0,"max_hp_gain":0,"max_hp_loss":0,"event_name":"The Library","floor":21,"gold_loss":0,"cards_obtained":["Fire Breathing"]},{"cards_removed":["Defend_R"],"damage_healed":0,"gold_gain":0,"player_choice":"Elegance","damage_taken":0,"max_hp_gain":0,"max_hp_loss":0,"event_name":"Back to Basics","floor":28,"gold_loss":0},{"damage_healed":0,"gold_gain":0,"player_choice":"Embrace Madness","damage_taken":375,"max_hp_gain":0,"max_hp_loss":0,"event_name":"Winding Halls","floor":36,"gold_loss":0,"cards_obtained":["Madness","Madness"]},{"cards_removed":["Rupture"],"damage_healed":0,"gold_gain":0,"player_choice":"Removed Power","damage_taken":0,"max_hp_gain":0,"max_hp_loss":0,"event_name":"Falling","floor":39,"gold_loss":0},{"damage_healed":0,"gold_gain":0,"player_choice":"Got Potions","damage_taken":0,"max_hp_gain":0,"max_hp_loss":0,"event_name":"Lab","floor":44,"gold_loss":0}],"is_beta":false,"boss_relics":[{"not_picked":["Philosopher\u0027s Stone","Velvet Choker"],"picked":"Black Star"},{"not_picked":["Runic Dome","Snecko Eye"],"picked":"Empty Cage"}],"items_purged_floors":[25,38],"is_endless":false,"potions_floor_spawned":[7,12,13,16,22,27,29,37,45],"ascension_level":18}}