{"host":"5dqb5paqt19fo87c","time":1611813858,"event":{"mods":["BaseMod","BetterRewards","Conspire","Downfall","Highlight Path","Hubris","MarisaÅiñ∂âJÅ@ñÇóùçπÅj","Minty Spire (QoL Compilation)","Replay The Spire","Shop Mod","StSLib","The Animator","The Bug Knight","The Mystic","The Senshi","The Servant 0.9.4"],"gold_per_floor":[114,57,57,77,77,105,105,131,202,202,202,202,152,152,179,199,199,301,301,315,189,189,41,52,83,83,118,118,133,146,146,96,96,96,198,198,216,230,190,140,90,123,123,46,46,63,92,92,52,68,68,68],"floor_reached":53,"language":"ENG","playtime":3668,"items_purged":["Strike_S","Sickly","Strike_S","downfall:Icky","Shame"],"score":935,"play_id":"6f5a0324-7484-4922-a66c-6543661b6384","local_time":"20210128000418","is_ascension_mode":true,"campfire_choices":[{"floor":12,"key":"REST"},{"floor":14,"key":"REST"},{"data":"KidneyShot","floor":17,"key":"SMITH"},{"data":"Starlight","floor":26,"key":"SMITH"},{"data":"InstantArmor","floor":31,"key":"SMITH"},{"data":"SilverBlades","floor":34,"key":"SMITH"},{"floor":43,"key":"REST"},{"data":"Hightail","floor":48,"key":"SMITH"},{"data":"BottledTime","floor":51,"key":"SMITH"}],"circlet_count":0,"master_deck":["Strike_S","Strike_S","Defend_S","Defend_S","Defend_S","KidneyShot+1","Exchange","BottledTime","SilverBlades+1","SilverBlades+1","GearUp+1","SurpressingFire+1","Luminosity+1","InstantArmor+1","Dilation","SilverBlades+1","Starlight+1","BottledTime+1","Ricochet+1","Hightail+1","KillingDoll","DoubleEdge+1","Luminosity+1"],"relics":["Uniform","NeowsBlessing","Blue Candle","conspire:Dentures","Frozen Egg 2","Smiling Mask","Singing Bowl","Gremlin Horn","Replay:Ancient Bell","MealTicket","hubris:Metronome","Bird Faced Urn","hubris:Icosahedron","Simple Rune","conspire:Flyswatter","InkBottle","Kunai","Ring of Chaos","Ancient Tea Set","Darkstone Periapt","Boot"],"acts_visited":["Exordium","TheCity","TheBeyond"],"potions_floor_usage":[18,18,27,35,46,47,50,52,52,52],"damage_taken":[{"damage":0,"enemies":"Jaw Worm","floor":1,"turns":1},{"damage":0,"enemies":"2 Louse","floor":4,"turns":2},{"damage":0,"enemies":"Gremlin Nob","floor":6,"turns":1},{"damage":31,"enemies":"3 Sentries","floor":8,"turns":12},{"damage":11,"enemies":"Lagavulin","floor":15,"turns":9},{"damage":8,"enemies":"Small Slimes","floor":16,"turns":5},{"damage":0,"enemies":"Fading Forest","floor":18,"turns":11},{"damage":23,"enemies":"Spheric Guardian","floor":20,"turns":8},{"damage":15,"enemies":"Shell Parasite","floor":24,"turns":5},{"damage":0,"enemies":"HollowMod:Nosk","floor":25,"turns":7},{"damage":27,"enemies":"conspire:SneckoGhost","floor":27,"turns":7},{"damage":18,"enemies":"Shelled Parasite and Fungi","floor":29,"turns":4},{"damage":24,"enemies":"Centurion and Healer","floor":30,"turns":6},{"damage":31,"enemies":"Collector","floor":35,"turns":9},{"damage":28,"enemies":"3 Shapes","floor":37,"turns":7},{"damage":13,"enemies":"3 Darklings","floor":38,"turns":4},{"damage":52,"enemies":"Nemesis","floor":42,"turns":5},{"damage":18,"enemies":"4 Shapes","floor":46,"turns":9},{"damage":21,"enemies":"HollowMod:StalkingDevout","floor":47,"turns":4},{"damage":9,"enemies":"Jaw Worm Horde","floor":50,"turns":5},{"damage":0,"enemies":"hubris:GrandSnecko","floor":52,"turns":9}],"seed_played":"-2363120209724028277","potions_obtained":[{"floor":15,"key":"Explosive Potion"},{"floor":16,"key":"Fire Potion"},{"floor":24,"key":"Fire Potion"},{"floor":30,"key":"Energy Potion"},{"floor":38,"key":"Fire Potion"},{"floor":46,"key":"PowerPotion"},{"floor":49,"key":"Toxic Potion"},{"floor":49,"key":"Flashbang"},{"floor":49,"key":"PowerPotion"},{"floor":50,"key":"ColorlessPotion"}],"is_trial":false,"path_per_floor":["M","$","?","M","T","E","?","E","T","PTL","PTL","R","$","R","E","M","R","B",null,"M","$","?","?","M","E","R","E","T","M","M","R","$","?","R","B",null,"M","M","?","$","$","E","R","$","T","M","E","R","?","M","R","B",null],"character_chosen":"THE_SERVANT","items_purchased":["SilverBlades","SilverBlades+1","Luminosity+1"],"campfire_rested":3,"item_purchase_floors":[2,21,44],"current_hp_per_floor":[65,65,60,60,60,60,60,29,29,29,29,48,48,65,56,48,48,48,69,52,67,67,67,65,73,73,54,54,48,40,40,55,55,55,46,75,55,52,52,67,77,35,58,73,73,81,67,67,67,76,76,85],"gold":68,"neow_bonus":"THREE_ENEMY_KILL","is_daily":false,"chose_seed":false,"campfire_upgraded":6,"win_rate":0.0,"timestamp":1611813858,"path_taken":["M","$","?","M","?","E","?","E","T","PTL","PTL","R","$","R","E","M","R","BOSS","M","$","?","?","?","E","R","E","T","M","M","R","$","?","R","BOSS","M","M","?","?","$","E","R","$","T","M","E","R","?","M","R","BOSS"],"items_purchased_type":["Card","Card","Card"],"build_version":"2020-12-22","purchased_purges":5,"victory":true,"max_hp_per_floor":[65,65,65,65,65,65,65,65,65,65,65,65,65,65,67,67,67,67,69,71,71,71,71,71,73,73,75,75,75,75,75,75,75,75,75,75,77,77,77,77,77,79,79,79,79,81,83,83,83,85,85,85],"card_choices":[{"not_picked":["Ricochet","DoubleEdge"],"picked":"BottledTime","floor":1},{"not_picked":["Read","Defy"],"picked":"GearUp","floor":4},{"not_picked":["TimeWarp","Comet"],"picked":"SurpressingFire+1","floor":6},{"not_picked":["Rewind","Defy"],"picked":"Luminosity+1","floor":8},{"not_picked":["Rewind","ShatteredReality","Revamp"],"picked":"Singing Bowl","floor":15},{"not_picked":["Replace","Potential"],"picked":"InstantArmor","floor":16},{"not_picked":["Solidify","TheWorld"],"picked":"Dilation","floor":18},{"not_picked":["Shame","ReplayTheSpireMod:Restless Dread","hubris:Envy"],"picked":"Singing Bowl","floor":19},{"not_picked":["hubris:Sloth","ReplayTheSpireMod:Faulty Equipment"],"picked":"Sickly","floor":19},{"not_picked":["CurseOfTheBell","hubris:Compulsion"],"picked":"downfall:Icky","floor":19},{"not_picked":["Rearm","Revamp","Replace+1"],"picked":"Singing Bowl","floor":20},{"not_picked":["MurderousAura+1","Unruled"],"picked":"Starlight","floor":24},{"not_picked":["Hightail+1","FloweringNight+1","Rewind+1"],"picked":"Singing Bowl","floor":25},{"not_picked":["FastForward","Replace","GearUp"],"picked":"Singing Bowl","floor":27},{"not_picked":["FastForward","Unruled+1"],"picked":"BottledTime","floor":29},{"not_picked":["Deadline","StarChef+1"],"picked":"Ricochet+1","floor":30},{"not_picked":["ForgedInTime","SoulSculpture"],"picked":"KillingDoll","floor":35},{"not_picked":["RealityMarble+1","Alleviate","Rewind+1"],"picked":"Singing Bowl","floor":37},{"not_picked":["BottledTime","DualDimension+1"],"picked":"DoubleEdge+1","floor":38},{"not_picked":["RealityMarble+1","DoubleEdge","Potential+1"],"picked":"Singing Bowl","floor":42},{"not_picked":["Desolation+1","Deadline+1","ShatteredReality"],"picked":"Singing Bowl","floor":46},{"not_picked":["Ricochet+1","DoubleEdge+1","Defy+1"],"picked":"Singing Bowl","floor":47},{"not_picked":["Comet","ShatteredReality","Replace+1"],"picked":"Singing Bowl","floor":50}],"player_experience":234342,"relics_obtained":[{"floor":5,"key":"conspire:Dentures"},{"floor":6,"key":"Frozen Egg 2"},{"floor":8,"key":"Smiling Mask"},{"floor":9,"key":"Singing Bowl"},{"floor":15,"key":"Gremlin Horn"},{"floor":25,"key":"conspire:Flyswatter"},{"floor":27,"key":"InkBottle"},{"floor":28,"key":"Kunai"},{"floor":42,"key":"Ancient Tea Set"},{"floor":45,"key":"Darkstone Periapt"},{"floor":47,"key":"Boot"}],"event_choices":[{"damage_healed":0,"gold_gain":0,"player_choice":"Grow","damage_taken":0,"max_hp_gain":0,"max_hp_loss":0,"event_name":"Living Wall","floor":7,"gold_loss":0,"cards_upgraded":["SilverBlades"]},{"damage_healed":0,"gold_gain":0,"player_choice":"Paid Gold","damage_taken":0,"relics_obtained":["Simple Rune"],"max_hp_gain":0,"max_hp_loss":0,"event_name":"WeMeetAgain","floor":23,"gold_loss":148},{"damage_healed":0,"gold_gain":0,"cards_transformed":["Defend_S"],"player_choice":"Transformed","damage_taken":0,"max_hp_gain":0,"max_hp_loss":0,"event_name":"Transmorgrifier","floor":33,"gold_loss":0,"cards_obtained":["Hightail"]},{"damage_healed":0,"gold_gain":0,"player_choice":"Upgrade","damage_taken":0,"max_hp_gain":0,"max_hp_loss":0,"event_name":"Designer","floor":39,"gold_loss":40,"cards_upgraded":["GearUp"]},{"damage_healed":0,"gold_gain":0,"player_choice":"Bought 3 Potions","damage_taken":0,"max_hp_gain":0,"max_hp_loss":0,"event_name":"The Woman in Blue","floor":49,"gold_loss":0}],"is_beta":false,"boss_relics":[{"not_picked":["Abe\u0027s Treasure","Kintsugi"],"picked":"Replay:Ancient Bell"},{"not_picked":["Toy Ornithopter","Lantern"],"picked":"MealTicket"},{"not_picked":["Eternal Feather","White Beast Statue"],"picked":"hubris:Metronome"},{"not_picked":["conspire:GlowingRock","Replay:PocketPolymizer"],"picked":"Bird Faced Urn"},{"not_picked":["hubris:CrackedHourglass","Empty Cage"],"picked":"Ring of Chaos"}],"items_purged_floors":[13,21,32,40,41],"is_endless":false,"potions_floor_spawned":[15,16,24,30,38,46,50],"ascension_level":1}}