{"host":"zk71suw73lg2r165","time":1611873268,"event":{"mods":["BaseMod","Colored Map","Minty Spire (QoL Compilation)","Permanent Neow","Relic Stats","StSLib"],"gold_per_floor":[118,129,147,147,159,190,190,209,232,232,259,276,276,295,295,366,366,380,380,380,380,393,393,393,426,426,214,225,259,270,293,305,391,403,435,463,487,499,531,543,543],"floor_reached":40,"language":"ENG","playtime":1703,"items_purged":["Strike_B"],"score":970,"play_id":"086f9d36-0d5c-47fa-8bef-422121caeb41","local_time":"20210128173428","is_ascension_mode":true,"campfire_choices":[{"data":"Ball Lightning","floor":7.0,"key":"SMITH"},{"data":"Lockon","floor":10.0,"key":"SMITH"},{"data":"Echo Form","floor":13.0,"key":"SMITH"},{"floor":15.0,"key":"REST"},{"floor":24.0,"key":"REST"},{"floor":32.0,"key":"REST"}],"circlet_count":0,"master_deck":["AscendersBane","Defend_B","Defend_B","Defend_B","Zap","Dualcast","Glacier","Ball Lightning+1","Coolheaded","Conserve Battery","Lockon+1","Echo Form+1","Sweeping Beam","Sunder","Core Surge","Compile Driver","Loop","Recycle","Rainbow","Reinforced Body","Undo","Consume","Machine Learning","Go for the Eyes+1","Cold Snap+1","Steam Power+1"],"relics":["Snecko Eye","Ginger","Regal Pillow","Bronze Scales","Runic Dome","Vajra","Cables","MawBank","Astrolabe"],"acts_visited":["Exordium","TheCity","TheBeyond"],"potions_floor_usage":[],"damage_taken":[{"damage":1.0,"enemies":"Cultist","floor":1.0,"turns":4.0},{"damage":0.0,"enemies":"2 Louse","floor":2.0,"turns":4.0},{"damage":0.0,"enemies":"Jaw Worm","floor":3.0,"turns":5.0},{"damage":0.0,"enemies":"Large Slime","floor":5.0,"turns":6.0},{"damage":11.0,"enemies":"Gremlin Nob","floor":6.0,"turns":3.0},{"damage":0.0,"enemies":"Looter","floor":8.0,"turns":4.0},{"damage":11.0,"enemies":"3 Sentries","floor":11.0,"turns":9.0},{"damage":7.0,"enemies":"3 Louse","floor":12.0,"turns":4.0},{"damage":5.0,"enemies":"Lots of Slimes","floor":14.0,"turns":3.0},{"damage":5.0,"enemies":"Slime Boss","floor":16.0,"turns":6.0},{"damage":22.0,"enemies":"Shell Parasite","floor":18.0,"turns":3.0},{"damage":0.0,"enemies":"Spheric Guardian","floor":22.0,"turns":3.0},{"damage":0.0,"enemies":"Gremlin Leader","floor":23.0,"turns":2.0},{"damage":35.0,"enemies":"Slavers","floor":25.0,"turns":5.0},{"damage":12.0,"enemies":"Centurion and Healer","floor":28.0,"turns":4.0},{"damage":0.0,"enemies":"Gremlin Leader","floor":29.0,"turns":6.0},{"damage":0.0,"enemies":"3 Cultists","floor":30.0,"turns":4.0},{"damage":11.0,"enemies":"Automaton","floor":33.0,"turns":11.0},{"damage":28.0,"enemies":"3 Darklings","floor":35.0,"turns":4.0},{"damage":2.0,"enemies":"3 Shapes","floor":36.0,"turns":5.0},{"damage":38,"enemies":"Transient","floor":37,"turns":6},{"damage":3,"enemies":"3 Darklings","floor":39,"turns":8},{"damage":18,"enemies":"Nemesis","floor":40,"turns":2}],"seed_played":"-5078856454164968946","potions_obtained":[{"floor":5.0,"key":"ColorlessPotion"},{"floor":6.0,"key":"Regen Potion"},{"floor":8.0,"key":"SmokeBomb"},{"floor":11.0,"key":"SpeedPotion"},{"floor":12.0,"key":"LiquidBronze"},{"floor":25.0,"key":"Fruit Juice"},{"floor":33.0,"key":"SkillPotion"}],"is_trial":false,"path_per_floor":["M","M","M","?","M","E","R","M","T","R","E","M","R","M","R","B",null,"M","?","?","?","M","E","R","E","T","$","M","E","M","T","R","B",null,"M","M","M","?","M","E"],"character_chosen":"DEFECT","items_purchased":["PowerPotion","Reinforced Body"],"campfire_rested":3,"item_purchase_floors":[27,27],"current_hp_per_floor":[63,63,63,56,56,45,45,45,45,45,49,42,42,37,71,66,70,48,48,48,28,28,28,65,35,35,35,23,23,23,23,62,51,74,46,44,6,6,3,0,0],"gold":543,"neow_bonus":"BOSS_RELIC","is_daily":false,"chose_seed":false,"campfire_upgraded":3,"win_rate":0.0,"timestamp":1611873268,"path_taken":["M","?","M","?","M","E","R","M","T","R","E","M","R","M","R","BOSS","M","?","?","?","M","E","R","E","T","$","M","E","M","?","R","BOSS","M","M","M","?","?","E"],"items_purchased_type":["Potion","Card"],"build_version":"2020-12-22","purchased_purges":1,"victory":false,"max_hp_per_floor":[71,71,71,71,71,71,71,71,71,71,71,71,71,71,71,71,71,71,71,71,76,76,76,76,81,81,81,81,81,81,81,81,81,81,81,81,81,81,81,81,81],"relic_stats":{"Regal Pillow":43,"counters":[23,111],"Bronze Scales":[225],"Astrolabe":["Go for the Eyes","Cold Snap","Steam Power"],"Snecko Eye":[203,208,185,186],"Ginger":[4],"MawBank":108,"obtain_stats":[{"Runic Dome":17,"Regal Pillow":9,"Bronze Scales":11,"Astrolabe":34,"Snecko Eye":0,"Vajra":20,"Ginger":6,"Cracked Core":0,"MawBank":31,"Cables":29},{"Runic Dome":10,"Regal Pillow":6,"Bronze Scales":7,"Astrolabe":18,"Snecko Eye":0,"Vajra":11,"Ginger":5,"Cracked Core":0,"MawBank":17,"Cables":16},{"Runic Dome":48,"Regal Pillow":26,"Bronze Scales":35,"Astrolabe":86,"Snecko Eye":0,"Vajra":51,"Ginger":22,"Cracked Core":0,"MawBank":75,"Cables":71}],"Cables":[35,7,25,3,0]},"card_choices":[{"not_picked":["Cold Snap","Redo"],"picked":"Glacier","floor":1.0},{"not_picked":["Beam Cell","Blizzard","Hologram"],"picked":"SKIP","floor":2.0},{"not_picked":["Undo","Scrape"],"picked":"Ball Lightning","floor":3.0},{"not_picked":["Beam Cell","Ball Lightning"],"picked":"Coolheaded","floor":5.0},{"not_picked":["Chaos","Hologram"],"picked":"Conserve Battery","floor":6.0},{"not_picked":["Steam","Streamline"],"picked":"Lockon","floor":8.0},{"not_picked":["Sweeping Beam","Cold Snap"],"picked":"Echo Form","floor":11.0},{"not_picked":["Gash","Scrape"],"picked":"Sweeping Beam","floor":12.0},{"not_picked":["Stack","Barrage"],"picked":"Sunder","floor":14.0},{"not_picked":["Fission","Seek"],"picked":"Core Surge","floor":16.0},{"not_picked":["Leap","Blizzard"],"picked":"Compile Driver","floor":18.0},{"not_picked":["Lockon","Reinforced Body"],"picked":"Recycle","floor":22.0},{"not_picked":["Compile Driver","Sweeping Beam"],"picked":"Rainbow","floor":25.0},{"not_picked":["Rebound","Reprogram","Streamline"],"picked":"SKIP","floor":28.0},{"not_picked":["Double Energy+1","Aggregate+1"],"picked":"Undo","floor":29.0},{"not_picked":["Turbo","Beam Cell"],"picked":"Consume","floor":30.0},{"not_picked":["Seek","Rainbow"],"picked":"Machine Learning","floor":33.0},{"not_picked":["Go for the Eyes","Heatsinks","Barrage"],"picked":"SKIP","floor":35.0},{"not_picked":["FTL+1","Beam Cell","Cold Snap"],"picked":"SKIP","floor":36.0},{"not_picked":["Rip and Tear","Sweeping Beam+1","Loop"],"picked":"SKIP","floor":37},{"not_picked":["Leap","Ball Lightning","Consume"],"picked":"SKIP","floor":39}],"player_experience":1402814,"relics_obtained":[{"floor":6.0,"key":"Ginger"},{"floor":9.0,"key":"Regal Pillow"},{"floor":11.0,"key":"Bronze Scales"},{"floor":29.0,"key":"Cables"},{"floor":31.0,"key":"MawBank"}],"event_choices":[{"cards_removed":["Strike_B"],"damage_healed":0.0,"max_hp_gain":0.0,"max_hp_loss":0.0,"gold_gain":0.0,"event_name":"Golden Wing","player_choice":"Card Removal","floor":4.0,"gold_loss":0.0,"damage_taken":7.0},{"damage_healed":0.0,"max_hp_gain":0.0,"max_hp_loss":0.0,"gold_gain":0.0,"event_name":"The Library","player_choice":"Read","floor":19.0,"gold_loss":0.0,"damage_taken":0.0,"cards_obtained":["Loop"]},{"damage_healed":0.0,"max_hp_gain":0.0,"max_hp_loss":0.0,"gold_gain":0.0,"event_name":"The Mausoleum","player_choice":"Opened","floor":20.0,"gold_loss":0.0,"damage_taken":0.0,"relics_obtained":["Vajra"],"cards_obtained":["Writhe"]},{"damage_healed":0.0,"max_hp_gain":5.0,"max_hp_loss":0.0,"gold_gain":0.0,"event_name":"Forgotten Altar","player_choice":"Shed Blood","floor":21.0,"gold_loss":0.0,"damage_taken":25.0},{"cards_removed":["Writhe"],"damage_healed":0,"gold_gain":0,"player_choice":"Removed Curses","damage_taken":0,"max_hp_gain":0,"max_hp_loss":0,"event_name":"Fountain of Cleansing","floor":38,"gold_loss":0}],"is_beta":false,"boss_relics":[{"not_picked":["Velvet Choker","Runic Pyramid"],"picked":"Runic Dome"},{"not_picked":["SacredBark","Philosopher\u0027s Stone"],"picked":"Astrolabe"}],"items_purged_floors":[27],"is_endless":false,"potions_floor_spawned":[5,6,8,11,12,18,25,33],"killed_by":"Nemesis","ascension_level":20}}