{"host":"y89x8uui45kcjy42","time":1611819465,"event":{"mods":["2.2 Compatiblity","BaseMod","CapriCore","Colored Map","Colored Powertips","Custom Start","Friendly Minions","Keyboard Shortcuts","Marisa£¨Ùöéë¡¡Øª×âÞÞ£©","Minty Spire (QoL Compilation)","Relic Stats","Slay the Relics Exporter","StSLib","SuperFastMode","Uncapped"],"gold_per_floor":[117,117,117,46,62,62,97,97,123,140,140,49,81,110,110,189,189,205,205,224,70,70,70,100,100,100,132,160,160,160,179,179,256,256,270,270,270,287,387,387,422,453,480,509,525,525,572,592,592,592,592,592,376,409,409],"floor_reached":56,"language":"KOR","playtime":2235,"items_purged":[],"score":2338,"play_id":"e79fbb42-7bb7-44b6-9ee2-f39267b71574","local_time":"20210128163745","is_ascension_mode":true,"campfire_choices":[{"data":"MasterSpark","floor":6,"key":"SMITH"},{"data":"StarBarrage","floor":15,"key":"SMITH"},{"data":"UltimateShortwave","floor":23,"key":"SMITH"},{"data":"Finesse","floor":25,"key":"SMITH"},{"data":"UpSweep","floor":30,"key":"SMITH"},{"floor":32,"key":"RECALL"},{"data":"MagicAbsorber","floor":40,"key":"SMITH"},{"floor":46,"key":"REST"},{"floor":49,"key":"REST"},{"floor":52,"key":"REST"}],"circlet_count":0,"master_deck":["MasterSpark+1","UpSweep+1","After Image+1","After Image+1","Ghostly+1","Ghostly+1","Ghostly+1","MagicAbsorber+1","Parasite","Parasite","Finesse+1","StarBarrage+1","UltimateShortwave+1","SprinkleStarSeal+1","Master of Strategy+1","ChargeUpSpray"],"relics":["BewitchedHakkero","Happy Flower","AmplifyWand","ShroomBag","BreadOfAWashokuLover","Blood Vial","Du-Vu Doll","SlaversCollar","TheAbacus","Toxic Egg 2","Eternal Feather","Ancient Tea Set","RampagingMagicTools","ClockworkSouvenir","Bottled Lightning","Mercury Hourglass","Akabeko","Pear","SproutingBranch","Kunai","TungstenRod","Torii","Oddly Smooth Stone","Bronze Scales"],"acts_visited":["Exordium","TheCity","TheBeyond","TheEnding"],"potions_floor_usage":[28,31,35,55],"damage_taken":[{"damage":11,"enemies":"2 Louse","floor":1,"turns":4},{"damage":0,"enemies":"Jaw Worm","floor":5,"turns":3},{"damage":9,"enemies":"3 Sentries","floor":7,"turns":8},{"damage":0,"enemies":"Cultist","floor":10,"turns":3},{"damage":0,"enemies":"Lagavulin","floor":13,"turns":4},{"damage":17,"enemies":"3 Sentries","floor":14,"turns":7},{"damage":0,"enemies":"Hexaghost","floor":16,"turns":6},{"damage":0,"enemies":"2 Thieves","floor":18,"turns":3},{"damage":3,"enemies":"3 Byrds","floor":20,"turns":6},{"damage":2,"enemies":"Book of Stabbing","floor":24,"turns":5},{"damage":40,"enemies":"Slavers","floor":27,"turns":6},{"damage":4,"enemies":"Gremlin Leader","floor":28,"turns":6},{"damage":0,"enemies":"Snecko","floor":31,"turns":3},{"damage":0,"enemies":"Collector","floor":33,"turns":6},{"damage":7,"enemies":"3 Darklings","floor":35,"turns":5},{"damage":0,"enemies":"Orb Walker","floor":38,"turns":3},{"damage":5,"enemies":"Reptomancer","floor":41,"turns":7},{"damage":6,"enemies":"Giant Head","floor":42,"turns":7},{"damage":2,"enemies":"Reptomancer","floor":44,"turns":5},{"damage":0,"enemies":"Maw","floor":45,"turns":7},{"damage":7,"enemies":"2 Orb Walkers","floor":47,"turns":6},{"damage":0,"enemies":"Spire Growth","floor":48,"turns":6},{"damage":5,"enemies":"Time Eater","floor":50,"turns":8},{"damage":27,"enemies":"Shield and Spear","floor":54,"turns":7},{"damage":0,"enemies":"The Heart","floor":55,"turns":8}],"seed_played":"2139010414726508803","potions_obtained":[{"floor":1,"key":"GamblersBrew"},{"floor":5,"key":"BlessingOfTheForge"},{"floor":10,"key":"Fire Potion"},{"floor":18,"key":"LiquidMemories"},{"floor":28,"key":"Fruit Juice"},{"floor":31,"key":"FearPotion"},{"floor":35,"key":"Fruit Juice"},{"floor":44,"key":"FearPotion"}],"is_trial":false,"path_per_floor":["M","?","?","$","M","R","E","$","T","M","T","$","E","E","R","B",null,"M","?","M","$","?","R","E","R","T","E","E","$","R","M","R","B",null,"M","$","$","M","?","R","E","E","T","E","M","R","?","M","R","B",null,"R","$","E","B",null],"character_chosen":"MARISA","items_purchased":["MagicAbsorber","Finesse","TheAbacus","Bronze Scales","Ancient Potion"],"campfire_rested":3,"item_purchase_floors":[4,12,21,53,53],"current_hp_per_floor":[57,57,57,57,57,57,48,48,48,52,52,52,58,71,71,77,85,88,88,88,88,88,88,86,86,86,50,52,52,58,69,75,81,90,94,94,94,98,98,98,93,92,92,106,108,108,101,108,108,108,108,108,108,81,102],"gold":409,"neow_bonus":"RANDOM_COMMON_RELIC","is_daily":false,"chose_seed":false,"campfire_upgraded":6,"win_rate":0.0,"timestamp":1611819465,"path_taken":["M","?","?","$","?","R","E","$","T","M","?","$","E","E","R","BOSS","M","?","M","$","?","R","E","R","T","E","E","$","R","M","R","BOSS","M","$","$","?","?","R","E","E","T","E","?","R","?","M","R","BOSS","R","$","E","BOSS"],"items_purchased_type":["Card","Card","Relic","Relic","Potion"],"build_version":"2020-12-22","purchased_purges":0,"victory":true,"max_hp_per_floor":[75,75,75,75,75,75,75,75,75,75,75,75,75,88,88,88,88,88,88,88,88,88,88,88,88,88,88,88,88,88,93,93,93,93,98,98,98,98,98,98,98,98,98,108,108,108,108,108,108,108,108,108,108,108,108],"relic_stats":{"Blood Vial":28,"TheAbacus":[348],"Happy Flower":[46],"Torii":23,"counters":[25,138],"Bronze Scales":[126],"Eternal Feather":12,"Kunai":[6],"obtain_stats":[{"AmplifyWand":3,"Torii":49,"SproutingBranch":47,"TeardropLocket":49,"Ancient Tea Set":27,"ClockworkSouvenir":34,"Blood Vial":13,"TheAbacus":21,"WingedGreaves":1,"Kunai":49,"BewitchedHakkero":1,"Toxic Egg 2":24,"RampagingMagicTools":34,"Pear":44,"Happy Flower":0,"Oddly Smooth Stone":49,"BreadOfAWashokuLover":11,"Eternal Feather":26,"Akabeko":43,"Mercury Hourglass":42,"Du-Vu Doll":14,"ShroomBag":7,"SlaversCollar":17,"Bronze Scales":53,"MiniHakkero":0,"Bottled Lightning":41,"TungstenRod":49},{"AmplifyWand":1,"Torii":22,"SproutingBranch":21,"TeardropLocket":22,"Ancient Tea Set":11,"ClockworkSouvenir":14,"Blood Vial":5,"TheAbacus":9,"WingedGreaves":1,"Kunai":22,"BewitchedHakkero":1,"Toxic Egg 2":10,"RampagingMagicTools":14,"Pear":19,"Happy Flower":0,"Oddly Smooth Stone":22,"BreadOfAWashokuLover":4,"Eternal Feather":10,"Akabeko":18,"Mercury Hourglass":18,"Du-Vu Doll":6,"ShroomBag":3,"SlaversCollar":7,"Bronze Scales":23,"MiniHakkero":0,"Bottled Lightning":17,"TungstenRod":22},{"AmplifyWand":4,"Torii":115,"SproutingBranch":109,"TeardropLocket":115,"Ancient Tea Set":55,"ClockworkSouvenir":70,"Blood Vial":22,"TheAbacus":44,"WingedGreaves":4,"Kunai":115,"BewitchedHakkero":4,"Toxic Egg 2":49,"RampagingMagicTools":70,"Pear":97,"Happy Flower":0,"Oddly Smooth Stone":115,"BreadOfAWashokuLover":18,"Eternal Feather":49,"Akabeko":92,"Mercury Hourglass":92,"Du-Vu Doll":29,"ShroomBag":15,"SlaversCollar":35,"Bronze Scales":123,"MiniHakkero":0,"Bottled Lightning":85,"TungstenRod":115}],"TungstenRod":22,"Mercury Hourglass":[170]},"card_choices":[{"not_picked":["PulseMagic","NonDirectionalLaser","ManaConvection"],"picked":"SKIP","floor":1},{"not_picked":["WitchLeyline","NonDirectionalLaser","IllusionStar"],"picked":"SKIP","floor":5},{"not_picked":["NonDirectionalLaser","UnstableBomb"],"picked":"StarBarrage","floor":7},{"not_picked":["BinaryStars","UnstableBomb","SporeBomb"],"picked":"SKIP","floor":10},{"not_picked":["NonDirectionalLaser","EnergyRecoil"],"picked":"StarBarrage","floor":13},{"not_picked":["Orbital","FairyDestructionRay","Acceleration"],"picked":"SKIP","floor":14},{"not_picked":["Orbital","FairyDestructionRay","Acceleration"],"picked":"SKIP","floor":14},{"not_picked":["BinaryStars","AbsoluteMagnitude"],"picked":"UltimateShortwave","floor":16},{"not_picked":["PowerUp","LuminesStrike","WitchLeyline"],"picked":"SKIP","floor":18},{"not_picked":["SporeBomb","6A","MilkyWay"],"picked":"SKIP","floor":20},{"not_picked":["LuminesStrike","DarkSpark","WitchOfGreed"],"picked":"SKIP","floor":24},{"not_picked":["StarlightTyphoon+1","GalacticHalo+1","SuperPerseids+1"],"picked":"SKIP","floor":27},{"not_picked":["FinalSpark","PowerUp+1","DarkMatter+1"],"picked":"SKIP","floor":28},{"not_picked":["GravityBeat","Acceleration+1","WitchLeyline"],"picked":"SKIP","floor":31},{"not_picked":["GalacticHalo+1","SporeBomb+1","DoubleSpark+1"],"picked":"SKIP","floor":35},{"not_picked":["DC","MilkyWay+1"],"picked":"SprinkleStarSeal+1","floor":38},{"not_picked":["DoubleSpark","Acceleration+1","GalacticHalo+1"],"picked":"SKIP","floor":41},{"not_picked":["MagicAbsorber+1","StarlightTyphoon+1","GasGiant+1"],"picked":"SKIP","floor":42},{"not_picked":["UnstableBomb","GalacticHalo+1","MilkyWay+1"],"picked":"SKIP","floor":44},{"not_picked":["ShootTheMoon","GrandCross","GasGiant+1"],"picked":"SKIP","floor":45},{"not_picked":["LuminesStrike","GasGiant+1","OneTimeOff+1"],"picked":"SKIP","floor":48},{"not_picked":["ChargingUp+1","OneTimeOff+1"],"picked":"ChargeUpSpray","floor":54}],"player_experience":728523,"relics_obtained":[{"floor":7,"key":"ShroomBag"},{"floor":11,"key":"BreadOfAWashokuLover"},{"floor":13,"key":"Blood Vial"},{"floor":14,"key":"Du-Vu Doll"},{"floor":24,"key":"Toxic Egg 2"},{"floor":26,"key":"Eternal Feather"},{"floor":27,"key":"Ancient Tea Set"},{"floor":41,"key":"Bottled Lightning"},{"floor":42,"key":"Mercury Hourglass"},{"floor":43,"key":"Akabeko"},{"floor":44,"key":"Pear"},{"floor":47,"key":"SproutingBranch"}],"event_choices":[{"damage_healed":0,"gold_gain":0,"player_choice":"Ignored","damage_taken":0,"max_hp_gain":0,"max_hp_loss":0,"event_name":"Liars Game","floor":2,"gold_loss":0},{"damage_healed":0,"gold_gain":0,"player_choice":"Gave Potion","damage_taken":0,"relics_obtained":["AmplifyWand"],"max_hp_gain":0,"max_hp_loss":0,"event_name":"WeMeetAgain","floor":3,"gold_loss":0},{"damage_healed":0,"gold_gain":0,"player_choice":"Ignored","damage_taken":0,"max_hp_gain":0,"max_hp_loss":0,"event_name":"Vampires","floor":19,"gold_loss":0},{"damage_healed":0,"gold_gain":0,"player_choice":"Ignored","damage_taken":0,"max_hp_gain":0,"max_hp_loss":0,"event_name":"Transmorgrifier","floor":22,"gold_loss":0},{"damage_healed":0,"gold_gain":100,"player_choice":"Pray","damage_taken":0,"max_hp_gain":0,"max_hp_loss":0,"event_name":"Golden Shrine","floor":39,"gold_loss":0},{"damage_healed":0,"gold_gain":0,"player_choice":"Fight","damage_taken":0,"max_hp_gain":0,"max_hp_loss":0,"event_name":"Mysterious Sphere","floor":47,"gold_loss":0}],"is_beta":false,"boss_relics":[{"not_picked":["SacredBark","Busted Crown"],"picked":"SlaversCollar"},{"not_picked":["Runic Dome","Empty Cage"],"picked":"RampagingMagicTools"}],"items_purged_floors":[],"is_endless":false,"potions_floor_spawned":[1,5,10,14,18,20,28,31,35,44],"ascension_level":13}}