{"host":"d5i1qeb9dejicw1z","time":1611874314,"event":{"mods":["AchievementEnabler","BaseMod","Better Note","BetterRewards","Gold Saver","Minty Spire (QoL Compilation)","Reliquary","StSLib"],"gold_per_floor":[441,451,451,451,451,451,462,462,487,487,487,503,503,522,522,616,616,632,632,332,332,2,2,17,17,64,64,77,77,50,74,74,74,74],"floor_reached":33,"language":"ENG","playtime":1292,"items_purged":["Strike_B","Defend_B"],"score":447,"play_id":"fce0e318-de3b-49e4-9866-2f583ad3067a","local_time":"20210128145154","is_ascension_mode":true,"campfire_choices":[{"data":"Beam Cell","floor":6,"key":"SMITH"},{"data":"Zap","floor":8,"key":"SMITH"},{"floor":11,"key":"REST"},{"floor":13,"key":"REST"},{"floor":15,"key":"REST"},{"data":"Secret Weapon","floor":23,"key":"SMITH"},{"floor":32,"key":"REST"}],"circlet_count":0,"master_deck":["AscendersBane","Strike_B+1","Strike_B+1","Strike_B+1","Defend_B+1","Defend_B+1","Defend_B+1","Zap+1","Dualcast+1","Finesse","Gash+1","Beam Cell+1","Streamline","Chill","Gash","Chill","All For One","Conserve Battery+1","Secret Weapon+1","Scrape+1"],"relics":["Cracked Core","reliquary:RosewoodLute","Dream Catcher","Golden Idol","SacredBark","Membership Card","Lee\u0027s Waffle","reliquary:TridentHead","White Beast Statue","Potion Belt"],"acts_visited":["Exordium","TheCity"],"potions_floor_usage":[16,16,29,33,33,33],"damage_taken":[{"damage":2,"enemies":"Jaw Worm","floor":1,"turns":3},{"damage":1,"enemies":"Small Slimes","floor":2,"turns":3},{"damage":1,"enemies":"2 Louse","floor":7,"turns":3},{"damage":9,"enemies":"Exordium Wildlife","floor":12,"turns":3},{"damage":6,"enemies":"Looter","floor":14,"turns":2},{"damage":22,"enemies":"Hexaghost","floor":16,"turns":8},{"damage":21,"enemies":"3 Byrds","floor":18,"turns":6},{"damage":32,"enemies":"Chosen","floor":24,"turns":6},{"damage":12,"enemies":"Centurion and Healer","floor":28,"turns":4},{"damage":0,"enemies":"Chosen and Byrds","floor":29,"turns":1},{"damage":15,"enemies":"Cultist and Chosen","floor":31,"turns":7},{"damage":51,"enemies":"Automaton","floor":33,"turns":6}],"seed_played":"7329323426035860448","potions_obtained":[{"floor":1,"key":"EssenceOfSteel"},{"floor":7,"key":"PowerPotion"},{"floor":18,"key":"SmokeBomb"},{"floor":28,"key":"LiquidBronze"},{"floor":31,"key":"SmokeBomb"}],"is_trial":false,"path_per_floor":["M","M","?","?","?","R","M","R","T","?","R","M","R","M","R","B",null,"M","?","$","?","$","R","M","T","T","?","M","M","$","M","R","B"],"character_chosen":"DEFECT","items_purchased":["Membership Card","Secret Weapon","Lee\u0027s Waffle","reliquary:TridentHead","CultistPotion","PowerPotion"],"campfire_rested":4,"item_purchase_floors":[20,20,22,22,22,30],"current_hp_per_floor":[62,61,40,5,28,28,27,27,27,27,46,37,56,50,64,42,59,38,38,38,38,71,71,39,39,39,39,27,27,27,12,33,0,0],"gold":74,"neow_bonus":"RANDOM_COLORLESS","is_daily":false,"chose_seed":false,"campfire_upgraded":3,"win_rate":0.0,"timestamp":1611874314,"path_taken":["M","M","?","?","?","R","M","R","T","?","R","?","R","M","R","BOSS","M","?","?","?","$","R","?","?","T","?","M","M","$","M","R","BOSS"],"items_purchased_type":["Relic","Card","Relic","Relic","Potion","Potion"],"build_version":"2020-12-22","purchased_purges":2,"victory":false,"max_hp_per_floor":[71,71,71,71,71,71,71,71,71,64,64,64,64,64,64,64,64,64,64,64,64,71,71,71,71,71,71,71,71,71,71,71,71,71],"card_choices":[{"not_picked":["Madness","Purity"],"picked":"Finesse","floor":0},{"not_picked":["Reprogram","Steam Power"],"picked":"Gash","floor":1},{"not_picked":["Reinforced Body","Redo"],"picked":"Beam Cell","floor":2},{"not_picked":["Cold Snap","Turbo","Redo"],"picked":"SKIP","floor":7},{"not_picked":["BootSequence","Redo"],"picked":"Streamline","floor":11},{"not_picked":["Coolheaded","Steam","Force Field"],"picked":"SKIP","floor":12},{"not_picked":["Steam","Recycle"],"picked":"Chill","floor":13},{"not_picked":["Sunder","Compile Driver"],"picked":"Gash","floor":14},{"not_picked":["Storm","Redo"],"picked":"Chill","floor":15},{"not_picked":["Creative AI","Reboot"],"picked":"All For One","floor":16},{"not_picked":["Reinforced Body","Reprogram+1"],"picked":"Conserve Battery+1","floor":18},{"not_picked":["Barrage","Turbo","Steam Power"],"picked":"SKIP","floor":24},{"not_picked":["Cold Snap","Ball Lightning+1"],"picked":"Scrape+1","floor":28},{"not_picked":["Consume","Aggregate","Genetic Algorithm"],"picked":"SKIP","floor":31}],"player_experience":1173444,"relics_obtained":[{"floor":9,"key":"Dream Catcher"},{"floor":25,"key":"White Beast Statue"},{"floor":26,"key":"Potion Belt"}],"event_choices":[{"damage_healed":0,"gold_gain":0,"player_choice":"Entered Light","damage_taken":21,"max_hp_gain":0,"max_hp_loss":0,"event_name":"Shining Light","floor":3,"gold_loss":0,"cards_upgraded":["Gash","Defend_B"]},{"damage_healed":0,"gold_gain":0,"player_choice":"Success","damage_taken":35,"relics_obtained":["reliquary:RosewoodLute"],"max_hp_gain":0,"max_hp_loss":0,"event_name":"Scrap Ooze","floor":4,"gold_loss":0},{"damage_healed":23,"gold_gain":0,"player_choice":"Banana","damage_taken":0,"max_hp_gain":0,"max_hp_loss":0,"event_name":"Big Fish","floor":5,"gold_loss":0},{"damage_healed":0,"gold_gain":0,"player_choice":"Lose Max HP","damage_taken":0,"relics_obtained":["Golden Idol"],"max_hp_gain":0,"max_hp_loss":7,"event_name":"Golden Idol","floor":10,"gold_loss":0},{"damage_healed":0,"gold_gain":0,"player_choice":"Upgraded","damage_taken":0,"max_hp_gain":0,"max_hp_loss":0,"event_name":"Upgrade Shrine","floor":19,"gold_loss":0,"cards_upgraded":["Dualcast"]},{"damage_healed":0,"gold_gain":0,"player_choice":"Ignored","damage_taken":0,"max_hp_gain":0,"max_hp_loss":0,"event_name":"Vampires","floor":21,"gold_loss":0},{"damage_healed":0,"gold_gain":0,"player_choice":"Simplicity","damage_taken":0,"max_hp_gain":0,"max_hp_loss":0,"event_name":"Back to Basics","floor":27,"gold_loss":0,"cards_upgraded":["Strike_B","Strike_B","Strike_B","Defend_B","Defend_B"]}],"is_beta":false,"boss_relics":[{"not_picked":["Sozu","Runic Pyramid"],"picked":"SacredBark"}],"items_purged_floors":[20,22],"is_endless":false,"potions_floor_spawned":[1,7,18,28,29,31],"killed_by":"Automaton","ascension_level":18}}