{"host":"8lvnnmfamkc2d31d","time":1611793677,"event":{"mods":["2.2 Compatiblity","Act Like it!","BaseMod","Colored Map","Downfall","Minty Spire (QoL Compilation)","Relic Stats","StSLib"],"gold_per_floor":[99,84,84,96,81,81,107,7,36,36,53,85,185,203,220,319,319,219,234,334,79,164,184,230,261,291,291,303,331,251,285,305,403,403,403,417,479,491,161,261,284,313,213,243,272,307,307,325,341,341,341,375,43,43,43,43],"floor_reached":57,"language":"ENG","playtime":4099,"items_purged":["Writhe","Injury","downfall:Haunted"],"score":1768,"play_id":"ab58ef6a-8de4-4532-bcdd-610c22f71a36","local_time":"20210127182757","daily_mods":["SealedDeck","Vintage","Heirloom","Time Dilation","Flight"],"is_ascension_mode":true,"campfire_choices":[{"floor":1,"key":"RECALL"},{"data":"bronze:GetLatest","floor":8,"key":"SMITH"},{"data":"bronze:DigitalCarnage","floor":10,"key":"SMITH"},{"data":"bronze:DigitalCarnage","floor":18,"key":"SMITH"},{"data":"bronze:HardenedForm","floor":35,"key":"SMITH"},{"data":"bronze:HardenedForm","floor":43,"key":"SMITH"},{"data":"bronze:MaxOutput","floor":47,"key":"SMITH"},{"data":"bronze:ItsAFeature","floor":54,"key":"SMITH"}],"circlet_count":0,"master_deck":["bronze:ClassDefault","bronze:FineTuning","bronze:Iterate","bronze:Frontload","bronze:FineTuning+1","bronze:Iterate","bronze:ChildClass+1","bronze:ChildClass","bronze:DigitalCarnage+1","bronze:Frontload","bronze:Iterate","bronze:DigitalCarnage+1","bronze:GetLatest+1","bronze:Shell","bronze:ThunderWave","bronze:Frontload+1","bronze:Optimize","bronze:Optimize","bronze:Fortify+1","bronze:HardenedForm+1","bronze:Boost","bronze:HardenedForm+1","bronze:Optimize+1","expansioncontent:QuickStudy","expansioncontent:DashGenerateEvil+1","expansioncontent:PolyBeam","bronze:ItsAFeature+1","bronze:MaxOutput+1","bronze:WildBeam","bronze:Goto+1","bronze:Shield+1","bronze:Philosophize+1","bronze:Format+1","Madness+1","downfall:Icky","Regret","bronze:Boost+1","bronze:BuggyMess+1","bronze:ClassDefault","bronze:BuggyMess+1","bronze:CleanCode","bronze:ItsAFeature","bronze:Invalidate+1","Panacea+1"],"relics":["bronze:PlatinumCore","Lizard Tail","Oddly Smooth Stone","Slimebound:StickyStick","downfall:HeartBlessingRed","Vajra","Potion Belt","Matryoshka","Toy Ornithopter","Blood Vial","The Courier","downfall:HeartBlessingGreen","hexamod:CandleOfCauterizing","downfall:ExtraCursedKey","Bottled Flame","Bottled Tornado","Centennial Puzzle","Regal Pillow","Guardian:PocketSentry","Bag of Preparation","War Paint","Akabeko","PreservedInsect","Blue Candle","bronze:BronzeIdol","Sozu","MawBank","Ginger","Membership Card","Toxic Egg 2","Whetstone","downfall:GremlinSack","Omamori","bronze:DecasWashers","downfall:HeartBlessingBlue","Question Card","Darkstone Periapt","Pocketwatch","Shuriken","Nunchaku","Strawberry","ClockworkSouvenir","Happy Flower"],"acts_visited":["Exordium","TheCity","TheBeyond","TheEnding"],"potions_floor_usage":[5,14,21,21,31,32,33,56],"damage_taken":[{"damage":0,"enemies":"downfall:FleeingMerchant","floor":2,"turns":4},{"damage":0,"enemies":"Cultist","floor":4,"turns":2},{"damage":10,"enemies":"downfall:FleeingMerchant","floor":5,"turns":4},{"damage":0,"enemies":"3 Sentries","floor":9,"turns":3},{"damage":0,"enemies":"Small Slimes","floor":11,"turns":2},{"damage":0,"enemies":"Lagavulin","floor":12,"turns":4},{"damage":10,"enemies":"downfall:LadyInBlue","floor":13,"turns":3},{"damage":11,"enemies":"Jaw Worm","floor":14,"turns":2},{"damage":0,"enemies":"2 Fungi Beasts","floor":15,"turns":2},{"damage":9,"enemies":"WA_ARCHETYPE_RETAIN","floor":16,"turns":3},{"damage":0,"enemies":"Shell Parasite","floor":19,"turns":2},{"damage":0,"enemies":"downfall:FleeingMerchant","floor":21,"turns":3},{"damage":0,"enemies":"Chosen","floor":23,"turns":3},{"damage":8,"enemies":"Book of Stabbing","floor":25,"turns":2},{"damage":0,"enemies":"Gremlin Leader","floor":26,"turns":2},{"damage":0,"enemies":"Shelled Parasite and Fungi","floor":28,"turns":4},{"damage":0,"enemies":"Book of Stabbing","floor":29,"turns":1},{"damage":0,"enemies":"Slavers","floor":31,"turns":2},{"damage":0,"enemies":"Snecko","floor":32,"turns":3},{"damage":0,"enemies":"DF_ARCHETYPE_CLAW","floor":33,"turns":4},{"damage":0,"enemies":"3 Darklings","floor":36,"turns":2},{"damage":0,"enemies":"3 Darklings","floor":37,"turns":3},{"damage":0,"enemies":"3 Darklings","floor":40,"turns":1},{"damage":14,"enemies":"Giant Head","floor":42,"turns":3},{"damage":1,"enemies":"Nemesis","floor":44,"turns":3},{"damage":0,"enemies":"Giant Head","floor":45,"turns":4},{"damage":1,"enemies":"Nemesis","floor":46,"turns":3},{"damage":1,"enemies":"Orb Walker","floor":48,"turns":2},{"damage":8,"enemies":"4 Shapes","floor":49,"turns":3},{"damage":8,"enemies":"SI_POISON_ARCHETYPE","floor":50,"turns":4},{"damage":7,"enemies":"downfall:CharBossMerchant","floor":52,"turns":4},{"damage":3,"enemies":"downfall:NeowBoss","floor":55,"turns":9},{"damage":38,"enemies":"downfall:NeowBossFinal","floor":56,"turns":6}],"seed_played":"-3502864577365633702","potions_obtained":[{"floor":4,"key":"Weak Potion"},{"floor":9,"key":"BlessingOfTheForge"},{"floor":12,"key":"Ancient Potion"},{"floor":13,"key":"bronze:CleanCodePotion"},{"floor":13,"key":"BlessingOfTheForge"},{"floor":13,"key":"SpeedPotion"},{"floor":14,"key":"Fire Potion"},{"floor":19,"key":"Weak Potion"},{"floor":23,"key":"Block Potion"},{"floor":25,"key":"SpeedPotion"},{"floor":28,"key":"EssenceOfSteel"},{"floor":32,"key":"Block Potion"}],"is_trial":true,"path_per_floor":["R","$","?","M","$","?","T","R","E","R","M","E","?","M","M","B",null,"R","M","?","$","?","M","T","E","E","?","M","E","$","E","M","B",null,"R","M","?","?","$","?","T","E","R","E","E","E","R","M","M","B",null,"E","$","R","B","B",null],"character_chosen":"THE_AUTOMATON","items_purchased":["bronze:Optimize","bronze:Optimize","Bottled Flame","Bottled Tornado","Membership Card","Toxic Egg 2","bronze:ItsAFeature","bronze:MaxOutput","Whetstone","ClockworkSouvenir","Happy Flower","bronze:CleanCode","bronze:ItsAFeature","bronze:Invalidate+1","Panacea+1"],"campfire_rested":0,"item_purchase_floors":[21,21,21,21,39,39,39,39,39,53,53,53,53,53,53],"current_hp_per_floor":[70,70,70,70,60,60,60,60,60,60,60,60,50,44,46,39,70,70,70,70,70,56,58,58,52,54,54,56,58,58,65,70,70,70,70,70,70,60,60,62,62,50,60,61,63,64,64,65,59,53,80,80,80,80,79,48],"gold":43,"neow_bonus":"","is_daily":false,"chose_seed":false,"campfire_upgraded":7,"win_rate":0.0,"timestamp":1611793677,"path_taken":["R","$","?","?","?","?","T","R","E","R","M","E","?","?","M","BOSS","R","M","?","$","?","M","T","E","E","?","?","E","$","E","M","BOSS","R","M","?","?","$","?","T","E","R","E","E","E","R","?","M","BOSS","E","$","R","BOSS","BOSS"],"items_purchased_type":["Card","Card","Relic","Relic","Relic","Relic","Card","Card","Relic","Relic","Relic","Card","Card","Card","Card"],"build_version":"2020-12-22","purchased_purges":3,"victory":true,"max_hp_per_floor":[70,70,70,70,70,70,70,70,70,70,70,70,70,70,70,70,70,70,70,70,70,70,70,70,70,70,70,70,70,70,70,70,70,70,70,70,70,70,70,70,70,70,80,80,80,80,80,80,80,80,80,87,87,87,87,87],"relic_stats":{"Darkstone Periapt":0,"Regal Pillow":0,"Happy Flower":[5],"counters":[33,102],"Blue Candle":[13],"PreservedInsect":508,"Bag of Preparation":[38],"Ginger":[17],"Whetstone":["expansioncontent:DashGenerateEvil","bronze:Fortify"],"War Paint":["bronze:ChildClass","bronze:FineTuning"],"MawBank":36,"Question Card":3,"Blood Vial":38,"Sozu":4,"Lizard Tail":0,"Centennial Puzzle":[26],"Nunchaku":[4],"Shuriken":[7],"obtain_stats":[{"Darkstone Periapt":45,"bronze:PlatinumCore":17,"Regal Pillow":24,"bronze:BronzeCore":0,"Vajra":9,"downfall:HeartBlessingGreen":18,"Bag of Preparation":25,"Ginger":37,"Whetstone":39,"Bottled Tornado":21,"ClockworkSouvenir":53,"Blood Vial":14,"Sozu":34,"Lizard Tail":0,"Centennial Puzzle":23,"Nunchaku":49,"Matryoshka":12,"Slimebound:StickyStick":7,"downfall:HeartBlessingBlue":43,"Strawberry":52,"downfall:ExtraCursedKey":20,"Toxic Egg 2":39,"Potion Belt":11,"hexamod:CandleOfCauterizing":19,"downfall:HeartBlessingRed":8,"Happy Flower":53,"Blue Candle":31,"bronze:DecasWashers":42,"Oddly Smooth Stone":4,"The Courier":15,"PreservedInsect":29,"Guardian:PocketSentry":24,"Omamori":41,"War Paint":26,"MawBank":36,"Question Card":44,"Akabeko":28,"bronze:BronzeIdol":32,"Bottled Flame":21,"downfall:GremlinSack":40,"Shuriken":48,"Membership Card":39,"Toy Ornithopter":13,"Pocketwatch":46},{"Darkstone Periapt":26,"bronze:PlatinumCore":10,"Regal Pillow":13,"bronze:BronzeCore":0,"Vajra":4,"downfall:HeartBlessingGreen":10,"Bag of Preparation":14,"Ginger":22,"Whetstone":22,"Bottled Tornado":12,"ClockworkSouvenir":31,"Blood Vial":8,"Sozu":20,"Lizard Tail":0,"Centennial Puzzle":13,"Nunchaku":29,"Matryoshka":6,"Slimebound:StickyStick":3,"downfall:HeartBlessingBlue":24,"Strawberry":31,"downfall:ExtraCursedKey":11,"Toxic Egg 2":22,"Potion Belt":5,"hexamod:CandleOfCauterizing":11,"downfall:HeartBlessingRed":3,"Happy Flower":31,"Blue Candle":18,"bronze:DecasWashers":24,"Oddly Smooth Stone":2,"The Courier":9,"PreservedInsect":17,"Guardian:PocketSentry":13,"Omamori":23,"War Paint":15,"MawBank":21,"Question Card":25,"Akabeko":16,"bronze:BronzeIdol":19,"Bottled Flame":12,"downfall:GremlinSack":23,"Shuriken":28,"Membership Card":22,"Toy Ornithopter":7,"Pocketwatch":27},{"Darkstone Periapt":71,"bronze:PlatinumCore":29,"Regal Pillow":37,"bronze:BronzeCore":0,"Vajra":13,"downfall:HeartBlessingGreen":29,"Bag of Preparation":39,"Ginger":60,"Whetstone":60,"Bottled Tornado":34,"ClockworkSouvenir":87,"Blood Vial":24,"Sozu":55,"Lizard Tail":0,"Centennial Puzzle":37,"Nunchaku":79,"Matryoshka":19,"Slimebound:StickyStick":10,"downfall:HeartBlessingBlue":64,"Strawberry":87,"downfall:ExtraCursedKey":31,"Toxic Egg 2":60,"Potion Belt":15,"hexamod:CandleOfCauterizing":31,"downfall:HeartBlessingRed":10,"Happy Flower":87,"Blue Candle":48,"bronze:DecasWashers":64,"Oddly Smooth Stone":6,"The Courier":26,"PreservedInsect":46,"Guardian:PocketSentry":37,"Omamori":61,"War Paint":41,"MawBank":57,"Question Card":67,"Akabeko":45,"bronze:BronzeIdol":51,"Bottled Flame":34,"downfall:GremlinSack":61,"Shuriken":76,"Membership Card":60,"Toy Ornithopter":22,"Pocketwatch":74}],"Toy Ornithopter":18,"Pocketwatch":[3]},"card_choices":[{"not_picked":["bronze:ItsAFeature","bronze:Shield"],"picked":"bronze:Iterate","floor":2},{"not_picked":["bronze:DelayedGuard","bronze:Frontload"],"picked":"bronze:GetLatest","floor":5},{"not_picked":["bronze:Deprecate","bronze:GetLatest"],"picked":"bronze:Shell","floor":9},{"not_picked":["bronze:FineTuning","bronze:ClassDefault","bronze:BitShift"],"picked":"SKIP","floor":12},{"not_picked":["bronze:Format","bronze:HyperBeam"],"picked":"bronze:ThunderWave","floor":16},{"not_picked":["bronze:WhirlingStrike","bronze:BitShift+1"],"picked":"bronze:Frontload+1","floor":21},{"not_picked":["bronze:Frontload+1","bronze:CloningBeam","bronze:Branch"],"picked":"SKIP","floor":25},{"not_picked":["bronze:Invalidate","bronze:Frontload","bronze:Deprecate"],"picked":"SKIP","floor":26},{"not_picked":["bronze:Allocate","bronze:Flail+1"],"picked":"bronze:HardenedForm","floor":29},{"not_picked":["bronze:Frontload","bronze:BitShift+1"],"picked":"bronze:Boost","floor":31},{"not_picked":["bronze:Break","bronze:BurnOut"],"picked":"bronze:HardenedForm","floor":33},{"not_picked":["bronze:Branch+1","bronze:WhirlingStrike+1"],"picked":"bronze:Optimize+1","floor":37},{"not_picked":["expansioncontent:PolyBeam","expansioncontent:DashGenerateEvil"],"picked":"expansioncontent:QuickStudy","floor":38},{"not_picked":["expansioncontent:Chronoboost","expansioncontent:InvincibleStrength"],"picked":"expansioncontent:DashGenerateEvil","floor":38},{"not_picked":["expansioncontent:InvincibleStrength","expansioncontent:AwakenDeath"],"picked":"expansioncontent:PolyBeam","floor":38},{"not_picked":["bronze:Shield+1","bronze:Backtrace"],"picked":"bronze:WildBeam","floor":40},{"not_picked":["bronze:CleanCode","bronze:Deprecate+1"],"picked":"bronze:Boost+1","floor":42},{"not_picked":["bronze:Turbo+1","bronze:DigitalCarnage+1"],"picked":"bronze:BuggyMess+1","floor":44},{"not_picked":["bronze:OilSpill+1","bronze:Frontload+1","bronze:DelayedSlice"],"picked":"bronze:ClassDefault","floor":45},{"not_picked":["bronze:Deprecate+1","bronze:DelayedGuard+1","bronze:Branch+1"],"picked":"bronze:BuggyMess+1","floor":46},{"not_picked":["bronze:Allocate+1","bronze:Invalidate+1","bronze:CutThrough","bronze:Boost+1"],"picked":"SKIP","floor":52}],"player_experience":492684,"relics_obtained":[{"floor":4,"key":"Oddly Smooth Stone"},{"floor":7,"key":"Slimebound:StickyStick"},{"floor":9,"key":"Vajra"},{"floor":11,"key":"Potion Belt"},{"floor":12,"key":"Matryoshka"},{"floor":13,"key":"Toy Ornithopter"},{"floor":14,"key":"Blood Vial"},{"floor":15,"key":"The Courier"},{"floor":19,"key":"hexamod:CandleOfCauterizing"},{"floor":23,"key":"Centennial Puzzle"},{"floor":24,"key":"Regal Pillow"},{"floor":24,"key":"Guardian:PocketSentry"},{"floor":25,"key":"Bag of Preparation"},{"floor":26,"key":"War Paint"},{"floor":28,"key":"Akabeko"},{"floor":29,"key":"PreservedInsect"},{"floor":31,"key":"Blue Candle"},{"floor":32,"key":"bronze:BronzeIdol"},{"floor":36,"key":"MawBank"},{"floor":37,"key":"Ginger"},{"floor":40,"key":"downfall:GremlinSack"},{"floor":41,"key":"Omamori"},{"floor":42,"key":"bronze:DecasWashers"},{"floor":44,"key":"Question Card"},{"floor":45,"key":"Darkstone Periapt"},{"floor":46,"key":"Pocketwatch"},{"floor":48,"key":"Shuriken"},{"floor":49,"key":"Nunchaku"},{"floor":52,"key":"Strawberry"}],"event_choices":[],"is_beta":false,"boss_relics":[{"not_picked":["Astrolabe","Black Star"],"picked":"bronze:PlatinumCore"},{"not_picked":["Empty Cage","Snecko Eye"],"picked":"Sozu"}],"items_purged_floors":[21,30,53],"is_endless":false,"potions_floor_spawned":[4,9,12,13,14,15,19,23,25,28,32,37,40,44,49],"ascension_level":1}}