{"host":"1tl36azeqm6yhdgj","time":1611877460,"event":{"mods":["AchievementEnabler","BaseMod","Minty Spire (QoL Compilation)","StSLib","The IronCluck","everything is the same but u backflip on backflip"],"gold_per_floor":[109,124,10,85,85,85,85,112,112,144,144,160,192,212,212,284,284,295,295,43,63,79,79,113,113,137,166,191,291,308,327,327,402,402,419,23,23,35,51,51,83,83,110,160,176,194,207,429,429,429,429],"floor_reached":50,"language":"ENG","playtime":1818,"items_purged":["Strike_R","Bash"],"score":1235,"play_id":"b0626182-d11d-4260-885c-4dd0ed74f891","local_time":"20210128184420","is_ascension_mode":true,"campfire_choices":[{"data":"Uppercut","floor":6.0,"key":"SMITH"},{"data":"Infernal Blade","floor":11.0,"key":"SMITH"},{"data":"Inflame","floor":15.0,"key":"SMITH"},{"data":"Metallicize","floor":23.0,"key":"SMITH"},{"data":"Shrug It Off","floor":25.0,"key":"SMITH"},{"floor":32.0,"key":"REST"},{"floor":40.0,"key":"RECALL"},{"floor":42.0,"key":"REST"},{"floor":49.0,"key":"REST"}],"circlet_count":0,"master_deck":["AscendersBane","Strike_R","Strike_R","Strike_R+1","Defend_R","Defend_R","Defend_R+1","Defend_R","Flex","Uppercut+1","Inflame+1","Infernal Blade+1","Cleave","Offering","Shockwave","Immolate","Rampage","Metallicize+1","Feel No Pain","Burning Pact","Shrug It Off+1","Heavy Blade+1","Dark Embrace+1","Spot Weakness","Rage+1","Juggernaut","Dropkick","Battle Trance+1"],"relics":["Black Blood","NeowsBlessing","Orichalcum","Mummified Hand","StrikeDummy","FossilizedHelix","SacredBark","Smiling Mask","Lee\u0027s Waffle","Boot","Potion Belt","Red Mask","Champion Belt","Du-Vu Doll","Letter Opener","Membership Card","Torii","Bronze Scales","Gremlin Horn"],"acts_visited":["Exordium","TheCity","TheBeyond"],"potions_floor_usage":[50,50],"damage_taken":[{"damage":0.0,"enemies":"2 Louse","floor":1.0,"turns":1.0},{"damage":0.0,"enemies":"Small Slimes","floor":2.0,"turns":1.0},{"damage":0.0,"enemies":"Lagavulin","floor":8.0,"turns":2.0},{"damage":4.0,"enemies":"Gremlin Nob","floor":10.0,"turns":3.0},{"damage":0.0,"enemies":"Cultist","floor":12.0,"turns":2.0},{"damage":9.0,"enemies":"Lagavulin","floor":13.0,"turns":4.0},{"damage":0.0,"enemies":"Exordium Thugs","floor":14.0,"turns":3.0},{"damage":15.0,"enemies":"Hexaghost","floor":16.0,"turns":7.0},{"damage":10.0,"enemies":"Shell Parasite","floor":18.0,"turns":3.0},{"damage":0.0,"enemies":"Chosen","floor":21.0,"turns":4.0},{"damage":21.0,"enemies":"Snake Plant","floor":22.0,"turns":4.0},{"damage":22.0,"enemies":"Book of Stabbing","floor":24.0,"turns":5.0},{"damage":32.0,"enemies":"Masked Bandits","floor":27.0,"turns":4.0},{"damage":0.0,"enemies":"Gremlin Leader","floor":28.0,"turns":4.0},{"damage":8.0,"enemies":"Colosseum Slavers","floor":29.0,"turns":5.0},{"damage":2.0,"enemies":"Colosseum Nobs","floor":29.0,"turns":4.0},{"damage":0.0,"enemies":"Chosen and Byrds","floor":30.0,"turns":3.0},{"damage":9.0,"enemies":"Sentry and Sphere","floor":31.0,"turns":4.0},{"damage":47.0,"enemies":"Automaton","floor":33.0,"turns":10.0},{"damage":13.0,"enemies":"3 Shapes","floor":35.0,"turns":3.0},{"damage":0.0,"enemies":"3 Darklings","floor":38.0,"turns":2.0},{"damage":6.0,"enemies":"Transient","floor":39.0,"turns":6.0},{"damage":40.0,"enemies":"Reptomancer","floor":41.0,"turns":6.0},{"damage":19.0,"enemies":"Spire Growth","floor":45.0,"turns":3.0},{"damage":17.0,"enemies":"Jaw Worm Horde","floor":46.0,"turns":3.0},{"damage":9.0,"enemies":"3 Darklings","floor":47.0,"turns":2.0},{"damage":84,"enemies":"Awakened One","floor":50,"turns":6}],"seed_played":"7131416618789772402","potions_obtained":[{"floor":2.0,"key":"SneckoOil"},{"floor":10.0,"key":"BlessingOfTheForge"},{"floor":12.0,"key":"PowerPotion"},{"floor":13.0,"key":"Weak Potion"},{"floor":27.0,"key":"PowerPotion"},{"floor":29.0,"key":"SneckoOil"},{"floor":30.0,"key":"Block Potion"},{"floor":33.0,"key":"Dexterity Potion"},{"floor":35.0,"key":"DistilledChaos"},{"floor":39.0,"key":"Explosive Potion"},{"floor":41.0,"key":"AttackPotion"},{"floor":47.0,"key":"BlessingOfTheForge"}],"is_trial":false,"path_per_floor":["M","M","$","?","?","R","?","E","T","E","R","M","E","M","R","B",null,"M","?","$","M","M","R","E","R","T","?","E","?","M","M","R","B",null,"M","$","?","M","M","R","E","R","T","?","M","M","M","?","R","B"],"character_chosen":"IRONCLAD","items_purchased":["Inflame","Lee\u0027s Waffle","Metallicize","Membership Card","Torii","Bronze Scales"],"campfire_rested":3,"item_purchase_floors":[3,20,20,36,36,36],"current_hp_per_floor":[74,75,75,64,41,41,41,47,47,49,49,55,52,58,58,49,69,65,65,82,82,67,67,51,51,51,25,31,33,39,36,60,19,66,65,65,65,77,82,82,54,78,78,78,71,66,69,69,82,0,0],"gold":429,"neow_bonus":"THREE_ENEMY_KILL","is_daily":false,"chose_seed":false,"campfire_upgraded":5,"win_rate":0.0,"timestamp":1611877460,"path_taken":["M","M","$","?","?","R","?","E","T","E","R","M","E","M","R","BOSS","M","?","?","?","M","R","E","R","T","?","E","?","M","M","R","BOSS","M","$","?","M","?","R","E","R","T","?","?","M","M","?","R","BOSS"],"items_purchased_type":["Card","Relic","Card","Relic","Relic","Relic"],"build_version":"2020-12-22","purchased_purges":2,"victory":false,"max_hp_per_floor":[75,75,75,75,75,75,75,75,75,75,75,75,75,75,75,75,75,75,75,82,82,82,82,82,82,82,82,82,82,82,82,82,82,82,82,82,82,82,82,82,82,82,82,82,82,82,82,82,82,82,82],"card_choices":[{"not_picked":["Shrug It Off","Warcry"],"picked":"Flex","floor":1.0},{"not_picked":["Twin Strike","Havoc"],"picked":"Uppercut","floor":2.0},{"not_picked":["Wild Strike","Havoc"],"picked":"Infernal Blade","floor":8.0},{"not_picked":["Evolve","Second Wind","Heavy Blade"],"picked":"SKIP","floor":10.0},{"not_picked":["Dark Embrace","Iron Wave"],"picked":"Cleave","floor":12.0},{"not_picked":["Shrug It Off","Clash"],"picked":"Offering","floor":13.0},{"not_picked":["Dark Embrace","Searing Blow"],"picked":"Shockwave","floor":14.0},{"not_picked":["Barricade","Impervious"],"picked":"Immolate","floor":16.0},{"not_picked":["Blood for Blood","Iron Wave+1"],"picked":"Rampage","floor":18.0},{"not_picked":["Headbutt","Sword Boomerang"],"picked":"Feel No Pain","floor":21.0},{"not_picked":["Armaments","Hemokinesis"],"picked":"Burning Pact","floor":22.0},{"not_picked":["True Grit","Twin Strike+1"],"picked":"Shrug It Off","floor":24.0},{"not_picked":["Hemokinesis+1","Wild Strike"],"picked":"Heavy Blade+1","floor":27.0},{"not_picked":["Shrug It Off","Wild Strike","Twin Strike"],"picked":"SKIP","floor":28.0},{"not_picked":["True Grit","Immolate"],"picked":"Dark Embrace+1","floor":29.0},{"not_picked":["Pommel Strike","Iron Wave"],"picked":"Spot Weakness","floor":30.0},{"not_picked":["True Grit","Flex+1"],"picked":"Rage+1","floor":31.0},{"not_picked":["Offering","Immolate"],"picked":"Juggernaut","floor":33.0},{"not_picked":["Heavy Blade","Havoc","Sword Boomerang"],"picked":"SKIP","floor":35.0},{"not_picked":["Havoc+1","Cleave","Iron Wave"],"picked":"SKIP","floor":38.0},{"not_picked":["Whirlwind","Flex","Heavy Blade"],"picked":"SKIP","floor":39.0},{"not_picked":["Pommel Strike+1","True Grit+1"],"picked":"Dropkick","floor":41.0},{"not_picked":["Perfected Strike+1","True Grit+1"],"picked":"Battle Trance+1","floor":45.0},{"not_picked":["Pommel Strike","Rage","Iron Wave"],"picked":"SKIP","floor":46.0},{"not_picked":["Power Through","Searing Blow","Entrench"],"picked":"SKIP","floor":47.0}],"player_experience":2080736,"relics_obtained":[{"floor":8.0,"key":"Orichalcum"},{"floor":9.0,"key":"Mummified Hand"},{"floor":10.0,"key":"StrikeDummy"},{"floor":13.0,"key":"FossilizedHelix"},{"floor":24.0,"key":"Boot"},{"floor":26.0,"key":"Potion Belt"},{"floor":27.0,"key":"Red Mask"},{"floor":28.0,"key":"Champion Belt"},{"floor":29.0,"key":"Du-Vu Doll"},{"floor":29.0,"key":"Letter Opener"},{"floor":41.0,"key":"Gremlin Horn"}],"event_choices":[{"damage_healed":0.0,"max_hp_gain":0.0,"max_hp_loss":0.0,"gold_gain":75.0,"event_name":"World of Goop","player_choice":"Gather Gold","floor":4.0,"gold_loss":0.0,"damage_taken":11.0},{"damage_healed":0.0,"max_hp_gain":0.0,"max_hp_loss":0.0,"gold_gain":0.0,"event_name":"Shining Light","player_choice":"Entered Light","floor":5.0,"gold_loss":0.0,"damage_taken":23.0,"cards_upgraded":["Defend_R","Strike_R"]},{"cards_removed":["Strike_R"],"damage_healed":0.0,"max_hp_gain":0.0,"max_hp_loss":0.0,"gold_gain":0.0,"event_name":"Purifier","player_choice":"Purged","floor":7.0,"gold_loss":0.0,"damage_taken":0.0},{"damage_healed":0.0,"max_hp_gain":0.0,"max_hp_loss":0.0,"gold_gain":0.0,"event_name":"WeMeetAgain","player_choice":"Gave Potion","floor":19.0,"gold_loss":0.0,"damage_taken":0.0,"relics_obtained":["Smiling Mask"]},{"damage_healed":0.0,"max_hp_gain":0.0,"max_hp_loss":0.0,"gold_gain":0.0,"event_name":"Masked Bandits","player_choice":"Fought Bandits","floor":27.0,"gold_loss":0.0,"damage_taken":0.0},{"damage_healed":0.0,"max_hp_gain":0.0,"max_hp_loss":0.0,"gold_gain":0.0,"event_name":"Colosseum","player_choice":"Fight","floor":29.0,"gold_loss":0.0,"damage_taken":0.0},{"damage_healed":0.0,"max_hp_gain":0.0,"max_hp_loss":0.0,"gold_gain":0.0,"event_name":"Colosseum","player_choice":"Fought Nobs","floor":29.0,"gold_loss":0.0,"damage_taken":0.0},{"damage_healed":0.0,"max_hp_gain":0.0,"max_hp_loss":0.0,"gold_gain":0.0,"event_name":"SecretPortal","player_choice":"Ignored","floor":37.0,"gold_loss":0.0,"damage_taken":0.0},{"damage_healed":0.0,"max_hp_gain":0.0,"max_hp_loss":0.0,"gold_gain":50.0,"event_name":"Golden Shrine","player_choice":"Pray","floor":44.0,"gold_loss":0.0,"damage_taken":0.0},{"damage_healed":0.0,"max_hp_gain":0.0,"max_hp_loss":0.0,"gold_gain":222.0,"event_name":"Tomb of Lord Red Mask","player_choice":"Wore Mask","floor":48.0,"gold_loss":0.0,"damage_taken":0.0}],"is_beta":false,"boss_relics":[{"not_picked":["Sozu","Empty Cage"],"picked":"SacredBark"},{"not_picked":["Velvet Choker","Runic Pyramid"],"picked":"Black Blood"}],"items_purged_floors":[3,20],"is_endless":false,"potions_floor_spawned":[2,10,12,13,27,29,29,30,33,35,39,41,47],"killed_by":"Awakened One","ascension_level":20}}