{"host":"350rh84kbmtekt58","time":1611826039,"event":{"mods":["AchievementEnabler","Act Like it!","BaseMod","Better Synergies","Block Reminder","CapriCore","Challenge The Spire","Colored Map","Colored Powertips","Communication Mod","Downfall","Energized Spire","Friendly Minions","GifTheSpireLib","Highlight Path","Minty Spire (QoL Compilation)","Quick Restart","Replay The Spire","Shop Mod","StSLib","The Animator","The Disciple","The Immortal","The Marked","The Runesmith","The Servant 0.9.4","The Wild Card","Transform Curses","yUi"],"gold_per_floor":[315,67,99,124,151,151,151,151,186,186,186],"floor_reached":10,"language":"ENG","playtime":461,"items_purged":[],"score":173,"play_id":"0138ff43-7c5b-44fa-9e33-15417747df39","local_time":"20210128032719","daily_mods":["challengethespire:Silver Difficulty","challengethespire:Elite Rush","Uncertain Future"],"is_ascension_mode":true,"campfire_choices":[{"floor":7,"key":"REST"},{"data":"The Bomb","floor":8,"key":"SMITH"}],"circlet_count":0,"master_deck":["AscendersBane","Strike_P","Strike_P","Strike_P","Strike_P","Defend_P","Defend_P","Defend_P","Defend_P","Eruption","Vigilance","Madness","The Bomb+1","The Bomb","Prostrate","Replay:DivineShield","TalkToTheHand","BattleHymn"],"relics":["PureWater","Black Star","Sling","PreservedInsect","TeardropLocket","DollysMirror","Kunai","Anchor","Replay:Towering Pillar of Hats","The Courier","Onion Ring","Omamori","Vajra","energizedSpire:StickyHand","InkBottle","Damaru"],"acts_visited":["Exordium"],"potions_floor_usage":[9],"damage_taken":[{"damage":15,"enemies":"3 Sentries","floor":3,"turns":3},{"damage":0,"enemies":"Lagavulin","floor":4,"turns":4},{"damage":23,"enemies":"Gremlin Nob","floor":5,"turns":3},{"damage":15,"enemies":"Gremlin Leader","floor":9,"turns":4},{"damage":39,"enemies":"Slavers","floor":10,"turns":2}],"seed_played":"5353208416686808070","potions_obtained":[{"floor":5,"key":"Fire Potion"}],"is_trial":true,"path_per_floor":["$","$","E","E","E","T","R","R","E","E"],"character_chosen":"WATCHER","items_purchased":["TeardropLocket","Madness","The Bomb","DollysMirror","Kunai"],"campfire_rested":1,"item_purchase_floors":[1,1,1,1,2],"current_hp_per_floor":[65,65,50,50,27,27,48,48,33,0,0],"gold":186,"neow_bonus":"","is_daily":false,"chose_seed":false,"campfire_upgraded":1,"win_rate":0.0,"timestamp":1611826039,"path_taken":["$","$","E","E","E","T","R","R","E","E"],"items_purchased_type":["Relic","Card","Card","Relic","Relic"],"build_version":"2020-12-22","purchased_purges":0,"victory":false,"max_hp_per_floor":[72,72,72,72,72,72,72,72,72,72,72],"card_choices":[],"player_experience":199617,"relics_obtained":[{"floor":3,"key":"Anchor"},{"floor":3,"key":"Replay:Towering Pillar of Hats"},{"floor":4,"key":"The Courier"},{"floor":4,"key":"Onion Ring"},{"floor":5,"key":"Omamori"},{"floor":5,"key":"Vajra"},{"floor":9,"key":"InkBottle"},{"floor":9,"key":"Damaru"}],"event_choices":[],"is_beta":false,"boss_relics":[{"not_picked":["Velvet Choker","Replay:Wanted Poster"],"picked":"energizedSpire:StickyHand"}],"items_purged_floors":[],"is_endless":false,"potions_floor_spawned":[5],"killed_by":"Slavers","ascension_level":10}}