{"host":"w01zow3jg16g8jdh","time":1611851659,"event":{"mods":["AchievementEnabler","BaseMod","DeckTracker","Keyboard Shortcuts","Minty Spire (QoL Compilation)","Permanent Neow","StSLib","SuperFastMode"],"gold_per_floor":[10,21,33,51,51,51,68,68,91,91,108,120,152,3,3,79,79,56,106,118,131,146,146,146,146],"floor_reached":24,"language":"KOR","playtime":504,"items_purged":["Defend_G"],"score":404,"play_id":"d73e2027-8c44-4077-9b3b-45092a795679","local_time":"20210129013419","is_ascension_mode":true,"campfire_choices":[{"data":"A Thousand Cuts","floor":6.0,"key":"SMITH"},{"data":"Cloak And Dagger","floor":8.0,"key":"SMITH"},{"floor":15.0,"key":"REST"},{"floor":23.0,"key":"REST"}],"circlet_count":0,"master_deck":["AscendersBane","Strike_G","Strike_G","Strike_G","Strike_G","Strike_G","Defend_G","Defend_G","Defend_G","Defend_G","Survivor","Neutralize","A Thousand Cuts+1","Cloak And Dagger+1","Acrobatics","Deflect","Bouncing Flask","Dagger Throw","Envenom","Blade Dance","Endless Agony","Accuracy","Venomology","CurseOfTheBell","Blade Dance"],"relics":["Ring of the Snake","Regal Pillow","Centennial Puzzle","PreservedInsect","Calling Bell","Bag of Preparation","Matryoshka","Girya"],"acts_visited":["Exordium","TheCity"],"potions_floor_usage":[24],"damage_taken":[{"damage":3.0,"enemies":"Small Slimes","floor":1.0,"turns":5.0},{"damage":1.0,"enemies":"Cultist","floor":2.0,"turns":5.0},{"damage":8.0,"enemies":"Jaw Worm","floor":3.0,"turns":6.0},{"damage":5.0,"enemies":"Red Slaver","floor":4.0,"turns":6.0},{"damage":7.0,"enemies":"Gremlin Gang","floor":7.0,"turns":4.0},{"damage":3.0,"enemies":"Large Slime","floor":11.0,"turns":6.0},{"damage":4.0,"enemies":"Looter","floor":12.0,"turns":3.0},{"damage":4.0,"enemies":"Lagavulin","floor":13.0,"turns":6.0},{"damage":14.0,"enemies":"Hexaghost","floor":16.0,"turns":7.0},{"damage":17.0,"enemies":"2 Thieves","floor":18.0,"turns":4.0},{"damage":11.0,"enemies":"Spheric Guardian","floor":20.0,"turns":3.0},{"damage":16.0,"enemies":"Snake Plant","floor":21.0,"turns":4.0},{"damage":13.0,"enemies":"3 Cultists","floor":22.0,"turns":4.0},{"damage":35,"enemies":"Slavers","floor":24,"turns":4}],"seed_played":"-5811341239536868654","potions_obtained":[{"floor":3.0,"key":"ColorlessPotion"},{"floor":7.0,"key":"Energy Potion"},{"floor":10.0,"key":"EntropicBrew"},{"floor":20.0,"key":"PowerPotion"}],"is_trial":false,"path_per_floor":["M","M","M","M","?","R","M","R","T","?","M","M","E","$","R","B",null,"M","?","M","M","M","R","E"],"character_chosen":"THE_SILENT","items_purchased":["Accuracy"],"campfire_rested":2,"item_purchase_floors":[14],"current_hp_per_floor":[56,55,47,42,31,31,24,24,24,24,21,17,13,13,47,33,58,41,41,30,14,1,35,0,0],"gold":146,"neow_bonus":"THREE_RARE_CARDS","is_daily":false,"chose_seed":false,"campfire_upgraded":2,"win_rate":0.0,"timestamp":1611851659,"path_taken":["M","M","M","M","?","R","M","R","T","?","M","?","E","$","R","BOSS","M","?","?","M","M","R","E"],"items_purchased_type":["Card"],"build_version":"2020-12-22","purchased_purges":1,"victory":false,"max_hp_per_floor":[66,66,66,66,66,66,66,66,66,66,66,66,66,66,66,66,66,66,66,66,66,66,66,66,66],"card_choices":[{"not_picked":["Night Terror","Wraith Form v2"],"picked":"A Thousand Cuts","floor":0.0},{"not_picked":["Slice","Reflex"],"picked":"Cloak And Dagger","floor":1.0},{"not_picked":["Catalyst","Underhanded Strike"],"picked":"Acrobatics","floor":2.0},{"not_picked":["Underhanded Strike","Outmaneuver"],"picked":"Deflect","floor":3.0},{"not_picked":["Catalyst","Leg Sweep"],"picked":"Bouncing Flask","floor":4.0},{"not_picked":["Flechettes","Dagger Spray"],"picked":"Dagger Throw","floor":7.0},{"not_picked":["Acrobatics","Eviscerate"],"picked":"Envenom","floor":11.0},{"not_picked":["Cloak And Dagger","Flying Knee"],"picked":"Blade Dance","floor":12.0},{"not_picked":["Eviscerate","Leg Sweep"],"picked":"Endless Agony","floor":13.0},{"not_picked":["Tools of the Trade","Envenom"],"picked":"Venomology","floor":16.0},{"not_picked":["Dagger Throw","Outmaneuver+1","Leg Sweep"],"picked":"SKIP","floor":18.0},{"not_picked":["Dagger Throw","Quick Slash","Dagger Spray"],"picked":"SKIP","floor":20.0},{"not_picked":["Backflip","Dash"],"picked":"Blade Dance","floor":21.0},{"not_picked":["Slice","Leg Sweep","Dagger Throw"],"picked":"SKIP","floor":22.0}],"player_experience":330449,"relics_obtained":[{"floor":9.0,"key":"Centennial Puzzle"},{"floor":13.0,"key":"PreservedInsect"},{"floor":17.0,"key":"Bag of Preparation"},{"floor":17.0,"key":"Matryoshka"},{"floor":17.0,"key":"Girya"}],"event_choices":[{"damage_healed":0.0,"max_hp_gain":0.0,"max_hp_loss":0.0,"gold_gain":0.0,"event_name":"Scrap Ooze","player_choice":"Success","floor":5.0,"gold_loss":0.0,"damage_taken":11.0,"relics_obtained":["Regal Pillow"]},{"damage_healed":0.0,"max_hp_gain":0.0,"max_hp_loss":0.0,"gold_gain":0.0,"event_name":"Lab","player_choice":"Got Potions","floor":10.0,"gold_loss":0.0,"damage_taken":0.0},{"damage_healed":0.0,"max_hp_gain":0.0,"max_hp_loss":0.0,"gold_gain":50.0,"event_name":"Golden Shrine","player_choice":"Pray","floor":19.0,"gold_loss":0.0,"damage_taken":0.0}],"is_beta":false,"boss_relics":[{"not_picked":["Busted Crown","Tiny House"],"picked":"Calling Bell"}],"items_purged_floors":[14],"is_endless":false,"potions_floor_spawned":[3,7,20],"killed_by":"Slavers","ascension_level":20}}