{"host":"7z347kdhnquy3q4q","time":1611877899,"event":{"mods":["Act Like it!","BaseMod","Hubris","Minty Spire (QoL Compilation)","MostiFishMod","Permanent Neow","Potionbrewer","Robot Space Explorer","Spicy Shops","StSLib","The Marked","Wandering Minibosses"],"gold_per_floor":[115,126,53,71,71,105,10,30,30,58,58,71,71,126,126,231,231,241,259,41,60,60,60,93,93,93,93,135,170,190,12,12,126,126,147,21,243,42,56,95,117,149,196,196,230,252,252,278,278,278],"floor_reached":51,"language":"ENG","playtime":1861,"items_purged":["theMarked:ChannelForce","theMarked:Strike","theMarked:Defend"],"score":1319,"play_id":"26879020-1c48-493d-bf51-1fc541372fb4","local_time":"20210128175139","is_ascension_mode":true,"campfire_choices":[{"data":"theMarked:EmpowerWeapon","floor":13,"key":"SMITH"},{"data":"theMarked:StartUp","floor":15,"key":"SMITH"},{"data":"theMarked:Defy","floor":23,"key":"SMITH"},{"data":"theMarked:TakeOffHeels","floor":25,"key":"SMITH"},{"data":"theMarked:Improvise","floor":32,"key":"SMITH"},{"floor":44,"key":"REST"},{"floor":47,"key":"REST"},{"data":"theMarked:MysticalArsenal","floor":49,"key":"SMITH"}],"circlet_count":0,"master_deck":["theMarked:Strike","theMarked:Strike","theMarked:Strike","theMarked:Strike","theMarked:Defend","theMarked:Defend","theMarked:Defend","theMarked:SoldierOfQuellstein","theMarked:FavorableWinds","theMarked:EmpowerWeapon+1","theMarked:Seal","theMarked:TakeOffHeels+1","theMarked:StartUp+1","Blind","theMarked:SwordAndMagic","theMarked:BindingBlade","theMarked:ChainLightning","theMarked:Defy+1","theMarked:MuscleMemory","theMarked:Indomitable+1","theMarked:ParalyzingBlade+1","hubris:DuctTapeCard","theMarked:Improvise+1","theMarked:Memento+1","theMarked:Electrify","theMarked:Levitate","theMarked:MuscleMemory+1","Mind Blast","theMarked:Memento","theMarked:MysticalArsenal+1","theMarked:HeightenedSenses+1","theMarked:TakeOffHeels","theMarked:EmpowerWeapon+1","theMarked:WardOff+1","theMarked:Parkour+1"],"relics":["theMarked:ArtifactOfAir","DaveBox","FeatherPendant","SynthV:TestCard","Sling","Meat on the Bone","theMarked:DemonDagger","Mercury Hourglass","Mummified Hand","hubris:Towel","Pear","potionbrewer:BhaskarasWheel","Juzu Bracelet","Nunchaku","hubris:DuctTape","CeramicFish","MutagenicStrength","Red Mask","Kunai","Membership Card","SlaversCollar","Prayer Wheel","Lee\u0027s Waffle","Potion Belt","potionbrewer:Torch","Akabeko"],"acts_visited":["Exordium","TheCity","TheBeyond"],"potions_floor_usage":[10,14,18,19,24,24,28,29,40,50,50,50,50],"damage_taken":[{"damage":0,"enemies":"Small Slimes","floor":1,"turns":2},{"damage":0,"enemies":"2 Louse","floor":2,"turns":2},{"damage":0,"enemies":"Cultist","floor":4,"turns":2},{"damage":1,"enemies":"3 Sentries","floor":6,"turns":4},{"damage":0,"enemies":"Large Slime","floor":8,"turns":2},{"damage":0,"enemies":"Lagavulin","floor":10,"turns":3},{"damage":0,"enemies":"Exordium Wildlife","floor":12,"turns":2},{"damage":0,"enemies":"3 Sentries","floor":14,"turns":3},{"damage":16,"enemies":"Hexaghost","floor":16,"turns":6},{"damage":0,"enemies":"Spheric Guardian","floor":18,"turns":1},{"damage":11,"enemies":"2 Thieves","floor":19,"turns":2},{"damage":0,"enemies":"Centurion and Healer","floor":21,"turns":3},{"damage":0,"enemies":"Book of Stabbing","floor":24,"turns":1},{"damage":0,"enemies":"Masked Bandits","floor":28,"turns":2},{"damage":0,"enemies":"Gremlin Leader","floor":29,"turns":4},{"damage":0,"enemies":"3 Cultists","floor":30,"turns":2},{"damage":21,"enemies":"hubris:MusketHawk","floor":33,"turns":5},{"damage":13,"enemies":"3 Shapes","floor":35,"turns":6},{"damage":0,"enemies":"3 Darklings","floor":39,"turns":2},{"damage":0,"enemies":"Reptomancer","floor":40,"turns":2},{"damage":0,"enemies":"Spire Growth","floor":41,"turns":1},{"damage":48,"enemies":"Nemesis","floor":42,"turns":3},{"damage":0,"enemies":"4 Shapes","floor":45,"turns":1},{"damage":0,"enemies":"Sphere and 2 Shapes","floor":46,"turns":1},{"damage":0,"enemies":"Writhing Mass","floor":48,"turns":1},{"damage":57,"enemies":"Time Eater","floor":50,"turns":5}],"seed_played":"-2340084601465421538","potions_obtained":[{"floor":1,"key":"SteroidPotion"},{"floor":4,"key":"BlessingOfTheForge"},{"floor":8,"key":"FearPotion"},{"floor":10,"key":"PowerPotion"},{"floor":16,"key":"AttackPotion"},{"floor":19,"key":"potionbrewer:NoxiousPotion"},{"floor":21,"key":"PowerPotion"},{"floor":24,"key":"SteroidPotion"},{"floor":28,"key":"potionbrewer:StunPotion"},{"floor":35,"key":"potionbrewer:NoxiousPotion"},{"floor":40,"key":"Weak Potion"},{"floor":46,"key":"potionbrewer:SplittingPotion"}],"is_trial":false,"path_per_floor":["M","M","$","M","?","E","$","M","T","E","?","M","R","?","R","B",null,"M","M","$","M","?","R","E","R","T","?","?","E","M","$","R","B",null,"M","$","?","$","M","E","M","E","T","R","M","M","R","M","R","B",null],"character_chosen":"THE_DEFAULT","items_purchased":["Sling","Blind","Juzu Bracelet","Membership Card","SteroidPotion","Prayer Wheel","Lee\u0027s Waffle","Mind Blast","theMarked:Memento"],"campfire_rested":2,"item_purchase_floors":[3,7,20,31,31,36,38,38,38],"current_hp_per_floor":[63,63,63,63,63,62,62,62,62,62,62,62,62,72,72,56,74,74,63,63,63,63,63,63,63,63,63,63,63,63,63,63,42,71,58,58,58,87,87,87,87,51,51,77,77,77,87,87,87,42],"gold":278,"neow_bonus":"ONE_RANDOM_RARE_CARD","is_daily":false,"chose_seed":false,"campfire_upgraded":6,"win_rate":0.0,"timestamp":1611877899,"path_taken":["M","M","$","M","?","E","$","M","T","E","?","M","R","?","R","BOSS","M","M","$","M","?","R","E","R","T","?","?","E","M","$","R","BOSS","M","$","?","$","M","E","M","E","T","R","M","M","R","M","R","BOSS"],"items_purchased_type":["Relic","Card","Relic","Relic","Potion","Relic","Relic","Card","Card"],"build_version":"2020-12-22","purchased_purges":3,"victory":true,"max_hp_per_floor":[70,70,70,70,70,70,70,70,70,70,70,70,70,80,80,80,80,80,80,80,80,80,80,80,80,80,80,80,80,80,80,80,80,80,80,80,80,87,87,87,87,87,87,87,87,87,87,87,87,87],"card_choices":[{"not_picked":["theMarked:Pokerface","theMarked:BanishingStrike"],"picked":"theMarked:EmpowerWeapon","floor":1},{"not_picked":["theMarked:Parkour","theMarked:TwofoldDefense","theMarked:ChannelForce","theMarked:Frustration"],"picked":"theMarked:Seal","floor":2},{"not_picked":["theMarked:Indomitable","theMarked:TwofoldDefense","theMarked:Improvise","theMarked:Parry"],"picked":"theMarked:TakeOffHeels","floor":4},{"not_picked":["theMarked:Convert","theMarked:EnhanceMovement","theMarked:Parkour","theMarked:TwofoldDefense"],"picked":"theMarked:StartUp","floor":6},{"not_picked":["theMarked:HeightenedSenses","theMarked:Generate","theMarked:BanishingStrike","theMarked:Indomitable"],"picked":"theMarked:SwordAndMagic","floor":8},{"not_picked":["theMarked:Friction","theMarked:ChainLightning","theMarked:EmpowerWeapon","theMarked:LightningStrikesTwice"],"picked":"theMarked:BindingBlade","floor":10},{"not_picked":["theMarked:TunnelVision","theMarked:RepellingDischarge","theMarked:TwofoldDefense","theMarked:GodGivenPower"],"picked":"theMarked:ChainLightning","floor":12},{"not_picked":["theMarked:Friction","theMarked:Polarize","theMarked:Aftermath","theMarked:UnarmedFury"],"picked":"theMarked:ChannelForce","floor":14},{"not_picked":["theMarked:Abjuration","theMarked:MagusForm","theMarked:SuspiciousRaven","theMarked:FavorableWinds"],"picked":"theMarked:Defy","floor":16},{"not_picked":["theMarked:Reabsorb+1","theMarked:HeightenedSenses","theMarked:ElectricStrings","theMarked:RepellingDischarge+1","theMarked:TheMission"],"picked":"SKIP","floor":18},{"not_picked":["theMarked:TakeCover+1","theMarked:Improvise","theMarked:Aftermath","theMarked:Frustration"],"picked":"theMarked:MuscleMemory","floor":19},{"not_picked":["theMarked:Convert","theMarked:TwofoldDefense","theMarked:Generate","theMarked:TakeCover+1"],"picked":"theMarked:Indomitable+1","floor":21},{"not_picked":["theMarked:PowerFlow","theMarked:EmpowerWeapon","theMarked:Challenge","theMarked:SwordAndMagic"],"picked":"theMarked:ParalyzingBlade+1","floor":24},{"not_picked":["theMarked:WardOff","theMarked:Static","theMarked:Parkour","theMarked:SwordAndMagic+1"],"picked":"theMarked:Improvise","floor":28},{"not_picked":["theMarked:Static+1","theMarked:RogueSparks+1","theMarked:RepellingDischarge","theMarked:TakeCover"],"picked":"theMarked:Memento+1","floor":29},{"not_picked":["theMarked:Overcharge","theMarked:BanishingStrike+1","theMarked:Aftermath+1","theMarked:Parkour"],"picked":"theMarked:Electrify","floor":30},{"not_picked":["theMarked:MagusForm","theMarked:Toughness","theMarked:UnarmedFury","theMarked:Snap"],"picked":"theMarked:Levitate","floor":33},{"not_picked":["theMarked:TunnelVision","theMarked:Aftermath+1","theMarked:PowerFlow","theMarked:WardOff"],"picked":"theMarked:MuscleMemory+1","floor":35},{"not_picked":["theMarked:SwordAndMagic+1","theMarked:WastefulAttack+1","theMarked:Parkour","theMarked:ResourceFulStrike","theMarked:StartUp"],"picked":"SKIP","floor":39},{"not_picked":["theMarked:TakeCover","theMarked:ResourceFulStrike","theMarked:ParalyzingBlade","theMarked:ElectricStrings+1","theMarked:TheMission"],"picked":"SKIP","floor":39},{"not_picked":["theMarked:GodGivenPower+1","theMarked:WastefulAttack","theMarked:TakeCover+1","theMarked:SwordAndMagic"],"picked":"theMarked:MysticalArsenal","floor":40},{"not_picked":["theMarked:TheMission+1","theMarked:Parkour","theMarked:Indomitable+1","theMarked:TwofoldDefense+1"],"picked":"theMarked:HeightenedSenses+1","floor":41},{"not_picked":["theMarked:RepellingDischarge+1","theMarked:WastefulAttack+1","theMarked:Aftermath","theMarked:TakeCover","theMarked:Overthink"],"picked":"SKIP","floor":41},{"not_picked":["theMarked:Maelstrom+1","theMarked:CreepingChasm","theMarked:ChainLightning","theMarked:Frustration+1","theMarked:Parry+1"],"picked":"SKIP","floor":42},{"not_picked":["theMarked:MuscleMemory+1","theMarked:Opportunist+1","theMarked:GodGivenPower","theMarked:Aftermath+1"],"picked":"theMarked:TakeOffHeels","floor":45},{"not_picked":["theMarked:TunnelVision+1","theMarked:Improvise","theMarked:ChainLightning+1","theMarked:SwordAndMagic"],"picked":"theMarked:EmpowerWeapon+1","floor":45},{"not_picked":["theMarked:Opportunist","theMarked:TunnelVision+1","theMarked:HeightenedSenses","theMarked:Pokerface"],"picked":"theMarked:WardOff+1","floor":46},{"not_picked":["theMarked:ChainLightning+1","theMarked:Frustration","theMarked:HeightenedSenses+1","theMarked:Overthink","theMarked:BanishingStrike"],"picked":"SKIP","floor":46},{"not_picked":["theMarked:Aftermath+1","theMarked:Static","theMarked:WastefulAttack+1","theMarked:PowerFlow+1"],"picked":"theMarked:Parkour+1","floor":48},{"not_picked":["theMarked:HeightenedSenses+1","theMarked:WastefulAttack","theMarked:ChannelForce","theMarked:EnhanceMovement","theMarked:Improvise+1"],"picked":"SKIP","floor":48}],"player_experience":1967010,"relics_obtained":[{"floor":1,"key":"SynthV:TestCard"},{"floor":6,"key":"theMarked:DemonDagger"},{"floor":9,"key":"Mercury Hourglass"},{"floor":10,"key":"Mummified Hand"},{"floor":14,"key":"Pear"},{"floor":24,"key":"hubris:DuctTape"},{"floor":26,"key":"CeramicFish"},{"floor":28,"key":"Red Mask"},{"floor":29,"key":"Kunai"},{"floor":40,"key":"Potion Belt"},{"floor":42,"key":"potionbrewer:Torch"},{"floor":43,"key":"Akabeko"}],"event_choices":[{"damage_healed":0,"gold_gain":0,"player_choice":"Box","damage_taken":0,"relics_obtained":["Meat on the Bone"],"max_hp_gain":0,"max_hp_loss":0,"event_name":"Big Fish","floor":5,"gold_loss":0,"cards_obtained":["Regret"]},{"damage_healed":0,"gold_gain":0,"player_choice":"Searched \u00271\u0027 times","damage_taken":0,"max_hp_gain":0,"max_hp_loss":0,"event_name":"Dead Adventurer","floor":14,"gold_loss":0},{"damage_healed":0,"gold_gain":0,"player_choice":"Stole Relic","damage_taken":0,"relics_obtained":["Nunchaku"],"max_hp_gain":0,"max_hp_loss":0,"event_name":"Addict","floor":22,"gold_loss":0,"cards_obtained":["Shame"]},{"damage_healed":0,"gold_gain":0,"player_choice":"Inject Mutagens","damage_taken":0,"relics_obtained":["MutagenicStrength"],"max_hp_gain":0,"max_hp_loss":0,"event_name":"Drug Dealer","floor":27,"gold_loss":0},{"damage_healed":0,"gold_gain":0,"player_choice":"Fought Bandits","damage_taken":0,"max_hp_gain":0,"max_hp_loss":0,"event_name":"Masked Bandits","floor":28,"gold_loss":0},{"damage_healed":0,"gold_gain":222,"player_choice":"Wore Mask","damage_taken":0,"max_hp_gain":0,"max_hp_loss":0,"event_name":"Tomb of Lord Red Mask","floor":37,"gold_loss":0}],"is_beta":false,"boss_relics":[{"not_picked":["OneHitWonderSystem","Cursed Key"],"picked":"potionbrewer:BhaskarasWheel"},{"not_picked":["FixedStarFall","Tiny House"],"picked":"SlaversCollar"}],"items_purged_floors":[20,36,38],"is_endless":false,"potions_floor_spawned":[1,4,8,10,16,19,21,24,28,35,39,40,46],"ascension_level":6}}