{"host":"oz4ht6ec7xzo36kd","time":1611853682,"event":{"mods":["Act Like it!","BaseMod","Friendly Minions","Marisa¡]Ãú«B¡@Å]²z¨F¡^","Minty Spire (QoL Compilation)","Remilia¡]Á¢¦Ì²ú?¡^","StSLib","The Marked","The Servant 0.9.4","WarShipGirlsR/??¤Ö¤kR mod","Youmu¡]»î¾z§¯?¡^"],"gold_per_floor":[20,95,107,123,73,103,103,103,103,120,152,152,162,87,87,187,187,200,200,125,125,125,125,154,154,202,202,202,202],"floor_reached":28,"language":"ZHT","playtime":873,"items_purged":["Regret"],"score":267,"play_id":"65cf1c28-5e91-4d2a-832c-467ea0c26fd4","local_time":"20210129010802","is_ascension_mode":false,"campfire_choices":[{"floor":7,"key":"RECALL"},{"floor":15,"key":"REST"},{"data":"theMarked:SoldierOfQuellstein","floor":23,"key":"SMITH"},{"data":"Bite","floor":25,"key":"SMITH"}],"circlet_count":0,"master_deck":["theMarked:SoldierOfQuellstein+1","theMarked:EternalStudent","theMarked:BanishingWave","theMarked:WardOff","theMarked:Toughness+1","theMarked:BindingBlade","theMarked:ShockingTouch","Bite+1","Bite","Bite","Bite","Bite","Doubt","theMarked:Convert","theMarked:RogueSparks"],"relics":["theMarked:ArtifactOfAir","Ginger","theMarked:Gun","Regal Pillow","theMarked:Eyepatch","Letter Opener","Nunchaku"],"acts_visited":["Exordium","TheCity"],"potions_floor_usage":[11,13,28,28],"damage_taken":[{"damage":2,"enemies":"Small Slimes","floor":1,"turns":3},{"damage":6,"enemies":"Jaw Worm","floor":3,"turns":2},{"damage":2,"enemies":"2 Louse","floor":4,"turns":2},{"damage":26,"enemies":"Lagavulin","floor":6,"turns":6},{"damage":16,"enemies":"2 Fungi Beasts","floor":10,"turns":3},{"damage":8,"enemies":"Gremlin Nob","floor":11,"turns":3},{"damage":3,"enemies":"Large Slime","floor":13,"turns":3},{"damage":39,"enemies":"Hexaghost","floor":16,"turns":9},{"damage":30,"enemies":"Spheric Guardian","floor":18,"turns":4},{"damage":41,"enemies":"Gremlin Leader","floor":24,"turns":6},{"damage":17,"enemies":"Slavers","floor":28,"turns":1}],"seed_played":"2131424575730709892","potions_obtained":[{"floor":6,"key":"FairyPotion"},{"floor":10,"key":"Weak Potion"},{"floor":11,"key":"Strength Potion"},{"floor":16,"key":"Explosive Potion"},{"floor":24,"key":"LiquidMemories"}],"is_trial":false,"path_per_floor":["M","?","M","M","?","E","R","?","T","M","E","?","M","$","R","B",null,"M","?","?","?","?","R","E","R","T","?","E"],"character_chosen":"THE_DEFAULT","items_purchased":[],"campfire_rested":1,"item_purchase_floors":[],"current_hp_per_floor":[68,57,51,49,49,23,23,23,23,7,21,7,4,4,40,1,70,40,40,40,40,40,40,17,17,17,10,0,0],"gold":202,"neow_bonus":"REMOVE_TWO","is_daily":false,"chose_seed":false,"campfire_upgraded":2,"win_rate":0.0,"timestamp":1611853682,"path_taken":["M","?","M","M","?","E","R","?","T","M","E","?","M","$","R","BOSS","M","?","?","?","?","R","E","R","T","?","E"],"items_purchased_type":[],"build_version":"2020-12-22","purchased_purges":1,"victory":false,"max_hp_per_floor":[70,70,70,70,70,70,70,70,70,70,70,70,70,70,70,70,70,70,49,49,49,49,49,49,49,49,54,54,54],"card_choices":[{"not_picked":["theMarked:Frustration","theMarked:Memento"],"picked":"theMarked:SwordAndMagic","floor":1},{"not_picked":["theMarked:Aftermath","theMarked:TwofoldDefense","theMarked:Parry"],"picked":"SKIP","floor":3},{"not_picked":["theMarked:TwofoldDefense","theMarked:Generate"],"picked":"theMarked:EternalStudent","floor":4},{"not_picked":["theMarked:TwofoldDefense","theMarked:TakeCover"],"picked":"theMarked:BanishingWave","floor":6},{"not_picked":["theMarked:TakeCover","theMarked:TheMission"],"picked":"theMarked:WardOff","floor":10},{"not_picked":["theMarked:Memento","theMarked:ResourceFulStrike"],"picked":"theMarked:Toughness","floor":11},{"not_picked":["theMarked:ChainLightning","theMarked:WastefulAttack"],"picked":"theMarked:EmpowerWeapon","floor":13},{"not_picked":["theMarked:FavorableWinds","theMarked:Snap"],"picked":"theMarked:BindingBlade","floor":16},{"not_picked":["theMarked:TwofoldDefense","theMarked:Parkour"],"picked":"theMarked:ShockingTouch","floor":18},{"not_picked":["theMarked:LightningStrikesTwice","theMarked:HeightenedSenses"],"picked":"theMarked:RogueSparks","floor":24}],"player_experience":412910,"relics_obtained":[{"floor":6,"key":"Ginger"},{"floor":11,"key":"Regal Pillow"},{"floor":24,"key":"Letter Opener"},{"floor":26,"key":"Nunchaku"}],"event_choices":[{"damage_healed":0,"gold_gain":75,"player_choice":"Gather Gold","damage_taken":11,"max_hp_gain":0,"max_hp_loss":0,"event_name":"World of Goop","floor":2,"gold_loss":0},{"cards_removed":["theMarked:Strike"],"damage_healed":0,"gold_gain":0,"player_choice":"Card Removal","damage_taken":0,"max_hp_gain":0,"max_hp_loss":0,"event_name":"The Cleric","floor":5,"gold_loss":50},{"damage_healed":0,"gold_gain":0,"player_choice":"Box","damage_taken":0,"relics_obtained":["theMarked:Gun"],"max_hp_gain":0,"max_hp_loss":0,"event_name":"Big Fish","floor":8,"gold_loss":0,"cards_obtained":["Regret"]},{"damage_healed":0,"gold_gain":0,"player_choice":"Entered Light","damage_taken":14,"max_hp_gain":0,"max_hp_loss":0,"event_name":"Shining Light","floor":12,"gold_loss":0,"cards_upgraded":["theMarked:Strike","theMarked:Toughness"]},{"damage_healed":0,"gold_gain":0,"player_choice":"Became a vampire","damage_taken":0,"max_hp_gain":0,"max_hp_loss":21,"event_name":"Vampires","floor":19,"gold_loss":0,"cards_obtained":["Bite","Bite","Bite","Bite","Bite"]},{"cards_removed":["theMarked:Defend"],"damage_healed":0,"gold_gain":0,"player_choice":"Gave Gold","damage_taken":0,"max_hp_gain":0,"max_hp_loss":0,"event_name":"Beggar","floor":20,"gold_loss":75},{"damage_healed":0,"gold_gain":0,"cards_transformed":["Envy_TH","theMarked:SwordAndMagic"],"player_choice":"Became Test Subject","damage_taken":0,"max_hp_gain":0,"max_hp_loss":0,"event_name":"Drug Dealer","floor":22,"gold_loss":0,"cards_obtained":["Doubt","theMarked:Convert"]},{"damage_healed":0,"gold_gain":0,"player_choice":"Shed Blood","damage_taken":12,"max_hp_gain":5,"max_hp_loss":0,"event_name":"Forgotten Altar","floor":27,"gold_loss":0}],"is_beta":false,"boss_relics":[{"not_picked":["Calling Bell","Empty Cage"],"picked":"theMarked:Eyepatch"}],"items_purged_floors":[14],"is_endless":false,"potions_floor_spawned":[6,10,11,16,24],"killed_by":"Slavers","ascension_level":0}}