{"host":"5p9hybygolzp0efr","time":1611842412,"event":{"mods":["AchievementEnabler","BaseMod","Bestiary","Colored Map","Minty Spire (QoL Compilation)","Relic Stats"],"gold_per_floor":[116,131,146,146,158,158,6,16,16,16,16,26,26,43,43,144,144,160,160,160,193,205,205,219,219,219,219,231,231,249,269,269,269,269],"floor_reached":33,"language":"ENG","playtime":771,"items_purged":["Strike_R"],"score":241,"play_id":"45701bee-9b64-43ae-b672-80289cd7645b","local_time":"20210128220012","is_ascension_mode":false,"campfire_choices":[{"data":"Searing Blow","floor":6,"key":"SMITH"},{"data":"Searing Blow+1","floor":11,"key":"SMITH"},{"data":"Searing Blow+2","floor":13,"key":"SMITH"},{"data":"Searing Blow+3","floor":15,"key":"SMITH"},{"floor":23,"key":"REST"},{"data":"Searing Blow+4","floor":25,"key":"SMITH"},{"floor":27,"key":"REST"},{"floor":29,"key":"REST"},{"floor":32,"key":"REST"}],"circlet_count":0,"master_deck":["Strike_R","Strike_R","Strike_R","Strike_R","Defend_R","Defend_R","Defend_R","Defend_R","Bash","Searing Blow+5","Flex","Inflame","Parasite","Dual Wield","Thunderclap","Double Tap"],"relics":["Calling Bell","MealTicket","White Beast Statue","Champion Belt","Happy Flower","Bronze Scales","Velvet Choker","MutagenicStrength","Enchiridion","Red Mask","Toxic Egg 2"],"acts_visited":["Exordium","TheCity"],"potions_floor_usage":[33,33],"damage_taken":[{"damage":10,"enemies":"Small Slimes","floor":1,"turns":4},{"damage":6,"enemies":"Jaw Worm","floor":2,"turns":4},{"damage":1,"enemies":"2 Louse","floor":3,"turns":3},{"damage":30,"enemies":"Exordium Wildlife","floor":5,"turns":6},{"damage":14,"enemies":"Blue Slaver","floor":8,"turns":3},{"damage":10,"enemies":"Looter","floor":12,"turns":3},{"damage":0,"enemies":"Exordium Wildlife","floor":14,"turns":4},{"damage":26,"enemies":"Slime Boss","floor":16,"turns":10},{"damage":0,"enemies":"Spheric Guardian","floor":18,"turns":2},{"damage":49,"enemies":"Masked Bandits","floor":21,"turns":4},{"damage":6,"enemies":"Chosen","floor":22,"turns":3},{"damage":16,"enemies":"Snake Plant","floor":24,"turns":3},{"damage":18,"enemies":"3 Cultists","floor":28,"turns":5},{"damage":11,"enemies":"Centurion and Healer","floor":30,"turns":5},{"damage":4,"enemies":"Sentry and Sphere","floor":31,"turns":4},{"damage":85,"enemies":"Automaton","floor":33,"turns":6}],"seed_played":"-207815321467817362","potions_obtained":[{"floor":1,"key":"SteroidPotion"},{"floor":2,"key":"PowerPotion"},{"floor":3,"key":"BlessingOfTheForge"}],"is_trial":false,"path_per_floor":["M","M","M","?","M","R","$","M","T","?","R","M","R","M","R","B",null,"M","?","?","?","M","R","M","R","T","R","M","R","M","M","R","B"],"character_chosen":"IRONCLAD","items_purchased":["Inflame"],"campfire_rested":4,"item_purchase_floors":[7],"current_hp_per_floor":[70,64,63,51,21,21,36,22,22,42,42,32,32,32,32,6,80,80,80,64,15,9,33,17,17,17,41,23,47,36,32,56,0,0],"gold":269,"neow_bonus":"BOSS_RELIC","is_daily":false,"chose_seed":false,"campfire_upgraded":5,"win_rate":0.0,"timestamp":1611842412,"path_taken":["M","M","M","?","M","R","$","M","T","?","R","M","R","M","R","BOSS","M","?","?","?","M","R","M","R","T","R","M","R","M","M","R","BOSS"],"items_purchased_type":["Card"],"build_version":"2020-12-22","purchased_purges":1,"victory":false,"max_hp_per_floor":[80,80,80,80,80,80,80,80,80,80,80,80,80,80,80,80,80,80,80,80,80,80,80,80,80,80,80,80,80,80,80,80,80,80],"relic_stats":{"Happy Flower":[19],"counters":[16,69],"Bronze Scales":[110],"MealTicket":15,"Champion Belt":[29],"obtain_stats":[{"Calling Bell":0,"Happy Flower":4,"Bronze Scales":9,"MutagenicStrength":19,"Velvet Choker":17,"Enchiridion":20,"MealTicket":0,"Red Mask":21,"Champion Belt":0,"Toxic Egg 2":26,"Burning Blood":0,"White Beast Statue":0},{"Calling Bell":0,"Happy Flower":3,"Bronze Scales":5,"MutagenicStrength":9,"Velvet Choker":8,"Enchiridion":9,"MealTicket":0,"Red Mask":10,"Champion Belt":0,"Toxic Egg 2":12,"Burning Blood":0,"White Beast Statue":0},{"Calling Bell":0,"Happy Flower":11,"Bronze Scales":20,"MutagenicStrength":39,"Velvet Choker":37,"Enchiridion":39,"MealTicket":0,"Red Mask":43,"Champion Belt":0,"Toxic Egg 2":49,"Burning Blood":0,"White Beast Statue":0}]},"card_choices":[{"not_picked":["Ghostly Armor","Wild Strike","Body Slam"],"picked":"SKIP","floor":1},{"not_picked":["Metallicize","Flame Barrier","Combust"],"picked":"SKIP","floor":2},{"not_picked":["Twin Strike","Perfected Strike"],"picked":"Searing Blow","floor":3},{"not_picked":["Dropkick","Power Through"],"picked":"Flex","floor":5},{"not_picked":["Warcry","Dropkick","Feed"],"picked":"SKIP","floor":8},{"not_picked":["Cleave","True Grit"],"picked":"Dual Wield","floor":12},{"not_picked":["Body Slam","Power Through"],"picked":"Thunderclap","floor":14},{"not_picked":["Juggernaut","Demon Form"],"picked":"Double Tap","floor":16},{"not_picked":["Sever Soul+1","Warcry","Shockwave"],"picked":"SKIP","floor":18},{"not_picked":["Headbutt","Shockwave","Second Wind+1"],"picked":"SKIP","floor":22},{"not_picked":["Fire Breathing+1","Offering","Clothesline"],"picked":"SKIP","floor":24},{"not_picked":["Sword Boomerang","Shockwave+1","Cleave"],"picked":"SKIP","floor":28},{"not_picked":["Cleave","Clash","Armaments+1"],"picked":"SKIP","floor":30},{"not_picked":["Combust+1","Warcry+1","Rampage+1"],"picked":"SKIP","floor":31}],"player_experience":552772,"relics_obtained":[{"floor":0,"key":"MealTicket"},{"floor":0,"key":"White Beast Statue"},{"floor":0,"key":"Champion Belt"},{"floor":9,"key":"Bronze Scales"},{"floor":20,"key":"Enchiridion"},{"floor":21,"key":"Red Mask"},{"floor":26,"key":"Toxic Egg 2"}],"event_choices":[{"damage_healed":0,"gold_gain":0,"player_choice":"Success","damage_taken":12,"relics_obtained":["Happy Flower"],"max_hp_gain":0,"max_hp_loss":0,"event_name":"Scrap Ooze","floor":4,"gold_loss":0},{"damage_healed":20,"gold_gain":0,"player_choice":"Healed and dodged fight","damage_taken":0,"max_hp_gain":0,"max_hp_loss":0,"event_name":"Mushrooms","floor":10,"gold_loss":0,"cards_obtained":["Parasite"]},{"damage_healed":0,"gold_gain":0,"player_choice":"Inject Mutagens","damage_taken":0,"relics_obtained":["MutagenicStrength"],"max_hp_gain":0,"max_hp_loss":0,"event_name":"Drug Dealer","floor":19,"gold_loss":0},{"damage_healed":0,"gold_gain":0,"player_choice":"Obtained Book","damage_taken":16,"max_hp_gain":0,"max_hp_loss":0,"event_name":"Cursed Tome","floor":20,"gold_loss":0},{"damage_healed":0,"gold_gain":0,"player_choice":"Fought Bandits","damage_taken":0,"max_hp_gain":0,"max_hp_loss":0,"event_name":"Masked Bandits","floor":21,"gold_loss":0}],"is_beta":false,"boss_relics":[{"not_picked":["Coffee Dripper","Astrolabe"],"picked":"Velvet Choker"}],"items_purged_floors":[7],"is_endless":false,"potions_floor_spawned":[1,2,3,5,8,12,14,16,18,21,22,24,28,30,31],"killed_by":"Automaton","ascension_level":0}}