{"host":"vddkjx04kiwje1tk","time":1611821562,"event":{"mods":["AchievementEnabler","BaseMod","Colored Map","Minty Spire (QoL Compilation)","Quick Restart","SuperFastMode"],"gold_per_floor":[118,43,53,53,53,53,81,95,95,111,111,111,142,162,162,264,264,281,87,105,117,27,27,52,52,52],"floor_reached":25,"language":"KOR","playtime":557,"items_purged":["Strike_B","Defend_B"],"score":320,"play_id":"dedfd556-4999-4c6d-8c17-33756b3caa4b","local_time":"20210128171242","is_ascension_mode":true,"campfire_choices":[{"data":"Zap","floor":6,"key":"SMITH"},{"floor":15,"key":"REST"},{"floor":23,"key":"REST"}],"circlet_count":0,"master_deck":["Strike_B","Strike_B","Defend_B","Zap+1","Dualcast","Electrodynamics","Ball Lightning","Redo+1","Core Surge+1","Loop","Storm","Skim","White Noise+1"],"relics":["Cracked Core","MealTicket","The Courier","Bottled Tornado","Empty Cage","Boot"],"acts_visited":["Exordium","TheCity"],"potions_floor_usage":[13,13,13,16,16,16,24,24],"damage_taken":[{"damage":2,"enemies":"2 Louse","floor":1,"turns":2},{"damage":2,"enemies":"Jaw Worm","floor":3,"turns":3},{"damage":34,"enemies":"Lagavulin","floor":7,"turns":5},{"damage":0,"enemies":"Cultist","floor":8,"turns":2},{"damage":0,"enemies":"Lots of Slimes","floor":10,"turns":1},{"damage":0,"enemies":"3 Sentries","floor":13,"turns":1},{"damage":9,"enemies":"Red Slaver","floor":14,"turns":2},{"damage":17,"enemies":"The Guardian","floor":16,"turns":11},{"damage":22,"enemies":"Shell Parasite","floor":18,"turns":4},{"damage":12,"enemies":"Chosen","floor":20,"turns":3},{"damage":17,"enemies":"Centurion and Healer","floor":21,"turns":4},{"damage":40,"enemies":"Slavers","floor":24,"turns":3},{"damage":8,"enemies":"Snake Plant","floor":25,"turns":1}],"seed_played":"4245639943933240054","potions_obtained":[{"floor":3,"key":"GamblersBrew"},{"floor":8,"key":"EntropicBrew"},{"floor":14,"key":"Weak Potion"},{"floor":16,"key":"ColorlessPotion"},{"floor":18,"key":"LiquidBronze"},{"floor":20,"key":"Weak Potion"},{"floor":24,"key":"Ancient Potion"}],"is_trial":false,"path_per_floor":["M","$","M","$","?","R","E","M","T","M","?","?","E","M","R","B",null,"M","$","M","M","?","R","E","M"],"character_chosen":"DEFECT","items_purchased":["Loop","Storm"],"campfire_rested":2,"item_purchase_floors":[19,19],"current_hp_per_floor":[52,52,50,50,43,43,9,9,9,9,27,27,27,18,40,23,60,38,53,41,24,24,45,5,0,0],"gold":52,"neow_bonus":"THREE_RARE_CARDS","is_daily":false,"chose_seed":false,"campfire_upgraded":1,"win_rate":0.0,"timestamp":1611821562,"path_taken":["M","$","M","$","?","R","E","M","T","M","?","?","E","M","R","BOSS","M","$","M","M","?","R","E","M"],"items_purchased_type":["Card","Card"],"build_version":"2020-12-22","purchased_purges":2,"victory":false,"max_hp_per_floor":[75,75,75,75,75,75,75,75,75,75,75,75,75,75,75,75,72,72,72,72,72,72,72,72,72,72],"card_choices":[{"not_picked":["Core Surge","Reboot"],"picked":"Electrodynamics","floor":0},{"not_picked":["Hologram","Leap"],"picked":"Ball Lightning","floor":1},{"not_picked":["Consume","Rip and Tear","Fusion"],"picked":"SKIP","floor":3},{"not_picked":["Coolheaded","Streamline","Cold Snap"],"picked":"SKIP","floor":7},{"not_picked":["Fission","Sweeping Beam"],"picked":"Redo","floor":8},{"not_picked":["Compile Driver","Steam","Gash"],"picked":"SKIP","floor":10},{"not_picked":["Consume","Hello World","Machine Learning"],"picked":"SKIP","floor":13},{"not_picked":["Consume","Hello World","Machine Learning"],"picked":"SKIP","floor":13},{"not_picked":["Doom and Gloom","Leap","Steam"],"picked":"SKIP","floor":14},{"not_picked":["Meteor Strike","Electrodynamics"],"picked":"Core Surge","floor":16},{"not_picked":["Heatsinks+1","BootSequence+1","Gash"],"picked":"SKIP","floor":18},{"not_picked":["Compile Driver","Stack"],"picked":"Skim","floor":20},{"not_picked":["Sweeping Beam","Leap"],"picked":"White Noise+1","floor":21},{"not_picked":["Reinforced Body+1","Sweeping Beam+1","Barrage"],"picked":"SKIP","floor":24}],"player_experience":218596,"relics_obtained":[{"floor":7,"key":"MealTicket"},{"floor":9,"key":"The Courier"},{"floor":13,"key":"Bottled Tornado"},{"floor":24,"key":"Boot"}],"event_choices":[{"cards_removed":["Defend_B"],"damage_healed":0,"gold_gain":0,"player_choice":"Card Removal","damage_taken":7,"max_hp_gain":0,"max_hp_loss":0,"event_name":"Golden Wing","floor":5,"gold_loss":0},{"damage_healed":18,"gold_gain":0,"player_choice":"Healed and dodged fight","damage_taken":0,"max_hp_gain":0,"max_hp_loss":0,"event_name":"Mushrooms","floor":11,"gold_loss":0,"cards_obtained":["Parasite"]},{"damage_healed":0,"gold_gain":0,"player_choice":"Forge","damage_taken":0,"max_hp_gain":0,"max_hp_loss":0,"event_name":"Accursed Blacksmith","floor":12,"gold_loss":0,"cards_upgraded":["Redo"]},{"cards_removed":["Defend_B"],"damage_healed":0,"gold_gain":0,"player_choice":"Upgrade and Remove","damage_taken":0,"max_hp_gain":0,"max_hp_loss":0,"event_name":"Designer","floor":22,"gold_loss":90,"cards_upgraded":["Core Surge"]}],"is_beta":false,"boss_relics":[{"not_picked":["SacredBark","Black Star"],"picked":"Empty Cage"}],"items_purged_floors":[2,19],"is_endless":false,"potions_floor_spawned":[3,8,14,16,18,20,24],"killed_by":"Snake Plant","ascension_level":5}}