{"host":"1c52r9kaxdyo25eq","time":1611840748,"event":{"mods":["AchievementEnabler","BaseMod","DeckTracker","Minty Spire (QoL Compilation)","Rare Cards Sparkle","SuperFastMode","everything is the same but u backflip on backflip"],"gold_per_floor":[118,135,135,135,62,97,97,110,110,130,130,146,65,79,79,210,210,224,111,131,131,131,156,191,210,282,207,207,31,31,31,31,154,154,169,229,229,253,128,128,152,152,152],"floor_reached":42,"language":"KOR","playtime":935,"items_purged":["Defend_B","Strike_B","Sunder+1"],"score":529,"play_id":"ff45f463-7dd7-4998-87e0-26ff19c9cacc","local_time":"20210128223228","is_ascension_mode":true,"campfire_choices":[{"data":"Seek","floor":7.0,"key":"SMITH"},{"data":"Dualcast","floor":11.0,"key":"SMITH"},{"data":"Sunder","floor":15.0,"key":"SMITH"},{"data":"Electrodynamics","floor":28.0,"key":"SMITH"},{"data":"Fusion","floor":30.0,"key":"SMITH"},{"floor":32.0,"key":"REST"},{"data":"Recycle","floor":40.0,"key":"SMITH"}],"circlet_count":0,"master_deck":["Defend_B","Defend_B","Zap","Dualcast+1","Compile Driver","Beam Cell","Seek+1","Gash","Coolheaded","Self Repair","Turbo","Glacier","Thunder Strike","Conserve Battery","Skim","Electrodynamics+1","Ball Lightning+1","Fusion+1","Reboot","Chill+1","FTL+1","Rainbow+1","Skim+1","Recycle+1"],"relics":["Cracked Core","Golden Idol","Akabeko","Tiny Chest","Sundial","Sozu","Nloth\u0027s Gift","Shuriken","Question Card","Cables","Bottled Tornado","Astrolabe","Turnip"],"acts_visited":["Exordium","TheCity","TheBeyond"],"potions_floor_usage":[],"damage_taken":[{"damage":0.0,"enemies":"Jaw Worm","floor":1.0,"turns":1.0},{"damage":0.0,"enemies":"Cultist","floor":2.0,"turns":1.0},{"damage":0.0,"enemies":"Lagavulin","floor":6.0,"turns":1.0},{"damage":0.0,"enemies":"Small Slimes","floor":8.0,"turns":2.0},{"damage":9.0,"enemies":"Red Slaver","floor":10.0,"turns":2.0},{"damage":6.0,"enemies":"Blue Slaver","floor":12.0,"turns":3.0},{"damage":0.0,"enemies":"Looter","floor":14.0,"turns":1.0},{"damage":59.0,"enemies":"Slime Boss","floor":16.0,"turns":12.0},{"damage":14.0,"enemies":"2 Thieves","floor":18.0,"turns":4.0},{"damage":10.0,"enemies":"3 Byrds","floor":20.0,"turns":5.0},{"damage":32.0,"enemies":"Centurion and Healer","floor":23.0,"turns":8.0},{"damage":24.0,"enemies":"Slavers","floor":24.0,"turns":6.0},{"damage":2.0,"enemies":"3 Cultists","floor":25.0,"turns":3.0},{"damage":40.0,"enemies":"Collector","floor":33.0,"turns":8.0},{"damage":5.0,"enemies":"3 Darklings","floor":35.0,"turns":2.0},{"damage":38.0,"enemies":"2 Orb Walkers","floor":36.0,"turns":3.0},{"damage":8.0,"enemies":"Orb Walker","floor":38.0,"turns":4.0},{"damage":26.0,"enemies":"Spire Growth","floor":41.0,"turns":4.0},{"damage":19,"enemies":"Maw","floor":42,"turns":2}],"seed_played":"-1433922390230257100","potions_obtained":[{"floor":2.0,"key":"FearPotion"},{"floor":8.0,"key":"Fruit Juice"}],"is_trial":false,"path_per_floor":["M","M","?","?","$","E","R","M","T","M","R","M","$","M","R","B",null,"M","$","M","?","T","M","E","M","T","?","R","$","R","T","R","B",null,"M","?","T","M","$","R","M","M"],"character_chosen":"DEFECT","items_purchased":["Seek","Sunder","Skim","Fusion"],"campfire_rested":1,"item_purchase_floors":[5,13,19,29],"current_hp_per_floor":[75,75,69,66,66,66,66,66,66,57,57,58,58,58,58,11,74,67,67,64,64,64,39,22,27,27,27,27,27,27,27,49,16,74,69,38,38,37,37,37,11,0,0],"gold":152,"neow_bonus":"THREE_ENEMY_KILL","is_daily":false,"chose_seed":false,"campfire_upgraded":6,"win_rate":0.0,"timestamp":1611840748,"path_taken":["M","M","?","?","?","E","R","M","T","M","R","M","?","M","R","BOSS","M","$","?","?","?","M","E","M","T","?","R","$","R","?","R","BOSS","M","?","?","M","$","R","M","M"],"items_purchased_type":["Card","Card","Card","Card"],"build_version":"2020-12-22","purchased_purges":3,"victory":false,"max_hp_per_floor":[75,75,69,69,69,69,69,69,69,69,69,69,69,69,69,74,74,74,74,74,74,74,74,74,74,74,74,74,74,74,74,74,74,74,74,74,74,74,74,74,74,74,74],"card_choices":[{"not_picked":["Turbo","Auto Shields"],"picked":"Compile Driver","floor":1.0},{"not_picked":["BootSequence","Ball Lightning"],"picked":"Beam Cell","floor":2.0},{"not_picked":["Undo","Stack"],"picked":"Gash","floor":6.0},{"not_picked":["Conserve Battery","Sweeping Beam"],"picked":"Coolheaded","floor":8.0},{"not_picked":["Leap","Chaos"],"picked":"Self Repair","floor":10.0},{"not_picked":["Steam Power","Barrage"],"picked":"Turbo","floor":12.0},{"not_picked":["Genetic Algorithm","Cold Snap"],"picked":"Glacier","floor":14.0},{"not_picked":["Amplify","Buffer"],"picked":"Thunder Strike","floor":16.0},{"not_picked":["Streamline","Blizzard+1"],"picked":"Conserve Battery","floor":18.0},{"not_picked":["Compile Driver","Rebound","Cold Snap"],"picked":"SKIP","floor":20.0},{"not_picked":["Fission","Coolheaded","Steam+1"],"picked":"SKIP","floor":23.0},{"not_picked":["Streamline","Stack"],"picked":"Electrodynamics","floor":24.0},{"not_picked":["FTL","Streamline","Compile Driver"],"picked":"Ball Lightning+1","floor":25.0},{"not_picked":["Seek","Machine Learning","Rainbow"],"picked":"Reboot","floor":33.0},{"not_picked":["Turbo+1","Gash+1","Ball Lightning+1"],"picked":"Skim+1","floor":35.0},{"not_picked":["Scrape","Barrage+1","Sweeping Beam"],"picked":"Recycle","floor":38.0},{"not_picked":["Cold Snap+1","Chaos+1","Conserve Battery","Reprogram+1"],"picked":"SKIP","floor":41.0}],"player_experience":622117,"relics_obtained":[{"floor":6.0,"key":"Tiny Chest"},{"floor":9.0,"key":"Sundial"},{"floor":22.0,"key":"Shuriken"},{"floor":24.0,"key":"Question Card"},{"floor":26.0,"key":"Cables"},{"floor":31.0,"key":"Bottled Tornado"},{"floor":36.0,"key":"Turnip"}],"event_choices":[{"damage_healed":0.0,"max_hp_gain":0.0,"max_hp_loss":6.0,"gold_gain":0.0,"event_name":"Golden Idol","player_choice":"Lose Max HP","floor":3.0,"gold_loss":0.0,"damage_taken":0.0,"relics_obtained":["Golden Idol"]},{"damage_healed":0.0,"max_hp_gain":0.0,"max_hp_loss":0.0,"gold_gain":0.0,"event_name":"Scrap Ooze","player_choice":"Success","floor":4.0,"gold_loss":0.0,"damage_taken":3.0,"relics_obtained":["Akabeko"]},{"damage_healed":0.0,"max_hp_gain":0.0,"max_hp_loss":0.0,"gold_gain":0.0,"event_name":"N\u0027loth","player_choice":"Traded Relic","floor":21.0,"relics_lost":["NeowsBlessing"],"gold_loss":0.0,"damage_taken":0.0,"relics_obtained":["Nloth\u0027s Gift"]},{"cards_removed":["Strike_B"],"damage_healed":0.0,"max_hp_gain":0.0,"max_hp_loss":0.0,"gold_gain":0.0,"event_name":"Beggar","player_choice":"Gave Gold","floor":27.0,"gold_loss":75.0,"damage_taken":0.0},{"damage_healed":0.0,"max_hp_gain":0.0,"max_hp_loss":0.0,"gold_gain":0.0,"event_name":"Mysterious Sphere","player_choice":"Fight","floor":36.0,"gold_loss":0.0,"damage_taken":0.0}],"is_beta":false,"boss_relics":[{"not_picked":["Busted Crown","SacredBark"],"picked":"Sozu"},{"not_picked":["Runic Dome","Philosopher\u0027s Stone"],"picked":"Astrolabe"}],"items_purged_floors":[19,29,39],"is_endless":false,"potions_floor_spawned":[2,8,18,25,33,35],"killed_by":"Maw","ascension_level":4}}