{"host":"ufl0k2so27eic2iy","time":1611839183,"event":{"mods":["BaseMod","Downfall","Minty Spire (QoL Compilation)","StSLib","The Animator"],"gold_per_floor":[112,112,128,158,158,158,46,83,83,83,101,124,124,124],"floor_reached":13,"language":"ENG","playtime":591,"items_purged":["Decay"],"score":149,"play_id":"29475fd5-2271-4d30-84b3-06e3975e7865","local_time":"20210128130623","is_ascension_mode":true,"campfire_choices":[{"data":"animator:Suigintou","floor":6.0,"key":"SMITH"},{"floor":10,"key":"REST"}],"circlet_count":0,"master_deck":["AscendersBane","animator:Strike_Rewrite","animator:Defend_Rewrite+1","animator:Strike","animator:Strike","animator:Strike","animator:Defend","animator:Defend","animator:Defend","animator:YoshinoHaruhiko+1","animator:ShizuruNakatsu","animator:Mikaela","animator:Suigintou+1","animator:LuciaKonohana","animator:GuildGirl","animator:SougenEsaka","animator:SougenEsaka","animator:LuciaKonohana"],"relics":["animator:LivingPicture","animator:TheMissingPiece","Mummified Hand","sneckomod:BlankCard"],"acts_visited":["Exordium"],"potions_floor_usage":[8,8],"damage_taken":[{"damage":5.0,"enemies":"Jaw Worm","floor":1.0,"turns":5.0},{"damage":0.0,"enemies":"Cultist","floor":3.0,"turns":4.0},{"damage":7.0,"enemies":"2 Louse","floor":4.0,"turns":3.0},{"damage":15,"enemies":"3 Sentries","floor":8,"turns":9},{"damage":4,"enemies":"Looter","floor":11,"turns":5},{"damage":6,"enemies":"3 Louse","floor":12,"turns":4},{"damage":15,"enemies":"Lagavulin","floor":13,"turns":3}],"seed_played":"8649981982018885573","potions_obtained":[{"floor":1.0,"key":"Fire Potion"},{"floor":4.0,"key":"EntropicBrew"}],"is_trial":false,"path_per_floor":["M","?","M","M","?","R","$","E","T","R","M","M","E"],"character_chosen":"THE_ANIMATOR","items_purchased":["animator:GuildGirl"],"campfire_rested":1,"item_purchase_floors":[7],"current_hp_per_floor":[55,35,35,28,28,28,28,14,14,34,30,24,9,9],"gold":124,"neow_bonus":"TEN_PERCENT_HP_BONUS","is_daily":false,"chose_seed":true,"campfire_upgraded":1,"win_rate":0.0,"timestamp":1611839183,"path_taken":["M","?","M","M","?","R","$","E","T","R","?","M","E"],"items_purchased_type":["Card"],"build_version":"2020-12-22","purchased_purges":1,"victory":false,"max_hp_per_floor":[66,66,66,66,66,66,66,67,67,67,67,67,67,67],"card_choices":[{"not_picked":["animator:Millim","animator:TsurugaMeisai"],"picked":"animator:Mikaela","floor":1.0},{"not_picked":["animator:Mikaela","animator:JunSakurada"],"picked":"animator:Suigintou","floor":3.0},{"not_picked":["animator:Shichika","animator:RundelhausCode"],"picked":"animator:LuciaKonohana","floor":4.0},{"not_picked":["animator:Chibimoth","animator:ToukaNishikujou"],"picked":"animator:SougenEsaka","floor":8},{"not_picked":["animator:Azekura","animator:Marielle"],"picked":"animator:SougenEsaka","floor":11},{"not_picked":["animator:Yoichi","animator:Spearman"],"picked":"animator:LuciaKonohana","floor":12}],"player_experience":2777138,"relics_obtained":[{"floor":8,"key":"Mummified Hand"},{"floor":9,"key":"sneckomod:BlankCard"}],"event_choices":[{"damage_healed":0.0,"max_hp_gain":0.0,"max_hp_loss":0.0,"gold_gain":0.0,"event_name":"Shining Light","player_choice":"Entered Light","floor":2.0,"gold_loss":0.0,"damage_taken":20.0,"cards_upgraded":["animator:Defend_Rewrite","animator:YoshinoHaruhiko"]},{"damage_healed":0.0,"max_hp_gain":0.0,"max_hp_loss":0.0,"gold_gain":0.0,"event_name":"Wheel of Change","player_choice":"Cursed","floor":5.0,"gold_loss":0.0,"damage_taken":0.0,"cards_obtained":["Decay"]}],"is_beta":false,"boss_relics":[],"items_purged_floors":[7],"is_endless":false,"potions_floor_spawned":[1,4],"killed_by":"Lagavulin","ascension_level":15}}