{"host":"hjajo0rafoe1e6c4","time":1611832149,"event":{"mods":["AchievementEnabler","BaseMod","Bestiary","Colored Map","Colored Powertips","Highlight Path","Minty Spire (QoL Compilation)","Relic Stats"],"gold_per_floor":[118,118,41,41,41,41,66,66,66,96,96,124,135,135,135,235,235,248,248,127,127,127,127,0,35,61,96,115,115,128,128,128],"floor_reached":31,"language":"ENG","playtime":1549,"items_purged":["Strike_R"],"score":353,"play_id":"933b007e-a648-4b09-825c-97e1a602a321","local_time":"20210128060909","is_ascension_mode":true,"campfire_choices":[{"data":"Defend_R","floor":6,"key":"SMITH"},{"floor":8,"key":"REST"},{"data":"Defend_R","floor":11,"key":"SMITH"},{"floor":15,"key":"REST"},{"data":"Metallicize","floor":23,"key":"SMITH"}],"circlet_count":0,"master_deck":["Defend_R+1","Defend_R+1","Defend_R+1","Defend_R+1","Bash+1","Shrug It Off+1","Armaments","Body Slam+1","Metallicize","Body Slam+1","Metallicize+1","Armaments","Bite","Bite","Bite","Bite+1","Bite","True Grit+1","Juggernaut","Armaments+1"],"relics":["SlaversCollar","Dead Branch","Toy Ornithopter","Pear","Gremlin Horn","Sozu","Nilry\u0027s Codex","Whetstone","War Paint","Dream Catcher"],"acts_visited":["Exordium","TheCity"],"potions_floor_usage":[16,16],"damage_taken":[{"damage":7,"enemies":"Small Slimes","floor":1,"turns":3},{"damage":32,"enemies":"3 Sentries","floor":7,"turns":11},{"damage":21,"enemies":"Lagavulin","floor":10,"turns":5},{"damage":7,"enemies":"3 Sentries","floor":12,"turns":8},{"damage":0,"enemies":"Jaw Worm","floor":13,"turns":4},{"damage":14,"enemies":"Slime Boss","floor":16,"turns":9},{"damage":16,"enemies":"3 Byrds","floor":18,"turns":7},{"damage":33,"enemies":"Gremlin Leader","floor":25,"turns":7},{"damage":31,"enemies":"Book of Stabbing","floor":27,"turns":6},{"damage":12,"enemies":"2 Thieves","floor":28,"turns":4},{"damage":7,"enemies":"Shelled Parasite and Fungi","floor":30,"turns":5},{"damage":32,"enemies":"Gremlin Leader","floor":31,"turns":3}],"seed_played":"4357562798665761181","potions_obtained":[{"floor":7,"key":"PowerPotion"},{"floor":13,"key":"Dexterity Potion"}],"is_trial":false,"path_per_floor":["M","?","$","?","?","R","E","R","T","E","R","E","M","?","R","B",null,"M","?","$","?","?","R","?","E","T","E","M","?","M","E"],"character_chosen":"IRONCLAD","items_purchased":["Ancient Potion","Armaments"],"campfire_rested":2,"item_purchase_floors":[3,20],"current_hp_per_floor":[73,73,73,73,57,57,25,49,49,28,28,31,31,24,51,47,90,74,74,74,58,58,58,58,42,42,21,16,16,19,0,0],"gold":128,"neow_bonus":"BOSS_RELIC","is_daily":false,"chose_seed":false,"campfire_upgraded":3,"win_rate":0.0,"timestamp":1611832149,"path_taken":["M","?","$","?","?","R","E","R","T","E","R","E","M","?","R","BOSS","M","?","$","?","?","R","?","E","T","E","M","?","M","E"],"items_purchased_type":["Potion","Card"],"build_version":"2020-12-22","purchased_purges":1,"victory":false,"max_hp_per_floor":[80,80,80,80,80,80,80,80,80,80,80,90,90,90,90,90,90,90,90,90,90,62,62,62,62,62,62,62,62,62,62,62],"relic_stats":{"Sozu":2,"Dream Catcher":0,"Gremlin Horn":[13,13],"counters":[12,72],"Dead Branch":[22],"Whetstone":["Body Slam","Bite"],"War Paint":["Defend_R","Defend_R"],"obtain_stats":[{"Sozu":17,"SlaversCollar":0,"Dream Catcher":27,"Pear":12,"Gremlin Horn":14,"Nilry\u0027s Codex":21,"Dead Branch":7,"Whetstone":25,"War Paint":26,"Burning Blood":0,"Toy Ornithopter":10},{"Sozu":6,"SlaversCollar":0,"Dream Catcher":9,"Pear":4,"Gremlin Horn":5,"Nilry\u0027s Codex":7,"Dead Branch":2,"Whetstone":8,"War Paint":8,"Burning Blood":0,"Toy Ornithopter":3},{"Sozu":40,"SlaversCollar":0,"Dream Catcher":60,"Pear":27,"Gremlin Horn":31,"Nilry\u0027s Codex":47,"Dead Branch":14,"Whetstone":54,"War Paint":54,"Burning Blood":0,"Toy Ornithopter":19}],"Toy Ornithopter":10},"card_choices":[{"not_picked":["Sword Boomerang","Cleave"],"picked":"Shrug It Off","floor":1},{"not_picked":["Flex","Feel No Pain","Warcry"],"picked":"SKIP","floor":7},{"not_picked":["Perfected Strike","Evolve"],"picked":"Armaments","floor":10},{"not_picked":["Feel No Pain","Limit Break"],"picked":"Body Slam","floor":12},{"not_picked":["Pommel Strike","Ghostly Armor"],"picked":"Metallicize","floor":13},{"not_picked":["Flex","Infernal Blade+1"],"picked":"Body Slam+1","floor":18},{"not_picked":["Whirlwind","Shrug It Off"],"picked":"True Grit","floor":25},{"not_picked":["Blood for Blood","Clothesline"],"picked":"Juggernaut","floor":27},{"not_picked":["True Grit","Havoc","Headbutt"],"picked":"SKIP","floor":28},{"not_picked":["Havoc+1","Battle Trance"],"picked":"Armaments+1","floor":30}],"player_experience":187276,"relics_obtained":[{"floor":7,"key":"Dead Branch"},{"floor":10,"key":"Toy Ornithopter"},{"floor":12,"key":"Pear"},{"floor":21,"key":"Nilry\u0027s Codex"},{"floor":25,"key":"Whetstone"},{"floor":26,"key":"War Paint"},{"floor":27,"key":"Dream Catcher"}],"event_choices":[{"damage_healed":0,"gold_gain":0,"player_choice":"Grow","damage_taken":0,"max_hp_gain":0,"max_hp_loss":0,"event_name":"Living Wall","floor":2,"gold_loss":0,"cards_upgraded":["Bash"]},{"damage_healed":0,"gold_gain":0,"player_choice":"Leave","damage_taken":0,"max_hp_gain":0,"max_hp_loss":0,"event_name":"The Cleric","floor":4,"gold_loss":0},{"damage_healed":0,"gold_gain":0,"player_choice":"Entered Light","damage_taken":16,"max_hp_gain":0,"max_hp_loss":0,"event_name":"Shining Light","floor":5,"gold_loss":0,"cards_upgraded":["Strike_R","Shrug It Off"]},{"damage_healed":0,"gold_gain":0,"player_choice":"Success","damage_taken":7,"relics_obtained":["Gremlin Horn"],"max_hp_gain":0,"max_hp_loss":0,"event_name":"Scrap Ooze","floor":14,"gold_loss":0},{"damage_healed":0,"gold_gain":0,"player_choice":"Read","damage_taken":0,"max_hp_gain":0,"max_hp_loss":0,"event_name":"The Library","floor":19,"gold_loss":0,"cards_obtained":["Metallicize"]},{"damage_healed":0,"gold_gain":0,"player_choice":"Obtained Book","damage_taken":16,"max_hp_gain":0,"max_hp_loss":0,"event_name":"Cursed Tome","floor":21,"gold_loss":0},{"damage_healed":0,"gold_gain":0,"player_choice":"Became a vampire","damage_taken":0,"max_hp_gain":0,"max_hp_loss":28,"event_name":"Vampires","floor":22,"gold_loss":0,"cards_obtained":["Bite","Bite","Bite","Bite","Bite"]},{"damage_healed":0,"gold_gain":0,"player_choice":"Paid Fearfully","damage_taken":0,"max_hp_gain":0,"max_hp_loss":0,"event_name":"Masked Bandits","floor":24,"gold_loss":127},{"damage_healed":0,"gold_gain":0,"player_choice":"Upgraded","damage_taken":0,"max_hp_gain":0,"max_hp_loss":0,"event_name":"Upgrade Shrine","floor":29,"gold_loss":0,"cards_upgraded":["True Grit"]}],"is_beta":false,"boss_relics":[{"not_picked":["Pandora\u0027s Box","Runic Cube"],"picked":"Sozu"}],"items_purged_floors":[20],"is_endless":false,"potions_floor_spawned":[7,13,18,30],"killed_by":"Gremlin Leader","ascension_level":3}}