{"host":"dmq3coqc8znrgjor","time":1611842166,"event":{"mods":["BaseMod","Decade(王小明)","Downfall","Lobotomy","LobotomyExtend","Marisa（F雨　魔理沙）","Minty Spire (QoL Compilation)","Remilia（蕾米莉亚）","Replay The Spire","SOS（斯巴达之子）","StSLib","The Hierophant","The Poker Player","WarShipGirlsR/战舰少女R mod","【遗物卡牌】REMEMod"],"gold_per_floor":[15,34,34,34,134,150,178,190,190,190,224,242,242,242,242,347,347,366,366,381,401,419,419,447,447,470,470,470,152,152,168,168,264,264,264,281,58,58,58,58,58,58,84,84,152,167,517,517,517,62,62,62,62,62,62,62,90,90],"floor_reached":59,"language":"ZHS","playtime":6727,"items_purged":["FormRideDragon+1"],"score":1523,"play_id":"0383f4f5-7e3b-4430-8c62-c71c29131b1b","local_time":"20210128215605","is_ascension_mode":true,"campfire_choices":[{"data":"KamenRide","floor":10.0,"key":"SMITH"},{"data":"Kuuga_GouramAttack","floor":13.0,"key":"SMITH"},{"floor":15.0,"key":"REST"},{"data":"NMDAZYYGL","floor":23.0,"key":"SMITH"},{"data":"Blade_Metal","floor":27.0,"key":"SMITH"},{"data":"Kuuga_GouramAttack","floor":32.0,"key":"SMITH"},{"data":"DecadeViolentEmotion","floor":42.0,"key":"SMITH"},{"floor":51.0,"key":"RECALL"},{"data":"FormRidePegasus","floor":55.0,"key":"SMITH"}],"circlet_count":0,"master_deck":["Decade_Attack+1","Decade_Attack+1","Decade_Attack+1","Decade_Attack+1","KamenRide+1","Decade_SpecialSkill","Decade_Defend+1","Decade_Defend+1","Decade_Defend+1","Decade_Defend+1","hierophant:Batter+1","Blade_Metal+1","Blade_Mach","Kuuga_Rising+1","Kuuga_GouramAttack+1","Decade_Illusion+1","NMDAZYYGL+1","TimeVent+1","Blade_Metal+1","REME_EyeOfCthun+1","Kuuga_GouramAttack+1","DecadeViolentEmotion+1","Decade_Illusion","Blade_Mach","Blade_Beat+1","Blade_Metal","REME_EyeOfCthun+1","FormRidePegasus+1","Blade_Mach"],"relics":["Decadriver","TOEIDeficitBill","REME_ComplimentaryCards","Unceasing Top","LetterFromLob","Akabeko","Letter Opener","AntiCross","LaetitiaHeart","Moonlight_r","Snack Pack","Blue Doll","Pen Nib","Ring of Chaos","Bronze Scales","TungstenRod","Old Coin","Guide Book","Replay:Baseball"],"acts_visited":["Exordium","TheCity","TheBeyond","TheEnding"],"potions_floor_usage":[],"damage_taken":[{"damage":5.0,"enemies":"Jaw Worm","floor":1.0,"turns":2.0},{"damage":0.0,"enemies":"Cultist","floor":2.0,"turns":3.0},{"damage":0.0,"enemies":"2 Louse","floor":6.0,"turns":2.0},{"damage":31.0,"enemies":"Gremlin Nob","floor":7.0,"turns":5.0},{"damage":13.0,"enemies":"Lots of Slimes","floor":8.0,"turns":7.0},{"damage":5.0,"enemies":"3 Sentries","floor":11.0,"turns":4.0},{"damage":0.0,"enemies":"3 Louse","floor":12.0,"turns":1.0},{"damage":0.0,"enemies":"Red Slaver","floor":14.0,"turns":2.0},{"damage":0.0,"enemies":"Red Slaver","floor":14.0,"turns":2.0},{"damage":0.0,"enemies":"Red Slaver","floor":14.0,"turns":2.0},{"damage":6.0,"enemies":"Hexaghost","floor":16.0,"turns":4.0},{"damage":0.0,"enemies":"Spheric Guardian","floor":18.0,"turns":1.0},{"damage":5.0,"enemies":"Chosen","floor":20.0,"turns":2.0},{"damage":11.0,"enemies":"Centurion and Healer","floor":21.0,"turns":4.0},{"damage":0.0,"enemies":"Chosen and Byrds","floor":22.0,"turns":2.0},{"damage":0.0,"enemies":"Replay:Snechameleon","floor":24.0,"turns":1.0},{"damage":0.0,"enemies":"Snecko","floor":30.0,"turns":1.0},{"damage":0.0,"enemies":"Shelled Parasite and Fungi","floor":31.0,"turns":1.0},{"damage":22.0,"enemies":"Pondfish","floor":33.0,"turns":6.0},{"damage":14.0,"enemies":"Orb Walker","floor":35.0,"turns":3.0},{"damage":8.0,"enemies":"3 Shapes","floor":36.0,"turns":2.0},{"damage":0.0,"enemies":"Spire Growth","floor":40.0,"turns":1.0},{"damage":4.0,"enemies":"Maw","floor":41.0,"turns":4.0},{"damage":0.0,"enemies":"R_Hoarder","floor":43.0,"turns":1.0},{"damage":8.0,"enemies":"3 Darklings","floor":46.0,"turns":3.0},{"damage":5.0,"enemies":"Mind Bloom Boss Battle","floor":47.0,"turns":5.0},{"damage":0.0,"enemies":"Spire Growth","floor":48.0,"turns":2.0},{"damage":9.0,"enemies":"Donu and Deca","floor":52.0,"turns":5.0},{"damage":58.0,"enemies":"Shield and Spear","floor":57.0,"turns":8.0},{"damage":16,"enemies":"The Heart","floor":58,"turns":7}],"seed_played":"8607286664728281654","potions_obtained":[{"floor":6.0,"key":"champ:CounterPotion"},{"floor":8.0,"key":"Weak Potion"},{"floor":11.0,"key":"Elixir"},{"floor":24.0,"key":"CultistPotion"}],"is_trial":false,"path_per_floor":["M","M","?","$","?","M","E","M","T","R","E","M","R","M","R","B",null,"M","?","M","M","M","R","E","?","T","R","?","$","M","M","R","B",null,"M","M","$","PTL","PTL","M","M","R","E","?","T","M","?","M","?","$","R","B",null,null,"R","$","E","B",null],"character_chosen":"Decade","items_purchased":["REME_EyeOfCthun+1","Pen Nib","Kuuga_GouramAttack","Bronze Scales","Blade_Metal","REME_EyeOfCthun","Guide Book","FormRidePegasus"],"campfire_rested":1,"item_purchase_floors":[29,29,29,37,50,50,50,50],"current_hp_per_floor":[65,70,70,70,70,70,46,67,67,67,70,70,70,50,70,70,70,70,70,65,67,67,67,67,67,67,67,67,67,67,69,69,65,70,61,60,60,60,60,60,70,70,70,70,70,70,68,68,68,68,68,70,70,70,70,70,52,47],"gold":90,"neow_bonus":"ONE_RARE_RELIC","is_daily":false,"chose_seed":false,"campfire_upgraded":7,"win_rate":0.0,"timestamp":1611842165,"path_taken":["M","M","?","?","?","M","E","?","T","R","E","M","R","M","R","BOSS","M","?","?","M","?","R","E","?","T","R","?","$","?","M","R","BOSS","M","M","$","PTL","PTL","M","M","R","E","?","T","M","?","M","?","$","R","BOSS","R","$","E","BOSS"],"items_purchased_type":["Card","Relic","Card","Relic","Card","Card","Relic","Card"],"build_version":"2020-12-22","purchased_purges":1,"victory":true,"max_hp_per_floor":[70,70,70,70,70,70,70,70,70,70,70,70,70,70,70,70,70,70,70,70,70,70,70,70,70,70,70,70,70,70,70,70,70,70,70,70,70,70,70,70,70,70,70,70,70,70,70,70,70,70,70,70,70,70,70,70,70,70],"card_choices":[{"not_picked":["Blade_Slash","FormRideBasshaa"],"picked":"Blade_Metal","floor":1.0},{"not_picked":["Blade_Metal","FormRideTitan"],"picked":"Blade_Mach","floor":2.0},{"not_picked":["RideBooker_Skill_1","Decade_Dash2"],"picked":"FormRideDragon","floor":6.0},{"not_picked":["Decade_Defend3","KamenRideDecade"],"picked":"Kuuga_Rising","floor":7.0},{"not_picked":["FormRidePegasus","KamenRideKabuto"],"picked":"Kuuga_GouramAttack","floor":8.0},{"not_picked":["UnarmedAttack8","RideBooker"],"picked":"Decade_Illusion","floor":11.0},{"not_picked":["Dragreder","FormRideTitan","UnarmedAttack4"],"picked":"SKIP","floor":12.0},{"not_picked":["UnarmedAttack9","Kabuto_ClockUp"],"picked":"NMDAZYYGL","floor":16.0},{"not_picked":["Kabuto_ClockUp","NMDAZYYGL"],"picked":"TimeVent","floor":16.0},{"not_picked":["UnarmedAttack4","FormRideFlame+1","Blade_Slash+1"],"picked":"SKIP","floor":18.0},{"not_picked":["KamenRideFaiz","KamenRideBlade","Decade_Dash1"],"picked":"SKIP","floor":20.0},{"not_picked":["Decade_Defend2+1","Decade_Dash1+1","DenO_Gun+1"],"picked":"SKIP","floor":20.0},{"not_picked":["FormRideStorm+1","KamenRideBlade","Decade_Illusion"],"picked":"SKIP","floor":21.0},{"not_picked":["Hibiki_Attack3","KamenRideBlade","DragShield"],"picked":"SKIP","floor":22.0},{"not_picked":["FormRideTitan","KamenRideBlade+1"],"picked":"Blade_Metal","floor":24.0},{"not_picked":["KamenRideKiva","UnarmedAttack7","Hibiki_Attack2"],"picked":"SKIP","floor":30.0},{"not_picked":["Kiva_Eat","UnarmedAttack3","KamenRideHibiki"],"picked":"SKIP","floor":31.0},{"not_picked":["Hibiki_Attack3+1","KamenRideDecade","Blade_Beat"],"picked":"SKIP","floor":31.0},{"not_picked":["Kabuto_ClockUp","Kuuga_Rising"],"picked":"DecadeViolentEmotion","floor":33.0},{"not_picked":["Decade_Defend2","RideBooker_Skill_1+1"],"picked":"Decade_Illusion","floor":35.0},{"not_picked":["Decade_Defend3+1","FormRideStorm+1"],"picked":"Blade_Mach","floor":36.0},{"not_picked":["RideBooker_Skill_1+1","FormRideFlame+1","KamenRideFaiz+1"],"picked":"SKIP","floor":40.0},{"not_picked":["PhotonAcceleration","DenO_Rod"],"picked":"Blade_Beat+1","floor":41.0},{"not_picked":["KamenRideKabuto","Decade_Dash1+1","FormRideDogga+1"],"picked":"SKIP","floor":43.0},{"not_picked":["RideBooker","FormRideJack","FormRideFlame+1"],"picked":"SKIP","floor":46.0},{"not_picked":["FormRideBasshaa+1","FormRideDogga"],"picked":"Blade_Mach","floor":57.0},{"not_picked":["Dragreder","Blade_Slash","Decade_Dash1"],"picked":"SKIP","floor":57.0}],"player_experience":388574,"relics_obtained":[{"floor":1.0,"key":"LetterFromLob"},{"floor":7.0,"key":"Akabeko"},{"floor":9.0,"key":"Letter Opener"},{"floor":11.0,"key":"AntiCross"},{"floor":24.0,"key":"Snack Pack"},{"floor":26.0,"key":"Blue Doll"},{"floor":43.0,"key":"TungstenRod"},{"floor":47.0,"key":"Old Coin"},{"floor":57.0,"key":"Replay:Baseball"}],"event_choices":[{"damage_healed":0.0,"max_hp_gain":0.0,"max_hp_loss":0.0,"gold_gain":0.0,"event_name":"Accursed Blacksmith","player_choice":"Forge","floor":3.0,"gold_loss":0.0,"damage_taken":0.0,"cards_upgraded":["hierophant:Batter"]},{"damage_healed":0.0,"max_hp_gain":0.0,"max_hp_loss":0.0,"gold_gain":100.0,"event_name":"Golden Shrine","player_choice":"Pray","floor":5.0,"gold_loss":0.0,"damage_taken":0.0},{"damage_healed":0.0,"max_hp_gain":0.0,"max_hp_loss":0.0,"gold_gain":0.0,"event_name":"Upgrade Shrine","player_choice":"Upgraded","floor":19.0,"gold_loss":0.0,"damage_taken":0.0,"cards_upgraded":["TimeVent"]},{"damage_healed":0.0,"max_hp_gain":0.0,"max_hp_loss":0.0,"gold_gain":0.0,"event_name":"Back to Basics","player_choice":"Simplicity","floor":25.0,"gold_loss":0.0,"damage_taken":0.0,"cards_upgraded":["Decade_Attack","Decade_Attack","Decade_Attack","Decade_Attack","Decade_Defend","Decade_Defend","Decade_Defend","Decade_Defend"]},{"damage_healed":0.0,"max_hp_gain":0.0,"max_hp_loss":0.0,"gold_gain":0.0,"event_name":"Match and Keep!","player_choice":"0 cards matched","floor":28.0,"gold_loss":0.0,"damage_taken":0.0,"cards_obtained":[]},{"damage_healed":0.0,"max_hp_gain":0.0,"max_hp_loss":0.0,"gold_gain":0.0,"event_name":"MindBloom","player_choice":"Fight","floor":47.0,"gold_loss":0.0,"damage_taken":0.0},{"damage_healed":0.0,"max_hp_gain":0.0,"max_hp_loss":0.0,"gold_gain":0.0,"event_name":"Tomb of Lord Red Mask","player_choice":"Ignored","floor":49.0,"gold_loss":0.0,"damage_taken":0.0}],"is_beta":false,"boss_relics":[{"not_picked":["Honey Jar","Coffee Dripper","Astrolabe"]},{"not_picked":["Runic Dome","Sozu"],"picked":"Ring of Chaos"}],"items_purged_floors":[37],"is_endless":false,"potions_floor_spawned":[6,8,11,12,14,16,21,22,24,43,47],"ascension_level":1}}