{"host":"kydqlojjt9mno5rv","time":1611816747,"event":{"mods":["AchievementEnabler","BaseMod","Colored Powertips","DeckTracker","Minty Spire (QoL Compilation)","Spicy Shops","StSLib","SuperFastMode","Synergy Search","Weighted Paths"],"gold_per_floor":[117,42,42,42,66,66,86,111,192,192,232,232,265,280,280,280,280],"floor_reached":16,"language":"ENG","playtime":585,"items_purged":["Pain"],"score":116,"play_id":"ae168eb8-a98e-44ea-8d9b-b138b5a12ffd","local_time":"20210128015227","is_ascension_mode":true,"campfire_choices":[{"floor":6,"key":"RECALL"},{"data":"Immolate","floor":10,"key":"SMITH"},{"data":"Heavy Blade","floor":12,"key":"SMITH"},{"data":"Flex","floor":15,"key":"SMITH"}],"circlet_count":0,"master_deck":["Strike_R","Strike_R","Strike_R","Strike_R","Strike_R","Defend_R","Defend_R","Defend_R","Bash","Exhume","Headbutt","Injury","Immolate+1","Armaments","Heavy Blade+1","Exhume","Flex+1"],"relics":["Burning Blood","Golden Idol","Bag of Preparation","Bottled Flame"],"acts_visited":["Exordium"],"potions_floor_usage":[13,16],"damage_taken":[{"damage":11,"enemies":"Small Slimes","floor":1,"turns":4},{"damage":12,"enemies":"2 Louse","floor":5,"turns":2},{"damage":0,"enemies":"Cultist","floor":7,"turns":2},{"damage":2,"enemies":"Large Slime","floor":8,"turns":5},{"damage":14,"enemies":"Gremlin Nob","floor":11,"turns":3},{"damage":9,"enemies":"3 Sentries","floor":13,"turns":3},{"damage":0,"enemies":"Exordium Wildlife","floor":14,"turns":1},{"damage":78,"enemies":"Hexaghost","floor":16,"turns":7}],"seed_played":"-7519061587915070463","potions_obtained":[{"floor":5,"key":"Explosive Potion"},{"floor":7,"key":"BlessingOfTheForge"},{"floor":13,"key":"Swift Potion"}],"is_trial":false,"path_per_floor":["M","$","?","?","M","R","M","M","T","R","E","R","E","M","R","B"],"character_chosen":"IRONCLAD","items_purchased":[],"campfire_rested":0,"item_purchase_floors":[],"current_hp_per_floor":[75,75,75,75,69,69,75,79,79,79,71,71,68,74,74,0,0],"gold":280,"neow_bonus":"THREE_RARE_CARDS","is_daily":false,"chose_seed":false,"campfire_upgraded":3,"win_rate":0.0,"timestamp":1611816747,"path_taken":["M","$","?","?","?","R","M","M","T","R","E","R","E","M","R","BOSS"],"items_purchased_type":[],"build_version":"2020-12-22","purchased_purges":1,"victory":false,"max_hp_per_floor":[80,80,80,80,80,80,80,80,80,80,80,80,80,80,80,80,80],"card_choices":[{"not_picked":["Corruption","Brutality"],"picked":"Exhume","floor":0},{"not_picked":["Pommel Strike","True Grit"],"picked":"Headbutt","floor":1},{"not_picked":["Dual Wield","Sentinel","Twin Strike"],"picked":"SKIP","floor":5},{"not_picked":["Pommel Strike","Havoc"],"picked":"Armaments","floor":7},{"not_picked":["Cleave","Body Slam","Armaments"],"picked":"SKIP","floor":8},{"not_picked":["Exhume","Metallicize"],"picked":"Heavy Blade","floor":11},{"not_picked":["Thunderclap","Pommel Strike"],"picked":"Exhume","floor":13},{"not_picked":["Cleave","Shrug It Off"],"picked":"Flex","floor":14}],"player_experience":142522,"relics_obtained":[{"floor":11,"key":"Bag of Preparation"},{"floor":13,"key":"Bottled Flame"}],"event_choices":[{"damage_healed":0,"gold_gain":0,"player_choice":"Take Wound","damage_taken":0,"relics_obtained":["Golden Idol"],"max_hp_gain":0,"max_hp_loss":0,"event_name":"Golden Idol","floor":3,"gold_loss":0,"cards_obtained":["Injury"]},{"damage_healed":0,"gold_gain":0,"cards_transformed":["Defend_R"],"player_choice":"Transformed","damage_taken":0,"max_hp_gain":0,"max_hp_loss":0,"event_name":"Transmorgrifier","floor":4,"gold_loss":0,"cards_obtained":["Immolate"]}],"is_beta":false,"boss_relics":[],"items_purged_floors":[2],"is_endless":false,"potions_floor_spawned":[5,7,13],"killed_by":"Hexaghost","ascension_level":1}}