{"host":"fi2ijdbyuc8hzivc","time":1611876895,"event":{"mods":["BaseMod","Key Reminder","Minty Spire (QoL Compilation)","Relic Stats"],"gold_per_floor":[117,117,133,152,24,59,59,89,89,89,102,119,119,119,119,198,198,213,103,115,132,151,180,180,210,264,280,36,47,57,57,57],"floor_reached":31,"language":"ENG","playtime":5515,"items_purged":["Strike_R"],"score":578,"play_id":"7ef9b84f-477c-42a4-a6eb-b1ec633285b6","local_time":"20210128233455","is_ascension_mode":true,"campfire_choices":[{"data":"Bash","floor":7,"key":"SMITH"},{"data":"Whirlwind","floor":10,"key":"SMITH"},{"data":"Uppercut","floor":13,"key":"SMITH"},{"data":"Feel No Pain","floor":15,"key":"SMITH"},{"floor":24,"key":"REST"}],"circlet_count":0,"master_deck":["AscendersBane","Strike_R","Strike_R","Strike_R","Defend_R+1","Defend_R+1","Defend_R","Defend_R+1","Bash+1","Feel No Pain+1","Whirlwind+1","Heavy Blade","Barricade","Uppercut+1","Feed","Armaments","Hemokinesis+1","Juggernaut","True Grit","Disarm","Exhume"],"relics":["Snecko Eye","War Paint","Darkstone Periapt","Blood Vial","Kunai","Runic Cube","StrikeDummy","Letter Opener","Toy Ornithopter","Frozen Eye"],"acts_visited":["Exordium","TheCity"],"potions_floor_usage":[18,23,25,29,29,30,31],"damage_taken":[{"damage":1,"enemies":"Cultist","floor":1,"turns":3},{"damage":0,"enemies":"Jaw Worm","floor":3,"turns":2},{"damage":0,"enemies":"Small Slimes","floor":4,"turns":5},{"damage":11,"enemies":"3 Sentries","floor":6,"turns":7},{"damage":28,"enemies":"Gremlin Nob","floor":8,"turns":4},{"damage":0,"enemies":"Gremlin Gang","floor":11,"turns":1},{"damage":0,"enemies":"Blue Slaver","floor":12,"turns":2},{"damage":1,"enemies":"The Guardian","floor":16,"turns":7},{"damage":10,"enemies":"Spheric Guardian","floor":18,"turns":6},{"damage":7,"enemies":"Shell Parasite","floor":20,"turns":3},{"damage":4,"enemies":"Cultist and Chosen","floor":21,"turns":9},{"damage":15,"enemies":"Centurion and Healer","floor":22,"turns":6},{"damage":29,"enemies":"Book of Stabbing","floor":23,"turns":5},{"damage":53,"enemies":"Slavers","floor":25,"turns":8},{"damage":0,"enemies":"Snecko","floor":27,"turns":6},{"damage":12,"enemies":"Sentry and Sphere","floor":29,"turns":7},{"damage":22,"enemies":"Shelled Parasite and Fungi","floor":30,"turns":4},{"damage":4,"enemies":"Gremlin Leader","floor":31,"turns":3}],"seed_played":"-5697470090793918962","potions_obtained":[{"floor":3,"key":"DuplicationPotion"},{"floor":11,"key":"Dexterity Potion"},{"floor":12,"key":"FearPotion"},{"floor":21,"key":"LiquidBronze"},{"floor":27,"key":"SkillPotion"},{"floor":29,"key":"SpeedPotion"},{"floor":30,"key":"PowerPotion"}],"is_trial":false,"path_per_floor":["M","T","M","M","$","E","R","E","T","R","M","M","R","?","R","B",null,"M","?","M","M","M","E","R","E","T","M","$","M","M","E"],"character_chosen":"IRONCLAD","items_purchased":["Heavy Blade","Frozen Eye","Regen Potion"],"campfire_rested":1,"item_purchase_floors":[5,28,28],"current_hp_per_floor":[67,67,67,67,67,56,56,28,28,28,30,32,32,32,32,33,65,60,60,58,60,51,24,50,2,2,4,4,19,4,7,7],"gold":57,"neow_bonus":"BOSS_RELIC","is_daily":false,"chose_seed":false,"campfire_upgraded":4,"win_rate":0.0,"timestamp":1611876895,"path_taken":["M","?","M","M","$","E","R","E","T","R","M","M","R","?","R","BOSS","M","?","?","M","?","E","R","E","T","M","$","M","M","E"],"items_purchased_type":["Card","Relic","Potion"],"build_version":"2020-12-22","purchased_purges":1,"victory":false,"max_hp_per_floor":[75,75,75,75,75,75,75,75,75,75,75,75,75,75,75,75,75,78,78,81,85,89,89,89,92,92,92,92,92,92,92,92],"relic_stats":{"Darkstone Periapt":0,"Blood Vial":26,"counters":[18,88],"Snecko Eye":[145,136,113,145],"Kunai":[19],"Letter Opener":[20],"War Paint":["Defend_R","Defend_R"],"obtain_stats":[{"Darkstone Periapt":6,"Blood Vial":8,"Frozen Eye":28,"Snecko Eye":0,"Kunai":9,"Letter Opener":25,"War Paint":2,"StrikeDummy":23,"Burning Blood":0,"Toy Ornithopter":26,"Runic Cube":17},{"Darkstone Periapt":4,"Blood Vial":5,"Frozen Eye":15,"Snecko Eye":0,"Kunai":5,"Letter Opener":14,"War Paint":1,"StrikeDummy":13,"Burning Blood":0,"Toy Ornithopter":14,"Runic Cube":8},{"Darkstone Periapt":17,"Blood Vial":21,"Frozen Eye":74,"Snecko Eye":0,"Kunai":21,"Letter Opener":68,"War Paint":3,"StrikeDummy":60,"Burning Blood":0,"Toy Ornithopter":68,"Runic Cube":31}],"Toy Ornithopter":20,"Runic Cube":[26]},"card_choices":[{"not_picked":["Iron Wave","Twin Strike","Warcry"],"picked":"SKIP","floor":1},{"not_picked":["Body Slam","Sentinel"],"picked":"Feel No Pain","floor":3},{"not_picked":["Dropkick","Havoc"],"picked":"Whirlwind","floor":4},{"not_picked":["Body Slam","Sword Boomerang"],"picked":"Barricade","floor":6},{"not_picked":["Clash","Perfected Strike"],"picked":"Uppercut","floor":8},{"not_picked":["Combust","Clash","Rupture"],"picked":"SKIP","floor":11},{"not_picked":["Whirlwind","Thunderclap","Cleave"],"picked":"SKIP","floor":12},{"not_picked":["Immolate","Juggernaut"],"picked":"Feed","floor":16},{"not_picked":["Wild Strike","Flex"],"picked":"Armaments","floor":18},{"not_picked":["Sword Boomerang","Clash"],"picked":"Hemokinesis+1","floor":20},{"not_picked":["Armaments","Flex+1","Body Slam"],"picked":"SKIP","floor":21},{"not_picked":["Perfected Strike","Sword Boomerang"],"picked":"Juggernaut","floor":22},{"not_picked":["Power Through","Armaments"],"picked":"True Grit","floor":23},{"not_picked":["Whirlwind","Clothesline"],"picked":"Disarm","floor":25},{"not_picked":["Intimidate","Reckless Charge","Fire Breathing"],"picked":"SKIP","floor":27},{"not_picked":["Armaments","Fire Breathing","Headbutt"],"picked":"SKIP","floor":29},{"not_picked":["Cleave","Pommel Strike"],"picked":"Exhume","floor":30}],"player_experience":1844307,"relics_obtained":[{"floor":2,"key":"War Paint"},{"floor":6,"key":"Darkstone Periapt"},{"floor":8,"key":"Blood Vial"},{"floor":9,"key":"Kunai"},{"floor":23,"key":"StrikeDummy"},{"floor":25,"key":"Letter Opener"},{"floor":26,"key":"Toy Ornithopter"}],"event_choices":[{"damage_healed":0,"gold_gain":0,"player_choice":"Ignored","damage_taken":0,"max_hp_gain":0,"max_hp_loss":0,"event_name":"Liars Game","floor":14,"gold_loss":0},{"cards_removed":["Strike_R"],"damage_healed":0,"gold_gain":0,"player_choice":"Upgrade and Remove","damage_taken":0,"max_hp_gain":0,"max_hp_loss":0,"event_name":"Designer","floor":19,"gold_loss":110,"cards_upgraded":["Defend_R"]}],"is_beta":false,"boss_relics":[{"not_picked":["Runic Pyramid","Mark of Pain"],"picked":"Runic Cube"}],"items_purged_floors":[5],"is_endless":false,"potions_floor_spawned":[3,11,12,21,22,27,29,30],"killed_by":"Gremlin Leader","ascension_level":20}}