{"host":"kda2p2afd6bvz6qo","time":1611876648,"event":{"mods":["BaseMod","Colored Map","Minty Spire (QoL Compilation)","Relic Stats"],"gold_per_floor":[99,24,24,24,24,24,24,24,24,24,24,24,24,24,24,24,24,24,24,24,24,0,0,0,0,0],"floor_reached":25,"language":"ENG","playtime":1103,"items_purged":[],"score":434,"play_id":"a74339cc-0275-4ca3-a595-f00c8dd2b636","local_time":"20210128233048","is_ascension_mode":true,"campfire_choices":[{"floor":8,"key":"REST"},{"data":"Die Die Die","floor":10,"key":"SMITH"},{"data":"Sucker Punch","floor":12,"key":"SMITH"},{"floor":15,"key":"REST"},{"floor":23,"key":"REST"}],"circlet_count":0,"master_deck":["AscendersBane","Strike_G","Strike_G","Defend_G","Defend_G","Defend_G","Defend_G","Survivor","Neutralize","Sucker Punch+1","Underhanded Strike","Die Die Die+1","Cloak And Dagger","Dodge and Roll","Terror","Phantasmal Killer","Blur+1","Bane+1","Backstab+1","Dagger Throw","PiercingWail"],"relics":["Ectoplasm","Ginger","Letter Opener","Tiny Chest","StoneCalendar","Astrolabe"],"acts_visited":["Exordium","TheCity"],"potions_floor_usage":[6,14,22,25],"damage_taken":[{"damage":0.0,"enemies":"2 Louse","floor":1.0,"turns":4.0},{"damage":1.0,"enemies":"Small Slimes","floor":3.0,"turns":4.0},{"damage":24,"enemies":"Lagavulin","floor":6,"turns":8},{"damage":8,"enemies":"Cultist","floor":7,"turns":3},{"damage":11,"enemies":"3 Sentries","floor":11,"turns":8},{"damage":21,"enemies":"Gremlin Nob","floor":14,"turns":5},{"damage":24,"enemies":"The Guardian","floor":16,"turns":13},{"damage":13,"enemies":"3 Byrds","floor":18,"turns":5},{"damage":11,"enemies":"2 Thieves","floor":22,"turns":4},{"damage":25,"enemies":"Sentry and Sphere","floor":24,"turns":7},{"damage":37,"enemies":"Book of Stabbing","floor":25,"turns":4}],"seed_played":"4398849416292388020","potions_obtained":[{"floor":3.0,"key":"CultistPotion"},{"floor":7,"key":"GhostInAJar"},{"floor":16,"key":"FairyPotion"},{"floor":18,"key":"EssenceOfSteel"},{"floor":24,"key":"ColorlessPotion"}],"is_trial":false,"path_per_floor":["M","?","M","?","?","E","M","R","T","R","E","R","$","E","R","B",null,"M","?","?","$","M","R","M","E"],"character_chosen":"THE_SILENT","items_purchased":[],"campfire_rested":3,"item_purchase_floors":[],"current_hp_per_floor":[59,59,58,58,58,34,26,45,45,45,34,34,34,13,32,8,52,39,21,21,21,10,31,6,0,0],"gold":0,"neow_bonus":"BOSS_RELIC","is_daily":false,"chose_seed":false,"campfire_upgraded":2,"win_rate":0.0,"timestamp":1611876648,"path_taken":["M","?","M","?","?","E","?","R","T","R","E","R","$","E","R","BOSS","M","?","?","?","M","R","M","E"],"items_purchased_type":[],"build_version":"2020-12-22","purchased_purges":0,"victory":false,"max_hp_per_floor":[66,66,66,66,66,66,66,66,66,66,66,66,66,66,66,66,66,66,71,71,71,71,71,71,71,71],"relic_stats":{"counters":[11,65],"Astrolabe":["Blur","Bane","Backstab"],"Tiny Chest":0,"StoneCalendar":[52],"Ectoplasm":283,"Ginger":[0],"Letter Opener":[45],"obtain_stats":[{"Astrolabe":17,"Tiny Chest":11,"StoneCalendar":14,"Ectoplasm":0,"Ginger":6,"Letter Opener":9,"Ring of the Snake":0},{"Astrolabe":7,"Tiny Chest":5,"StoneCalendar":6,"Ectoplasm":0,"Ginger":3,"Letter Opener":4,"Ring of the Snake":0},{"Astrolabe":45,"Tiny Chest":27,"StoneCalendar":32,"Ectoplasm":0,"Ginger":16,"Letter Opener":19,"Ring of the Snake":0}]},"card_choices":[{"not_picked":["Prepared","Flechettes"],"picked":"Sucker Punch","floor":1.0},{"not_picked":["Catalyst","Dodge and Roll"],"picked":"Underhanded Strike","floor":3.0},{"not_picked":["Flying Knee","Choke"],"picked":"Die Die Die","floor":6},{"not_picked":["Endless Agony","Choke"],"picked":"Cloak And Dagger","floor":7},{"not_picked":["Sucker Punch","Bane"],"picked":"Dodge and Roll","floor":11},{"not_picked":["Calculated Gamble","Reflex"],"picked":"Terror","floor":14},{"not_picked":["After Image","A Thousand Cuts"],"picked":"Phantasmal Killer","floor":16},{"not_picked":["Eviscerate","Underhanded Strike"],"picked":"Dagger Throw","floor":18},{"not_picked":["Poisoned Stab","Outmaneuver","Infinite Blades"],"picked":"SKIP","floor":22},{"not_picked":["Deflect","Prepared"],"picked":"PiercingWail","floor":24}],"player_experience":163579,"relics_obtained":[{"floor":6,"key":"Ginger"},{"floor":9,"key":"Letter Opener"},{"floor":11,"key":"Tiny Chest"},{"floor":14,"key":"StoneCalendar"}],"event_choices":[{"cards_removed":["Strike_G"],"damage_healed":0.0,"max_hp_gain":0.0,"max_hp_loss":0.0,"gold_gain":0.0,"event_name":"The Cleric","player_choice":"Card Removal","floor":2.0,"gold_loss":75.0,"damage_taken":0.0},{"damage_healed":0.0,"max_hp_gain":0.0,"max_hp_loss":0.0,"gold_gain":0.0,"event_name":"Liars Game","player_choice":"Ignored","floor":4.0,"gold_loss":0.0,"damage_taken":0.0},{"damage_healed":0.0,"max_hp_gain":0.0,"max_hp_loss":0.0,"gold_gain":0.0,"event_name":"Wheel of Change","player_choice":"Cursed","floor":5.0,"gold_loss":0.0,"damage_taken":0.0,"cards_obtained":["Decay"]},{"damage_healed":0,"gold_gain":0,"player_choice":"Shed Blood","damage_taken":23,"max_hp_gain":5,"max_hp_loss":0,"event_name":"Forgotten Altar","floor":19,"gold_loss":0},{"cards_removed":["Decay"],"damage_healed":0,"gold_gain":0,"player_choice":"Elegance","damage_taken":0,"max_hp_gain":0,"max_hp_loss":0,"event_name":"Back to Basics","floor":20,"gold_loss":0}],"is_beta":false,"boss_relics":[{"not_picked":["Sozu","Calling Bell"],"picked":"Astrolabe"}],"items_purged_floors":[],"is_endless":false,"potions_floor_spawned":[3,7,16,18,24],"killed_by":"Book of Stabbing","ascension_level":20}}