{"host":"i0avyit1s6jb1siw","time":1611858964,"event":{"mods":["BaseMod","DeckTracker","Dota2Spire","Highlight Path","Minty Spire (QoL Compilation)","Quick Restart","StSLib","SuperFastMode"],"gold_per_floor":[118,138,150,166,166,197,197,214,244,244,244,169,180,180,196,209,209,280,280,299,310,73,84,103,132,149,149,149,93,122,141,171,171,205,205,205,205,205],"floor_reached":37,"language":"ENG","playtime":1438,"items_purged":["Strike_R"],"score":686,"play_id":"30e9eb02-6a6f-4ef1-b6ec-70211867d1b3","local_time":"20210128193604","is_ascension_mode":true,"campfire_choices":[{"floor":7,"key":"REST"},{"data":"Fire Breathing","floor":14,"key":"SMITH"},{"data":"Feel No Pain","floor":17,"key":"SMITH"},{"floor":27,"key":"REST"},{"floor":33,"key":"REST"},{"data":"Corruption","floor":36,"key":"SMITH"}],"circlet_count":0,"master_deck":["AscendersBane","Strike_R","Strike_R","Strike_R","Strike_R","Defend_R","Defend_R","Defend_R","Defend_R","Bash","Fire Breathing+1","Power Through","Pommel Strike","Perfected Strike","Wild Strike","Second Wind","Feel No Pain+1","Wild Strike","Evolve","Corruption+1","Pommel Strike","Headbutt+1","Dual Wield","Seeing Red","Sentinel","True Grit","Wild Strike","Ghostly Armor","Shockwave","Clothesline"],"relics":["Burning Blood","NeowsBlessing","Dota2Spire:OctarineCore","Gambling Chip","Dota2Spire:ArmletOfMordiggian","MealTicket","Dota2Spire:Bloodstone","Lee\u0027s Waffle","Girya","Dota2Spire:OrchidMalevolence","Centennial Puzzle","Red Mask","Ornamental Fan"],"acts_visited":["Exordium","TheCity"],"potions_floor_usage":[18,25],"damage_taken":[{"damage":0,"enemies":"Jaw Worm","floor":1,"turns":1},{"damage":0,"enemies":"Cultist","floor":2,"turns":1},{"damage":0,"enemies":"2 Louse","floor":3,"turns":1},{"damage":11,"enemies":"Blue Slaver","floor":4,"turns":6},{"damage":57,"enemies":"Gremlin Nob","floor":6,"turns":5},{"damage":12,"enemies":"Gremlin Gang","floor":8,"turns":4},{"damage":10,"enemies":"3 Sentries","floor":9,"turns":4},{"damage":3,"enemies":"Looter","floor":13,"turns":3},{"damage":21,"enemies":"Exordium Wildlife","floor":15,"turns":3},{"damage":13,"enemies":"Large Slime","floor":16,"turns":4},{"damage":6,"enemies":"Hexaghost","floor":18,"turns":8},{"damage":37,"enemies":"3 Byrds","floor":20,"turns":4},{"damage":0,"enemies":"Chosen","floor":21,"turns":4},{"damage":20,"enemies":"Snecko","floor":23,"turns":6},{"damage":4,"enemies":"Centurion and Healer","floor":24,"turns":5},{"damage":21,"enemies":"Slavers","floor":25,"turns":5},{"damage":38,"enemies":"Shelled Parasite and Fungi","floor":26,"turns":5},{"damage":33,"enemies":"Gremlin Leader","floor":30,"turns":6},{"damage":0,"enemies":"Cultist and Chosen","floor":31,"turns":7},{"damage":37,"enemies":"Masked Bandits","floor":32,"turns":4},{"damage":24,"enemies":"Slavers","floor":34,"turns":4},{"damage":64,"enemies":"Automaton","floor":37,"turns":6}],"seed_played":"3499568854279368493","potions_obtained":[{"floor":1,"key":"SpeedPotion"},{"floor":6,"key":"ElixirPotion"},{"floor":9,"key":"Energy Potion"},{"floor":18,"key":"Dota2Spire:Clarity"},{"floor":21,"key":"SkillPotion"},{"floor":26,"key":"Strength Potion"}],"is_trial":false,"path_per_floor":["M","M","M","M","?","E","R","M","E","T","T","$","M","R","M","M","R","B",null,"M","M","$","M","M","E","M","R","T","$","E","M","?","R","E","?","R","B"],"character_chosen":"IRONCLAD","items_purchased":["Lee\u0027s Waffle","Dual Wield","True Grit"],"campfire_rested":3,"item_purchase_floors":[22,22,29],"current_hp_per_floor":[74,75,75,70,70,19,41,35,31,31,31,46,49,49,34,27,27,27,63,32,38,82,68,70,55,23,47,47,62,35,41,31,55,37,37,37,0,0],"gold":205,"neow_bonus":"THREE_ENEMY_KILL","is_daily":false,"chose_seed":false,"campfire_upgraded":3,"win_rate":0.0,"timestamp":1611858964,"path_taken":["M","M","M","M","?","E","R","M","E","T","T","$","?","R","M","M","R","BOSS","M","M","$","M","M","E","M","R","T","$","E","M","?","R","E","?","R","BOSS"],"items_purchased_type":["Relic","Card","Card"],"build_version":"2020-12-22","purchased_purges":1,"victory":false,"max_hp_per_floor":[75,75,75,75,75,75,75,75,75,75,75,75,75,75,75,75,75,75,75,75,75,82,82,82,82,82,82,82,82,82,82,82,82,82,82,82,82,82],"card_choices":[{"not_picked":["Second Wind","Sword Boomerang"],"picked":"Fire Breathing","floor":1},{"not_picked":["Iron Wave","Heavy Blade"],"picked":"Power Through","floor":2},{"not_picked":["Intimidate","Sword Boomerang"],"picked":"Pommel Strike","floor":3},{"not_picked":["Cleave","Dropkick"],"picked":"Perfected Strike","floor":4},{"not_picked":["Dual Wield","Sever Soul"],"picked":"Wild Strike","floor":6},{"not_picked":["Uppercut","Flex"],"picked":"Second Wind","floor":8},{"not_picked":["Exhume","Heavy Blade"],"picked":"Feel No Pain","floor":9},{"not_picked":["Thunderclap","Iron Wave"],"picked":"Wild Strike","floor":13},{"not_picked":["Shockwave","Rupture"],"picked":"Evolve","floor":15},{"not_picked":["Havoc","Bloodletting","Heavy Blade"],"picked":"SKIP","floor":16},{"not_picked":["Barricade","Exhume"],"picked":"Corruption","floor":18},{"not_picked":["Infernal Blade","Searing Blow+1","Pommel Strike"],"picked":"SKIP","floor":20},{"not_picked":["Infernal Blade","Searing Blow+1"],"picked":"Pommel Strike","floor":20},{"not_picked":["Carnage+1","Havoc+1"],"picked":"Headbutt+1","floor":21},{"not_picked":["Iron Wave","Flex","Rampage"],"picked":"SKIP","floor":23},{"not_picked":["Body Slam","Havoc"],"picked":"Seeing Red","floor":24},{"not_picked":["Combust","Havoc","Limit Break"],"picked":"SKIP","floor":25},{"not_picked":["Combust","Second Wind"],"picked":"Sentinel","floor":26},{"not_picked":["Bloodletting","Reckless Charge"],"picked":"Wild Strike","floor":30},{"not_picked":["Iron Wave","Blood for Blood"],"picked":"Ghostly Armor","floor":31},{"not_picked":["Carnage","Body Slam"],"picked":"Shockwave","floor":32},{"not_picked":["Armaments","Intimidate"],"picked":"Clothesline","floor":34}],"player_experience":2362969,"relics_obtained":[{"floor":5,"key":"Dota2Spire:OctarineCore"},{"floor":6,"key":"Gambling Chip"},{"floor":9,"key":"Dota2Spire:ArmletOfMordiggian"},{"floor":11,"key":"MealTicket"},{"floor":25,"key":"Girya"},{"floor":28,"key":"Dota2Spire:OrchidMalevolence"},{"floor":30,"key":"Centennial Puzzle"},{"floor":32,"key":"Red Mask"},{"floor":34,"key":"Ornamental Fan"}],"event_choices":[{"damage_healed":0,"gold_gain":0,"player_choice":"Relic","damage_taken":0,"max_hp_gain":0,"max_hp_loss":0,"event_name":"Wheel of Change","floor":5,"gold_loss":0},{"damage_healed":0,"gold_gain":0,"player_choice":"Fought Bandits","damage_taken":0,"max_hp_gain":0,"max_hp_loss":0,"event_name":"Masked Bandits","floor":32,"gold_loss":0},{"damage_healed":0,"gold_gain":0,"player_choice":"Ignored","damage_taken":0,"max_hp_gain":0,"max_hp_loss":0,"event_name":"Vampires","floor":35,"gold_loss":0}],"is_beta":false,"boss_relics":[{"not_picked":["Runic Dome","Velvet Choker"],"picked":"Dota2Spire:Bloodstone"}],"items_purged_floors":[12],"is_endless":false,"potions_floor_spawned":[1,6,9,15,18,21,23,24,26,32,34],"killed_by":"Automaton","ascension_level":20}}