{"host":"Zandorum","time":1611796209,"event":{"mods":["100% Spire Juice","2.2 Compatiblity","Act Like it!","Bard","BaseMod","Downfall","Hermit","Hubris","Jorbs\u0027s Wanderer Trilogy","Mimic Mod","Minty Spire (QoL Compilation)","Quick Restart","Rare Cards Sparkle","Reorder Act Four","Somnambulant","StSLib","The Cursed","The Disciple","The Hierophant","The Jungle","The Runesmith"],"gold_per_floor":[110,110,127,141,44,44,77,77,77,77,77,111,121,86,86,187,187,197,197,215,233,233,233],"floor_reached":22,"language":"ENG","playtime":999,"items_purged":["hermit:Defend_Hermit"],"score":194,"play_id":"2c0c7b6e-dc70-46c9-ac9a-5a33506308b7","local_time":"20210127171009","is_ascension_mode":false,"campfire_choices":[{"data":"hermit:Showdown","floor":6,"key":"SMITH"},{"data":"hermit:TakeAim","floor":8,"key":"SMITH"},{"floor":11,"key":"REST"},{"floor":15,"key":"REST"}],"circlet_count":0,"master_deck":["hermit:Strike_Hermit","hermit:Strike_Hermit+1","hermit:Strike_Hermit","hermit:Strike_Hermit","hermit:Defend_Hermit","hermit:Defend_Hermit","hermit:Defend_Hermit","hermit:Snapshot","hermit:Covet","hermit:Showdown+1","hermit:ItchyTrigger+1","hermit:TakeAim+1","hermit:TrackingShot","hermit:Manifest","hermit:Gambit","hermit:HighNoon","hermit:GoldenBullet","hermit:Malice","hermit:Scavenge"],"relics":["hermit:Momento","Boot","hermit:RyeStalk","Bronze Scales","hubris:ScarierMask","Strawberry"],"acts_visited":["Exordium","TheCity"],"potions_floor_usage":[13,16,22],"damage_taken":[{"damage":6,"enemies":"Jaw Worm","floor":1,"turns":3},{"damage":1,"enemies":"Cultist","floor":3,"turns":3},{"damage":6,"enemies":"2 Louse","floor":4,"turns":2},{"damage":36,"enemies":"Gremlin Nob","floor":7,"turns":5},{"damage":26,"enemies":"Lagavulin","floor":12,"turns":5},{"damage":14,"enemies":"Gremlin Gang","floor":13,"turns":3},{"damage":44,"enemies":"Slime Boss","floor":16,"turns":11},{"damage":40,"enemies":"Spheric Guardian","floor":18,"turns":5},{"damage":0,"enemies":"3 Byrds","floor":20,"turns":3},{"damage":31,"enemies":"Cultist and Chosen","floor":21,"turns":5},{"damage":20,"enemies":"Snecko","floor":22,"turns":4}],"seed_played":"8075537603339762619","potions_obtained":[{"floor":4,"key":"hermit:Eclipse"},{"floor":13,"key":"Block Potion"},{"floor":20,"key":"sneckomod:MuddlingPotion"}],"is_trial":false,"path_per_floor":["M","?","M","M","$","R","E","R","T","?","R","E","M","?","R","B",null,"M","?","M","M","M"],"character_chosen":"HERMIT","items_purchased":["hermit:Roulette"],"campfire_rested":2,"item_purchase_floors":[5],"current_hp_per_floor":[76,82,81,75,75,75,39,39,39,23,47,21,7,27,51,7,82,42,49,49,18,0,0],"gold":233,"neow_bonus":"TEN_PERCENT_HP_BONUS","is_daily":false,"chose_seed":false,"campfire_upgraded":2,"win_rate":0.0,"timestamp":1611796209,"path_taken":["M","?","?","M","$","R","E","R","T","?","R","E","M","?","R","BOSS","M","?","M","?","?"],"items_purchased_type":["Card"],"build_version":"2020-12-18","purchased_purges":1,"victory":false,"max_hp_per_floor":[82,82,82,82,82,82,82,82,82,82,82,82,82,82,82,82,82,82,89,89,89,89,89],"card_choices":[{"not_picked":["hermit:Roulette","hermit:EyeOfTheStorm"],"picked":"hermit:Showdown","floor":1},{"not_picked":["hermit:Headshot","hermit:Manifest"],"picked":"hermit:ItchyTrigger","floor":3},{"not_picked":["hermit:ItchyTrigger","hermit:GhostlyPresence"],"picked":"hermit:TakeAim","floor":4},{"not_picked":["hermit:Quickdraw","hermit:Determination"],"picked":"hermit:TrackingShot","floor":7},{"not_picked":["hermit:ItchyTrigger","hermit:Dive"],"picked":"hermit:Manifest","floor":12},{"not_picked":["hermit:Desperado","hermit:Combo"],"picked":"hermit:Gambit","floor":13},{"not_picked":["hermit:FromBeyond","hermit:Magnum"],"picked":"hermit:HighNoon","floor":16},{"not_picked":["hermit:TakeAim","hermit:WideOpen+1"],"picked":"hermit:GoldenBullet","floor":18},{"not_picked":["hermit:BodyArmor","hermit:TrackingShot+1"],"picked":"hermit:Malice","floor":20},{"not_picked":["hermit:LowProfile","hermit:BodyArmor"],"picked":"hermit:Scavenge","floor":21}],"player_experience":163095,"relics_obtained":[{"floor":7,"key":"Boot"},{"floor":9,"key":"hermit:RyeStalk"},{"floor":12,"key":"Bronze Scales"}],"event_choices":[{"damage_healed":6,"gold_gain":0,"player_choice":"Full Heal","damage_taken":0,"max_hp_gain":0,"max_hp_loss":0,"event_name":"Wheel of Change","floor":2,"gold_loss":0},{"damage_healed":0,"gold_gain":0,"player_choice":"Entered Light","damage_taken":16,"max_hp_gain":0,"max_hp_loss":0,"event_name":"Shining Light","floor":10,"gold_loss":0,"cards_upgraded":["hermit:ItchyTrigger","hermit:Strike_Hermit"]},{"damage_healed":20,"gold_gain":0,"player_choice":"Healed","damage_taken":0,"max_hp_gain":0,"max_hp_loss":0,"event_name":"The Cleric","floor":14,"gold_loss":35},{"cards_removed":["hermit:Roulette"],"damage_healed":0,"gold_gain":0,"player_choice":"Gave Card","damage_taken":0,"relics_obtained":["Strawberry"],"max_hp_gain":0,"max_hp_loss":0,"event_name":"WeMeetAgain","floor":19,"gold_loss":0}],"is_beta":true,"boss_relics":[{"not_picked":["Runic Dome","bronze:MakeshiftBattery"],"picked":"hubris:ScarierMask"}],"items_purged_floors":[5],"is_endless":false,"potions_floor_spawned":[4,13,20],"killed_by":"Snecko","ascension_level":0}}