{"host":"g1wmg2w41xhsnw8g","time":1611803722,"event":{"mods":["2.2 Compatiblity","Act Like it!","Aspiration","BaseMod","Better Altar","Better Match","Better Note","Better Sensory Stone","Better Skull","Better Third Choice","BetterRewards","Booster Modes","CapriCore","Colored Map","Colored Powertips","Defuse TimeMaze Blight","Displayed Cursed Tome","Evolution","Fox Events","Friendly Minions","GifTheSpireLib","Good Game Mod","Googly Eyes","Infinite Spire","Minty Spire (QoL Compilation)","Monster B Gone","Red Circlet Mod","Relic Filter Mod","Relic Sorter","Reliquary","SCP261 Mod","Shop Mod","Smile Girya","Spicy Shops","Spikes Relics","StSLib","Stuff the Spire","The Runesmith","The Sage","Trackpad","Transform Curses","Wandering Minibosses","Weighted Paths","????"],"gold_per_floor":[119,134,164,199,239,239,239],"floor_reached":6,"language":"ENG","playtime":398,"items_purged":[],"score":67,"play_id":"5bff06f5-ad81-474d-ac06-beb91dfd63e1","local_time":"20210127221522","daily_mods":["Specialized","Heirloom","Elite Swarm"],"is_ascension_mode":true,"campfire_choices":[],"circlet_count":0,"master_deck":["Runesmith:HammerThrow","Runesmith:HeatedChisel","Runesmith:EnergizedChisel","Runesmith:HeatExchange","Runesmith:Grindstone","Runesmith:MakeshiftArmor","Runesmith:EarthShield","Runesmith:StaticCage","Runesmith:CraftFirestone","Runesmith:Fortify","Runesmith:Firestorm","Runesmith:Firestorm","Runesmith:Firestorm","Runesmith:Firestorm","Runesmith:Firestorm","Runesmith:RunicBlueprint","HandOfGreed","Runesmith:CraftVitae","Runesmith:ChiselStab","Runesmith:CraftIncendium"],"relics":["Runesmith:BrokenRuby","EVO:Axolotl","REME:ComplimentaryCards","BicycleWheel"],"acts_visited":["Exordium"],"potions_floor_usage":[6,6],"damage_taken":[{"damage":20,"enemies":"infinitespire:Voidling","floor":1,"turns":4},{"damage":2,"enemies":"Cultist","floor":2,"turns":4},{"damage":14,"enemies":"2 Louse","floor":3,"turns":2},{"damage":12,"enemies":"2 Fungi Beasts","floor":4,"turns":3},{"damage":13,"enemies":"Red Slaver","floor":5,"turns":4},{"damage":21,"enemies":"Gremlin Nob","floor":6,"turns":3}],"seed_played":"-3515700219869107673","potions_obtained":[{"floor":3,"key":"SteroidPotion"},{"floor":5,"key":"LiquidBronze"}],"is_trial":true,"path_per_floor":["M","M","M","M","M","E"],"character_chosen":"RUNESMITH_CLASS","items_purchased":[],"campfire_rested":0,"item_purchase_floors":[],"current_hp_per_floor":[57,55,41,29,16,0,0],"gold":239,"neow_bonus":"","is_daily":false,"chose_seed":false,"campfire_upgraded":0,"win_rate":0.0,"timestamp":1611803722,"path_taken":["M","M","M","M","?","E"],"items_purchased_type":[],"build_version":"2020-12-22","purchased_purges":0,"victory":false,"max_hp_per_floor":[77,77,77,77,77,77,77],"card_choices":[{"not_picked":["Runesmith:NegativeSpace","Runesmith:WhiteBalance"],"picked":"Runesmith:RunicBlueprint","floor":1},{"not_picked":["Runesmith:Overpower","Runesmith:HeatedChisel"],"picked":"Runesmith:CraftVitae","floor":2},{"not_picked":["Runesmith:BackupBattery","Runesmith:Augment","Runesmith:Reinforce"],"picked":"SKIP","floor":3},{"not_picked":["Runesmith:ChaoticBlast","Runesmith:Retool"],"picked":"Runesmith:ChiselStab","floor":4},{"not_picked":["Runesmith:UnstableHammer","Runesmith:ChargedHammer"],"picked":"Runesmith:CraftIncendium","floor":5}],"player_experience":892720,"relics_obtained":[],"event_choices":[],"is_beta":false,"boss_relics":[],"items_purged_floors":[],"is_endless":false,"potions_floor_spawned":[3,5],"killed_by":"Gremlin Nob","ascension_level":1}}