{"host":"t9q14bihfoo75lsb","time":1611799121,"event":{"mods":["BaseMod","Better Third Choice","Challenge The Spire","Hermit","Infinite Spire","Koishi","Minty Spire (QoL Compilation)","Reworked Bosses","Shop Mod","Spicy Shops","StSLib","The Cursed","The Dragon Tamer","The Hierophant","The Runesmith"],"gold_per_floor":[115,95,113,133,0,34,34,59,59,59,72,90,31,46,46,151,151,162,162,182,197,197,197,197,213,213,138,138,138,138,156,156,251,251,339,424,424,509,622,622,711,711,735,842,854,866,965,1064,1064,1064],"floor_reached":48,"language":"KOR","playtime":1965,"items_purged":["Parasite"],"score":621,"play_id":"4072e865-f7ca-45ce-8338-1fcd253cff7b","local_time":"20210128105841","is_ascension_mode":false,"metric_token":991,"campfire_choices":[{"data":"DTMod:WarmUp","floor":7,"key":"SMITH"},{"data":"DTMod:FlameSlash","floor":10,"key":"SMITH"},{"floor":15,"key":"RECALL"},{"floor":23,"key":"REST"},{"data":"DTMod:Training","floor":30,"key":"SMITH"},{"data":"DTMod:DragonDance","floor":32,"key":"SMITH"},{"floor":40,"key":"REST"},{"data":"DTMod:BlueScale","floor":42,"key":"SMITH"},{"data":"Madness","floor":45,"key":"SMITH"}],"dtmod_dragon_data":[1,50,1,4,12,13],"circlet_count":0,"master_deck":["DTMod:Strike","DTMod:Strike","DTMod:Strike","DTMod:Strike","DTMod:DoubleHit","DTMod:TargetDefense","DTMod:TargetDefense","DTMod:TargetDefense","DTMod:TargetDefense","DTMod:SwitchingTactic","Finesse","DTMod:TauntingStrike","DTMod:FlameSlash+1","DTMod:PurifyingFlame","Enlightenment","DTMod:WarmUp+1","DTMod:BalancedStrike","DTMod:CleansingStrike","DTMod:Training+1","DTMod:Inferno","DTMod:CleansingStrike+1","DTMod:BurningForce","Clumsy","infinitespire:FutureSight","Writhe","DTMod:BurningEnergy+1","DTMod:SneakAttack","DTMod:DragonDance+1","DTMod:Prediction","DTMod:ComboAttack+1","DTMod:CleansingStrike+1","Madness","Madness+1","DTMod:LastStand+1","Normality","Magnetism","DTMod:BlueScale+1","infinitespire:Pacifist","DTMod:Dissolve"],"relics":["DTMod:PactStone","Lizard Tail","Du-Vu Doll","Cursed Key","Darkstone Periapt","Akabeko","Runesmith:Nanobots","SlaversCollar","Mercury Hourglass","MawBank"],"acts_visited":["Exordium","TheCity","TheBeyond"],"potions_floor_usage":[6,6,16,16,16,16,16,16,33,44],"damage_taken":[{"damage":0,"enemies":"Jaw Worm","floor":1,"turns":4},{"damage":0,"enemies":"Cultist","floor":3,"turns":3},{"damage":0,"enemies":"Small Slimes","floor":4,"turns":2},{"damage":0,"enemies":"Gremlin Nob","floor":6,"turns":3},{"damage":33,"enemies":"Lagavulin","floor":8,"turns":8},{"damage":1,"enemies":"Blue Slaver","floor":11,"turns":3},{"damage":0,"enemies":"2 Fungi Beasts","floor":12,"turns":2},{"damage":5,"enemies":"Looter","floor":14,"turns":3},{"damage":0,"enemies":"The Guardian","floor":16,"turns":9},{"damage":0,"enemies":"3 Byrds","floor":18,"turns":4},{"damage":0,"enemies":"Spheric Guardian","floor":20,"turns":4},{"damage":28,"enemies":"Centurion and Healer","floor":21,"turns":5},{"damage":0,"enemies":"3 Cultists","floor":25,"turns":3},{"damage":0,"enemies":"Snecko","floor":31,"turns":1},{"damage":44,"enemies":"bossMod:newCollector","floor":33,"turns":7},{"damage":3,"enemies":"3 Darklings","floor":35,"turns":4},{"damage":28,"enemies":"3 Shapes","floor":36,"turns":3},{"damage":9,"enemies":"Maw","floor":38,"turns":6},{"damage":17,"enemies":"Spire Growth","floor":41,"turns":4},{"damage":6,"enemies":"3 Darklings","floor":44,"turns":4},{"damage":44,"enemies":"Maw","floor":47,"turns":8},{"damage":0,"enemies":"Spire Growth","floor":48,"turns":4}],"seed_played":"-7362723151637693037","potions_obtained":[{"floor":1,"key":"AttackPotion"},{"floor":2,"key":"LiquidMemories"},{"floor":8,"key":"ColorlessPotion"},{"floor":12,"key":"EntropicBrew"},{"floor":14,"key":"FearPotion"},{"floor":21,"key":"DistilledChaos"},{"floor":31,"key":"SmokeBomb"},{"floor":33,"key":"Energy Potion"},{"floor":36,"key":"Fire Potion"},{"floor":39,"key":"FairyPotion"},{"floor":47,"key":"Explosive Potion"},{"floor":48,"key":"SneckoOil"}],"is_trial":false,"path_per_floor":["M","?","M","M","?","E","R","E","T","R","M","M","$","M","R","B",null,"M","?","M","M","?","R","?","M","T","$","?","?","R","M","R","B",null,"M","M","?","M","?","R","M","R","T","M","R","?","M","M"],"character_chosen":"THE_DT","items_purchased":["DTMod:Training"],"campfire_rested":2,"item_purchase_floors":[13],"current_hp_per_floor":[45,45,45,45,51,51,51,18,18,18,17,17,17,12,12,12,51,51,51,51,23,35,53,59,59,65,65,65,65,65,65,65,21,72,69,41,32,23,29,52,35,35,41,35,35,35,46,46,46,46],"gold":1064,"neow_bonus":"RANDOM_COLORLESS","is_daily":false,"chose_seed":false,"campfire_upgraded":6,"win_rate":0.0,"timestamp":1611799121,"path_taken":["M","?","?","M","?","E","R","E","T","R","M","M","$","M","R","BOSS","M","?","M","?","?","R","?","M","T","$","?","?","R","M","R","BOSS","M","M","?","M","?","R","?","R","T","M","R","?","M","M"],"items_purchased_type":["Card"],"build_version":"2020-12-22","purchased_purges":1,"victory":false,"max_hp_per_floor":[45,45,45,45,51,51,51,51,51,51,51,51,51,51,51,51,51,51,51,51,51,63,63,69,69,75,72,72,72,72,72,72,72,72,72,72,72,72,78,78,78,78,84,84,84,84,84,84,84,84],"card_choices":[{"not_picked":["Discovery","Blind"],"picked":"Finesse","floor":0},{"not_picked":["DTMod:MagicField","DTMod:QuickFly"],"picked":"DTMod:TauntingStrike","floor":1},{"not_picked":["DTMod:Feint","DTMod:PurifyingFlame"],"picked":"DTMod:FlameSlash","floor":3},{"not_picked":["DTMod:Punisher","DTMod:SneakAttack"],"picked":"DTMod:PurifyingFlame","floor":4},{"not_picked":["DTMod:CrossStep","DTMod:ForkedFire"],"picked":"DTMod:WarmUp","floor":6},{"not_picked":["DTMod:Weaken","DTMod:HeatWave"],"picked":"DTMod:BalancedStrike","floor":8},{"not_picked":["DTMod:PurifyingFlame","DTMod:MagicField"],"picked":"DTMod:Haste","floor":11},{"not_picked":["DTMod:MasterPlan","DTMod:FlameSlash"],"picked":"DTMod:CleansingStrike","floor":12},{"not_picked":["DTMod:RunningTactic","DTMod:SneakAttack","DTMod:Prediction"],"picked":"SKIP","floor":14},{"not_picked":["DTMod:Prediction","DTMod:Multitask"],"picked":"DTMod:Inferno","floor":16},{"not_picked":["DTMod:MasterPlan","DTMod:BizarreTactic"],"picked":"DTMod:CleansingStrike+1","floor":18},{"not_picked":["DTMod:BreakAttack","DTMod:CrossStep","DTMod:DeepFocus"],"picked":"SKIP","floor":20},{"not_picked":["DTMod:BreakAttack","DTMod:MagicField"],"picked":"DTMod:BurningForce","floor":21},{"not_picked":["infinitespire:Fortify","infinitespire:TheBestDefense"],"picked":"infinitespire:FutureSight","floor":22},{"not_picked":["DTMod:Punisher","DTMod:InvisibleFlame"],"picked":"DTMod:BurningEnergy+1","floor":25},{"not_picked":["DTMod:Shift","DTMod:FlameSlash+1"],"picked":"DTMod:DragonDance","floor":31},{"not_picked":["DTMod:GearUp","DTMod:RepeatStrike"],"picked":"DTMod:Prediction","floor":33},{"not_picked":["DTMod:Hide","DTMod:BizarreTactic+1"],"picked":"DTMod:ComboAttack+1","floor":35},{"not_picked":["DTMod:Weaken","DTMod:Threaten"],"picked":"DTMod:CleansingStrike+1","floor":36},{"not_picked":["DTMod:MagicField","DTMod:BurningEnergy"],"picked":"DTMod:LastStand+1","floor":38},{"not_picked":["Enlightenment","Mind Blast"],"picked":"Magnetism","floor":39},{"not_picked":["DTMod:MagicField+1","DTMod:BizarreTactic+1"],"picked":"DTMod:BlueScale","floor":41},{"not_picked":["DTMod:Conduct","DTMod:RunningTactic+1","DTMod:DragonDance"],"picked":"SKIP","floor":44},{"not_picked":["DTMod:ShieldDrain","DTMod:Cover","DTMod:MagicField"],"picked":"SKIP","floor":47},{"not_picked":["DTMod:MagicField","DTMod:Adaptation+1"],"picked":"DTMod:Dissolve","floor":48}],"player_experience":482193,"relics_obtained":[{"floor":6,"key":"Lizard Tail"},{"floor":8,"key":"Du-Vu Doll"},{"floor":26,"key":"Runesmith:Nanobots"},{"floor":39,"key":"Mercury Hourglass"},{"floor":43,"key":"MawBank"}],"event_choices":[{"damage_healed":0,"gold_gain":0,"player_choice":"Bought 1 Potion","damage_taken":0,"max_hp_gain":0,"max_hp_loss":0,"event_name":"The Woman in Blue","floor":2,"gold_loss":0},{"damage_healed":0,"gold_gain":0,"player_choice":"RENOUNCE","damage_taken":133,"max_hp_gain":0,"max_hp_loss":0,"event_name":"betterThird:BetterSerpent","floor":5,"gold_loss":133,"cards_obtained":["Enlightenment"]},{"cards_removed":["DTMod:Haste"],"damage_healed":0,"gold_gain":0,"player_choice":"Gave Card","damage_taken":0,"relics_obtained":["Darkstone Periapt"],"max_hp_gain":0,"max_hp_loss":0,"event_name":"WeMeetAgain","floor":19,"gold_loss":0},{"damage_healed":0,"gold_gain":0,"player_choice":"Opened","damage_taken":0,"relics_obtained":["Akabeko"],"max_hp_gain":0,"max_hp_loss":0,"event_name":"The Mausoleum","floor":24,"gold_loss":0,"cards_obtained":["Writhe"]},{"damage_healed":0,"gold_gain":0,"player_choice":"Read","damage_taken":0,"max_hp_gain":0,"max_hp_loss":0,"event_name":"The Library","floor":28,"gold_loss":0,"cards_obtained":["DTMod:SneakAttack"]},{"cards_removed":["Doubt"],"damage_healed":0,"gold_gain":0,"player_choice":"Elegance","damage_taken":0,"max_hp_gain":0,"max_hp_loss":0,"event_name":"betterThird:BetterWriting","floor":29,"gold_loss":0},{"damage_healed":0,"gold_gain":0,"player_choice":"Embrace Madness","damage_taken":9,"max_hp_gain":0,"max_hp_loss":0,"event_name":"Winding Halls","floor":37,"gold_loss":0,"cards_obtained":["Madness","Madness"]},{"damage_healed":0,"gold_gain":0,"player_choice":"Random: Red","damage_taken":0,"max_hp_gain":0,"max_hp_loss":0,"event_name":"betterThird:BetterPortal","floor":39,"gold_loss":0},{"damage_healed":0,"gold_gain":0,"player_choice":"Ignored","damage_taken":0,"max_hp_gain":0,"max_hp_loss":0,"event_name":"The Moai Head","floor":46,"gold_loss":0}],"is_beta":false,"boss_relics":[{"not_picked":["Fusion Hammer","Astrolabe"],"picked":"Cursed Key"},{"not_picked":["Philosopher\u0027s Stone","Sozu"],"picked":"SlaversCollar"}],"items_purged_floors":[27],"is_endless":false,"potions_floor_spawned":[1,8,12,14,21,31,33,36,47,48],"killed_by":"Spire Growth","ascension_level":0}}