{"host":"vyjryxuuuxkt43k4","time":1611800052,"event":{"mods":["AchievementEnabler","BaseMod","Colored Map","DeckTracker","Keyboard Shortcuts","Minty Spire (QoL Compilation)","Permanent Neow","Quick Restart","Rare Cards Sparkle","StSLib","SuperFastMode","everything is the same but u backflip on backflip"],"gold_per_floor":[118,268,268,33,45,45,45,71,153,153,170,170,195,211,211,211,211],"floor_reached":16,"language":"KOR","playtime":417,"items_purged":["Pain"],"score":216,"play_id":"077b146e-54bd-4a59-a82b-54e3e17acf09","local_time":"20210128111412","is_ascension_mode":true,"campfire_choices":[{"data":"Armaments","floor":6.0,"key":"SMITH"},{"data":"Clothesline","floor":7.0,"key":"SMITH"},{"data":"Seeing Red","floor":12.0,"key":"SMITH"},{"floor":15.0,"key":"REST"}],"circlet_count":0,"master_deck":["AscendersBane","Strike_R","Strike_R","Strike_R","Strike_R","Strike_R","Defend_R","Defend_R","Defend_R+1","Defend_R","Bash","Clothesline+1","Armaments+1","Seeing Red+1","Shrug It Off+1","Hemokinesis"],"relics":["Burning Blood","WingedGreaves","PreservedInsect","Peace Pipe","Gremlin Horn","Bag of Preparation","War Paint"],"acts_visited":["Exordium"],"potions_floor_usage":[16],"damage_taken":[{"damage":9.0,"enemies":"2 Louse","floor":1.0,"turns":4.0},{"damage":7.0,"enemies":"Small Slimes","floor":5.0,"turns":4.0},{"damage":26.0,"enemies":"Gremlin Nob","floor":8.0,"turns":4.0},{"damage":0.0,"enemies":"Jaw Worm","floor":11.0,"turns":4.0},{"damage":22.0,"enemies":"Lagavulin","floor":13.0,"turns":6.0},{"damage":6.0,"enemies":"2 Fungi Beasts","floor":14.0,"turns":3.0},{"damage":51,"enemies":"Slime Boss","floor":16,"turns":9}],"seed_played":"4008521870021252832","potions_obtained":[{"floor":5.0,"key":"Energy Potion"},{"floor":8.0,"key":"Dexterity Potion"},{"floor":14.0,"key":"Strength Potion"}],"is_trial":false,"path_per_floor":["M","?","?","$","M","R","R","E","T","?","M","R","E","M","R","B"],"character_chosen":"IRONCLAD","items_purchased":["PreservedInsect"],"campfire_rested":1,"item_purchase_floors":[4],"current_hp_per_floor":[65,65,58,58,57,57,57,37,37,37,43,43,27,27,49,0,0],"gold":211,"neow_bonus":"ONE_RARE_RELIC","is_daily":false,"chose_seed":false,"campfire_upgraded":3,"win_rate":0.0,"timestamp":1611800052,"path_taken":["M","?","?","?","M","R","R","E","T","?","M","R","E","M","R","BOSS"],"items_purchased_type":["Relic"],"build_version":"2020-12-22","purchased_purges":1,"victory":false,"max_hp_per_floor":[75,75,75,75,75,75,75,75,75,75,75,75,75,75,75,75,75],"card_choices":[{"not_picked":["Warcry","Thunderclap"],"picked":"Clothesline","floor":1.0},{"not_picked":["Twin Strike","Ghostly Armor"],"picked":"Armaments","floor":5.0},{"not_picked":["Whirlwind","Dual Wield"],"picked":"Seeing Red","floor":8.0},{"not_picked":["Heavy Blade","True Grit"],"picked":"Shrug It Off","floor":11.0},{"not_picked":["Heavy Blade","Clothesline","Perfected Strike"],"picked":"SKIP","floor":13.0},{"not_picked":["Heavy Blade","Clothesline","Perfected Strike"],"picked":"SKIP","floor":13.0},{"not_picked":["Twin Strike","Warcry"],"picked":"Hemokinesis","floor":14.0}],"player_experience":433176,"relics_obtained":[{"floor":8.0,"key":"Peace Pipe"},{"floor":9.0,"key":"Gremlin Horn"},{"floor":10.0,"key":"Bag of Preparation"},{"floor":13.0,"key":"War Paint"}],"event_choices":[{"damage_healed":0.0,"max_hp_gain":0.0,"max_hp_loss":0.0,"gold_gain":150.0,"event_name":"Liars Game","player_choice":"AGREE","floor":2.0,"gold_loss":0.0,"damage_taken":0.0,"cards_obtained":["Doubt"]},{"cards_removed":["Doubt"],"damage_healed":0.0,"max_hp_gain":0.0,"max_hp_loss":0.0,"gold_gain":0.0,"event_name":"Golden Wing","player_choice":"Card Removal","floor":3.0,"gold_loss":0.0,"damage_taken":7.0},{"damage_healed":0.0,"max_hp_gain":0.0,"max_hp_loss":0.0,"gold_gain":0.0,"event_name":"Wheel of Change","player_choice":"Relic","floor":10.0,"gold_loss":0.0,"damage_taken":0.0}],"is_beta":false,"boss_relics":[],"items_purged_floors":[4],"is_endless":false,"potions_floor_spawned":[5,8,14],"killed_by":"Slime Boss","ascension_level":20}}