{"host":"5x08nt64u3vxxcfi","time":1611827545,"event":{"mods":["BaseMod","Minty Spire (QoL Compilation)","StSLib","SuperFastMode"],"gold_per_floor":[115,130,50,50,65,65,96,113,140,13,26,46,66,79,79,79,79],"floor_reached":16,"language":"KOR","playtime":419,"items_purged":[],"score":138,"play_id":"3314f192-11fb-41f5-a455-46d5d9e55a85","local_time":"20210128185225","is_ascension_mode":true,"campfire_choices":[{"data":"Buffer","floor":6.0,"key":"SMITH"},{"data":"Sunder","floor":15,"key":"SMITH"}],"circlet_count":0,"master_deck":["Strike_B","Strike_B","Strike_B","Strike_B","Defend_B","Defend_B","Defend_B","Defend_B","Zap","Dualcast","Buffer+1","Beam Cell","Stack","Aggregate","Barrage","Sweeping Beam","Melter","Rebound","Sunder+1","Recycle","Genetic Algorithm","Sweeping Beam","Seek"],"relics":["Cracked Core","Toy Ornithopter","PreservedInsect"],"acts_visited":["Exordium"],"potions_floor_usage":[16,16],"damage_taken":[{"damage":2.0,"enemies":"Jaw Worm","floor":1.0,"turns":4.0},{"damage":0.0,"enemies":"Cultist","floor":2.0,"turns":2.0},{"damage":2.0,"enemies":"2 Louse","floor":5.0,"turns":3.0},{"damage":12.0,"enemies":"Lagavulin","floor":7.0,"turns":8.0},{"damage":10,"enemies":"Gremlin Gang","floor":8,"turns":5},{"damage":9,"enemies":"3 Louse","floor":11,"turns":3},{"damage":0,"enemies":"Large Slime","floor":12,"turns":5},{"damage":17,"enemies":"Blue Slaver","floor":13,"turns":3},{"damage":0,"enemies":"Red Slaver","floor":14,"turns":4},{"damage":35,"enemies":"Slime Boss","floor":16,"turns":10}],"seed_played":"-8014792420033829291","potions_obtained":[{"floor":5.0,"key":"LiquidMemories"},{"floor":7.0,"key":"EssenceOfSteel"},{"floor":8,"key":"BlessingOfTheForge"},{"floor":14,"key":"SkillPotion"}],"is_trial":false,"path_per_floor":["M","M","$","?","M","R","E","M","T","$","M","M","M","M","R","B"],"character_chosen":"DEFECT","items_purchased":["Aggregate","Rebound","Sunder"],"campfire_rested":0,"item_purchase_floors":[3,10,10],"current_hp_per_floor":[66,66,66,66,64,64,52,42,42,42,33,33,16,16,16,0,0],"gold":79,"neow_bonus":"ONE_RANDOM_RARE_CARD","is_daily":false,"chose_seed":false,"campfire_upgraded":2,"win_rate":0.0,"timestamp":1611827545,"path_taken":["M","M","$","?","M","R","E","M","T","$","?","M","M","M","R","BOSS"],"items_purchased_type":["Card","Card","Card"],"build_version":"2020-12-22","purchased_purges":0,"victory":false,"max_hp_per_floor":[75,75,75,75,75,75,75,75,75,75,75,75,75,75,75,75,75],"card_choices":[{"not_picked":["Steam","Genetic Algorithm"],"picked":"Beam Cell","floor":1.0},{"not_picked":["Turbo","Leap"],"picked":"Stack","floor":2.0},{"not_picked":["Force Field","Ball Lightning"],"picked":"Barrage","floor":5.0},{"not_picked":["Leap","Redo"],"picked":"Sweeping Beam","floor":7.0},{"not_picked":["Turbo","Rip and Tear"],"picked":"Melter","floor":8},{"not_picked":["Hologram","Sweeping Beam"],"picked":"Recycle","floor":11},{"not_picked":["Chaos","Cold Snap"],"picked":"Genetic Algorithm","floor":12},{"not_picked":["Blizzard","Coolheaded"],"picked":"Sweeping Beam","floor":13},{"not_picked":["Beam Cell","Reinforced Body"],"picked":"Seek","floor":14}],"player_experience":118521,"relics_obtained":[{"floor":7.0,"key":"Toy Ornithopter"},{"floor":9,"key":"PreservedInsect"}],"event_choices":[{"damage_healed":0.0,"max_hp_gain":0.0,"max_hp_loss":0.0,"gold_gain":0.0,"event_name":"The Woman in Blue","player_choice":"Bought 0 Potions","floor":4.0,"gold_loss":0.0,"damage_taken":0.0}],"is_beta":false,"boss_relics":[],"items_purged_floors":[],"is_endless":false,"potions_floor_spawned":[5,7,8,14],"killed_by":"Slime Boss","ascension_level":6}}