{"host":"2q4p6kdcvpgo6z81","time":1611801489,"event":{"mods":["BaseMod","Colored Map","Downfall","Minty Spire (QoL Compilation)","StSLib"],"gold_per_floor":[99,99,99,99,18,44,120,139,159,159,159,184,18,82,97,200,200,200,214,228,228,244,275,275,285,311,311,511,522,65,65,124,226,226,126,180,237,295,354,425,437,249,34,34,76,96,114,37,48,48,48,83,8,8,8,8],"floor_reached":57,"language":"ENG","playtime":5523,"items_purged":["bronze:Strike","bronze:InfiniteLoop","bronze:WhirlingStrike","Injury"],"score":1488,"play_id":"829350ef-200b-4374-86de-5d1b4607bcd3","local_time":"20210127213809","is_ascension_mode":true,"campfire_choices":[{"data":"bronze:Goto","floor":1.0,"key":"SMITH"},{"data":"bronze:CleanCode","floor":10.0,"key":"SMITH"},{"data":"bronze:FindAndReplace","floor":18.0,"key":"SMITH"},{"floor":35.0,"key":"RECALL"},{"floor":42.0,"key":"REST"},{"data":"bronze:CutThrough","floor":44.0,"key":"SMITH"},{"data":"bronze:Turbo","floor":54,"key":"SMITH"}],"circlet_count":0,"master_deck":["bronze:Defend","bronze:Defend","bronze:Defend","bronze:Goto+1","bronze:NullPointer","bronze:Iterate","bronze:Boost+1","bronze:FineTuning","bronze:GetLatest","bronze:CleanCode+1","bronze:Terminator","bronze:FindAndReplace+1","bronze:CutThrough+1","bronze:Virus+1","bronze:NullPointer+1","bronze:Philosophize+1","bronze:Overload+1","bronze:GetLatest+1","bronze:ForLoop+1","bronze:Shell+1","bronze:BronzeOrb","downfall:Haunted","bronze:FollowUp+1","bronze:FineTuning","bronze:Turbo+1","bronze:Verify","bronze:ForLoop+1","bronze:Verify+1","bronze:NullPointer+1"],"relics":["bronze:BronzeCore","downfall:HeartsMalice","Ginger","Eternal Feather","StoneCalendar","Lantern","Astrolabe","StrikeDummy","Bottled Lightning","Lee\u0027s Waffle","CaptainsWheel","downfall:KnowingSkull","Cursed Key","downfall:HeartBlessingGreen","MawBank","Frozen Egg 2","downfall:HeartBlessingRed","downfall:HeartBlessingBlue","OrangePellets","Membership Card","Strawberry","Medical Kit","Lizard Tail"],"acts_visited":["Exordium","TheCity","TheBeyond","TheEnding"],"potions_floor_usage":[49,52,56,56],"damage_taken":[{"damage":0.0,"enemies":"2 Louse","floor":2.0,"turns":1.0},{"damage":0.0,"enemies":"Cultist","floor":4.0,"turns":1.0},{"damage":0.0,"enemies":"downfall:FleeingMerchant","floor":5.0,"turns":1.0},{"damage":30.0,"enemies":"Gremlin Nob","floor":6.0,"turns":5.0},{"damage":0.0,"enemies":"Jaw Worm","floor":8.0,"turns":2.0},{"damage":7.0,"enemies":"Large Slime","floor":9.0,"turns":4.0},{"damage":0.0,"enemies":"3 Sentries","floor":12.0,"turns":5.0},{"damage":0.0,"enemies":"downfall:FleeingMerchant","floor":13.0,"turns":4.0},{"damage":22.0,"enemies":"Gremlin Nob","floor":14.0,"turns":4.0},{"damage":0.0,"enemies":"Gremlin Gang","floor":15.0,"turns":2.0},{"damage":4.0,"enemies":"SI_SHIV_ARCHETYPE","floor":16.0,"turns":7.0},{"damage":14.0,"enemies":"Shell Parasite","floor":19.0,"turns":3.0},{"damage":0.0,"enemies":"Spheric Guardian","floor":20.0,"turns":3.0},{"damage":0.0,"enemies":"Chosen and Byrds","floor":22.0,"turns":2.0},{"damage":10.0,"enemies":"Book of Stabbing","floor":23.0,"turns":4.0},{"damage":13.0,"enemies":"Sentry and Sphere","floor":25.0,"turns":5.0},{"damage":15.0,"enemies":"Slavers","floor":26.0,"turns":5.0},{"damage":0.0,"enemies":"Snake Plant","floor":29.0,"turns":2.0},{"damage":0.0,"enemies":"downfall:FleeingMerchant","floor":30.0,"turns":4.0},{"damage":12.0,"enemies":"Centurion and Healer","floor":32.0,"turns":7.0},{"damage":5.0,"enemies":"DF_ARCHETYPE_CLAW","floor":33.0,"turns":6.0},{"damage":3.0,"enemies":"3 Darklings","floor":36.0,"turns":5.0},{"damage":7.0,"enemies":"3 Shapes","floor":37.0,"turns":3.0},{"damage":3.0,"enemies":"Spire Growth","floor":38.0,"turns":4.0},{"damage":3.0,"enemies":"Transient","floor":39.0,"turns":5.0},{"damage":29.0,"enemies":"Reptomancer","floor":40.0,"turns":5.0},{"damage":3.0,"enemies":"downfall:FleeingMerchant","floor":43.0,"turns":4.0},{"damage":3.0,"enemies":"downfall:FleeingMerchant","floor":45.0,"turns":1.0},{"damage":5.0,"enemies":"Sphere and 2 Shapes","floor":46.0,"turns":3.0},{"damage":5.0,"enemies":"3 Darklings","floor":47.0,"turns":2.0},{"damage":0,"enemies":"Transient","floor":49,"turns":5},{"damage":0,"enemies":"WA_ARCHETYPE_DIVINITY","floor":50,"turns":7},{"damage":0,"enemies":"downfall:CharBossMerchant","floor":52,"turns":6},{"damage":29,"enemies":"downfall:NeowBoss","floor":55,"turns":11},{"damage":64,"enemies":"downfall:NeowBossFinal","floor":56,"turns":8}],"seed_played":"5996893273674000788","potions_obtained":[{"floor":6.0,"key":"Fruit Juice"},{"floor":8.0,"key":"DistilledChaos"},{"floor":14.0,"key":"Energy Potion"},{"floor":15.0,"key":"PowerPotion"},{"floor":16.0,"key":"Strength Potion"},{"floor":20.0,"key":"SkillPotion"},{"floor":25.0,"key":"ColorlessPotion"},{"floor":32.0,"key":"bronze:BuildAFunctionPotion"},{"floor":33.0,"key":"DuplicationPotion"},{"floor":36.0,"key":"bronze:FreeFunctionsPotion"},{"floor":39.0,"key":"Dexterity Potion"},{"floor":40.0,"key":"Fruit Juice"},{"floor":49,"key":"Energy Potion"}],"is_trial":false,"path_per_floor":["R","M","?","M","$","E","T","M","M","R","?","E","$","?","M","B",null,"R","M","M","?","M","E","T","M","E","?","?","M","$","?","M","B",null,"R","M","M","M","M","E","T","R","$","R","$","M","M","$","M","B",null,"E","$","R","B","B",null],"character_chosen":"THE_AUTOMATON","items_purchased":["bronze:Boost","bronze:FindAndReplace","Lee\u0027s Waffle","CaptainsWheel","OrangePellets","Membership Card","Strawberry","Fruit Juice","Medical Kit"],"campfire_rested":1,"item_purchase_floors":[5,13,30,30,43,45,45,45,48],"current_hp_per_floor":[70,70,70,70,70,40,40,40,33,42,42,42,42,20,20,16,70,70,56,61,53,53,43,43,30,15,15,15,15,82,75,63,58,82,82,79,72,69,66,37,37,92,89,92,106,101,96,96,96,96,109,109,109,109,80,16],"gold":8,"neow_bonus":"THREE_ENEMY_KILL","is_daily":false,"chose_seed":false,"campfire_upgraded":5,"win_rate":0.0,"timestamp":1611801489,"path_taken":["R","M","?","M","?","E","T","M","M","R","?","E","$","?","M","BOSS","R","M","M","?","M","E","T","?","E","?","?","M","$","?","M","BOSS","R","M","M","?","?","E","T","R","$","R","$","M","M","?","M","BOSS","E","$","R","BOSS","BOSS"],"items_purchased_type":["Card","Card","Relic","Relic","Relic","Relic","Relic","Potion","Relic"],"build_version":"2020-12-22","purchased_purges":4,"victory":true,"max_hp_per_floor":[70,70,70,70,70,70,70,70,70,70,70,70,70,70,70,70,70,70,70,75,75,75,75,75,75,75,75,75,75,82,82,82,82,82,82,82,82,82,82,82,82,92,92,92,109,109,109,109,109,109,109,109,109,109,109,109],"card_choices":[{"not_picked":["bronze:Iterate","bronze:DelayedSlice"],"picked":"bronze:NullPointer","floor":2.0},{"not_picked":["bronze:Backtrace","bronze:Repair"],"picked":"bronze:Iterate","floor":4.0},{"not_picked":["bronze:WildBeam","bronze:OilSpill"],"picked":"bronze:WhirlingStrike","floor":5.0},{"not_picked":["bronze:CutThrough","bronze:Overload"],"picked":"bronze:FineTuning","floor":6.0},{"not_picked":["bronze:Shell","bronze:Return"],"picked":"bronze:GetLatest","floor":8.0},{"not_picked":["bronze:ForLoop","bronze:Iterate"],"picked":"bronze:CleanCode","floor":9.0},{"not_picked":["bronze:InfiniteBeams","bronze:Philosophize"],"picked":"bronze:Terminator","floor":12.0},{"not_picked":["bronze:OilSpill","bronze:Safeguard","bronze:Frontload"],"picked":"SKIP","floor":13.0},{"not_picked":["bronze:Invalidate","bronze:OilSpill"],"picked":"bronze:CutThrough","floor":15.0},{"not_picked":["bronze:Library","bronze:HyperBeam"],"picked":"bronze:InfiniteLoop","floor":16.0},{"not_picked":["bronze:Iterate","bronze:BronzeArmor"],"picked":"bronze:Overload+1","floor":19.0},{"not_picked":["bronze:BuggyMess","bronze:Frontload"],"picked":"bronze:GetLatest+1","floor":20.0},{"not_picked":["bronze:Branch","bronze:WhirlingStrike+1"],"picked":"bronze:ForLoop+1","floor":22.0},{"not_picked":["bronze:Overload+1","bronze:Return"],"picked":"bronze:Shell+1","floor":23.0},{"not_picked":["bronze:BugBarrage","bronze:Turbo"],"picked":"bronze:BronzeOrb","floor":25.0},{"not_picked":["bronze:Backtrace","bronze:RecursiveStrike","bronze:WhirlingStrike"],"picked":"SKIP","floor":26.0},{"not_picked":["bronze:NullPointer","bronze:WhirlingStrike"],"picked":"bronze:FollowUp+1","floor":29.0},{"not_picked":["bronze:BuggyMess+1","bronze:Iterate+1"],"picked":"bronze:FineTuning","floor":30.0},{"not_picked":["bronze:Frontload+1","bronze:Branch"],"picked":"bronze:Turbo","floor":32.0},{"not_picked":["bronze:FindAndReplace","bronze:RecursiveStrike"],"picked":"bronze:Verify","floor":33.0},{"not_picked":["bronze:InfiniteBeams","bronze:Separator"],"picked":"bronze:ForLoop+1","floor":36.0},{"not_picked":["bronze:BitShift","bronze:BuggyMess","bronze:Constructor"],"picked":"SKIP","floor":37.0},{"not_picked":["bronze:CutThrough","bronze:BronzeArmor","bronze:ItsAFeature"],"picked":"SKIP","floor":38.0},{"not_picked":["bronze:Fortify+1","bronze:Branch","bronze:FollowUp+1"],"picked":"SKIP","floor":39.0},{"not_picked":["bronze:Break","bronze:Boost","bronze:Repulsor"],"picked":"SKIP","floor":40.0},{"not_picked":["bronze:BuggyMess+1","bronze:Iterate+1"],"picked":"bronze:Verify+1","floor":43.0},{"not_picked":["bronze:BugBarrage+1","bronze:ChosenStrike+1","bronze:ItsAFeature+1"],"picked":"SKIP","floor":45.0},{"not_picked":["bronze:OilSpill","bronze:Overload"],"picked":"bronze:NullPointer+1","floor":46.0},{"not_picked":["bronze:Constructor+1","bronze:Backtrace+1","bronze:Fortify+1"],"picked":"SKIP","floor":47.0},{"not_picked":["bronze:InfiniteBeams+1","bronze:BuggyMess+1","bronze:ChildClass+1"],"picked":"SKIP","floor":49},{"not_picked":["bronze:Deprecate","bronze:Shell","bronze:BronzeArmor"],"picked":"SKIP","floor":52}],"player_experience":1566342,"relics_obtained":[{"floor":6.0,"key":"Ginger"},{"floor":7.0,"key":"Eternal Feather"},{"floor":12.0,"key":"StoneCalendar"},{"floor":23.0,"key":"StrikeDummy"},{"floor":26.0,"key":"Bottled Lightning"},{"floor":40.0,"key":"MawBank"},{"floor":41.0,"key":"Frozen Egg 2"},{"floor":52,"key":"Lizard Tail"}],"event_choices":[{"cards_removed":["bronze:Strike"],"damage_healed":0.0,"max_hp_gain":0.0,"max_hp_loss":0.0,"gold_gain":0.0,"event_name":"Bonfire Elementals","player_choice":"Offered Basic","floor":3.0,"gold_loss":0.0,"damage_taken":0.0}],"is_beta":false,"boss_relics":[{"not_picked":["Empty Cage","Busted Crown"],"picked":"Astrolabe"},{"not_picked":["Calling Bell","Velvet Choker"],"picked":"Cursed Key"}],"items_purged_floors":[13,43,45,53],"is_endless":false,"potions_floor_spawned":[6,8,14,15,16,20,22,25,32,33,36,39,40,47,49],"ascension_level":2}}