{"host":"1vzdexsn8vtq5lt7","time":1611852421,"event":{"mods":["Act Like it!","BaseMod","Colored Map","Colored Powertips","Conspire","Downfall","Easy Mod","Energized Spire","Minty Spire (QoL Compilation)","Quick Restart","Relic Stats","Replay The Spire","StSLib","SuperFastMode","TestMod","【功能Mod】Neow奖励","【功能Mod】混沌之环修复补丁","【功能Mod】精心准备","【遗物卡牌】REMEMod","没有小屋子和绿帽子啦"],"gold_per_floor":[99,115,134,134,44,44,44,75,75,95,95,130,148,148,160,255,255,255,255,269,19,30,55,55,55,70,70,70,126,126,182,208,342,342,342,388,639,674,554,584,584,655,655,732,818,718,755,822,860,910],"floor_reached":51,"language":"ZHS","playtime":1427,"items_purged":["champ:Strike","champ:Strike","champ:Defend","champ:Strike"],"score":1044,"play_id":"5f30e411-3914-4b9c-94be-be64342746bc","local_time":"20210129004701","is_ascension_mode":true,"campfire_choices":[{"data":"Adrenaline","floor":1.0,"key":"SMITH"},{"data":"champ:Taunt","floor":9.0,"key":"SMITH"},{"data":"champ:BerserkerStyle","floor":11.0,"key":"SMITH"},{"data":"champ:GladiatorForm","floor":18,"key":"SMITH"},{"data":"champ:FanOfKnives","floor":25,"key":"SMITH"},{"data":"champ:BerserkersShout","floor":28,"key":"SMITH"},{"data":"EasyMod:card_1","floor":30,"key":"SMITH"},{"data":"champ:TripleStrike","floor":35,"key":"SMITH"},{"data":"champ:HeavySlash","floor":43,"key":"SMITH"},{"data":"EasyMod:card_1","floor":46,"key":"SMITH"}],"circlet_count":0,"master_deck":["EasyMod:card_1","champ:Strike","champ:Defend","champ:Defend","champ:Execute","champ:Taunt+1","Adrenaline+1","champ:EnragedBash","champ:BerserkerStyle+1","champ:Haymaker","champ:PreciseThrust","champ:RecklessLeap","champ:BerserkersShout+1","champ:GladiatorForm+1","champ:FocusedBerserking","champ:FanOfKnives+1","champ:Encircle","expansioncontent:QuickStudy+1","champ:FanOfKnives+1","champ:CalledShot+1","Necronomicurse","champ:TripleStrike+1","champ:RapidStrikes+1","champ:RageSigil","champ:HeavySlash+1","champ:Encircle","champ:EnchantSword","champ:BerserkersShout+1","champ:DeathBlow","champ:TripleStrike"],"relics":["champ:ChampionCrown","testmod-TestBox","REME_ComplimentaryCards","testmod-BatchProcessingSystem","Bag of Marbles","The Courier","Pen Nib","conspire:Boomerang","testmod-HarvestTotem","Replay:Bandana","EasyMod:Easy_9","Necronomicon","Pocketwatch","Coffee Dripper","Frozen Egg 2","Blue Doll","champ:FightingForDummies","downfall:HeartBlessingGreen","conspire:Flyswatter"],"acts_visited":["Exordium","TheCity","TheBeyond"],"potions_floor_usage":[16],"damage_taken":[{"damage":10.0,"enemies":"Small Slimes","floor":2.0,"turns":2.0},{"damage":5.0,"enemies":"2 Louse","floor":3.0,"turns":2.0},{"damage":17.0,"enemies":"downfall:FleeingMerchant","floor":5.0,"turns":4.0},{"damage":52.0,"enemies":"3 Sentries","floor":8.0,"turns":11.0},{"damage":9.0,"enemies":"Jaw Worm","floor":10.0,"turns":2.0},{"damage":39.0,"enemies":"Lagavulin","floor":12.0,"turns":5.0},{"damage":29.0,"enemies":"Lots of Slimes","floor":13.0,"turns":3.0},{"damage":12,"enemies":"Exordium Wildlife","floor":15,"turns":3},{"damage":68,"enemies":"IC_STATUS_ARCHETYPE","floor":16,"turns":5},{"damage":0,"enemies":"Chosen","floor":19,"turns":1},{"damage":101,"enemies":"Centurion and Healer","floor":20,"turns":6},{"damage":81,"enemies":"downfall:FleeingMerchant","floor":21,"turns":4},{"damage":42,"enemies":"Cultist and Chosen","floor":22,"turns":5},{"damage":93,"enemies":"Book of Stabbing","floor":23,"turns":5},{"damage":57,"enemies":"downfall:FleeingMerchant","floor":26,"turns":4},{"damage":56,"enemies":"Gremlin Leader","floor":29,"turns":5},{"damage":5,"enemies":"3 Cultists","floor":31,"turns":2},{"damage":17,"enemies":"Sentry and Sphere","floor":32,"turns":1},{"damage":108,"enemies":"WA_ARCHETYPE_CALM","floor":33,"turns":7},{"damage":32,"enemies":"3 Darklings","floor":36,"turns":3},{"damage":10,"enemies":"downfall:FleeingMerchant","floor":37,"turns":1},{"damage":36,"enemies":"3 Shapes","floor":38,"turns":1},{"damage":10,"enemies":"Spire Growth","floor":40,"turns":1},{"damage":33,"enemies":"Reptomancer","floor":42,"turns":2},{"damage":48,"enemies":"R_Hoarder","floor":44,"turns":4},{"damage":46,"enemies":"Transient","floor":45,"turns":3},{"damage":31,"enemies":"Sphere and 2 Shapes","floor":47,"turns":3},{"damage":82,"enemies":"Nemesis","floor":48,"turns":3},{"damage":43,"enemies":"4 Shapes","floor":49,"turns":2},{"damage":38,"enemies":"DF_ARCHETYPE_ORBS","floor":50,"turns":2}],"seed_played":"-5531461749231531544","potions_obtained":[{"floor":2.0,"key":"PowerPotion"},{"floor":10.0,"key":"Guardian:BlockOnCardUsePotion"},{"floor":12.0,"key":"FearPotion"},{"floor":16,"key":"CultistPotion"},{"floor":32,"key":"PowerPotion"}],"is_trial":false,"path_per_floor":["R","M","M","?","$","?","T","E","R","M","R","E","M","?","M","B",null,"R","M","M","$","M","E","T","R","$","?","R","E","R","M","M","B",null,"R","M","$","M","$","M","T","E","R","E","M","R","M","E","M","B",null],"character_chosen":"THE_CHAMP","items_purchased":["expansioncontent:QuickStudy+1"],"campfire_rested":0,"item_purchase_floors":[21],"current_hp_per_floor":[90,90,90,90,90,90,90,79,79,83,83,67,58,58,58,26,180,180,180,180,180,176,161,161,161,167,151,151,180,180,180,180,180,180,180,180,180,180,180,180,180,180,180,180,180,180,159,175,146,180],"gold":910,"neow_bonus":"RANDOM_COMMON_RELIC","is_daily":false,"chose_seed":false,"campfire_upgraded":10,"win_rate":0.0,"timestamp":1611852421,"path_taken":["R","M","M","?","$","?","T","E","R","M","R","E","M","?","M","BOSS","R","M","M","$","M","E","T","R","$","?","R","E","R","M","M","BOSS","R","M","$","M","$","M","T","E","R","E","M","R","M","E","M","BOSS"],"items_purchased_type":["Card"],"build_version":"2020-12-22","purchased_purges":4,"victory":true,"max_hp_per_floor":[90,90,90,90,90,90,90,90,90,90,90,90,90,90,90,90,180,180,180,180,180,180,180,180,180,180,180,180,180,180,180,180,180,180,180,180,180,180,180,180,180,180,180,180,180,180,180,180,180,180],"relic_stats":{"counters":[30,102],"Pen Nib":[24],"Necronomicon":[12],"obtain_stats":[{"testmod-TestBox":0,"testmod-BatchProcessingSystem":0,"champ:ChampionCrown":0,"Blue Doll":42,"downfall:HeartBlessingGreen":46,"The Courier":7,"Pen Nib":8,"conspire:Boomerang":12,"testmod-HarvestTotem":17,"Frozen Egg 2":41,"Replay:Bandana":23,"downfall:BrokenWingStatue":14,"EasyMod:Easy_9":24,"Bag of Marbles":0,"Necronomicon":27,"Coffee Dripper":34,"champ:FightingForDummies":44,"REME_ComplimentaryCards":0,"Pocketwatch":29,"conspire:Flyswatter":48},{"testmod-TestBox":0,"testmod-BatchProcessingSystem":0,"champ:ChampionCrown":0,"Blue Doll":24,"downfall:HeartBlessingGreen":26,"The Courier":3,"Pen Nib":4,"conspire:Boomerang":6,"testmod-HarvestTotem":9,"Frozen Egg 2":23,"Replay:Bandana":14,"downfall:BrokenWingStatue":7,"EasyMod:Easy_9":14,"Bag of Marbles":0,"Necronomicon":15,"Coffee Dripper":19,"champ:FightingForDummies":25,"REME_ComplimentaryCards":0,"Pocketwatch":16,"conspire:Flyswatter":28},{"testmod-TestBox":0,"testmod-BatchProcessingSystem":0,"champ:ChampionCrown":0,"Blue Doll":85,"downfall:HeartBlessingGreen":92,"The Courier":8,"Pen Nib":19,"conspire:Boomerang":26,"testmod-HarvestTotem":37,"Frozen Egg 2":83,"Replay:Bandana":58,"downfall:BrokenWingStatue":29,"EasyMod:Easy_9":58,"Bag of Marbles":0,"Necronomicon":62,"Coffee Dripper":77,"champ:FightingForDummies":89,"REME_ComplimentaryCards":0,"Pocketwatch":67,"conspire:Flyswatter":98}],"Pocketwatch":[3]},"card_choices":[{"not_picked":["champ:RecklessLeap","champ:EnGarde"],"picked":"champ:EnragedBash","floor":2.0},{"not_picked":["champ:PreciseThrust","champ:StanceDance"],"picked":"champ:BerserkerStyle","floor":3.0},{"not_picked":["champ:DefensiveStyle","champ:BerserkersShout"],"picked":"champ:Haymaker","floor":5.0},{"not_picked":["champ:HeartStrike","champ:BringItOn"],"picked":"champ:PreciseThrust","floor":8.0},{"not_picked":["champ:EnGarde","champ:ShieldSigil","champ:BringItOn"],"picked":"SKIP","floor":10.0},{"not_picked":["champ:DefensiveShout","champ:BringItOn"],"picked":"champ:RecklessLeap","floor":12.0},{"not_picked":["champ:IronFortress","champ:FancyFootwork","champ:CrownThrow"],"picked":"SKIP","floor":13.0},{"not_picked":["champ:EnchantShield","champ:Haymaker"],"picked":"champ:BerserkersShout","floor":15},{"not_picked":["champ:EnchantCrown","champ:UltimateStance"],"picked":"champ:GladiatorForm","floor":16},{"not_picked":["champ:RisingSlash+1","champ:EnGarde+1"],"picked":"champ:FocusedBerserking","floor":19},{"not_picked":["champ:PreciseThrust","champ:AdrenalArmor"],"picked":"champ:FanOfKnives","floor":20},{"not_picked":["champ:Duel+1","champ:CrookedStrike"],"picked":"champ:Encircle","floor":21},{"not_picked":["champ:DefensiveShout","champ:FaceSlap"],"picked":"champ:FanOfKnives+1","floor":22},{"not_picked":["champ:ShieldWall","champ:DefensiveShout+1"],"picked":"champ:CalledShot+1","floor":23},{"not_picked":["champ:Backstep","champ:FocusedDefense","champ:ArenaPreparation+1"],"picked":"SKIP","floor":26},{"not_picked":["champ:Encircle","champ:FlashCut","champ:DefensiveShout"],"picked":"SKIP","floor":29},{"not_picked":["champ:AdrenalArmor","champ:Shatter","champ:Backstep"],"picked":"SKIP","floor":31},{"not_picked":["champ:FocusedDefense","champ:Devastate","champ:BladeFlurry"],"picked":"SKIP","floor":32},{"not_picked":["champ:UltimateStance","champ:GladiatorForm"],"picked":"champ:TripleStrike","floor":33},{"not_picked":["champ:EnragedBash","champ:GutPunch+1"],"picked":"champ:RapidStrikes+1","floor":36},{"not_picked":["champ:AdrenalArmor+1","champ:FlashCut"],"picked":"champ:RageSigil","floor":37},{"not_picked":["champ:ViciousMockery","champ:Backstep"],"picked":"champ:HeavySlash","floor":38},{"not_picked":["champ:BladeFlurry","champ:BerserkersShout"],"picked":"champ:Encircle","floor":40},{"not_picked":["champ:PerfectedStrike","champ:Circumvent"],"picked":"champ:EnchantSword","floor":42},{"not_picked":["champ:DefensiveShout","champ:SetATrap"],"picked":"champ:BerserkersShout+1","floor":44},{"not_picked":["champ:DefensiveShout","champ:Circumvent+1","champ:AdrenalArmor"],"picked":"SKIP","floor":45},{"not_picked":["champ:Shatter+1","champ:TornadoPunch"],"picked":"champ:DeathBlow","floor":47},{"not_picked":["champ:FocusedDefense+1","champ:ViciousMockery"],"picked":"champ:TripleStrike","floor":48},{"not_picked":["champ:GutPunch+1","champ:BerserkersShout","champ:PerfectedStrike"],"picked":"SKIP","floor":49}],"player_experience":240296,"relics_obtained":[{"floor":7.0,"key":"The Courier"},{"floor":8.0,"key":"Pen Nib"},{"floor":12.0,"key":"conspire:Boomerang"},{"floor":23,"key":"Replay:Bandana"},{"floor":24,"key":"EasyMod:Easy_9"},{"floor":27,"key":"Necronomicon"},{"floor":29,"key":"Pocketwatch"},{"floor":41,"key":"Frozen Egg 2"},{"floor":42,"key":"Blue Doll"},{"floor":44,"key":"champ:FightingForDummies"},{"floor":48,"key":"conspire:Flyswatter"}],"event_choices":[{"cards_removed":["champ:Defend"],"damage_healed":0.0,"max_hp_gain":0.0,"max_hp_loss":0.0,"gold_gain":0.0,"event_name":"The Cleric","player_choice":"Card Removal","floor":6.0,"gold_loss":0.0,"damage_taken":0.0}],"is_beta":false,"boss_relics":[{"not_picked":["energizedSpire:StickyHand","testmod-EnergyCheck"],"picked":"testmod-HarvestTotem"},{"not_picked":["testmod-SaigiyounoYou","champ:ChampionCrownUpgraded"],"picked":"Coffee Dripper"}],"items_purged_floors":[5,21,37,39],"is_endless":false,"potions_floor_spawned":[2,10,12,16,20,22,29,32,33,40,44,45,47],"ascension_level":2}}