{"host":"9709z2dy8v1s63sm","time":1611850130,"event":{"mods":["AchievementEnabler","BaseMod","Minty Spire (QoL Compilation)","StSLib","SuperFastMode"],"gold_per_floor":[112,126,144,144,214,243,243,293,293,321,321,371,296,315,315,389,389,399,116,128,178,228,256,216,277,329,403,403,437,437,89,89,167,167,183,233,283,199,249,282,156,156,156,156,190,254,266,294,294,294,294,294,71,99,99],"floor_reached":56,"language":"KOR","playtime":3264,"items_purged":["Defend_R","Strike_R","Strike_R","Bash","Defend_R","Defend_R+1"],"score":2343,"play_id":"31f5df57-145e-4980-aca5-1666ecd3f6f3","local_time":"20210129010850","is_ascension_mode":true,"campfire_choices":[{"data":"Shockwave","floor":7.0,"key":"SMITH"},{"data":"Pommel Strike","floor":11.0,"key":"SMITH"},{"data":"Disarm","floor":15.0,"key":"SMITH"},{"data":"Rampage","floor":28.0,"key":"SMITH"},{"data":"Body Slam","floor":30.0,"key":"SMITH"},{"data":"Berserk","floor":32.0,"key":"SMITH"},{"floor":42.0,"key":"RECALL"},{"data":"Disarm","floor":44.0,"key":"SMITH"},{"data":"Shrug It Off","floor":49.0,"key":"SMITH"},{"data":"Finesse","floor":52,"key":"SMITH"}],"circlet_count":0,"master_deck":["AscendersBane","Shrug It Off+1","Pommel Strike+1","Shockwave+1","Ghostly Armor+1","Impervious+1","Disarm+1","Offering","Body Slam+1","Rampage+1","Second Wind+1","Madness","Madness","Evolve","Finesse+1","Disarm+1","Power Through"],"relics":["Burning Blood","SsserpentHead","WingedGreaves","Meat on the Bone","Self Forming Clay","Blue Candle","Runic Pyramid","War Paint","Nilry\u0027s Codex","Gremlin Horn","Smiling Mask","Anchor","Potion Belt","Toolbox","Cursed Key","Lantern","Ornamental Fan","Prayer Wheel","Kunai"],"acts_visited":["Exordium","TheCity","TheBeyond","TheEnding"],"potions_floor_usage":[55],"damage_taken":[{"damage":7.0,"enemies":"Jaw Worm","floor":1.0,"turns":3.0},{"damage":3.0,"enemies":"Cultist","floor":2.0,"turns":4.0},{"damage":2.0,"enemies":"2 Louse","floor":3.0,"turns":4.0},{"damage":2.0,"enemies":"2 Fungi Beasts","floor":5.0,"turns":4.0},{"damage":36.0,"enemies":"Lagavulin","floor":6.0,"turns":8.0},{"damage":37.0,"enemies":"3 Sentries","floor":10.0,"turns":12.0},{"damage":7.0,"enemies":"Gremlin Gang","floor":14.0,"turns":5.0},{"damage":16.0,"enemies":"The Guardian","floor":16.0,"turns":16.0},{"damage":36.0,"enemies":"3 Byrds","floor":18.0,"turns":8.0},{"damage":7.0,"enemies":"Chosen","floor":20.0,"turns":6.0},{"damage":6.0,"enemies":"Book of Stabbing","floor":23.0,"turns":7.0},{"damage":6.0,"enemies":"Snake Plant","floor":25.0,"turns":4.0},{"damage":6.0,"enemies":"Slavers","floor":29.0,"turns":5.0},{"damage":13.0,"enemies":"Automaton","floor":33.0,"turns":6.0},{"damage":6.0,"enemies":"Orb Walker","floor":35.0,"turns":3.0},{"damage":3.0,"enemies":"Reptomancer","floor":40.0,"turns":6.0},{"damage":6.0,"enemies":"Giant Head","floor":45.0,"turns":3.0},{"damage":6.0,"enemies":"3 Darklings","floor":46.0,"turns":3.0},{"damage":6.0,"enemies":"Sphere and 2 Shapes","floor":47.0,"turns":3.0},{"damage":16.0,"enemies":"Nemesis","floor":48.0,"turns":5.0},{"damage":6,"enemies":"Awakened One","floor":50,"turns":8},{"damage":6,"enemies":"Shield and Spear","floor":54,"turns":3},{"damage":0,"enemies":"The Heart","floor":55,"turns":7}],"seed_played":"-2691384918680696129","potions_obtained":[{"floor":3.0,"key":"SteroidPotion"},{"floor":6.0,"key":"BloodPotion"},{"floor":10.0,"key":"ElixirPotion"},{"floor":16.0,"key":"SkillPotion"},{"floor":18.0,"key":"BloodPotion"},{"floor":20.0,"key":"Fire Potion"},{"floor":29.0,"key":"DuplicationPotion"},{"floor":35.0,"key":"SpeedPotion"},{"floor":40.0,"key":"Regen Potion"},{"floor":54,"key":"Dexterity Potion"}],"is_trial":false,"path_per_floor":["M","M","M","?","M","E","R","?","T","E","R","?","$","M","R","B",null,"M","$","M","?","?","E","?","M","T","T","R","E","R","$","R","B",null,"M","?","?","$","?","E","$","R","T","R","E","M","M","E","R","B",null,"R","$","E","B",null],"character_chosen":"IRONCLAD","items_purchased":["Rampage","War Paint","Potion Belt","Toolbox","Evolve","Disarm","Swift Potion","GamblersBrew","Block Potion"],"campfire_rested":0,"item_purchase_floors":[19,19,31,31,38,41,53,53,53],"current_hp_per_floor":[67,68,68,68,68,38,38,31,31,25,25,22,22,33,33,35,60,42,42,54,42,26,38,38,50,50,50,50,50,50,50,50,43,66,66,57,57,57,47,50,50,50,50,50,50,50,50,52,52,52,68,68,68,68,73],"gold":99,"neow_bonus":"REMOVE_TWO","is_daily":false,"chose_seed":false,"campfire_upgraded":9,"win_rate":0.0,"timestamp":1611850130,"path_taken":["M","M","M","?","?","E","R","?","T","E","R","?","$","M","R","BOSS","M","$","M","?","?","E","?","?","T","?","R","E","R","$","R","BOSS","M","?","?","$","?","E","$","R","T","R","E","?","M","E","R","BOSS","R","$","E","BOSS"],"items_purchased_type":["Card","Relic","Relic","Relic","Card","Card","Potion","Potion","Potion"],"build_version":"2020-12-22","purchased_purges":6,"victory":true,"max_hp_per_floor":[68,68,68,68,68,68,68,68,68,68,68,68,68,68,68,68,68,68,68,68,73,73,73,73,73,73,73,73,73,73,73,73,73,73,73,73,73,73,73,73,73,73,73,73,73,73,73,73,73,73,73,73,73,73,73],"card_choices":[{"not_picked":["Thunderclap","Perfected Strike"],"picked":"Shrug It Off","floor":1.0},{"not_picked":["Dual Wield","Twin Strike"],"picked":"Pommel Strike","floor":2.0},{"not_picked":["Havoc","Iron Wave"],"picked":"Shockwave","floor":3.0},{"not_picked":["Cleave","Armaments"],"picked":"Ghostly Armor","floor":5.0},{"not_picked":["Second Wind","Bloodletting"],"picked":"Impervious","floor":6.0},{"not_picked":["Thunderclap","Sword Boomerang","Flex"],"picked":"SKIP","floor":10.0},{"not_picked":["Twin Strike","Wild Strike"],"picked":"Disarm","floor":14.0},{"not_picked":["Limit Break","Corruption"],"picked":"Offering","floor":16.0},{"not_picked":["Armaments","Power Through"],"picked":"Body Slam","floor":18.0},{"not_picked":["Armaments","Combust","Body Slam"],"picked":"SKIP","floor":20.0},{"not_picked":["Perfected Strike","Twin Strike"],"picked":"Second Wind+1","floor":23.0},{"not_picked":["Thunderclap","Perfected Strike"],"picked":"Berserk","floor":25.0},{"not_picked":["Second Wind","Armaments","Corruption"],"picked":"SKIP","floor":29.0},{"not_picked":["Cleave","True Grit","Dropkick"],"picked":"SKIP","floor":35.0},{"not_picked":["Panacea","Bandage Up"],"picked":"Finesse","floor":39.0},{"not_picked":["Combust","Cleave","Headbutt"],"picked":"SKIP","floor":40.0},{"not_picked":["Combust","Cleave","Headbutt"],"picked":"SKIP","floor":40.0},{"not_picked":["Whirlwind","Flex","Shockwave"],"picked":"SKIP","floor":45.0},{"not_picked":["Whirlwind","Flex","Shockwave"],"picked":"SKIP","floor":45.0},{"not_picked":["Reckless Charge","Twin Strike+1","Wild Strike+1"],"picked":"SKIP","floor":46.0},{"not_picked":["Sword Boomerang","Ghostly Armor+1"],"picked":"Power Through","floor":47.0},{"not_picked":["Sword Boomerang+1","Thunderclap","Perfected Strike"],"picked":"SKIP","floor":48.0},{"not_picked":["Seeing Red","Body Slam","Anger"],"picked":"SKIP","floor":54}],"player_experience":107750,"relics_obtained":[{"floor":6.0,"key":"WingedGreaves"},{"floor":9.0,"key":"Meat on the Bone"},{"floor":10.0,"key":"Self Forming Clay"},{"floor":22.0,"key":"Nilry\u0027s Codex"},{"floor":23.0,"key":"Gremlin Horn"},{"floor":27.0,"key":"Smiling Mask"},{"floor":29.0,"key":"Anchor"},{"floor":40.0,"key":"Lantern"},{"floor":45.0,"key":"Ornamental Fan"},{"floor":48.0,"key":"Prayer Wheel"},{"floor":54,"key":"Kunai"}],"event_choices":[{"damage_healed":0.0,"max_hp_gain":0.0,"max_hp_loss":0.0,"gold_gain":0.0,"event_name":"FaceTrader","player_choice":"Trade","floor":4.0,"gold_loss":0.0,"damage_taken":0.0,"relics_obtained":["SsserpentHead"]},{"cards_removed":["Strike_R"],"damage_healed":0.0,"max_hp_gain":0.0,"max_hp_loss":0.0,"gold_gain":0.0,"event_name":"Golden Wing","player_choice":"Card Removal","floor":8.0,"gold_loss":0.0,"damage_taken":7.0},{"damage_healed":0.0,"max_hp_gain":0.0,"max_hp_loss":0.0,"gold_gain":0.0,"event_name":"Scrap Ooze","player_choice":"Success","floor":12.0,"gold_loss":0.0,"damage_taken":3.0,"relics_obtained":["Blue Candle"]},{"damage_healed":0.0,"max_hp_gain":5.0,"max_hp_loss":0.0,"gold_gain":0.0,"event_name":"Forgotten Altar","player_choice":"Shed Blood","floor":21.0,"gold_loss":0.0,"damage_taken":17.0},{"damage_healed":0.0,"max_hp_gain":0.0,"max_hp_loss":0.0,"gold_gain":0.0,"event_name":"Cursed Tome","player_choice":"Obtained Book","floor":22.0,"gold_loss":0.0,"damage_taken":16.0},{"cards_removed":["Strike_R"],"damage_healed":0.0,"max_hp_gain":0.0,"max_hp_loss":0.0,"gold_gain":0.0,"event_name":"Designer","player_choice":"Upgrade and Remove","floor":24.0,"gold_loss":90.0,"damage_taken":0.0,"cards_upgraded":["Impervious"]},{"damage_healed":0.0,"max_hp_gain":0.0,"max_hp_loss":0.0,"gold_gain":0.0,"event_name":"Winding Halls","player_choice":"Embrace Madness","floor":36.0,"gold_loss":0.0,"damage_taken":9.0,"cards_obtained":["Madness","Madness"]},{"cards_removed":["Berserk"],"damage_healed":0.0,"max_hp_gain":0.0,"max_hp_loss":0.0,"gold_gain":0.0,"event_name":"Falling","player_choice":"Removed Power","floor":37.0,"gold_loss":0.0,"damage_taken":0.0},{"damage_healed":0.0,"max_hp_gain":0.0,"max_hp_loss":0.0,"gold_gain":0.0,"event_name":"SensoryStone","player_choice":"Memory 3","floor":39.0,"gold_loss":0.0,"damage_taken":10.0}],"is_beta":false,"boss_relics":[{"not_picked":["Runic Dome","Mark of Pain"],"picked":"Runic Pyramid"},{"not_picked":["Pandora\u0027s Box","Velvet Choker"],"picked":"Cursed Key"}],"items_purged_floors":[13,19,31,38,41,53],"is_endless":false,"potions_floor_spawned":[3,6,10,16,18,20,29,35,40,54],"ascension_level":14}}