{"host":"7jl348xfsxr8glry","time":1611805361,"event":{"mods":["AchievementEnabler","BaseMod","Colored Map","Minty Spire (QoL Compilation)","Random Character Button","Unceasing Turn Reminder"],"gold_per_floor":[114,114,127,127,145,145,170,170,170,170,202,202,220,236,236,339,339,358,370,388,388,388],"floor_reached":21,"language":"ENG","playtime":948,"items_purged":[],"score":210,"play_id":"45942aa5-178b-4dea-91ba-ce48a69984f9","local_time":"20210128144241","is_ascension_mode":true,"campfire_choices":[{"floor":6,"key":"REST"},{"floor":10,"key":"REST"},{"floor":12,"key":"REST"},{"data":"Zap","floor":15,"key":"SMITH"}],"circlet_count":0,"master_deck":["Strike_B","Strike_B","Strike_B","Strike_B+1","Defend_B","Defend_B","Defend_B+1","Defend_B","Zap+1","Dualcast","Compile Driver","Regret","Streamline","Ball Lightning","Lockon","Decay","FTL","Sweeping Beam","Leap","Thunder Strike","Storm","Go for the Eyes+1","Loop"],"relics":["Cracked Core","NeowsBlessing","Orichalcum","Tiny Chest","HornCleat","Anchor","SacredBark"],"acts_visited":["Exordium","TheCity"],"potions_floor_usage":[16],"damage_taken":[{"damage":0,"enemies":"2 Louse","floor":1,"turns":1},{"damage":0,"enemies":"Small Slimes","floor":3,"turns":1},{"damage":0,"enemies":"Cultist","floor":5,"turns":1},{"damage":25,"enemies":"Lagavulin","floor":7,"turns":4},{"damage":15,"enemies":"3 Sentries","floor":11,"turns":8},{"damage":3,"enemies":"Lots of Slimes","floor":13,"turns":3},{"damage":0,"enemies":"3 Louse","floor":14,"turns":2},{"damage":24,"enemies":"Hexaghost","floor":16,"turns":9},{"damage":16,"enemies":"Spheric Guardian","floor":18,"turns":4},{"damage":26,"enemies":"Shell Parasite","floor":19,"turns":6},{"damage":26,"enemies":"Snake Plant","floor":20,"turns":5},{"damage":26,"enemies":"Cultist and Chosen","floor":21,"turns":4}],"seed_played":"-5355644080475549216","potions_obtained":[{"floor":3,"key":"FearPotion"},{"floor":7,"key":"Swift Potion"},{"floor":11,"key":"Regen Potion"},{"floor":14,"key":"Block Potion"},{"floor":16,"key":"SteroidPotion"},{"floor":18,"key":"SkillPotion"}],"is_trial":false,"path_per_floor":["M","?","M","?","M","R","E","?","T","R","E","R","M","M","R","B",null,"M","M","M","M"],"character_chosen":"DEFECT","items_purchased":[],"campfire_rested":3,"item_purchase_floors":[],"current_hp_per_floor":[75,75,75,60,60,75,50,50,50,72,57,75,72,72,72,48,75,59,33,7,0,0],"gold":388,"neow_bonus":"THREE_ENEMY_KILL","is_daily":false,"chose_seed":false,"campfire_upgraded":1,"win_rate":0.0,"timestamp":1611805361,"path_taken":["M","?","M","?","M","R","E","?","T","R","E","R","M","?","R","BOSS","M","?","M","M"],"items_purchased_type":[],"build_version":"2020-12-22","purchased_purges":0,"victory":false,"max_hp_per_floor":[75,75,75,75,75,75,75,75,75,75,75,75,75,75,75,75,75,75,75,75,75,75],"card_choices":[{"not_picked":["Rebound","Beam Cell"],"picked":"Compile Driver","floor":1},{"not_picked":["Steam","Darkness"],"picked":"Streamline","floor":3},{"not_picked":["Coolheaded","Hello World"],"picked":"Ball Lightning","floor":5},{"not_picked":["Capacitor","Seek"],"picked":"Lockon","floor":7},{"not_picked":["Redo","Cold Snap"],"picked":"FTL","floor":11},{"not_picked":["Steam","Auto Shields"],"picked":"Sweeping Beam","floor":13},{"not_picked":["Hologram","Cold Snap"],"picked":"Leap","floor":14},{"not_picked":["Amplify","Hyperbeam"],"picked":"Thunder Strike","floor":16},{"not_picked":["Consume","Barrage"],"picked":"Storm","floor":18},{"not_picked":["Steam+1","Coolheaded"],"picked":"Go for the Eyes+1","floor":19},{"not_picked":["Cold Snap","Rebound"],"picked":"Loop","floor":20}],"player_experience":145503,"relics_obtained":[{"floor":7,"key":"Tiny Chest"},{"floor":9,"key":"HornCleat"},{"floor":11,"key":"Anchor"}],"event_choices":[{"damage_healed":0,"gold_gain":0,"player_choice":"Box","damage_taken":0,"relics_obtained":["Orichalcum"],"max_hp_gain":0,"max_hp_loss":0,"event_name":"Big Fish","floor":2,"gold_loss":0,"cards_obtained":["Regret"]},{"damage_healed":0,"gold_gain":0,"player_choice":"Entered Light","damage_taken":15,"max_hp_gain":0,"max_hp_loss":0,"event_name":"Shining Light","floor":4,"gold_loss":0,"cards_upgraded":["Strike_B","Defend_B"]},{"damage_healed":0,"gold_gain":0,"player_choice":"Cursed","damage_taken":0,"max_hp_gain":0,"max_hp_loss":0,"event_name":"Wheel of Change","floor":8,"gold_loss":0,"cards_obtained":["Decay"]}],"is_beta":false,"boss_relics":[{"not_picked":["Coffee Dripper","Busted Crown"],"picked":"SacredBark"}],"items_purged_floors":[],"is_endless":false,"potions_floor_spawned":[3,7,11,14,16,18,20],"killed_by":"Cultist and Chosen","ascension_level":2}}