{"host":"kdt6w7ix8lwe69i9","time":1611808291,"event":{"mods":["100% Spire Juice","BaseMod","ChefMod","Evolution","Minty Spire (QoL Compilation)","Reimu（博丽灵梦）","Robot Space Explorer","Shade Mod","StSLib","The Gatherer","TheSurvivalist"],"gold_per_floor":[115,115,127,139,151,178,190,202,238,277,289,7,82,80,80,158,158,147,143,120,120],"floor_reached":20,"language":"ENG","playtime":1626,"items_purged":[],"score":170,"play_id":"45a2083f-4256-487b-a335-ecef3e9c2977","local_time":"20210127233131","is_ascension_mode":false,"campfire_choices":[{"floor":7,"key":"REST"},{"floor":15,"key":"REST"}],"circlet_count":0,"master_deck":["survmod:PinningSnipe","survmod:PinningSnipe","survmod:PinningSnipe","survmod:Defend","survmod:Defend","survmod:VersatileOffense","survmod:Sprint+1","survmod:AcidTrap+1","survmod:UnleashTheTraps+1","survmod:NockAnArrow+1","survmod:FlashbangTrap","survmod:TwinShot","survmod:ComplexMutation","Poor:ReiMu","survmod:GoForFace","survmod:QuickThinking","survmod:EscapeMechanism","survmod:FlareQuiver","survmod:SimpleMutation"],"relics":["EVO:Axolotl","Astrolabe","MawBank","Bronze Scales","Ornamental Fan","YidongShenshe:ReiMu","Mummified Hand","Cursed Key"],"acts_visited":["Exordium","TheCity"],"potions_floor_usage":[],"damage_taken":[{"damage":1,"enemies":"Cultist","floor":1,"turns":4},{"damage":4,"enemies":"Small Slimes","floor":6,"turns":3},{"damage":2,"enemies":"Lagavulin","floor":10,"turns":6},{"damage":0,"enemies":"Jaw Worm","floor":14,"turns":4},{"damage":26,"enemies":"Slime Boss","floor":16,"turns":11},{"damage":19,"enemies":"Spheric Guardian","floor":18,"turns":5},{"damage":0,"enemies":"Shell Parasite","floor":19,"turns":3},{"damage":56,"enemies":"Masked Bandits","floor":20,"turns":5}],"seed_played":"-391248507995486530","potions_obtained":[{"floor":16,"key":"FairyPotion"},{"floor":19,"key":"SteroidPotion"}],"is_trial":false,"path_per_floor":["M","?","$","?","?","M","R","$","T","E","?","$","?","M","R","B",null,"M","M","?"],"character_chosen":"THE_SURVIVOR","items_purchased":["Mummified Hand","survmod:GoForFace"],"campfire_rested":2,"item_purchase_floors":[12,12],"current_hp_per_floor":[49,24,24,24,24,20,35,35,35,33,33,33,22,22,37,11,50,31,31,0,0],"gold":120,"neow_bonus":"BOSS_RELIC","is_daily":false,"chose_seed":false,"campfire_upgraded":0,"win_rate":0.0,"timestamp":1611808291,"path_taken":["M","?","$","?","?","?","R","?","T","E","?","$","?","M","R","BOSS","M","M","?"],"items_purchased_type":["Relic","Card"],"build_version":"2020-12-22","purchased_purges":0,"victory":false,"max_hp_per_floor":[50,50,50,50,50,50,50,50,50,50,50,50,50,50,50,50,50,50,50,50,50],"card_choices":[{"not_picked":["survmod:MarkedShot","survmod:UnfortunateEscape"],"picked":"survmod:FlashbangTrap","floor":1},{"not_picked":["survmod:FlashbangTrap","survmod:KnowThyEnemy"],"picked":"survmod:TwinShot","floor":6},{"not_picked":["survmod:MarkTrap","survmod:PinningSnipe"],"picked":"survmod:ComplexMutation","floor":10},{"not_picked":["survmod:MarkedFromAfar","survmod:FocusedFire"],"picked":"survmod:QuickThinking","floor":14},{"not_picked":["survmod:NeedleShot","survmod:ConcussiveShot"],"picked":"survmod:EscapeMechanism","floor":16},{"not_picked":["survmod:HiddenTactic","survmod:PenetratingShot"],"picked":"survmod:FlareQuiver","floor":18},{"not_picked":["survmod:FlashbangTrap","survmod:SwiftKick"],"picked":"survmod:SimpleMutation","floor":19}],"player_experience":1094744,"relics_obtained":[{"floor":9,"key":"Bronze Scales"},{"floor":10,"key":"Ornamental Fan"}],"event_choices":[{"damage_healed":0,"gold_gain":0,"player_choice":"Success","damage_taken":25,"relics_obtained":["MawBank"],"max_hp_gain":0,"max_hp_loss":0,"event_name":"Scrap Ooze","floor":2,"gold_loss":0},{"damage_healed":0,"gold_gain":0,"player_choice":"Grow","damage_taken":0,"max_hp_gain":0,"max_hp_loss":0,"event_name":"Living Wall","floor":4,"gold_loss":0,"cards_upgraded":["survmod:Sprint"]},{"damage_healed":0,"gold_gain":0,"player_choice":"Ignored","damage_taken":0,"max_hp_gain":0,"max_hp_loss":0,"event_name":"NoteForYourself","floor":5,"gold_loss":0},{"damage_healed":0,"gold_gain":0,"player_choice":"Take Tiny Shrine away","damage_taken":0,"relics_obtained":["YidongShenshe:ReiMu"],"max_hp_gain":0,"max_hp_loss":0,"event_name":"yidonshenshe","floor":11,"gold_loss":0,"cards_obtained":["Poor:ReiMu"]},{"damage_healed":0,"gold_gain":75,"player_choice":"Gather Gold","damage_taken":11,"max_hp_gain":0,"max_hp_loss":0,"event_name":"World of Goop","floor":13,"gold_loss":0},{"damage_healed":0,"gold_gain":0,"player_choice":"Fought Bandits","damage_taken":0,"max_hp_gain":0,"max_hp_loss":0,"event_name":"Masked Bandits","floor":20,"gold_loss":0}],"is_beta":false,"boss_relics":[{"not_picked":["Ectoplasm","Runic Dome"],"picked":"Cursed Key"}],"items_purged_floors":[],"is_endless":false,"potions_floor_spawned":[16,19],"killed_by":"Masked Bandits","ascension_level":0}}