{"host":"xervbyl8oukkrn1w","time":1611868479,"event":{"mods":["BaseMod","Beaked The Cultist","Downfall","Gremlin Mod","Hermit","Hubris","Infinite Spire","Jorbs\u0027s Wanderer Trilogy","Mad Scientist","Minty Spire (QoL Compilation)","Quick Restart","READ ME - Guardian Mod","Reliquary","Replay The Spire","Shade Mod","StSLib","The Blackbeard","The Cursed","The Elementalist","The Hierophant","The Jungle","The Necromancer","The Runesmith","The Servant 0.9.4"],"gold_per_floor":[109,126,401,94,94,94,108,140,140,140,40,57,72,104,104,205,205,217,235,235],"floor_reached":19,"language":"ENG","playtime":1819,"items_purged":["Regret","Regret"],"score":179,"play_id":"23e36704-4d6c-475b-8a83-ac3844e7738c","local_time":"20210128211439","is_ascension_mode":false,"campfire_choices":[{"data":"Chrysalis","floor":6,"key":"SMITH"},{"floor":15,"key":"REST"}],"circlet_count":0,"master_deck":["Gremlin:Strike","Gremlin:Strike","Gremlin:Strike","Gremlin:Strike","Gremlin:Defend","Gremlin:Defend","Gremlin:Defend","Gremlin:Defend","Gremlin:TagTeam","Gremlin:GremlinDance","Gremlin:CounterStrike","Gremlin:Glimmer","Gremlin:Presto","Chrysalis+1","Gremlin:Stupend","Gremlin:Changeo","infinitespire:Collect","Gremlin:Patsy","Gremlin:BulkUp","Gremlin:CounterStrike","Gremlin:FlipOut","AbeCurse","Gremlin:BubbleBarrier+1","Gremlin:Rhythm"],"relics":["Gremlin:GremlinKnob","NeowsBlessing","Vajra","infinitespire:Satchel","reliquary:BallBearing","Art of War","Abe\u0027s Treasure"],"acts_visited":["Exordium","TheCity"],"potions_floor_usage":[14,16],"damage_taken":[{"damage":0,"enemies":"Jaw Worm","floor":1,"turns":1},{"damage":0,"enemies":"Cultist","floor":2,"turns":1},{"damage":0,"enemies":"2 Louse","floor":7,"turns":1},{"damage":20,"enemies":"Replay:BlueRogue","floor":8,"turns":7},{"damage":0,"enemies":"Large Slime","floor":12,"turns":6},{"damage":0,"enemies":"2 Fungi Beasts","floor":13,"turns":3},{"damage":4,"enemies":"3 Sentries","floor":14,"turns":7},{"damage":11,"enemies":"Slime Boss","floor":16,"turns":11},{"damage":0,"enemies":"Chosen","floor":18,"turns":4},{"damage":0,"enemies":"3 Byrds","floor":19,"turns":3}],"seed_played":"8739415115985452392","potions_obtained":[{"floor":12,"key":"Ancient Potion"},{"floor":14,"key":"PowerPotion"},{"floor":16,"key":"Elixir"},{"floor":19,"key":"Flashbang"}],"is_trial":false,"path_per_floor":["M","M","?","$","?","R","M","E","T","?","$","M","M","E","R","B",null,"M","M"],"character_chosen":"GREMLIN","items_purchased":["Gremlin:Presto","Chrysalis"],"campfire_rested":1,"item_purchase_floors":[4,4],"current_hp_per_floor":[20,20,20,20,20,20,20,11,11,6,6,20,9,6,12,20,20,20,20,20],"gold":235,"neow_bonus":"THREE_ENEMY_KILL","is_daily":false,"chose_seed":false,"campfire_upgraded":1,"win_rate":0.0,"timestamp":1611868479,"path_taken":["M","M","?","?","?","R","M","E","T","?","?","M","M","E","R","BOSS","M","M"],"items_purchased_type":["Card","Card"],"build_version":"2020-12-22","purchased_purges":2,"victory":false,"max_hp_per_floor":[20,20,20,20,20,20,20,20,20,20,20,20,20,20,20,20,20,20,20,20],"card_choices":[{"not_picked":["Gremlin:GlitterGuard","Gremlin:TwistTheKnife"],"picked":"Gremlin:CounterStrike","floor":1},{"not_picked":["Gremlin:AggressiveDefense","Gremlin:Pretaliation"],"picked":"Gremlin:Glimmer","floor":2},{"not_picked":["Gremlin:SecondVolley","Gremlin:Pretaliation"],"picked":"Gremlin:Stupend","floor":7},{"not_picked":["Gremlin:Mockery","Gremlin:PourSalt"],"picked":"Gremlin:Changeo","floor":8},{"not_picked":["infinitespire:Punishment","infinitespire:Oblivion"],"picked":"infinitespire:Collect","floor":10},{"not_picked":["Gremlin:GremlinArms","Gremlin:CatScratch"],"picked":"Gremlin:Patsy","floor":12},{"not_picked":["Gremlin:TwistTheKnife","Gremlin:Jeer"],"picked":"Gremlin:BulkUp","floor":13},{"not_picked":["Gremlin:Polish","Gremlin:Tricksy"],"picked":"Gremlin:CounterStrike","floor":14},{"not_picked":["Gremlin:Necromancy","Gremlin:Exacerbate"],"picked":"Gremlin:FlipOut","floor":16},{"not_picked":["Gremlin:PourSalt","Gremlin:PartyStick"],"picked":"Gremlin:BubbleBarrier+1","floor":18},{"not_picked":["Gremlin:Irritability+1","Gremlin:IrksomeBlow"],"picked":"Gremlin:Rhythm","floor":19}],"player_experience":125498,"relics_obtained":[{"floor":8,"key":"infinitespire:Satchel"},{"floor":9,"key":"reliquary:BallBearing"},{"floor":14,"key":"Art of War"}],"event_choices":[{"damage_healed":0,"gold_gain":275,"player_choice":"Desecrate","damage_taken":0,"max_hp_gain":0,"max_hp_loss":0,"event_name":"Golden Shrine","floor":3,"gold_loss":0,"cards_obtained":["Regret"]},{"damage_healed":0,"gold_gain":0,"player_choice":"Box","damage_taken":0,"relics_obtained":["Vajra"],"max_hp_gain":0,"max_hp_loss":0,"event_name":"Big Fish","floor":5,"gold_loss":0,"cards_obtained":["Regret"]}],"is_beta":false,"boss_relics":[{"not_picked":["Empty Cage","reliquary:WritOfMandamus"],"picked":"Abe\u0027s Treasure"}],"items_purged_floors":[4,11],"is_endless":false,"potions_floor_spawned":[12,14,16,19],"killed_by":"3 Byrds","ascension_level":0}}