{"host":"ut3qe46kys7sl3ey","time":1611804672,"event":{"mods":["2.2 Compatiblity","AchievementEnabler","Bard","BaseMod","Bestiary","Better Altar","Better Match","Better Note","Better Sensory Stone","Better Skull","Better Third Choice","BetterRewards","Block Reminder","Colored Map","Colored Powertips","Curses Come First","DeckTracker","Downfall","Energized Spire","Friendly Minions","Highlight Path","Hubris","Infinite Spire","Minty Spire (QoL Compilation)","Permanent Neow","Quick Restart","Random Character Button","Relic Sorter","Relic Stats","Reliquary","Replay The Spire","StSLib","The Blue Laboratory","The Bug Knight","The Construct","The Cursed","The Jungle","The Mystic","The Spell Scribe","Unceasing Turn Reminder","Unknown Chances","Wandering Minibosses"],"gold_per_floor":[99,114,114,125,110,125,152,168,168,181,201,226,226,261,280,384,384,384,395,395,395,395],"floor_reached":20,"language":"ENG","playtime":2224,"items_purged":[],"score":186,"play_id":"37b54648-2184-4e22-b17f-72c2ea129fe7","local_time":"20210128053112","is_ascension_mode":false,"campfire_choices":[{"floor":1,"key":"RECALL"},{"data":"Slimebound:Split","floor":9,"key":"SMITH"},{"floor":13,"key":"REST"},{"floor":18,"key":"DIG"}],"circlet_count":0,"master_deck":["Slimebound:Strike_Slimebound","Slimebound:Strike_Slimebound","Slimebound:Strike_Slimebound","Slimebound:Tackle","Slimebound:Defend_Slimebound","Slimebound:Defend_Slimebound","Slimebound:Defend_Slimebound","Slimebound:Defend_Slimebound","Slimebound:Split+1","Slimebound:CorrosiveSpit","Slimebound:OneTwoCombo","Slimebound:LeechEnergy","Slimebound:Repurpose","Slimebound:AcidTongue","Slimebound:GoopSpray","Slimebound:LeechingTouch","Slimebound:SelfFormingGoo","Slimebound:RainOfGoop","Slimebound:MegaLick","Slimebound:Dissolve","Slimebound:SlimeTap","Slimebound:OozeBath","Slimebound:Grow"],"relics":["Slimebound:AbsorbEndCombat","hubris:SlimyHat","Singing Bowl","Gambling Chip","reliquary:Ember","Blue Doll"],"acts_visited":["Exordium","TheCity"],"potions_floor_usage":[5,12],"damage_taken":[{"damage":5,"enemies":"Cultist","floor":2,"turns":5},{"damage":13,"enemies":"Jaw Worm","floor":4,"turns":4},{"damage":5,"enemies":"downfall:FleeingMerchant","floor":5,"turns":4},{"damage":0,"enemies":"2 Louse","floor":6,"turns":3},{"damage":16,"enemies":"Red Slaver","floor":8,"turns":7},{"damage":6,"enemies":"2 Fungi Beasts","floor":10,"turns":3},{"damage":30,"enemies":"Lots of Slimes","floor":11,"turns":5},{"damage":1,"enemies":"Gremlin Nob","floor":12,"turns":3},{"damage":10,"enemies":"Lagavulin","floor":14,"turns":6},{"damage":4,"enemies":"Exordium Thugs","floor":15,"turns":3},{"damage":52,"enemies":"WA_ARCHETYPE_RETAIN","floor":16,"turns":8},{"damage":34,"enemies":"Spheric Guardian","floor":19,"turns":5},{"damage":39,"enemies":"Shelled Parasite and Fungi","floor":20,"turns":2}],"seed_played":"-1493042057413203178","potions_obtained":[{"floor":2,"key":"Slimebound:SpawnSlimePotion"},{"floor":6,"key":"blueLaboratory:FrostheartPotion"},{"floor":10,"key":"infinitespire:BlackPotion"},{"floor":11,"key":"blueLaboratory:StoneskinPotion"},{"floor":16,"key":"sneckomod:MuddlingPotion"}],"is_trial":false,"path_per_floor":["R","M","T","M","$","M","T","M","R","M","M","E","R","E","M","B",null,"R_BF","M","M"],"character_chosen":"SLIMEBOUND","items_purchased":[],"campfire_rested":1,"item_purchase_floors":[],"current_hp_per_floor":[65,62,62,51,54,58,58,50,50,48,22,29,48,46,50,6,65,65,37,0,0,0],"gold":395,"neow_bonus":"ONE_RANDOM_RARE_CARD","is_daily":false,"chose_seed":false,"campfire_upgraded":1,"win_rate":0.0,"timestamp":1611804672,"path_taken":["R","M","?","M","$","M","T","M","R","?","M","E","R","E","M","BOSS","R_BF","M","M"],"items_purchased_type":[],"build_version":"2020-12-22","purchased_purges":0,"victory":false,"max_hp_per_floor":[65,65,65,65,65,65,65,65,65,65,65,65,65,65,65,65,65,65,65,65,65,65],"relic_stats":{"Singing Bowl":0,"counters":[13,58],"Gambling Chip":[7],"obtain_stats":[{"Singing Bowl":12,"Gambling Chip":14,"Blue Doll":18,"Slimebound:AbsorbEndCombat":0,"hubris:SlimyHat":7,"reliquary:Ember":17},{"Singing Bowl":8,"Gambling Chip":9,"Blue Doll":11,"Slimebound:AbsorbEndCombat":0,"hubris:SlimyHat":4,"reliquary:Ember":11},{"Singing Bowl":34,"Gambling Chip":40,"Blue Doll":51,"Slimebound:AbsorbEndCombat":0,"hubris:SlimyHat":16,"reliquary:Ember":51}]},"card_choices":[{"not_picked":["Slimebound:PressTheAttack","Slimebound:FormOfPuddle"],"picked":"Slimebound:LeechEnergy","floor":2},{"not_picked":["Slimebound:Grow","Slimebound:FinishingTackle"],"picked":"Slimebound:Repurpose","floor":4},{"not_picked":["Slimebound:Equalize","Slimebound:FinishingTackle"],"picked":"Slimebound:AcidTongue","floor":5},{"not_picked":["Slimebound:Dissolve","Slimebound:PressTheAttack"],"picked":"Slimebound:GoopSpray","floor":6},{"not_picked":["Slimebound:HauntingLick","Slimebound:GoopTackle"],"picked":"Slimebound:LeechingTouch","floor":8},{"not_picked":["Slimebound:FinishingTackle","Slimebound:Replication"],"picked":"Slimebound:SelfFormingGoo","floor":10},{"not_picked":["Slimebound:LeechingTouch","Slimebound:LeechEnergy"],"picked":"Slimebound:RainOfGoop","floor":11},{"not_picked":["Slimebound:SplitLeeching","Slimebound:TongueLash"],"picked":"Slimebound:MegaLick","floor":12},{"not_picked":["Slimebound:FinishingTackle","Slimebound:BestDefense"],"picked":"Slimebound:Dissolve","floor":14},{"not_picked":["Slimebound:SplitAcid","Slimebound:Schlurp"],"picked":"Slimebound:SlimeTap","floor":15},{"not_picked":["Slimebound:SlimeSlap","Slimebound:SelfFormingGoo"],"picked":"Slimebound:OozeBath","floor":16},{"not_picked":["Slimebound:GoopSpray","Slimebound:GoopTackle"],"picked":"Slimebound:Grow","floor":19}],"player_experience":193574,"relics_obtained":[{"floor":7,"key":"hubris:SlimyHat"},{"floor":12,"key":"Singing Bowl"},{"floor":14,"key":"Gambling Chip"},{"floor":18,"key":"Blue Doll"}],"event_choices":[],"is_beta":false,"boss_relics":[{"not_picked":["Coffee Dripper","energizedSpire:EnergizedDie"],"picked":"reliquary:Ember"}],"items_purged_floors":[],"is_endless":false,"potions_floor_spawned":[2,6,10,11,16],"killed_by":"Shelled Parasite and Fungi","ascension_level":0}}