{"host":"ty7uytdfitsmf36k","time":1611872868,"event":{"mods":["AchievementEnabler","BaseMod","Colored Map","Colored Powertips","DeckTracker","Downfall","Infinite Spire","Minty Spire (QoL Compilation)","Relic Stats","Replay The Spire","Spire Arcade","StSLib","SuperFastMode","The Jungle","Wandering Minibosses"],"gold_per_floor":[112,132,151,151,162,162,162],"floor_reached":6,"language":"ENG","playtime":209,"items_purged":[],"score":48,"play_id":"fe37535c-d738-4b97-9fdb-9667f5e7bd6d","local_time":"20210128172748","is_ascension_mode":true,"campfire_choices":[],"circlet_count":0,"master_deck":["Strike_P","Strike_P","Strike_P","Strike_P","Defend_P","Defend_P","Defend_P","Defend_P","Eruption","Vigilance","ReplayUltimateDefense","FollowUp","EmptyFist"],"relics":["m_DevilBlood","infinitespire:Cubic Diamond"],"acts_visited":["Exordium"],"potions_floor_usage":[6],"damage_taken":[{"damage":0,"enemies":"2 Louse","floor":1,"turns":3},{"damage":2,"enemies":"Jaw Worm","floor":2,"turns":4},{"damage":4,"enemies":"Small Slimes","floor":3,"turns":4},{"damage":24,"enemies":"Exordium Wildlife","floor":5,"turns":3},{"damage":30,"enemies":"3 Sentries","floor":6,"turns":5}],"seed_played":"-5872662901344311812","potions_obtained":[{"floor":1,"key":"ColorlessPotion"}],"is_trial":false,"path_per_floor":["M","M","M","?","M","E"],"character_chosen":"WATCHER","items_purchased":[],"campfire_rested":0,"item_purchase_floors":[],"current_hp_per_floor":[51,49,45,45,21,0,0],"gold":162,"neow_bonus":"RANDOM_COLORLESS_2","is_daily":false,"chose_seed":false,"campfire_upgraded":0,"win_rate":0.0,"timestamp":1611872868,"path_taken":["M","M","M","?","M","E"],"items_purchased_type":[],"build_version":"2020-12-22","purchased_purges":0,"victory":false,"max_hp_per_floor":[72,72,72,72,72,72,72],"relic_stats":{"counters":[5,19],"obtain_stats":[{"m_DevilBlood":4,"infinitespire:Cubic Diamond":4,"PureWater":0},{"m_DevilBlood":3,"infinitespire:Cubic Diamond":3,"PureWater":0},{"m_DevilBlood":11,"infinitespire:Cubic Diamond":11,"PureWater":0}]},"card_choices":[{"not_picked":["ReplayTheSpireMod:Necrogeddon","Master of Strategy"],"picked":"ReplayUltimateDefense","floor":0},{"not_picked":["Replay:ManipulateFuture","Prostrate","SignatureMove"],"picked":"SKIP","floor":1},{"not_picked":["Swivel","ThirdEye"],"picked":"FollowUp","floor":2},{"not_picked":["CrushJoints","FlyingSleeves","Replay:AtTheReady"],"picked":"SKIP","floor":3},{"not_picked":["Study","WheelKick"],"picked":"EmptyFist","floor":5}],"player_experience":198615,"relics_obtained":[],"event_choices":[],"is_beta":false,"boss_relics":[],"items_purged_floors":[],"is_endless":false,"potions_floor_spawned":[1],"killed_by":"3 Sentries","ascension_level":5}}