{"host":"takgv9cv6xf64vhq","time":1611824256,"event":{"mods":["BaseMod","Colored Powertips","Downfall","Hubris","LagranYue(拉格朗・月)","Marisa（F雨　魔理沙）","Minty Spire (QoL Compilation)","Replay The Spire","StSLib","The Animator","The Cursed","The Jungle","TheHeartMod"],"gold_per_floor":[116,116,134,146,146,174,174,201,201,224,234,309,309,337,337,438,438,451,24,24,54,70,70,70,81,128,128,156,169,183,183,183,288,288,307,320,370,390,94,125,137,0,0,29,29,29,57,71,71,71,71,71,22,53,53],"floor_reached":56,"language":"ZHS","playtime":3346,"items_purged":["Shame"],"score":1895,"play_id":"fb0c7793-94c1-4333-afa5-4cc71a7a829e","local_time":"20210128165736","is_ascension_mode":true,"campfire_choices":[{"data":"Armaments","floor":7.0,"key":"SMITH"},{"data":"ReplayTheSpireMod:LeadingStrike","floor":13.0,"key":"SMITH"},{"data":"Entrench","floor":23.0,"key":"SMITH"},{"data":"ReplayUltimateDefense","floor":32.0,"key":"SMITH"},{"floor":41.0,"key":"RECALL"},{"data":"ReplayUltimateDefense","floor":49,"key":"SMITH"},{"data":"Disarm","floor":52,"key":"SMITH"}],"circlet_count":0,"master_deck":["Strike_R","Strike_R","Strike_R","Defend_R","Defend_R+1","Defend_R+1","Defend_R","Bash","ReplayTheSpireMod:Stacked+1","Armaments+1","Fire Breathing","Cleave","Immolate","ReplayTheSpireMod:LeadingStrike+1","Shrug It Off","Berserk","Blood for Blood+1","ReplayUltimateDefense+1","ReplayUltimateDefense+1","Entrench+1","downfall:Bewildered","ReplayTheSpireMod:Stacked","Clothesline+1","Battle Trance","Burning Pact","Fire Breathing","Carnage+1","Juggernaut","Twin Strike+1","Dual Wield+1","Inflame","Disarm+1","hubris:ReadiedAction","Metallicize+1","Magnetism","Metallicize+1","Armaments+1"],"relics":["Black Star","StoneCalendar","Happy Flower","hubris:ToyBattleship","ReplayTheSpireMod:TigerMarble","Bronze Scales","Gambling Chip","Strawberry","bronze:MakeshiftBattery","DollysMirror","sneckomod:BabySnecko","Red Mask","hubris:SlimyHat","Simple Rune","Ancient Tea Set","Pen Nib","hubris:VirtuousBlindfold","TungstenRod","Medical Kit","MawBank","King of Hearts","Replay:Rubber Ducky","Pantograph","PreservedInsect","Iron Hammer","hubris:Towel","Bag of Preparation","hubris:MysteriousPyramids","Pondfish Scales","Garlic"],"acts_visited":["Exordium","TheCity","TheBeyond","TheEnding"],"potions_floor_usage":[47,54,55,55,55,55,55,55,55],"damage_taken":[{"damage":5.0,"enemies":"Jaw Worm","floor":1.0,"turns":5.0},{"damage":0.0,"enemies":"2 Louse","floor":3.0,"turns":2.0},{"damage":5.0,"enemies":"Small Slimes","floor":4.0,"turns":5.0},{"damage":4.0,"enemies":"3 Sentries","floor":6.0,"turns":5.0},{"damage":20.0,"enemies":"Gremlin Nob","floor":8.0,"turns":5.0},{"damage":0.0,"enemies":"2 Fungi Beasts","floor":11.0,"turns":3.0},{"damage":1.0,"enemies":"3 Sentries","floor":14.0,"turns":3.0},{"damage":5.0,"enemies":"Fading Forest","floor":16.0,"turns":11.0},{"damage":0.0,"enemies":"Spheric Guardian","floor":18.0,"turns":4.0},{"damage":8.0,"enemies":"Masked Bandits","floor":21.0,"turns":5.0},{"damage":4.0,"enemies":"2 Thieves","floor":22.0,"turns":3.0},{"damage":0.0,"enemies":"3 Cultists","floor":25.0,"turns":3.0},{"damage":5.0,"enemies":"Book of Stabbing","floor":28.0,"turns":6.0},{"damage":0.0,"enemies":"Cultist and Chosen","floor":29.0,"turns":6.0},{"damage":5.0,"enemies":"Shelled Parasite and Fungi","floor":30.0,"turns":5.0},{"damage":11.0,"enemies":"Pondfish","floor":33.0,"turns":9.0},{"damage":0.0,"enemies":"3 Shapes","floor":35.0,"turns":2.0},{"damage":0.0,"enemies":"3 Darklings","floor":36.0,"turns":4.0},{"damage":0.0,"enemies":"Mind Bloom Boss Battle","floor":37.0,"turns":6.0},{"damage":0.0,"enemies":"Sphere and 2 Shapes","floor":38.0,"turns":5.0},{"damage":15.0,"enemies":"R_Hoarder","floor":40.0,"turns":7.0},{"damage":4.0,"enemies":"Nemesis","floor":44.0,"turns":7.0},{"damage":0,"enemies":"R_Hoarder","floor":47,"turns":5},{"damage":0,"enemies":"Spire Growth","floor":48,"turns":5},{"damage":0,"enemies":"Replay:Hell Engine","floor":50,"turns":10},{"damage":0,"enemies":"Shield and Spear","floor":54,"turns":6},{"damage":0,"enemies":"NeowBoss","floor":55,"turns":9}],"seed_played":"5422022984012630373","potions_obtained":[{"floor":1.0,"key":"DuplicationPotion"},{"floor":8.0,"key":"Weak Potion"},{"floor":11.0,"key":"ElixirPotion"},{"floor":14.0,"key":"Guardian:BlockOnCardUsePotion"},{"floor":18.0,"key":"Cursed Concoction"},{"floor":25.0,"key":"Reflective Coating"},{"floor":29.0,"key":"Energy Potion"},{"floor":36.0,"key":"Fire Potion"},{"floor":38.0,"key":"SteroidPotion"},{"floor":40.0,"key":"Weak Potion"}],"is_trial":false,"path_per_floor":["M","?","M","M","?","E","R","E","T","T","M","?","R","E","R","B",null,"M","$","?","?","M","R","?","M","T","?","E","M","M","?","R","B",null,"M","M","?","M","$","E","R","$","T","E","?","?","E","M","R","B",null,"R","$","E","B",null],"character_chosen":"IRONCLAD","items_purchased":["ReplayUltimateDefense","DollysMirror","Entrench","Medical Kit","Disarm","Replay:Rubber Ducky","PowerPotion"],"campfire_rested":0,"item_purchase_floors":[19,19,19,39,39,42,53],"current_hp_per_floor":[75,75,75,70,63,59,59,39,39,39,39,28,28,34,34,42,87,87,87,87,79,75,75,75,87,87,87,82,82,77,60,60,49,92,92,92,92,92,92,77,77,77,77,73,73,73,73,73,73,92,92,92,92,92,92],"gold":53,"neow_bonus":"BOSS_RELIC","is_daily":false,"chose_seed":false,"campfire_upgraded":6,"win_rate":0.0,"timestamp":1611824256,"path_taken":["M","?","M","M","?","E","R","E","T","?","M","?","R","E","R","BOSS","M","$","?","?","M","R","?","?","T","?","E","M","M","?","R","BOSS","M","M","?","M","$","E","R","$","T","E","?","?","E","M","R","BOSS","R","$","E","BOSS"],"items_purchased_type":["Card","Relic","Card","Relic","Card","Relic","Potion"],"build_version":"2020-12-22","purchased_purges":1,"victory":true,"max_hp_per_floor":[80,80,80,80,80,80,80,80,80,80,80,80,80,87,87,87,87,87,87,87,87,87,87,87,87,87,87,87,87,87,92,92,92,92,92,92,92,92,92,92,92,92,92,92,92,92,92,92,92,92,92,92,92,92,92],"card_choices":[{"not_picked":["Dropkick","Pommel Strike"],"picked":"ReplayTheSpireMod:Stacked","floor":1.0},{"not_picked":["Carnage","Cleave"],"picked":"Armaments","floor":3.0},{"not_picked":["Replay:Undeath\u0027s Touch","Armaments"],"picked":"Fire Breathing","floor":4.0},{"not_picked":["Iron Wave","Anger"],"picked":"Cleave","floor":6.0},{"not_picked":["Thunderclap","Clash"],"picked":"Immolate","floor":8.0},{"not_picked":["Sword Boomerang","Armaments"],"picked":"ReplayTheSpireMod:LeadingStrike","floor":11.0},{"not_picked":["Perfected Strike","Headbutt"],"picked":"Shrug It Off","floor":14.0},{"not_picked":["Replay:Many Hands","Impervious"],"picked":"Berserk","floor":16.0},{"not_picked":["Wild Strike+1","Heavy Blade"],"picked":"Blood for Blood+1","floor":18.0},{"not_picked":["ReplayTheSpireMod:Strike From Hell+1","Fire Breathing"],"picked":"ReplayTheSpireMod:Stacked","floor":21.0},{"not_picked":["Dropkick","Havoc+1"],"picked":"Clothesline+1","floor":22.0},{"not_picked":["Massacre","Armaments"],"picked":"Battle Trance","floor":25.0},{"not_picked":["Anger","Perfected Strike"],"picked":"Burning Pact","floor":28.0},{"not_picked":["Warcry","Clash+1"],"picked":"Fire Breathing","floor":29.0},{"not_picked":["Clash","Dropkick"],"picked":"Carnage+1","floor":30.0},{"not_picked":["Brutality","Fiend Fire"],"picked":"Juggernaut","floor":33.0},{"not_picked":["Perfected Strike","Battle Trance"],"picked":"Twin Strike+1","floor":35.0},{"not_picked":["Uppercut","Abandon+1","Havoc"],"picked":"SKIP","floor":36.0},{"not_picked":["Intimidate+1","Shrug It Off"],"picked":"Dual Wield+1","floor":37.0},{"not_picked":["Body Slam+1","Carnage+1"],"picked":"Inflame","floor":38.0},{"not_picked":["Heavy Blade+1","Fiend Fire"],"picked":"hubris:ReadiedAction","floor":40.0},{"not_picked":["Shockwave+1","Body Slam+1"],"picked":"Metallicize+1","floor":44.0},{"not_picked":["Mind Blast","ReplayTheSpireMod:Trickstab"],"picked":"Magnetism","floor":46.0},{"not_picked":["Iron Wave","Thunderclap"],"picked":"Metallicize+1","floor":47},{"not_picked":["Searing Blow+1","ReplayTheSpireMod:Strike From Hell+1","Cleave"],"picked":"SKIP","floor":48},{"not_picked":["Sword Boomerang+1","Heavy Blade"],"picked":"Armaments+1","floor":54}],"player_experience":160269,"relics_obtained":[{"floor":6.0,"key":"StoneCalendar"},{"floor":6.0,"key":"Happy Flower"},{"floor":8.0,"key":"hubris:ToyBattleship"},{"floor":8.0,"key":"ReplayTheSpireMod:TigerMarble"},{"floor":10.0,"key":"Bronze Scales"},{"floor":14.0,"key":"Gambling Chip"},{"floor":14.0,"key":"Strawberry"},{"floor":21.0,"key":"Red Mask"},{"floor":26.0,"key":"hubris:SlimyHat"},{"floor":28.0,"key":"Ancient Tea Set"},{"floor":28.0,"key":"Pen Nib"},{"floor":37.0,"key":"TungstenRod"},{"floor":40.0,"key":"MawBank"},{"floor":40.0,"key":"King of Hearts"},{"floor":43.0,"key":"Pantograph"},{"floor":44.0,"key":"PreservedInsect"},{"floor":44.0,"key":"Iron Hammer"},{"floor":47,"key":"Bag of Preparation"},{"floor":47,"key":"hubris:MysteriousPyramids"},{"floor":54,"key":"Pondfish Scales"},{"floor":54,"key":"Garlic"}],"event_choices":[{"cards_removed":["Strike_R"],"damage_healed":0.0,"max_hp_gain":0.0,"max_hp_loss":0.0,"gold_gain":0.0,"event_name":"Golden Wing","player_choice":"Card Removal","floor":5.0,"gold_loss":0.0,"damage_taken":7.0},{"damage_healed":0.0,"max_hp_gain":0.0,"max_hp_loss":0.0,"gold_gain":75.0,"event_name":"World of Goop","player_choice":"Gather Gold","floor":12.0,"gold_loss":0.0,"damage_taken":11.0},{"cards_removed":["Strike_R"],"damage_healed":0.0,"max_hp_gain":0.0,"max_hp_loss":0.0,"gold_gain":0.0,"event_name":"Living Wall","player_choice":"Forget","floor":15.0,"gold_loss":0.0,"damage_taken":0.0},{"damage_healed":0.0,"max_hp_gain":0.0,"max_hp_loss":0.0,"gold_gain":0.0,"event_name":"Masked Bandits","player_choice":"Fought Bandits","floor":21.0,"gold_loss":0.0,"damage_taken":0.0},{"damage_healed":0.0,"max_hp_gain":0.0,"max_hp_loss":0.0,"gold_gain":0.0,"event_name":"N\u0027loth","player_choice":"Ignored","floor":24.0,"gold_loss":0.0,"damage_taken":0.0},{"damage_healed":0.0,"max_hp_gain":0.0,"max_hp_loss":0.0,"gold_gain":0.0,"event_name":"Addict","player_choice":"Stole Relic","floor":27.0,"gold_loss":0.0,"damage_taken":0.0,"relics_obtained":["Simple Rune"],"cards_obtained":["Shame"]},{"damage_healed":0.0,"max_hp_gain":5.0,"max_hp_loss":0.0,"gold_gain":0.0,"event_name":"Forgotten Altar","player_choice":"Shed Blood","floor":31.0,"gold_loss":0.0,"damage_taken":22.0},{"damage_healed":0.0,"max_hp_gain":0.0,"max_hp_loss":0.0,"gold_gain":0.0,"event_name":"MindBloom","player_choice":"Fight","floor":37.0,"gold_loss":0.0,"damage_taken":0.0},{"damage_healed":0.0,"max_hp_gain":0.0,"max_hp_loss":0.0,"gold_gain":0.0,"event_name":"SensoryStone","player_choice":"Memory 1","floor":46.0,"gold_loss":0.0,"damage_taken":0.0}],"is_beta":false,"boss_relics":[{"not_picked":["Replay:Bronze Core","Honey Jar"],"picked":"bronze:MakeshiftBattery"},{"not_picked":["hubris:TerracottaHorce","LagranYue:ContractPerformanceRelic"],"picked":"hubris:VirtuousBlindfold"}],"items_purged_floors":[39],"is_endless":false,"potions_floor_spawned":[1,8,11,14,18,25,29,36,38,40],"ascension_level":1}}