{"host":"491vyvchqhlfizue","time":1611878388,"event":{"mods":["AchievementEnabler","BaseMod","BetterRewards","Colored Map","Conspire","Downfall","Infinite Spire","Minty Spire (QoL Compilation)","Reliquary","Replay The Spire","Shop Mod","Spikes Relics","StSLib","The Forsaken","The Runesmith"],"gold_per_floor":[113,63,63,82,82,128,153,165,245,271,295,332,344,386,398,508,520,552,181,91,102,121,146,146,181,229,254,254,329,34,34,34,141,141,162,162,193,226,83,122,122,163,163,24,24,59,73,73,109,109],"floor_reached":51,"language":"ENG","playtime":5318,"items_purged":["theForsaken:TheForsaken_Defend","theForsaken:TheForsaken_Strike","theForsaken:TheForsaken_Strike","theForsaken:TheForsaken_Strike","theForsaken:TheForsaken_Defend","theForsaken:Smite+1"],"score":1581,"play_id":"8ecf1da8-199b-4322-badb-467d9fc48f91","local_time":"20210128185948","is_ascension_mode":true,"campfire_choices":[{"data":"infinitespire:SevenWalls","floor":15.0,"key":"SMITH"},{"floor":32.0,"key":"DIG"},{"data":"Apotheosis","floor":45,"key":"SMITH"}],"circlet_count":0,"master_deck":["theForsaken:DefensiveStance","theForsaken:DefensiveStance","infinitespire:Gouge+1","infinitespire:SevenWalls+1","theForsaken:NobleSacrifice","theForsaken:FatRoll","theForsaken:QuickAttack","theForsaken:AncientWords+1","theForsaken:SacredOath","infinitespire:SevenWalls+1","Apotheosis+1","theForsaken:FatRoll","infinitespire:Gouge+1","PlatinumSkin+1","PlatinumSkin+1","theForsaken:SpreadingPlague+1"],"relics":["theForsaken:JudgementScales","MerchantsRug","Potion Belt","Frozen Egg 2","Gremlin Horn","reliquary:SharkskinSheath","MawBank","Juzu Bracelet","Replay:Bottled Flurry","Mirror","Strawberry","CosmicIsotope","DollysMirror","infinitespire:Broken Mirror","Whetstone","Blue Doll","reliquary:PartyBalloon","theForsaken:Lifeblossom","MutagenicStrength","Anchor","infinitespire:EvilPickle","theForsaken:ArmorOfThorns","infinitespire:Satchel","Replay:Accelerometer","reliquary:QuartzCube","ReplayTheSpireMod:Shallot","Runesmith:AutoHammer","Toxic Egg 2","Bottled Tornado"],"acts_visited":["Exordium","TheCity","TheBeyond"],"potions_floor_usage":[50],"damage_taken":[{"damage":9.0,"enemies":"Small Slimes","floor":1.0,"turns":4.0},{"damage":0.0,"enemies":"Cultist","floor":4.0,"turns":5.0},{"damage":2.0,"enemies":"Gremlin Nob","floor":6.0,"turns":4.0},{"damage":0.0,"enemies":"2 Louse","floor":7.0,"turns":2.0},{"damage":0.0,"enemies":"Gremlin Gang","floor":10.0,"turns":5.0},{"damage":2.0,"enemies":"Large Slime","floor":11.0,"turns":5.0},{"damage":0.0,"enemies":"Replay:BlueRogue","floor":12.0,"turns":4.0},{"damage":0.0,"enemies":"3 Sentries","floor":14.0,"turns":7.0},{"damage":0.0,"enemies":"Hexaghost","floor":16.0,"turns":9.0},{"damage":0.0,"enemies":"Shell Parasite","floor":18.0,"turns":5.0},{"damage":0.0,"enemies":"conspire:FuzzyDice","floor":21.0,"turns":5.0},{"damage":0.0,"enemies":"Snecko","floor":22.0,"turns":4.0},{"damage":0.0,"enemies":"conspire:Head Lice","floor":23.0,"turns":4.0},{"damage":0.0,"enemies":"Gremlin Leader","floor":25.0,"turns":6.0},{"damage":3.0,"enemies":"Replay:Snechameleon","floor":27.0,"turns":4.0},{"damage":0.0,"enemies":"Pondfish","floor":33.0,"turns":7.0},{"damage":0.0,"enemies":"Orb Walker","floor":35.0,"turns":2.0},{"damage":0.0,"enemies":"3 Shapes","floor":37.0,"turns":2.0},{"damage":0.0,"enemies":"Jaw Worm Horde","floor":38.0,"turns":2.0},{"damage":0.0,"enemies":"R_Hoarder","floor":40.0,"turns":6.0},{"damage":0,"enemies":"Giant Head","floor":42,"turns":5},{"damage":0,"enemies":"Reptomancer","floor":46,"turns":4},{"damage":19,"enemies":"Spire Growth","floor":47,"turns":3},{"damage":0,"enemies":"conspire:MimicChest","floor":49,"turns":4},{"damage":5,"enemies":"Awakened One","floor":50,"turns":7}],"seed_played":"5188397354476802534","potions_obtained":[{"floor":6.0,"key":"SteroidPotion"},{"floor":11.0,"key":"Ancient Potion"},{"floor":14.0,"key":"Doom Potion"},{"floor":16.0,"key":"AttackPotion"},{"floor":22.0,"key":"sneckomod:MuddlingPotion"},{"floor":25.0,"key":"Fire Potion"},{"floor":27.0,"key":"SteroidPotion"},{"floor":33.0,"key":"sneckomod:MuddlingPotion"},{"floor":38.0,"key":"champ:CounterPotion"},{"floor":42,"key":"Dexterity Potion"},{"floor":46,"key":"PowerPotion"}],"is_trial":false,"path_per_floor":["M","?","?","M","AVR","E","M","$","T","M","M","E","?","E","R","B",null,"M","$","?","M","M","E","?","E","T","E","?","?","$","?","R_BF","B",null,"M","?","M","M","$","E","?","E","T","$","R","E","M","T","R_BF","B",null],"character_chosen":"THE_FORSAKEN","items_purchased":["theForsaken:DefensiveStance","MerchantsRug","Potion Belt","DuplicationPotion","Frozen Egg 2","FairyPotion","Gremlin Horn","DollysMirror","Apotheosis","theForsaken:Lifeblossom","infinitespire:Satchel","PlatinumSkin+1"],"campfire_rested":0,"item_purchase_floors":[0,0,0,0,0,0,0,19,19,30,39,44],"current_hp_per_floor":[59,59,59,62,62,63,63,63,63,63,61,61,61,71,71,72,72,72,72,72,72,72,72,59,74,74,76,76,69,69,69,69,77,77,77,77,77,77,77,77,77,77,77,77,77,77,59,59,65,66],"gold":109,"neow_bonus":"","is_daily":false,"chose_seed":false,"campfire_upgraded":2,"win_rate":0.0,"timestamp":1611878388,"path_taken":["M","?","?","?","$","E","M","?","T","M","M","E","?","E","R","BOSS","M","$","?","M","M","E","?","E","T","E","?","?","?","?","R_BF","BOSS","M","?","M","M","?","E","?","E","T","?","R","E","M","?","R_BF","BOSS"],"items_purchased_type":["Card","Relic","Relic","Potion","Relic","Potion","Relic","Relic","Card","Relic","Relic","Card"],"build_version":"2020-12-22","purchased_purges":6,"victory":true,"max_hp_per_floor":[65,65,65,65,65,65,65,65,65,65,65,65,65,72,72,72,72,72,72,72,72,72,72,77,77,77,77,77,77,77,77,77,77,77,77,77,77,77,77,77,77,77,77,77,77,77,77,77,77,77],"card_choices":[{"not_picked":["theForsaken:ScorchingSunlight","theForsaken:BindingThorns","theForsaken:BottledPlague"],"picked":"SKIP","floor":1.0},{"not_picked":["theForsaken:PowerUp","theForsaken:Backlash","theForsaken:PreciseStrike"],"picked":"SKIP","floor":4.0},{"not_picked":["theForsaken:FatRoll","theForsaken:RainingSunlight"],"picked":"theForsaken:NobleSacrifice","floor":6.0},{"not_picked":["theForsaken:SpinAttack","theForsaken:CorruptedWord","theForsaken:ShieldBash"],"picked":"SKIP","floor":7.0},{"not_picked":["theForsaken:Eulogy","theForsaken:StoreUp"],"picked":"theForsaken:FatRoll","floor":10.0},{"not_picked":["theForsaken:HymnOfPatience","theForsaken:ShieldBash"],"picked":"theForsaken:QuickAttack","floor":11.0},{"not_picked":["theForsaken:CreepingInfection","theForsaken:DarkRift"],"picked":"theForsaken:AncientWords+1","floor":12.0},{"not_picked":["theForsaken:DarkBarrier","theForsaken:CowardsBrand","theForsaken:PowerUp"],"picked":"SKIP","floor":14.0},{"not_picked":["theForsaken:Mantra","theForsaken:Purification"],"picked":"theForsaken:SacredOath","floor":16.0},{"not_picked":["theForsaken:ShieldCharge","theForsaken:SolarFlare","theForsaken:BountifulSunlight"],"picked":"SKIP","floor":18.0},{"not_picked":["theForsaken:RainingSunlight+1","theForsaken:ShieldCharge","theForsaken:DefensiveStance+1"],"picked":"SKIP","floor":21.0},{"not_picked":["theForsaken:SolarFlare","theForsaken:WordsOfPestilence","theForsaken:Prudence+1"],"picked":"SKIP","floor":22.0},{"not_picked":["theForsaken:CreepingInfection","theForsaken:Thunderbolt"],"picked":"theForsaken:FatRoll","floor":23.0},{"not_picked":["theForsaken:CowardsBrand","theForsaken:Devotion","theForsaken:BattleHymn"],"picked":"SKIP","floor":25.0},{"not_picked":["theForsaken:MagicWeapon+1","theForsaken:ShieldBash","theForsaken:BlightOfFamine+1"],"picked":"SKIP","floor":27.0},{"not_picked":["theForsaken:HorrifyingStrike+1","theForsaken:ShieldCharge","theForsaken:Bolster+1"],"picked":"SKIP","floor":35.0},{"not_picked":["theForsaken:HorrifyingStrike+1","theForsaken:ChargeAttack+1","theForsaken:Tranquility+1"],"picked":"SKIP","floor":37.0},{"not_picked":["theForsaken:HealingLight","theForsaken:BattleHymn+1","theForsaken:CleansingLight"],"picked":"SKIP","floor":38.0},{"not_picked":["theForsaken:NobleSacrifice","theForsaken:DarkBarrier+1","theForsaken:Parry"],"picked":"SKIP","floor":40.0},{"not_picked":["theForsaken:ChargeAttack+1","theForsaken:ScorchingSunlight+1","theForsaken:WordsOfMight+1"],"picked":"SKIP","floor":42},{"not_picked":["theForsaken:ScorchingSunlight+1","theForsaken:PowerUp"],"picked":"theForsaken:SpreadingPlague+1","floor":46},{"not_picked":["theForsaken:WordsOfMight+1","theForsaken:CleansingLight","theForsaken:RainingSunlight"],"picked":"SKIP","floor":47}],"player_experience":22898,"relics_obtained":[{"floor":3.0,"key":"reliquary:SharkskinSheath"},{"floor":6.0,"key":"Juzu Bracelet"},{"floor":9.0,"key":"Replay:Bottled Flurry"},{"floor":12.0,"key":"Mirror"},{"floor":14.0,"key":"Strawberry"},{"floor":23.0,"key":"infinitespire:Broken Mirror"},{"floor":25.0,"key":"Whetstone"},{"floor":26.0,"key":"Blue Doll"},{"floor":27.0,"key":"reliquary:PartyBalloon"},{"floor":32.0,"key":"Anchor"},{"floor":40.0,"key":"Replay:Accelerometer"},{"floor":42,"key":"reliquary:QuartzCube"},{"floor":43,"key":"ReplayTheSpireMod:Shallot"},{"floor":46,"key":"Runesmith:AutoHammer"},{"floor":48,"key":"Toxic Egg 2"},{"floor":49,"key":"Bottled Tornado"}],"event_choices":[{"cards_removed":["theForsaken:TheForsaken_Defend"],"damage_healed":0.0,"max_hp_gain":0.0,"max_hp_loss":0.0,"gold_gain":0.0,"event_name":"The Cleric","player_choice":"Card Removal","floor":2.0,"gold_loss":50.0,"damage_taken":0.0},{"damage_healed":0.0,"max_hp_gain":0.0,"max_hp_loss":0.0,"gold_gain":0.0,"event_name":"Wheel of Change","player_choice":"Relic","floor":3.0,"gold_loss":0.0,"damage_taken":0.0},{"damage_healed":0.0,"max_hp_gain":0.0,"max_hp_loss":0.0,"gold_gain":0.0,"event_name":"conspire:Investor","player_choice":"Leave","floor":13.0,"gold_loss":0.0,"damage_taken":0.0},{"cards_removed":["theForsaken:TheForsaken_Strike"],"damage_healed":0.0,"max_hp_gain":0.0,"max_hp_loss":0.0,"gold_gain":0.0,"event_name":"Designer","player_choice":"Upgrade and Remove","floor":20.0,"gold_loss":90.0,"damage_taken":0.0,"cards_upgraded":["theForsaken:TheForsaken_Defend"]},{"damage_healed":0.0,"max_hp_gain":5.0,"max_hp_loss":0.0,"gold_gain":0.0,"event_name":"Forgotten Altar","player_choice":"Shed Blood","floor":24.0,"gold_loss":0.0,"damage_taken":18.0},{"damage_healed":0.0,"max_hp_gain":0.0,"max_hp_loss":0.0,"gold_gain":0.0,"event_name":"Duplicator","player_choice":"Copied","floor":28.0,"gold_loss":0.0,"damage_taken":0.0,"cards_obtained":["infinitespire:Gouge"]},{"damage_healed":0.0,"max_hp_gain":0.0,"max_hp_loss":0.0,"gold_gain":75.0,"event_name":"FaceTrader","player_choice":"Touch","floor":29.0,"gold_loss":0.0,"damage_taken":7.0},{"damage_healed":0.0,"max_hp_gain":0.0,"max_hp_loss":0.0,"gold_gain":0.0,"event_name":"Drug Dealer","player_choice":"Inject Mutagens","floor":31.0,"gold_loss":0.0,"damage_taken":0.0,"relics_obtained":["MutagenicStrength"]},{"cards_removed":["theForsaken:TheForsaken_Defend"],"damage_healed":0.0,"max_hp_gain":0.0,"max_hp_loss":0.0,"gold_gain":0.0,"event_name":"Purifier","player_choice":"Purged","floor":36.0,"gold_loss":0.0,"damage_taken":0.0},{"cards_removed":["theForsaken:Penitence"],"damage_healed":0,"gold_gain":0,"player_choice":"Offered Basic","damage_taken":0,"max_hp_gain":0,"max_hp_loss":0,"event_name":"Bonfire Elementals","floor":41,"gold_loss":0}],"is_beta":false,"boss_relics":[{"not_picked":["Snecko Heart","Abe\u0027s Treasure"],"picked":"CosmicIsotope"},{"not_picked":["Replay:Wanted Poster","conspire:RoyalGoblet"],"picked":"theForsaken:ArmorOfThorns"}],"items_purged_floors":[0,0,5,19,30,44],"is_endless":false,"potions_floor_spawned":[6,11,14,16,22,25,27,33,38,42,46],"ascension_level":4}}