{"host":"e326moqq81vao3qq","time":1611854228,"event":{"mods":["BaseMod","Colored Powertips","Highlight Path","Minty Spire (QoL Compilation)","Quick Restart","Relic Stats","Spicy Shops","StSLib","The Druid"],"gold_per_floor":[113,60,74,74,90,90,118,118,118,118,137,150,14,34,34,131,181,199,124,84,100,100,131,150,169,169,169,169,169,169,188,188,290,290,308,321,339,339,339],"floor_reached":38,"language":"ENG","playtime":2233,"items_purged":["Pain"],"score":490,"play_id":"32e06a9e-9b0b-4ba1-b465-54c7069d55b1","local_time":"20210128121708","is_ascension_mode":true,"campfire_choices":[{"data":"theDruid:BriarArmor","floor":6,"key":"SMITH"},{"floor":8,"key":"REST"},{"floor":10,"key":"REST"},{"data":"theDruid:BrambleLash","floor":15,"key":"SMITH"},{"floor":29,"key":"REST"},{"floor":32,"key":"REST"}],"circlet_count":0,"master_deck":["theDruid:Defend_O","theDruid:Defend_O","theDruid:Defend_O","theDruid:Defend_O","theDruid:BriarArmor+1","theDruid:WildSlash","theDruid:Recoil+1","theDruid:Recoil","theDruid:ExposingSlash","theDruid:FelineGrace","theDruid:FelineGrace","theDruid:BrambleLash+1","theDruid:SpiritCall+1","theDruid:Fortitude","theDruid:BloodiedFur","theDruid:TakeShelter","theDruid:FeralPlants+1","theDruid:FelineGrace+1","theDruid:Rummage","theDruid:Mutilate","theDruid:Forage+1","theDruid:HailofThorns","theDruid:BristlingDefense+1"],"relics":["Velvet Choker","Darkstone Periapt","InkBottle","Pen Nib","Tiny House","War Paint","Tiny Chest","FaceOfCleric","Fusion Hammer"],"acts_visited":["Exordium","TheCity","TheBeyond"],"potions_floor_usage":[16,23,23,25,33,36,36],"damage_taken":[{"damage":7,"enemies":"Jaw Worm","floor":1,"turns":4},{"damage":6,"enemies":"Cultist","floor":3,"turns":4},{"damage":8,"enemies":"Small Slimes","floor":5,"turns":3},{"damage":30,"enemies":"3 Sentries","floor":7,"turns":7},{"damage":17,"enemies":"3 Louse","floor":11,"turns":3},{"damage":0,"enemies":"2 Fungi Beasts","floor":12,"turns":4},{"damage":16,"enemies":"Gremlin Gang","floor":14,"turns":3},{"damage":14,"enemies":"Hexaghost","floor":16,"turns":7},{"damage":18,"enemies":"Spheric Guardian","floor":18,"turns":7},{"damage":2,"enemies":"3 Byrds","floor":21,"turns":3},{"damage":39,"enemies":"Slavers","floor":23,"turns":7},{"damage":6,"enemies":"Snecko","floor":24,"turns":7},{"damage":27,"enemies":"Centurion and Healer","floor":25,"turns":12},{"damage":17,"enemies":"Shelled Parasite and Fungi","floor":31,"turns":7},{"damage":50,"enemies":"Collector","floor":33,"turns":17},{"damage":20,"enemies":"3 Shapes","floor":35,"turns":8},{"damage":19,"enemies":"3 Darklings","floor":36,"turns":5},{"damage":60,"enemies":"Transient","floor":37,"turns":5},{"damage":25,"enemies":"Writhing Mass","floor":38,"turns":3}],"seed_played":"-4188850962305344333","potions_obtained":[{"floor":5,"key":"GamblersBrew"},{"floor":14,"key":"Explosive Potion"},{"floor":17,"key":"ColorlessPotion"},{"floor":24,"key":"Weak Potion"},{"floor":25,"key":"DuplicationPotion"},{"floor":31,"key":"Block Potion"},{"floor":35,"key":"EssenceOfSteel"}],"is_trial":false,"path_per_floor":["M","$","M","?","M","R","E","R","T","R","M","M","$","M","R","B",null,"M","?","$","M","?","E","M","M","T","?","?","R","?","M","R","B",null,"M","M","M","M"],"character_chosen":"DRUID","items_purchased":["theDruid:Recoil","Pen Nib","theDruid:BloodiedFur"],"campfire_rested":4,"item_purchase_floors":[2,13,20],"current_hp_per_floor":[68,68,62,62,54,54,24,46,46,68,51,51,57,41,41,27,86,68,68,68,66,66,27,24,9,9,9,9,34,34,33,59,24,88,74,61,10,0,0],"gold":339,"neow_bonus":"BOSS_RELIC","is_daily":false,"chose_seed":false,"campfire_upgraded":2,"win_rate":0.0,"timestamp":1611854228,"path_taken":["M","$","M","?","M","R","E","R","T","R","M","M","$","M","R","BOSS","M","?","$","M","?","E","M","M","T","?","?","R","?","M","R","BOSS","M","?","M","M"],"items_purchased_type":["Card","Relic","Card"],"build_version":"2020-12-22","purchased_purges":1,"victory":false,"max_hp_per_floor":[75,75,75,75,75,75,75,75,75,75,75,75,81,81,81,81,86,86,86,86,86,86,86,86,86,86,86,86,86,86,87,87,88,88,89,90,91,91,91],"relic_stats":{"Darkstone Periapt":6,"FaceOfCleric":5,"counters":[19,116],"Tiny Chest":0,"Pen Nib":[7],"War Paint":["theDruid:SpiritCall","theDruid:Recoil"],"obtain_stats":[{"Darkstone Periapt":7,"Tiny House":17,"FaceOfCleric":30,"Velvet Choker":0,"Tiny Chest":27,"Pen Nib":13,"Fusion Hammer":34,"War Paint":23,"InkBottle":9,"theDruid:CrownOfTheWilds":0},{"Darkstone Periapt":4,"Tiny House":8,"FaceOfCleric":13,"Velvet Choker":0,"Tiny Chest":13,"Pen Nib":6,"Fusion Hammer":15,"War Paint":11,"InkBottle":4,"theDruid:CrownOfTheWilds":0},{"Darkstone Periapt":18,"Tiny House":35,"FaceOfCleric":71,"Velvet Choker":0,"Tiny Chest":71,"Pen Nib":25,"Fusion Hammer":95,"War Paint":52,"InkBottle":18,"theDruid:CrownOfTheWilds":0}],"InkBottle":[39]},"card_choices":[{"not_picked":["theDruid:FeralPlants","theDruid:AstralShield"],"picked":"theDruid:Recoil","floor":1},{"not_picked":["theDruid:Stampede","theDruid:PrimalStrength","theDruid:PlagueClaw"],"picked":"SKIP","floor":3},{"not_picked":["theDruid:Impale","theDruid:Resupply"],"picked":"theDruid:ExposingSlash","floor":5},{"not_picked":["theDruid:BlessedStrike","theDruid:Resupply","theDruid:Adaptation"],"picked":"SKIP","floor":7},{"not_picked":["theDruid:Scavenge","theDruid:Guidance"],"picked":"theDruid:FelineGrace","floor":11},{"not_picked":["theDruid:PlagueClaw","theDruid:Mutilate"],"picked":"theDruid:FelineGrace","floor":12},{"not_picked":["theDruid:BristlingBulwark","theDruid:MysticBarrier"],"picked":"theDruid:BrambleLash","floor":14},{"not_picked":["theDruid:CelestialSurge","theDruid:WildFrenzy"],"picked":"theDruid:SpiritCall","floor":16},{"not_picked":["theDruid:IronClaw","theDruid:FuriousSlash"],"picked":"theDruid:Fortitude","floor":17},{"not_picked":["theDruid:ExposingSlash","theDruid:PouncingStrike","theDruid:Guidance"],"picked":"SKIP","floor":18},{"not_picked":["theDruid:IronClaw+1","theDruid:LunarScythe+1","theDruid:Starfall"],"picked":"SKIP","floor":21},{"not_picked":["theDruid:Starfall","theDruid:FuriousSlash+1"],"picked":"theDruid:FeralPlants+1","floor":23},{"not_picked":["theDruid:PlagueClaw","theDruid:Scavenge","theDruid:Prowl"],"picked":"SKIP","floor":24},{"not_picked":["theDruid:TwilightsCall","theDruid:IronClaw+1"],"picked":"theDruid:FelineGrace+1","floor":25},{"not_picked":["theDruid:BloodiedFur","theDruid:TwilightsCall"],"picked":"theDruid:Forage+1","floor":31},{"not_picked":["theDruid:TearOpen","theDruid:WildFrenzy"],"picked":"theDruid:HailofThorns","floor":33},{"not_picked":["theDruid:PlagueClaw","theDruid:Scavenge+1","theDruid:Gore"],"picked":"SKIP","floor":35},{"not_picked":["theDruid:FelineGrace+1","theDruid:Fortitude+1"],"picked":"theDruid:BristlingDefense+1","floor":36},{"not_picked":["theDruid:PrimalStrength","theDruid:Adaptation","theDruid:Gore"],"picked":"SKIP","floor":37}],"player_experience":260352,"relics_obtained":[{"floor":7,"key":"Darkstone Periapt"},{"floor":9,"key":"InkBottle"},{"floor":23,"key":"War Paint"}],"event_choices":[{"cards_removed":["theDruid:Strike_O"],"damage_healed":0,"gold_gain":0,"player_choice":"Purged","damage_taken":0,"max_hp_gain":0,"max_hp_loss":0,"event_name":"Purifier","floor":4,"gold_loss":0},{"cards_removed":["theDruid:Strike_O"],"damage_healed":0,"gold_gain":0,"player_choice":"Gave Gold","damage_taken":0,"max_hp_gain":0,"max_hp_loss":0,"event_name":"Beggar","floor":19,"gold_loss":75},{"damage_healed":0,"gold_gain":0,"player_choice":"Read","damage_taken":0,"max_hp_gain":0,"max_hp_loss":0,"event_name":"The Library","floor":22,"gold_loss":0,"cards_obtained":["theDruid:TakeShelter"]},{"damage_healed":0,"gold_gain":0,"player_choice":"Opened","damage_taken":0,"relics_obtained":["Tiny Chest"],"max_hp_gain":0,"max_hp_loss":0,"event_name":"The Mausoleum","floor":27,"gold_loss":0},{"damage_healed":0,"gold_gain":0,"cards_transformed":["theDruid:Strike_O","theDruid:Strike_O"],"player_choice":"Became Test Subject","damage_taken":0,"max_hp_gain":0,"max_hp_loss":0,"event_name":"Drug Dealer","floor":28,"gold_loss":0,"cards_obtained":["theDruid:Rummage","theDruid:Mutilate"]},{"damage_healed":0,"gold_gain":0,"player_choice":"Trade","damage_taken":0,"relics_obtained":["FaceOfCleric"],"max_hp_gain":0,"max_hp_loss":0,"event_name":"FaceTrader","floor":30,"gold_loss":0}],"is_beta":false,"boss_relics":[{"not_picked":["Runic Dome","Empty Cage"],"picked":"Tiny House"},{"not_picked":["Pandora\u0027s Box","Cursed Key"],"picked":"Fusion Hammer"}],"items_purged_floors":[13],"is_endless":false,"potions_floor_spawned":[5,14,24,25,31,35],"killed_by":"Writhing Mass","ascension_level":2}}