{"host":"jhy70w0yh8dayqay","time":1611833707,"event":{"mods":["AchievementEnabler","BaseMod","Colored Map","Colored Powertips","DeckTracker","Minty Spire (QoL Compilation)","Permanent Neow","SuperFastMode"],"gold_per_floor":[109,136,155,168,168,201,201,226,226,226,12,22,49,49,49,178,178,202,217,47,47,47],"floor_reached":21,"language":"KOR","playtime":648,"items_purged":["Strike_R","Strike_R"],"score":344,"play_id":"40559bfd-de23-4a96-a1bd-82ce1411f34f","local_time":"20210128203507","is_ascension_mode":true,"campfire_choices":[{"data":"Carnage","floor":7,"key":"SMITH"},{"data":"Battle Trance","floor":10,"key":"SMITH"},{"floor":15,"key":"REST"}],"circlet_count":0,"master_deck":["AscendersBane","Strike_R","Defend_R","Defend_R","Defend_R","Defend_R","Bash","Battle Trance+1","Twin Strike","Carnage+1","Pommel Strike","Burning Pact","Immolate","Reaper","Spot Weakness","Power Through"],"relics":["Black Blood","Orichalcum","InkBottle","Letter Opener","Anchor","Thread and Needle","Gambling Chip","Golden Idol"],"acts_visited":["Exordium","TheCity"],"potions_floor_usage":[13,16,16],"damage_taken":[{"damage":6,"enemies":"Cultist","floor":1,"turns":4},{"damage":7,"enemies":"Small Slimes","floor":3,"turns":4},{"damage":8,"enemies":"Jaw Worm","floor":4,"turns":3},{"damage":22,"enemies":"Gremlin Nob","floor":6,"turns":4},{"damage":19,"enemies":"3 Sentries","floor":8,"turns":7},{"damage":0,"enemies":"2 Fungi Beasts","floor":12,"turns":2},{"damage":0,"enemies":"Gremlin Nob","floor":13,"turns":3},{"damage":13,"enemies":"Hexaghost","floor":16,"turns":7},{"damage":8,"enemies":"Chosen","floor":18,"turns":6},{"damage":24,"enemies":"Shell Parasite","floor":19,"turns":5}],"seed_played":"7434225764375864450","potions_obtained":[{"floor":1,"key":"Weak Potion"},{"floor":8,"key":"HeartOfIron"},{"floor":13,"key":"LiquidMemories"},{"floor":19,"key":"DistilledChaos"}],"is_trial":false,"path_per_floor":["M","T","M","M","?","E","R","E","T","R","$","M","E","?","R","B",null,"M","M","$","?"],"character_chosen":"IRONCLAD","items_purchased":["Immolate","Power Through"],"campfire_rested":1,"item_purchase_floors":[11,20],"current_hp_per_floor":[72,72,71,69,62,46,46,33,33,33,33,39,45,27,48,41,64,68,56,56,56,56],"gold":47,"neow_bonus":"REMOVE_TWO","is_daily":false,"chose_seed":false,"campfire_upgraded":2,"win_rate":0.0,"timestamp":1611833707,"path_taken":["M","?","M","M","?","E","R","E","T","R","?","M","E","?","R","BOSS","M","M","$","?"],"items_purchased_type":["Card","Card"],"build_version":"2020-12-22","purchased_purges":2,"victory":false,"max_hp_per_floor":[72,72,72,72,72,72,72,72,72,72,72,72,72,72,72,72,72,72,72,72,72,72],"card_choices":[{"not_picked":["Dropkick","Armaments"],"picked":"Battle Trance","floor":1},{"not_picked":["Battle Trance","Cleave"],"picked":"Twin Strike","floor":3},{"not_picked":["Entrench","Sword Boomerang"],"picked":"Carnage","floor":4},{"not_picked":["Headbutt","Wild Strike"],"picked":"Pommel Strike","floor":6},{"not_picked":["Rage","Reckless Charge"],"picked":"Burning Pact","floor":8},{"not_picked":["Body Slam","Cleave","Pommel Strike"],"picked":"SKIP","floor":12},{"not_picked":["Hemokinesis","Limit Break","Pommel Strike"],"picked":"SKIP","floor":13},{"not_picked":["Exhume","Double Tap"],"picked":"Reaper","floor":16},{"not_picked":["Whirlwind","Sword Boomerang+1"],"picked":"Spot Weakness","floor":18},{"not_picked":["Body Slam","Flex","Perfected Strike"],"picked":"SKIP","floor":19}],"player_experience":435289,"relics_obtained":[{"floor":2,"key":"Orichalcum"},{"floor":6,"key":"Letter Opener"},{"floor":8,"key":"Anchor"},{"floor":9,"key":"Thread and Needle"},{"floor":13,"key":"Gambling Chip"}],"event_choices":[{"damage_healed":0,"gold_gain":0,"player_choice":"Success","damage_taken":7,"relics_obtained":["InkBottle"],"max_hp_gain":0,"max_hp_loss":0,"event_name":"Scrap Ooze","floor":5,"gold_loss":0},{"damage_healed":0,"gold_gain":0,"player_choice":"Take Damage","damage_taken":18,"relics_obtained":["Golden Idol"],"max_hp_gain":0,"max_hp_loss":0,"event_name":"Golden Idol","floor":14,"gold_loss":0}],"is_beta":false,"boss_relics":[{"not_picked":["Calling Bell","Busted Crown"],"picked":"Black Blood"}],"items_purged_floors":[11,20],"is_endless":false,"potions_floor_spawned":[1,8,12,13,19],"ascension_level":11}}