{"host":"r53pw7z744tg3fxg","time":1611853867,"event":{"mods":["AchievementEnabler","BaseMod","Colored Map","Colored Powertips","Highlight Path","Minty Spire (QoL Compilation)","Quick Restart","Transform Curses"],"gold_per_floor":[114,114,125,135,153,153,179,179,226,240,240,271,285,312,312,388,388,402,402,402,232,250,250,270,270,270,270,270,281,10,10,10,10,10],"floor_reached":33,"language":"ENG","playtime":1863,"items_purged":[],"score":472,"play_id":"1d0ff2c3-c277-42c5-97d5-fa011c3436b4","local_time":"20210128101107","is_ascension_mode":true,"campfire_choices":[{"data":"Eruption","floor":6,"key":"SMITH"},{"data":"TalkToTheHand","floor":8,"key":"SMITH"},{"data":"DeusExMachina","floor":11,"key":"SMITH"},{"floor":15,"key":"REST"},{"floor":23,"key":"REST"},{"floor":25,"key":"REST"},{"floor":27,"key":"REST"},{"floor":32,"key":"REST"}],"circlet_count":0,"master_deck":["AscendersBane","Strike_P+1","Strike_P+1","Strike_P+1","Strike_P+1","Defend_P+1","Defend_P+1","Defend_P+1","Defend_P+1","Eruption+1","Vigilance","BowlingBash","TalkToTheHand+1","DeusExMachina+1","EmptyBody+1","Consecrate","FearNoEvil","CutThroughFate","FollowUp","SpiritShield","PathToVictory","LessonLearned","FlurryOfBlows","CarveReality","Flash of Steel","WaveOfTheHand","Ragnarok"],"relics":["PureWater","Shuriken","Tiny Chest","War Paint","Omamori","VioletLotus","StrikeDummy","Sundial","Matryoshka","Smiling Mask"],"acts_visited":["Exordium","TheCity"],"potions_floor_usage":[7,7,22,33],"damage_taken":[{"damage":3.0,"enemies":"Small Slimes","floor":1.0,"turns":4.0},{"damage":0,"enemies":"Cultist","floor":3,"turns":3},{"damage":0,"enemies":"Jaw Worm","floor":4,"turns":3},{"damage":2,"enemies":"Looter","floor":5,"turns":3},{"damage":4,"enemies":"Lagavulin","floor":7,"turns":5},{"damage":5,"enemies":"Exordium Thugs","floor":10,"turns":6},{"damage":9,"enemies":"3 Sentries","floor":12,"turns":7},{"damage":0,"enemies":"Exordium Wildlife","floor":13,"turns":2},{"damage":36,"enemies":"Hexaghost","floor":16,"turns":9},{"damage":15,"enemies":"Chosen","floor":18,"turns":7},{"damage":17,"enemies":"Shell Parasite","floor":22,"turns":5},{"damage":41,"enemies":"Shelled Parasite and Fungi","floor":24,"turns":6},{"damage":17,"enemies":"Snake Plant","floor":29,"turns":5},{"damage":90,"enemies":"Champ","floor":33,"turns":12}],"seed_played":"8919417606992164754","potions_obtained":[{"floor":3,"key":"SkillPotion"},{"floor":4,"key":"GamblersBrew"},{"floor":5,"key":"Strength Potion"},{"floor":16,"key":"ColorlessPotion"},{"floor":29,"key":"Block Potion"}],"is_trial":false,"path_per_floor":["M","?","M","M","M","R","E","R","T","M","R","E","M","T","R","B",null,"M","?","?","$","M","R","M","R","T","R","T","M","$","?","R","B"],"character_chosen":"WATCHER","items_purchased":["CarveReality","Flash of Steel","Matryoshka"],"campfire_rested":5,"item_purchase_floors":[21,21,30],"current_hp_per_floor":[64,64,64,64,62,62,58,58,58,53,53,44,44,44,66,30,63,48,48,48,48,31,53,12,34,34,56,56,39,39,39,61,0,0],"gold":10,"neow_bonus":"TEN_PERCENT_HP_BONUS","is_daily":false,"chose_seed":false,"campfire_upgraded":3,"win_rate":0.0,"timestamp":1611853867,"path_taken":["M","?","M","M","?","R","E","R","T","M","R","E","M","?","R","BOSS","M","?","?","$","M","R","M","R","T","R","?","?","?","?","R","BOSS"],"items_purchased_type":["Card","Card","Relic"],"build_version":"2020-12-22","purchased_purges":0,"victory":false,"max_hp_per_floor":[74,74,74,74,74,74,74,74,74,74,74,74,74,74,74,74,74,74,74,74,74,74,74,74,74,74,74,74,74,74,74,74,74,74],"card_choices":[{"not_picked":["Crescendo","Collect"],"picked":"BowlingBash","floor":1.0},{"not_picked":["ClearTheMind","Protect"],"picked":"Consecrate","floor":3},{"not_picked":["Crescendo","Consecrate"],"picked":"FearNoEvil","floor":4},{"not_picked":["Weave","JustLucky"],"picked":"CutThroughFate","floor":5},{"not_picked":["JustLucky","WaveOfTheHand","WreathOfFlame"],"picked":"SKIP","floor":7},{"not_picked":["BowlingBash","Fasting2"],"picked":"FollowUp","floor":10},{"not_picked":["Crescendo","Vengeance"],"picked":"SpiritShield","floor":12},{"not_picked":["CutThroughFate","FlurryOfBlows"],"picked":"PathToVictory","floor":13},{"not_picked":["Vault","Scrawl"],"picked":"LessonLearned","floor":16},{"not_picked":["PathToVictory","Tantrum"],"picked":"FlurryOfBlows","floor":18},{"not_picked":["FollowUp+1","Crescendo"],"picked":"WaveOfTheHand","floor":22},{"not_picked":["Study","TalkToTheHand"],"picked":"Ragnarok","floor":24},{"not_picked":["PathToVictory","TalkToTheHand","FollowUp"],"picked":"SKIP","floor":29}],"player_experience":1377934,"relics_obtained":[{"floor":7,"key":"Shuriken"},{"floor":9,"key":"Tiny Chest"},{"floor":12,"key":"War Paint"},{"floor":14,"key":"Omamori"},{"floor":26,"key":"StrikeDummy"},{"floor":28,"key":"Sundial"}],"event_choices":[{"damage_healed":0,"gold_gain":0,"player_choice":"3 cards matched","damage_taken":0,"max_hp_gain":0,"max_hp_loss":0,"event_name":"Match and Keep!","floor":2,"gold_loss":0,"cards_obtained":["TalkToTheHand","DeusExMachina","EmptyBody"]},{"damage_healed":0,"gold_gain":0,"player_choice":"Ignored","damage_taken":0,"max_hp_gain":0,"max_hp_loss":0,"event_name":"Vampires","floor":19,"gold_loss":0},{"damage_healed":0,"gold_gain":0,"player_choice":"Simplicity","damage_taken":0,"max_hp_gain":0,"max_hp_loss":0,"event_name":"Back to Basics","floor":20,"gold_loss":0,"cards_upgraded":["Strike_P","Strike_P","Strike_P","Strike_P","Defend_P","Defend_P"]},{"damage_healed":0,"gold_gain":0,"player_choice":"Opened","damage_taken":0,"relics_obtained":["Smiling Mask"],"max_hp_gain":0,"max_hp_loss":0,"event_name":"The Mausoleum","floor":31,"gold_loss":0,"cards_obtained":["Writhe"]}],"is_beta":false,"boss_relics":[{"not_picked":["Sozu","Runic Pyramid"],"picked":"VioletLotus"}],"items_purged_floors":[],"is_endless":false,"potions_floor_spawned":[3,4,5,16,24,29],"killed_by":"Champ","ascension_level":17}}