{"host":"zwezhz46a5cjkxff","time":1611824520,"event":{"mods":["AchievementEnabler","BaseMod","Colored Map","Colored Powertips","DeckTracker","Hermit","Marisa????????","Minty Spire (QoL Compilation)","Permanent Neow","Quick Restart","Rare Cards Sparkle","Relic Stats","Robot Space Explorer","StSLib","SuperFastMode","The Hierophant","The Servant 0.9.4","Weighted Paths","slay the spire mod where everything is the same but ironclad has a cowboy hat"],"gold_per_floor":[112,129,144,144,155,187,203,203,229,242,274,290,307,339,339,339,339],"floor_reached":16,"language":"ENG","playtime":579,"items_purged":[],"score":176,"play_id":"dd6c552d-134a-4c6c-915e-508a7d7413b9","local_time":"20210128030200","is_ascension_mode":false,"campfire_choices":[{"data":"WindmillStrike","floor":8,"key":"SMITH"},{"floor":15,"key":"REST"}],"circlet_count":0,"master_deck":["Strike_P","Strike_P","Strike_P","Strike_P","Defend_P","Defend_P","Defend_P","Eruption","Vigilance","CutThroughFate","Protect","DeusExMachina","WindmillStrike+1","CutThroughFate","Ragnarok"],"relics":["PureWater","Incense Burner","Smiling Mask","Orichalcum","Pen Nib"],"acts_visited":["Exordium"],"potions_floor_usage":[6,6,11,14,16],"damage_taken":[{"damage":6,"enemies":"2 Louse","floor":1,"turns":3},{"damage":0,"enemies":"Cultist","floor":2,"turns":2},{"damage":1,"enemies":"Jaw Worm","floor":3,"turns":2},{"damage":0,"enemies":"2 Fungi Beasts","floor":5,"turns":2},{"damage":0,"enemies":"Gremlin Nob","floor":6,"turns":2},{"damage":6,"enemies":"Lots of Slimes","floor":7,"turns":5},{"damage":2,"enemies":"Looter","floor":10,"turns":2},{"damage":0,"enemies":"Lagavulin","floor":11,"turns":2},{"damage":0,"enemies":"3 Louse","floor":12,"turns":2},{"damage":8,"enemies":"Exordium Thugs","floor":13,"turns":5},{"damage":13,"enemies":"Gremlin Nob","floor":14,"turns":5},{"damage":42,"enemies":"Hexaghost","floor":16,"turns":2}],"seed_played":"-8564725587078059932","potions_obtained":[{"floor":2,"key":"AttackPotion"},{"floor":5,"key":"Fire Potion"},{"floor":10,"key":"FearPotion"},{"floor":12,"key":"BottledMiracle"},{"floor":14,"key":"DistilledChaos"}],"is_trial":false,"path_per_floor":["M","M","M","?","M","E","M","R","T","M","E","M","M","E","R","B"],"character_chosen":"WATCHER","items_purchased":[],"campfire_rested":1,"item_purchase_floors":[],"current_hp_per_floor":[45,45,44,44,44,44,38,38,38,36,36,36,28,15,36,0,0],"gold":339,"neow_bonus":"ONE_RARE_RELIC","is_daily":false,"chose_seed":false,"campfire_upgraded":1,"win_rate":0.0,"timestamp":1611824520,"path_taken":["M","M","M","?","M","E","M","R","T","M","E","?","M","E","R","BOSS"],"items_purchased_type":[],"build_version":"2020-12-22","purchased_purges":0,"victory":false,"max_hp_per_floor":[72,72,72,72,72,72,72,72,72,72,72,72,72,72,72,72,72],"relic_stats":{"counters":[12,34],"Pen Nib":[0],"Orichalcum":[24],"Smiling Mask":0,"obtain_stats":[{"Pen Nib":14,"Incense Burner":0,"PureWater":0,"Orichalcum":11,"Smiling Mask":6},{"Pen Nib":11,"Incense Burner":0,"PureWater":0,"Orichalcum":8,"Smiling Mask":5},{"Pen Nib":32,"Incense Burner":0,"PureWater":0,"Orichalcum":20,"Smiling Mask":11}]},"card_choices":[{"not_picked":["ThirdEye","WheelKick"],"picked":"CutThroughFate","floor":1},{"not_picked":["FollowUp","PathToVictory","BowlingBash"],"picked":"SKIP","floor":2},{"not_picked":["FlurryOfBlows","SignatureMove"],"picked":"Protect","floor":3},{"not_picked":["Protect","ThirdEye","WaveOfTheHand"],"picked":"SKIP","floor":5},{"not_picked":["Perseverance","Halt"],"picked":"DeusExMachina","floor":6},{"not_picked":["PathToVictory","TalkToTheHand"],"picked":"WindmillStrike","floor":7},{"not_picked":["Evaluate","Prostrate"],"picked":"CutThroughFate","floor":10},{"not_picked":["SashWhip","EmptyFist","EmptyBody"],"picked":"SKIP","floor":11},{"not_picked":["ClearTheMind","Evaluate","Consecrate"],"picked":"SKIP","floor":12},{"not_picked":["Sanctity","Evaluate"],"picked":"Ragnarok","floor":13},{"not_picked":["Evaluate","CarveReality","ClearTheMind"],"picked":"SKIP","floor":14}],"player_experience":36987,"relics_obtained":[{"floor":6,"key":"Smiling Mask"},{"floor":11,"key":"Orichalcum"},{"floor":14,"key":"Pen Nib"}],"event_choices":[{"cards_removed":["Defend_P"],"damage_healed":0,"gold_gain":0,"player_choice":"Offered Basic","damage_taken":0,"max_hp_gain":0,"max_hp_loss":0,"event_name":"Bonfire Elementals","floor":4,"gold_loss":0}],"is_beta":false,"boss_relics":[],"items_purged_floors":[],"is_endless":false,"potions_floor_spawned":[2,5,10,12,14],"killed_by":"Hexaghost","ascension_level":0}}