{"host":"7gewg82ormp6yt4e","time":1611846789,"event":{"mods":["BaseMod","Block Reminder","Colored Map","DeckTracker","Highlight Path","Minty Spire (QoL Compilation)","Relic Stats","StSLib","ojb\u0027s Info Mod"],"gold_per_floor":[115,115,133,149,163,195,195,195,195,222,222,240,258,258,258,332,332,345,345,359,372,422,422,439,439,439],"floor_reached":25,"language":"JPN","playtime":1573,"items_purged":[],"score":430,"play_id":"d9ab4388-67f9-490f-9b65-a0e4ab40e952","local_time":"20210129001309","is_ascension_mode":true,"campfire_choices":[{"data":"Barrage","floor":7.0,"key":"SMITH"},{"data":"Self Repair","floor":11.0,"key":"SMITH"},{"data":"Chaos","floor":15.0,"key":"SMITH"},{"data":"Hyperbeam","floor":23.0,"key":"SMITH"}],"circlet_count":0,"master_deck":["AscendersBane","Strike_B","Strike_B","Strike_B","Defend_B","Defend_B","Defend_B","Defend_B","Zap","Dualcast","Scrape","Scrape","Glacier","Coolheaded","Barrage+1","Rainbow+1","Self Repair+1","Rebound","Chaos+1","Hyperbeam+1","Glacier","Core Surge","Aggregate","Zap","Steam Power+1","Beam Cell"],"relics":["Cracked Core","NeowsBlessing","Ornamental Fan","TungstenRod","Emotion Chip","Nuclear Battery"],"acts_visited":["Exordium","TheCity"],"potions_floor_usage":[25],"damage_taken":[{"damage":0.0,"enemies":"Jaw Worm","floor":1.0,"turns":1.0},{"damage":0.0,"enemies":"Cultist","floor":3.0,"turns":1.0},{"damage":0.0,"enemies":"Small Slimes","floor":4.0,"turns":1.0},{"damage":4.0,"enemies":"3 Louse","floor":5.0,"turns":5.0},{"damage":2.0,"enemies":"3 Sentries","floor":6.0,"turns":12.0},{"damage":1.0,"enemies":"Gremlin Nob","floor":10.0,"turns":3.0},{"damage":6.0,"enemies":"Lots of Slimes","floor":12.0,"turns":5.0},{"damage":7.0,"enemies":"Blue Slaver","floor":13.0,"turns":3.0},{"damage":4.0,"enemies":"The Guardian","floor":16.0,"turns":8.0},{"damage":13.0,"enemies":"Shell Parasite","floor":18.0,"turns":5.0},{"damage":11.0,"enemies":"Spheric Guardian","floor":20.0,"turns":7.0},{"damage":12.0,"enemies":"Centurion and Healer","floor":21.0,"turns":15.0},{"damage":17.0,"enemies":"Snecko","floor":24.0,"turns":4.0},{"damage":78,"enemies":"Gremlin Leader","floor":25,"turns":9}],"seed_played":"-5247737407030266329","potions_obtained":[{"floor":4.0,"key":"AttackPotion"},{"floor":6.0,"key":"Strength Potion"},{"floor":10.0,"key":"Block Potion"},{"floor":12.0,"key":"GamblersBrew"},{"floor":16.0,"key":"Ancient Potion"},{"floor":21.0,"key":"Dexterity Potion"}],"is_trial":false,"path_per_floor":["M","?","M","M","M","E","R","?","T","E","R","M","M","?","R","B",null,"M","?","M","M","?","R","M","E"],"character_chosen":"DEFECT","items_purchased":[],"campfire_rested":0,"item_purchase_floors":[],"current_hp_per_floor":[64,64,64,64,60,58,58,58,58,57,57,61,64,64,64,70,71,68,68,67,65,65,65,58,0,0],"gold":439,"neow_bonus":"THREE_ENEMY_KILL","is_daily":false,"chose_seed":false,"campfire_upgraded":4,"win_rate":0.0,"timestamp":1611846789,"path_taken":["M","?","?","M","M","E","R","?","T","E","R","M","M","?","R","BOSS","M","?","?","M","?","R","M","E"],"items_purchased_type":[],"build_version":"2020-12-22","purchased_purges":0,"victory":false,"max_hp_per_floor":[71,71,71,71,71,71,71,71,71,71,71,71,71,71,71,71,71,71,71,71,71,71,71,71,71,71],"relic_stats":{"Emotion Chip":[44,16,19,8,1],"counters":[14,79],"Ornamental Fan":[24],"obtain_stats":[{"Emotion Chip":10,"NeowsBlessing":0,"Ornamental Fan":6,"Cracked Core":0,"TungstenRod":9,"Nuclear Battery":17},{"Emotion Chip":6,"NeowsBlessing":0,"Ornamental Fan":5,"Cracked Core":0,"TungstenRod":5,"Nuclear Battery":9},{"Emotion Chip":23,"NeowsBlessing":0,"Ornamental Fan":20,"Cracked Core":0,"TungstenRod":20,"Nuclear Battery":39}],"TungstenRod":22},"card_choices":[{"not_picked":["Redo","Stack"],"picked":"Scrape","floor":1.0},{"not_picked":["Consume","Hello World"],"picked":"Glacier","floor":3.0},{"not_picked":["Steam","Conserve Battery"],"picked":"Coolheaded","floor":4.0},{"not_picked":["Auto Shields","Scrape"],"picked":"Barrage","floor":5.0},{"not_picked":["Consume","Turbo"],"picked":"Rainbow","floor":6.0},{"not_picked":["Darkness","Force Field"],"picked":"Self Repair","floor":10.0},{"not_picked":["Gash","Steam"],"picked":"Rebound","floor":12.0},{"not_picked":["Stack","Go for the Eyes"],"picked":"Chaos","floor":13.0},{"not_picked":["Echo Form","Seek"],"picked":"Hyperbeam","floor":16.0},{"not_picked":["Rip and Tear+1","Hologram"],"picked":"Glacier","floor":18.0},{"not_picked":["Turbo","Streamline"],"picked":"Steam Power+1","floor":20.0},{"not_picked":["Auto Shields+1","Redo","Stack"],"picked":"SKIP","floor":21.0},{"not_picked":["Sweeping Beam","Cold Snap"],"picked":"Beam Cell","floor":24.0}],"player_experience":2716484,"relics_obtained":[{"floor":6.0,"key":"Ornamental Fan"},{"floor":9.0,"key":"TungstenRod"},{"floor":10.0,"key":"Emotion Chip"}],"event_choices":[{"damage_healed":0.0,"max_hp_gain":0.0,"max_hp_loss":0.0,"gold_gain":0.0,"cards_transformed":["Strike_B"],"event_name":"Transmorgrifier","player_choice":"Transformed","floor":2.0,"gold_loss":0.0,"damage_taken":0.0,"cards_obtained":["Scrape"]},{"damage_healed":0.0,"max_hp_gain":0.0,"max_hp_loss":0.0,"gold_gain":0.0,"event_name":"Living Wall","player_choice":"Grow","floor":8.0,"gold_loss":0.0,"damage_taken":0.0,"cards_upgraded":["Rainbow"]},{"damage_healed":0.0,"max_hp_gain":0.0,"max_hp_loss":0.0,"gold_gain":0.0,"event_name":"Liars Game","player_choice":"Ignored","floor":14.0,"gold_loss":0.0,"damage_taken":0.0},{"damage_healed":0.0,"max_hp_gain":0.0,"max_hp_loss":0.0,"gold_gain":0.0,"event_name":"Match and Keep!","player_choice":"3 cards matched","floor":19.0,"gold_loss":0.0,"damage_taken":0.0,"cards_obtained":["Core Surge","Aggregate","Zap"]},{"damage_healed":0.0,"max_hp_gain":0.0,"max_hp_loss":0.0,"gold_gain":50.0,"event_name":"Nest","player_choice":"Stole From Cult","floor":22.0,"gold_loss":0.0,"damage_taken":0.0}],"is_beta":false,"boss_relics":[{"not_picked":["Ectoplasm","Cursed Key"],"picked":"Nuclear Battery"}],"items_purged_floors":[],"is_endless":false,"potions_floor_spawned":[4,6,10,12,16,21],"killed_by":"Gremlin Leader","ascension_level":20}}