{"host":"7jl348xfsxr8glry","time":1611811067,"event":{"mods":["AchievementEnabler","BaseMod","Colored Map","Minty Spire (QoL Compilation)","Random Character Button","Unceasing Turn Reminder"],"gold_per_floor":[114,114,114,134,209,242,242,13,13,27,41,57,57,76,76,176,176,194,194,32,50,62,62,95,95,95,10,40,40,40,52,52,154,154,168,168,218,17,17,51,66,119,145,145,165,165,165,180,180,180,180,180,33,63,63],"floor_reached":56,"language":"ENG","playtime":2863,"items_purged":["Decay","Strike_G"],"score":1307,"play_id":"2a9cdb30-e988-4f39-b48e-7b73273de146","local_time":"20210128161747","is_ascension_mode":true,"campfire_choices":[{"data":"Infinite Blades","floor":7,"key":"SMITH"},{"floor":13,"key":"REST"},{"floor":15,"key":"REST"},{"floor":23,"key":"REST"},{"floor":25,"key":"REST"},{"floor":29,"key":"REST"},{"data":"A Thousand Cuts","floor":32,"key":"SMITH"},{"floor":44,"key":"REST"},{"floor":46,"key":"RECALL"},{"data":"Adrenaline","floor":49,"key":"SMITH"},{"data":"Blade Dance","floor":52,"key":"SMITH"}],"circlet_count":0,"master_deck":["Strike_G","Strike_G","Strike_G","Strike_G","Defend_G+1","Defend_G+1","Defend_G","Defend_G","Defend_G","Survivor","Neutralize","Dodge and Roll","Infinite Blades+1","A Thousand Cuts+1","Blade Dance+1","Infinite Blades","Quick Slash","Adrenaline+1","Dodge and Roll","Quick Slash","Slice+1","Footwork","Cloak And Dagger+1","Blade Dance+1","Blind","Terror+1","Infinite Blades"],"relics":["Ring of the Snake","NeowsBlessing","Regal Pillow","Tough Bandages","Membership Card","War Paint","Kunai","WristBlade","Ninja Scroll","Shuriken","Bottled Tornado","Strawberry","Molten Egg 2","SacredBark","Dead Branch","Bag of Marbles","PreservedInsect","Thread and Needle","CaptainsWheel","MealTicket","Vajra","Oddly Smooth Stone"],"acts_visited":["Exordium","TheCity","TheBeyond","TheEnding"],"potions_floor_usage":[12,16,28,28,40,41,50,50,55,55,55],"damage_taken":[{"damage":0,"enemies":"Cultist","floor":1,"turns":1},{"damage":0,"enemies":"Jaw Worm","floor":4,"turns":1},{"damage":0,"enemies":"Gremlin Nob","floor":6,"turns":1},{"damage":3,"enemies":"2 Louse","floor":10,"turns":3},{"damage":1,"enemies":"Blue Slaver","floor":11,"turns":4},{"damage":33,"enemies":"Gremlin Gang","floor":12,"turns":4},{"damage":11,"enemies":"Exordium Thugs","floor":14,"turns":5},{"damage":27,"enemies":"Hexaghost","floor":16,"turns":12},{"damage":22,"enemies":"2 Thieves","floor":18,"turns":4},{"damage":2,"enemies":"Shell Parasite","floor":21,"turns":4},{"damage":6,"enemies":"Sentry and Sphere","floor":22,"turns":4},{"damage":18,"enemies":"Gremlin Leader","floor":24,"turns":7},{"damage":42,"enemies":"Slavers","floor":28,"turns":4},{"damage":0,"enemies":"3 Cultists","floor":31,"turns":3},{"damage":30,"enemies":"Champ","floor":33,"turns":7},{"damage":21,"enemies":"3 Shapes","floor":35,"turns":2},{"damage":0,"enemies":"Mind Bloom Boss Battle","floor":37,"turns":4},{"damage":0,"enemies":"Reptomancer","floor":40,"turns":3},{"damage":0,"enemies":"3 Darklings","floor":41,"turns":3},{"damage":13,"enemies":"2 Orb Walkers","floor":42,"turns":2},{"damage":0,"enemies":"Transient","floor":45,"turns":5},{"damage":1,"enemies":"Jaw Worm Horde","floor":48,"turns":2},{"damage":28,"enemies":"Donu and Deca","floor":50,"turns":6},{"damage":25,"enemies":"Shield and Spear","floor":54,"turns":3},{"damage":34,"enemies":"The Heart","floor":55,"turns":7}],"seed_played":"9024686212804410686","potions_obtained":[{"floor":1,"key":"Weak Potion"},{"floor":6,"key":"LiquidMemories"},{"floor":16,"key":"Swift Potion"},{"floor":21,"key":"Strength Potion"},{"floor":24,"key":"SteroidPotion"},{"floor":28,"key":"DuplicationPotion"},{"floor":31,"key":"Energy Potion"},{"floor":40,"key":"Block Potion"},{"floor":41,"key":"ColorlessPotion"}],"is_trial":false,"path_per_floor":["M","?","T","M","?","E","R","$","T","M","M","M","R","M","R","B",null,"M","?","$","M","M","R","E","R","T","?","E","R","$","M","R","B",null,"M","?","?","$","$","E","M","?","T","R","M","R","?","M","R","B",null,"R","$","E","B",null],"character_chosen":"THE_SILENT","items_purchased":["Membership Card","War Paint","Ninja Scroll","Bag of Marbles","PreservedInsect","Vajra","CunningPotion","DistilledChaos"],"campfire_rested":6,"item_purchase_floors":[8,8,20,38,38,53,53,53],"current_hp_per_floor":[70,67,67,67,56,56,56,56,56,53,52,19,55,44,70,43,70,48,48,48,46,40,70,52,70,70,77,35,73,73,73,73,43,77,56,56,56,56,56,56,56,43,43,77,77,77,77,76,76,48,77,77,77,52,18],"gold":63,"neow_bonus":"THREE_ENEMY_KILL","is_daily":false,"chose_seed":false,"campfire_upgraded":4,"win_rate":0.0,"timestamp":1611811067,"path_taken":["M","?","?","M","?","E","R","?","T","M","?","M","R","M","R","BOSS","M","?","$","M","M","R","E","R","T","?","E","R","?","M","R","BOSS","M","?","?","?","$","E","?","?","T","R","M","R","?","M","R","BOSS","R","$","E","BOSS"],"items_purchased_type":["Relic","Relic","Relic","Relic","Relic","Relic","Potion","Potion"],"build_version":"2020-12-22","purchased_purges":2,"victory":true,"max_hp_per_floor":[70,70,70,70,70,70,70,70,70,70,70,70,70,70,70,70,70,70,70,70,70,70,70,70,70,70,77,77,77,77,77,77,77,77,77,77,77,77,77,77,77,77,77,77,77,77,77,77,77,77,77,77,77,77,77],"card_choices":[{"not_picked":["All Out Attack","Cloak And Dagger"],"picked":"Dodge and Roll","floor":1},{"not_picked":["Quick Slash","Outmaneuver"],"picked":"Infinite Blades","floor":4},{"not_picked":["Well Laid Plans","Terror"],"picked":"A Thousand Cuts","floor":6},{"not_picked":["Bouncing Flask","Terror"],"picked":"Blade Dance","floor":10},{"not_picked":["Deadly Poison","Eviscerate","Dash"],"picked":"SKIP","floor":11},{"not_picked":["Skewer","Choke"],"picked":"Infinite Blades","floor":12},{"not_picked":["Dagger Throw","Poisoned Stab"],"picked":"Quick Slash","floor":14},{"not_picked":["Die Die Die","Doppelganger"],"picked":"Adrenaline","floor":16},{"not_picked":["Dagger Throw+1","Sucker Punch"],"picked":"Dodge and Roll","floor":18},{"not_picked":["Footwork","PiercingWail","Dagger Throw"],"picked":"SKIP","floor":21},{"not_picked":["Catalyst","Underhanded Strike"],"picked":"Quick Slash","floor":22},{"not_picked":["Reflex","Escape Plan"],"picked":"Slice+1","floor":24},{"not_picked":["Well Laid Plans+1","Deadly Poison","Envenom"],"picked":"SKIP","floor":28},{"not_picked":["Dodge and Roll","Predator+1"],"picked":"Footwork","floor":31},{"not_picked":["Deflect","Noxious Fumes","Dagger Throw+1"],"picked":"SKIP","floor":35},{"not_picked":["Bouncing Flask+1","Well Laid Plans+1"],"picked":"Cloak And Dagger+1","floor":37},{"not_picked":["Concentrate+1","Doppelganger","PiercingWail+1"],"picked":"SKIP","floor":40},{"not_picked":["Choke+1","Deadly Poison+1","Dagger Throw+1"],"picked":"SKIP","floor":41},{"not_picked":["Bane+1","Slice+1"],"picked":"Blade Dance+1","floor":42},{"not_picked":["Catalyst","Choke+1","PiercingWail"],"picked":"SKIP","floor":45},{"not_picked":["Violence","Jack Of All Trades"],"picked":"Blind","floor":47},{"not_picked":["Predator+1","Deadly Poison"],"picked":"Terror+1","floor":48},{"not_picked":["Expertise","Dagger Throw+1"],"picked":"Infinite Blades","floor":54}],"player_experience":149110,"relics_obtained":[{"floor":6,"key":"Tough Bandages"},{"floor":9,"key":"Kunai"},{"floor":24,"key":"Shuriken"},{"floor":26,"key":"Bottled Tornado"},{"floor":28,"key":"Molten Egg 2"},{"floor":37,"key":"Dead Branch"},{"floor":40,"key":"Thread and Needle"},{"floor":42,"key":"CaptainsWheel"},{"floor":43,"key":"MealTicket"},{"floor":54,"key":"Oddly Smooth Stone"}],"event_choices":[{"damage_healed":0,"gold_gain":0,"player_choice":"Success","damage_taken":3,"relics_obtained":["Regal Pillow"],"max_hp_gain":0,"max_hp_loss":0,"event_name":"Scrap Ooze","floor":2,"gold_loss":0},{"damage_healed":0,"gold_gain":75,"player_choice":"Gather Gold","damage_taken":11,"max_hp_gain":0,"max_hp_loss":0,"event_name":"World of Goop","floor":5,"gold_loss":0},{"damage_healed":0,"gold_gain":0,"player_choice":"Smashed Altar","damage_taken":0,"max_hp_gain":0,"max_hp_loss":0,"event_name":"Forgotten Altar","floor":19,"gold_loss":0,"cards_obtained":["Decay"]},{"damage_healed":0,"gold_gain":0,"player_choice":"Obtained Relic","damage_taken":0,"relics_obtained":["Strawberry"],"max_hp_gain":0,"max_hp_loss":0,"event_name":"Addict","floor":27,"gold_loss":85},{"damage_healed":0,"gold_gain":0,"player_choice":"Ignored","damage_taken":0,"max_hp_gain":0,"max_hp_loss":0,"event_name":"Tomb of Lord Red Mask","floor":36,"gold_loss":0},{"damage_healed":0,"gold_gain":0,"player_choice":"Fight","damage_taken":0,"max_hp_gain":0,"max_hp_loss":0,"event_name":"MindBloom","floor":37,"gold_loss":0},{"damage_healed":0,"gold_gain":0,"player_choice":"Fight","damage_taken":0,"max_hp_gain":0,"max_hp_loss":0,"event_name":"Mysterious Sphere","floor":42,"gold_loss":0},{"damage_healed":0,"gold_gain":0,"player_choice":"Memory 1","damage_taken":0,"max_hp_gain":0,"max_hp_loss":0,"event_name":"SensoryStone","floor":47,"gold_loss":0}],"is_beta":false,"boss_relics":[{"not_picked":["Calling Bell","Astrolabe"],"picked":"WristBlade"},{"not_picked":["Coffee Dripper","Philosopher\u0027s Stone"],"picked":"SacredBark"}],"items_purged_floors":[20,38],"is_endless":false,"potions_floor_spawned":[1,6,16,21,24,28,31,40,41],"ascension_level":2}}