{"host":"xmr2g8b7eju0288o","time":1611845401,"event":{"mods":["100% Spire Juice","AchievementEnabler","BaseMod","Colored Map","Colored Powertips","KOR Keyword Fix","Minty Spire (QoL Compilation)","Quick Restart","Spicy Shops","StSLib","SuperFastMode"],"gold_per_floor":[50,61,81,81,100,100,100,131,156,156,171,171,7,37,37,112,112,125,125,125,142,161,161,161],"floor_reached":23,"language":"KOR","playtime":558,"items_purged":[],"score":402,"play_id":"ea77d759-2c91-45e7-866a-c6c6d18f5a44","local_time":"20210128235001","daily_mods":["Heirloom","DeadlyEvents"],"is_ascension_mode":true,"campfire_choices":[{"data":"Moonworks:EvilSpyWorkPreparation","floor":6.0,"key":"SMITH"},{"data":"Moonworks:Flamethrower","floor":10,"key":"SMITH"},{"floor":12,"key":"REST"},{"floor":15,"key":"REST"}],"circlet_count":0,"master_deck":["AscendersBane","Moonworks:Strike","Moonworks:Strike","Moonworks:Strike","Moonworks:Defend","Moonworks:Defend","Moonworks:Defend","Moonworks:Defend","Moonworks:Ambush","Moonworks:LongDistanceShot","Moonworks:EvilSpyWorkPreparation+1","Moonworks:SakisCookie","Moonworks:EvilSpyWorkPreparation+1","Moonworks:Flamethrower+1","Moonworks:JonathanRush","Moonworks:AnotherUltimateWeapon","Moonworks:EvilSpyWorkPreparation"],"relics":["Moonworks:BrokenBomb","Moonworks:Homemark","Old Coin","Centennial Puzzle","Blood Vial","Orichalcum","Tiny Chest","SacredBark"],"acts_visited":["Exordium","TheCity"],"potions_floor_usage":[8,8,14,22,23],"damage_taken":[{"damage":5.0,"enemies":"Small Slimes","floor":1.0,"turns":3.0},{"damage":0.0,"enemies":"Cultist","floor":2.0,"turns":3.0},{"damage":5.0,"enemies":"Jaw Worm","floor":3.0,"turns":3.0},{"damage":12.0,"enemies":"Lots of Slimes","floor":5.0,"turns":2.0},{"damage":8,"enemies":"Gremlin Nob","floor":8,"turns":3},{"damage":13,"enemies":"3 Louse","floor":11,"turns":3},{"damage":3,"enemies":"3 Sentries","floor":14,"turns":2},{"damage":5,"enemies":"Slime Boss","floor":16,"turns":7},{"damage":0,"enemies":"Spheric Guardian","floor":18,"turns":3},{"damage":12,"enemies":"Chosen","floor":21,"turns":4},{"damage":15,"enemies":"Snecko","floor":22,"turns":5},{"damage":21,"enemies":"Gremlin Leader","floor":23,"turns":2}],"seed_played":"-6306829101859979489","potions_obtained":[{"floor":1.0,"key":"BlessingOfTheForge"},{"floor":5.0,"key":"BlessingOfTheForge"},{"floor":11,"key":"Regen Potion"},{"floor":18,"key":"SteroidPotion"},{"floor":21,"key":"Energy Potion"}],"is_trial":true,"path_per_floor":["M","M","M","?","M","R","?","E","T","R","M","R","$","E","R","B",null,"M","?","?","M","M","E"],"character_chosen":"THE_STARBREAKER","items_purchased":["Orichalcum"],"campfire_rested":2,"item_purchase_floors":[13],"current_hp_per_floor":[45,45,42,35,23,23,23,15,15,15,6,22,22,21,37,34,50,52,52,38,28,15,0,0],"gold":161,"neow_bonus":"","is_daily":false,"chose_seed":false,"campfire_upgraded":2,"win_rate":0.0,"timestamp":1611845401,"path_taken":["M","M","M","?","M","R","?","?","T","R","?","R","$","?","R","BOSS","M","?","?","M","?","E"],"items_purchased_type":["Relic"],"build_version":"2020-12-22","purchased_purges":0,"victory":false,"max_hp_per_floor":[55,55,55,55,55,55,55,55,55,55,55,55,55,55,55,55,55,55,55,60,60,60,60,60],"card_choices":[{"not_picked":["Moonworks:RedAndBlue","Moonworks:SakisCookie"],"picked":"Moonworks:EvilSpyWorkPreparation","floor":1.0},{"not_picked":["Moonworks:MixPhenomenon","Moonworks:IndiscriminateFireSupport"],"picked":"Moonworks:SakisCookie","floor":2.0},{"not_picked":["Moonworks:Assault","Moonworks:WindyEnchantment","Moonworks:SakisCookie"],"picked":"SKIP","floor":3.0},{"not_picked":["Moonworks:DeployBits","Moonworks:Heat300Percent"],"picked":"Moonworks:EvilSpyWorkPreparation","floor":5.0},{"not_picked":["Moonworks:CompletionReward","Moonworks:SakisCookie"],"picked":"Moonworks:Flamethrower","floor":8},{"not_picked":["Moonworks:Assault","Moonworks:MiracleWalker","Moonworks:ImmovableObject"],"picked":"SKIP","floor":11},{"not_picked":["Moonworks:MetallicMonocoque","Moonworks:PlushieMaster"],"picked":"Moonworks:JonathanRush","floor":14},{"not_picked":["Moonworks:FinalBattle","Moonworks:ReflectiveShell"],"picked":"Moonworks:AnotherUltimateWeapon","floor":16},{"not_picked":["Moonworks:SakisCookie","Moonworks:DeployBits","Moonworks:FullSpeedAlicianrone"],"picked":"SKIP","floor":18},{"not_picked":["Moonworks:AngelHand","Moonworks:IndiscriminateFireSupport","Moonworks:BigMagnum+1"],"picked":"SKIP","floor":21},{"not_picked":["Moonworks:MiracleWalker","Moonworks:ExtendedPhotonRifle","Moonworks:DeployBits"],"picked":"SKIP","floor":22}],"player_experience":111746,"relics_obtained":[{"floor":8,"key":"Centennial Puzzle"},{"floor":9,"key":"Blood Vial"},{"floor":14,"key":"Tiny Chest"}],"event_choices":[{"cards_removed":["Moonworks:Strike"],"damage_healed":0.0,"max_hp_gain":0.0,"max_hp_loss":0.0,"gold_gain":0.0,"event_name":"Golden Wing","player_choice":"Card Removal","floor":4.0,"gold_loss":0.0,"damage_taken":7.0},{"damage_healed":0.0,"max_hp_gain":0.0,"max_hp_loss":0.0,"gold_gain":0.0,"event_name":"Accursed Blacksmith","player_choice":"Forge","floor":7.0,"gold_loss":0.0,"damage_taken":0.0,"cards_upgraded":["Moonworks:EvilSpyWorkPreparation"]},{"damage_healed":0,"gold_gain":0,"player_choice":"Read","damage_taken":0,"max_hp_gain":0,"max_hp_loss":0,"event_name":"The Library","floor":19,"gold_loss":0,"cards_obtained":["Moonworks:EvilSpyWorkPreparation"]},{"damage_healed":0,"gold_gain":0,"player_choice":"Shed Blood","damage_taken":19,"max_hp_gain":5,"max_hp_loss":0,"event_name":"Forgotten Altar","floor":20,"gold_loss":0}],"is_beta":false,"boss_relics":[{"not_picked":["Astrolabe","Ectoplasm"],"picked":"SacredBark"}],"items_purged_floors":[],"is_endless":true,"potions_floor_spawned":[1,5,11,18,21],"killed_by":"Gremlin Leader","ascension_level":20}}