{"host":"52jmisti11ysmja4","time":1611806831,"event":{"mods":["Aspiration","BaseMod","Better Third Choice","Minty Spire (QoL Compilation)","Remove Card Discount Mod","StSLib","The Bug Knight","The Marked"],"gold_per_floor":[118,193,193,193,208,208,233,245,245,276,287,222,222,254,254,354,354,368,81,81,81,81,106,119,144,144,175,208,238,238,250,250,346,346,365,365,365,66,83,118,118,148,148,7,34,93,435,463,463,463],"floor_reached":51,"language":"ENG","playtime":4564,"items_purged":["theMarked:Strike","theMarked:Defend","theMarked:Defend","theMarked:Defend","theMarked:SoldierOfQuellstein","theMarked:Strike","theMarked:Strike","theMarked:Strike","theMarked:Strike","theMarked:Generate","theMarked:BanishingStrike","theMarked:BanishingStrike"],"score":1233,"play_id":"f50d8618-6e3e-458e-a09b-aca1fddf101e","local_time":"20210127200711","is_ascension_mode":true,"campfire_choices":[{"data":"theMarked:TheMission","floor":6,"key":"SMITH"},{"data":"theMarked:Heritage","floor":13,"key":"SMITH"},{"data":"theMarked:Seal","floor":15,"key":"SMITH"},{"floor":30,"key":"REST"},{"data":"theMarked:Vacuum","floor":32,"key":"SMITH"},{"data":"theMarked:Determination","floor":49,"key":"SMITH"}],"circlet_count":0,"master_deck":["theMarked:TheMission+1","theMarked:Determination+1","theMarked:Heritage+1","theMarked:Seal+1","theMarked:WardOff","theMarked:Vacuum+1","theMarked:SuspiciousRaven","theMarked:SuspiciousRaven","theMarked:Memento+1","theMarked:Abjuration","theMarked:BanishingWave+1","theMarked:Abjuration"],"relics":["theMarked:ArtifactOfAir","NeowsBlessing","Darkstone Periapt","aspiration:SeaSaltIceCream","NeowsBlessing","HornCleat","theMarked:DemonDagger","Philosopher\u0027s Stone","aspiration:HatOfInfinitePower","Strawberry","Girya","aspiration:DSix","WingedGreaves","aspiration:AnachronicSnailShell","Mummified Hand","SlaversCollar","CeramicFish","Bag of Preparation","Pantograph","theMarked:NailFile","aspiration:StickyExplosives_weak","Eternal Feather","Ginger","Old Coin","HollowMod:LifeEnderRelic"],"acts_visited":["Exordium","TheCity","TheBeyond"],"potions_floor_usage":[12,14],"damage_taken":[{"damage":0,"enemies":"Small Slimes","floor":1,"turns":1},{"damage":0,"enemies":"2 Louse","floor":5,"turns":1},{"damage":0,"enemies":"Lagavulin","floor":7,"turns":1},{"damage":1,"enemies":"Cultist","floor":8,"turns":3},{"damage":0,"enemies":"3 Sentries","floor":10,"turns":2},{"damage":0,"enemies":"Large Slime","floor":11,"turns":1},{"damage":0,"enemies":"Gremlin Nob","floor":14,"turns":1},{"damage":2,"enemies":"The Guardian","floor":16,"turns":5},{"damage":8,"enemies":"2 Thieves","floor":18,"turns":3},{"damage":6,"enemies":"Gremlin Leader","floor":23,"turns":2},{"damage":0,"enemies":"3 Byrds","floor":24,"turns":3},{"damage":10,"enemies":"Slavers","floor":25,"turns":3},{"damage":16,"enemies":"HollowMod:Nosk","floor":27,"turns":2},{"damage":3,"enemies":"Book of Stabbing","floor":28,"turns":3},{"damage":16,"enemies":"Gremlin Leader","floor":29,"turns":2},{"damage":1,"enemies":"Shelled Parasite and Fungi","floor":31,"turns":3},{"damage":2,"enemies":"Automaton","floor":33,"turns":6},{"damage":0,"enemies":"3 Shapes","floor":35,"turns":3},{"damage":0,"enemies":"Orb Walker","floor":39,"turns":2},{"damage":0,"enemies":"Reptomancer","floor":40,"turns":2},{"damage":0,"enemies":"Giant Head","floor":42,"turns":4},{"damage":0,"enemies":"Reptomancer","floor":45,"turns":2},{"damage":0,"enemies":"Mind Bloom Boss Battle","floor":46,"turns":2},{"damage":0,"enemies":"Giant Head","floor":47,"turns":4},{"damage":0,"enemies":"Nemesis","floor":48,"turns":3},{"damage":0,"enemies":"Donu and Deca","floor":50,"turns":4}],"seed_played":"-7610585827097592365","potions_obtained":[{"floor":7,"key":"Fire Potion"},{"floor":10,"key":"CultistPotion"},{"floor":11,"key":"Fruit Juice"},{"floor":14,"key":"SmokeBomb"},{"floor":18,"key":"theMarked:ChargePotion"},{"floor":23,"key":"PowerPotion"},{"floor":39,"key":"SteroidPotion"}],"is_trial":false,"path_per_floor":["M","?","?","?","M","R","E","M","T","E","M","$","R","E","R","B",null,"M","$","?","?","?","E","M","E","T","E","E","E","R","M","R","B",null,"M","$","?","$","M","E","R","E","T","$","E","?","E","E","R","B",null],"character_chosen":"THE_DEFAULT","items_purchased":["theMarked:WardOff","aspiration:HatOfInfinitePower","theMarked:SuspiciousRaven","Bag of Preparation","theMarked:Abjuration"],"campfire_rested":1,"item_purchase_floors":[12,19,38,38,44],"current_hp_per_floor":[70,59,59,59,59,59,59,58,58,58,58,63,63,63,63,61,75,67,67,67,67,67,68,68,58,58,42,39,23,47,46,46,44,82,82,82,82,82,82,82,82,82,82,82,82,82,82,82,82,82],"gold":463,"neow_bonus":"THREE_ENEMY_KILL","is_daily":false,"chose_seed":false,"campfire_upgraded":5,"win_rate":0.0,"timestamp":1611806831,"path_taken":["M","?","?","?","M","R","E","M","T","E","?","$","R","E","R","BOSS","M","$","?","?","?","E","?","E","T","E","E","E","R","M","R","BOSS","M","$","?","$","M","E","R","E","T","?","E","?","E","E","R","BOSS"],"items_purchased_type":["Card","Relic","Card","Relic","Card"],"build_version":"2020-12-22","purchased_purges":12,"victory":true,"max_hp_per_floor":[70,70,70,70,70,70,70,70,70,70,70,75,75,75,75,75,75,75,75,75,75,75,82,82,82,82,82,82,82,82,82,82,82,82,82,82,82,82,82,82,82,82,82,82,82,82,82,82,82,82],"card_choices":[{"not_picked":["theMarked:Parkour","theMarked:Memento"],"picked":"theMarked:TheMission","floor":1},{"not_picked":["theMarked:Improvise","theMarked:TwofoldDefense"],"picked":"theMarked:Determination","floor":5},{"not_picked":["theMarked:Parkour","theMarked:ElectricStrings"],"picked":"theMarked:Heritage","floor":7},{"not_picked":["theMarked:Improvise","theMarked:Convert","theMarked:Panic"],"picked":"SKIP","floor":8},{"not_picked":["theMarked:Indomitable","theMarked:Parkour"],"picked":"theMarked:Seal","floor":10},{"not_picked":["theMarked:CreepingChasm","theMarked:Reabsorb"],"picked":"theMarked:Generate","floor":11},{"not_picked":["theMarked:TakeCover","theMarked:SelfDefenseTraining"],"picked":"theMarked:BanishingStrike","floor":14},{"not_picked":["theMarked:Levitate","theMarked:EternalStudent"],"picked":"theMarked:Vacuum","floor":16},{"not_picked":["theMarked:ResourceFulStrike","theMarked:Determination+1","theMarked:RepellingDischarge"],"picked":"SKIP","floor":18},{"not_picked":["theMarked:PowerFlow","theMarked:Challenge","theMarked:Improvise+1"],"picked":"SKIP","floor":23},{"not_picked":["theMarked:RogueSparks","theMarked:KeepCalmAndFight","theMarked:SwordAndMagic"],"picked":"SKIP","floor":24},{"not_picked":["theMarked:TwofoldDefense","theMarked:Static","theMarked:TunnelVision"],"picked":"SKIP","floor":25},{"not_picked":["theMarked:ElectricStrings+1","theMarked:ResourceFulStrike","theMarked:EnhanceMovement+1"],"picked":"SKIP","floor":27},{"not_picked":["theMarked:EmpowerWeapon+1","theMarked:Generate","theMarked:HeightenedSenses+1"],"picked":"SKIP","floor":28},{"not_picked":["theMarked:RogueSparks","theMarked:RepellingDischarge","theMarked:ChannelForce"],"picked":"SKIP","floor":29},{"not_picked":["theMarked:Parkour+1","theMarked:SwordAndMagic","theMarked:TunnelVision"],"picked":"SKIP","floor":31},{"not_picked":["theMarked:DispelDoubt","theMarked:FavorableWinds"],"picked":"theMarked:SuspiciousRaven","floor":33},{"not_picked":["theMarked:StartUp+1","theMarked:HeightenedSenses","theMarked:Maelstrom"],"picked":"SKIP","floor":35},{"not_picked":["theMarked:WastefulAttack","theMarked:TwofoldDefense","theMarked:ChainLightning"],"picked":"SKIP","floor":39},{"not_picked":["theMarked:Frustration+1","theMarked:Seal"],"picked":"theMarked:Memento+1","floor":40},{"not_picked":["theMarked:ElectricStrings","theMarked:ChainLightning+1","theMarked:TwofoldDefense+1"],"picked":"SKIP","floor":42},{"not_picked":["theMarked:ResourceFulStrike+1","theMarked:TurnInvisible","theMarked:Reabsorb"],"picked":"SKIP","floor":45},{"not_picked":["theMarked:BanishingStrike+1","theMarked:Parkour"],"picked":"theMarked:BanishingWave+1","floor":46},{"not_picked":["theMarked:TwofoldDefense+1","theMarked:MysticalArsenal+1"],"picked":"theMarked:Abjuration","floor":47},{"not_picked":["theMarked:ComboAttacks","theMarked:RepellingDischarge","theMarked:Generate"],"picked":"SKIP","floor":48}],"player_experience":596017,"relics_obtained":[{"floor":7,"key":"Darkstone Periapt"},{"floor":9,"key":"aspiration:SeaSaltIceCream"},{"floor":10,"key":"HornCleat"},{"floor":14,"key":"theMarked:DemonDagger"},{"floor":23,"key":"Strawberry"},{"floor":25,"key":"Girya"},{"floor":26,"key":"aspiration:DSix"},{"floor":27,"key":"WingedGreaves"},{"floor":28,"key":"aspiration:AnachronicSnailShell"},{"floor":29,"key":"Mummified Hand"},{"floor":40,"key":"Pantograph"},{"floor":42,"key":"theMarked:NailFile"},{"floor":43,"key":"aspiration:StickyExplosives_weak"},{"floor":45,"key":"Eternal Feather"},{"floor":46,"key":"Ginger"},{"floor":47,"key":"Old Coin"},{"floor":48,"key":"HollowMod:LifeEnderRelic"}],"event_choices":[{"damage_healed":0,"gold_gain":75,"player_choice":"Gold","damage_taken":11,"max_hp_gain":0,"max_hp_loss":0,"event_name":"betterThird:BetterGoop","floor":2,"gold_loss":0},{"damage_healed":0,"gold_gain":0,"player_choice":"Ignored","damage_taken":0,"max_hp_gain":0,"max_hp_loss":0,"event_name":"Golden Wing","floor":3,"gold_loss":0},{"cards_removed":["theMarked:Defend"],"damage_healed":0,"gold_gain":0,"player_choice":"Offered Basic","damage_taken":0,"max_hp_gain":0,"max_hp_loss":0,"event_name":"Bonfire Elementals","floor":4,"gold_loss":0},{"damage_healed":0,"gold_gain":0,"player_choice":"Read","damage_taken":0,"max_hp_gain":0,"max_hp_loss":0,"event_name":"The Library","floor":21,"gold_loss":0,"cards_obtained":["theMarked:BanishingStrike"]},{"damage_healed":0,"gold_gain":0,"player_choice":"Simplicity","damage_taken":0,"max_hp_gain":0,"max_hp_loss":0,"event_name":"betterThird:BetterWriting","floor":22,"gold_loss":0},{"damage_healed":0,"gold_gain":0,"player_choice":"Gave Potion","damage_taken":0,"relics_obtained":["CeramicFish"],"max_hp_gain":0,"max_hp_loss":0,"event_name":"WeMeetAgain","floor":37,"gold_loss":0},{"damage_healed":0,"gold_gain":0,"player_choice":"Fight","damage_taken":0,"max_hp_gain":0,"max_hp_loss":0,"event_name":"MindBloom","floor":46,"gold_loss":0}],"is_beta":false,"boss_relics":[{"not_picked":["Cursed Key","Ectoplasm"],"picked":"Philosopher\u0027s Stone"},{"not_picked":["Black Star","SacredBark"],"picked":"SlaversCollar"}],"items_purged_floors":[12,12,12,12,12,12,12,12,12,38,44,44],"is_endless":false,"potions_floor_spawned":[7,10,11,14,18,23,25,27,29,35,39,42,47],"ascension_level":1}}