{"host":"nnt34ungdh9fkcmy","time":1611877889,"event":{"mods":["BaseMod","Downfall","Minty Spire (QoL Compilation)","StSLib","SuperFastMode"],"gold_per_floor":[99,114,114,114,126,126,208,224,256,256,156,182,182,197,214,317,317,317,327,327,32,32,45,72,72,100,200,42,42,42,53,67,163,163,63,73,84,184,414,432,432,432,432,442,457,99,99,127,137,137],"floor_reached":51,"language":"ENG","playtime":3054,"items_purged":["Guardian:RollAttack","Guardian:SpikerProtocol"],"score":986,"play_id":"61799a91-f409-4eab-ac46-dd1288c5933f","local_time":"20210128165129","is_ascension_mode":true,"campfire_choices":[{"data":"Guardian:DonusPower","floor":1,"key":"SMITH"},{"data":"Guardian:BaubleBeam","floor":11,"key":"SMITH"},{"data":"Guardian:CompilePackage","floor":18,"key":"SMITH"},{"floor":25,"key":"RECALL"},{"data":"Guardian:Orbwalk","floor":30,"key":"SMITH"},{"floor":35,"key":"REST"},{"floor":47,"key":"REST"}],"circlet_count":0,"master_deck":["Guardian:CurlUp","Guardian:TwinSlam","Guardian:DonusPower+1","Guardian:GemFire","Guardian:BaubleBeam+1","Guardian:Incinerate","Guardian:VentSteam","Guardian:BronzeOrb","Guardian:ChargeCore","Parasite","Guardian:CompilePackage+1","Guardian:TemporalShield+1","Guardian:Recover","Shame","Guardian:PiercingHide","Guardian:FuturePlans+1","Guardian:Orbwalk+1","Guardian:TimeSifter","Guardian:Clone","Guardian:DecasProtection+1"],"relics":["Pandora\u0027s Box","Question Card","downfall:HeartBlessingBlue","Oddly Smooth Stone","Cursed Key","Blue Candle","Bag of Marbles","Blood Vial","Pocketwatch","Gremlin Horn","MutagenicStrength","Fusion Hammer","downfall:HeartBlessingRed","Kunai","Strawberry"],"acts_visited":["Exordium","TheCity","TheBeyond"],"potions_floor_usage":[16,26,50,50],"damage_taken":[{"damage":12,"enemies":"Jaw Worm","floor":2,"turns":2},{"damage":0,"enemies":"Small Slimes","floor":5,"turns":2},{"damage":0,"enemies":"Cultist","floor":6,"turns":1},{"damage":0,"enemies":"Exordium Wildlife","floor":8,"turns":2},{"damage":17,"enemies":"Lagavulin","floor":9,"turns":5},{"damage":16,"enemies":"3 Sentries","floor":12,"turns":5},{"damage":0,"enemies":"2 Fungi Beasts","floor":14,"turns":1},{"damage":0,"enemies":"Lots of Slimes","floor":15,"turns":1},{"damage":37,"enemies":"DF_ARCHETYPE_STREAMLINE","floor":16,"turns":13},{"damage":0,"enemies":"Chosen","floor":19,"turns":4},{"damage":0,"enemies":"downfall:FleeingMerchant","floor":21,"turns":4},{"damage":0,"enemies":"Spheric Guardian","floor":23,"turns":1},{"damage":28,"enemies":"Slavers","floor":26,"turns":3},{"damage":1,"enemies":"Colosseum Nobs","floor":27,"turns":3},{"damage":4,"enemies":"downfall:FleeingMerchant","floor":28,"turns":4},{"damage":1,"enemies":"Shelled Parasite and Fungi","floor":31,"turns":3},{"damage":0,"enemies":"3 Cultists","floor":32,"turns":3},{"damage":2,"enemies":"SI_MIRROR_ARCHETYPE","floor":33,"turns":7},{"damage":0,"enemies":"3 Shapes","floor":36,"turns":1},{"damage":0,"enemies":"Orb Walker","floor":37,"turns":2},{"damage":10,"enemies":"downfall:FleeingMerchant","floor":39,"turns":3},{"damage":6,"enemies":"Spire Growth","floor":40,"turns":3},{"damage":4,"enemies":"Sphere and 2 Shapes","floor":44,"turns":4},{"damage":0,"enemies":"Writhing Mass","floor":45,"turns":2},{"damage":8,"enemies":"Reptomancer","floor":48,"turns":5},{"damage":0,"enemies":"3 Darklings","floor":49,"turns":1},{"damage":22,"enemies":"WA_ARCHETYPE_DIVINITY","floor":50,"turns":18}],"seed_played":"502510507002206106","potions_obtained":[{"floor":2,"key":"Explosive Potion"},{"floor":5,"key":"Energy Potion"},{"floor":8,"key":"ColorlessPotion"},{"floor":14,"key":"Strength Potion"},{"floor":22,"key":"downfall:CursedFountainPotion"},{"floor":23,"key":"Fire Potion"},{"floor":31,"key":"SmokeBomb"},{"floor":32,"key":"Energy Potion"},{"floor":33,"key":"LiquidMemories"}],"is_trial":false,"path_per_floor":["R","M","?","?","M","M","T","M","E","?","R","E","?","M","M","B",null,"R","M","?","$","?","M","T","R","E","?","$","?","R","M","M","B",null,"R","M","M","?","$","M","T","?","?","M","M","$","R","E","M","B",null],"character_chosen":"GUARDIAN","items_purchased":["Blue Candle","Guardian:SpikerProtocol","Guardian:Orbwalk","Kunai","CultistPotion"],"campfire_rested":2,"item_purchase_floors":[21,21,28,46,46],"current_hp_per_floor":[80,68,68,68,68,68,68,68,51,33,43,27,49,49,49,12,90,90,90,90,90,90,90,90,90,62,63,61,61,61,62,64,64,90,90,90,90,90,80,76,76,76,76,74,76,76,90,89,91,71],"gold":137,"neow_bonus":"BOSS_RELIC","is_daily":false,"chose_seed":false,"campfire_upgraded":4,"win_rate":0.0,"timestamp":1611877889,"path_taken":["R","M","?","?","M","M","T","?","E","?","R","E","?","M","M","BOSS","R","M","?","$","?","?","T","R","E","?","$","?","R","M","M","BOSS","R","M","M","?","$","?","T","?","?","M","M","$","R","E","M","BOSS"],"items_purchased_type":["Relic","Card","Card","Relic","Potion"],"build_version":"2020-12-22","purchased_purges":2,"victory":true,"max_hp_per_floor":[80,80,80,80,80,80,80,80,80,80,90,90,90,90,90,90,90,90,90,90,90,90,90,90,90,90,90,90,90,90,90,90,90,90,90,90,90,90,90,90,90,90,90,90,90,90,90,97,97,97],"card_choices":[{"not_picked":["Guardian:Recover","Guardian:EvasiveProtocol"],"picked":"Guardian:BronzeOrb","floor":2},{"not_picked":["Guardian:Planning","Guardian:Gem_Yellow","Guardian:WalkerClaw"],"picked":"SKIP","floor":5},{"not_picked":["Guardian:VentSteam","Guardian:TemporalShield"],"picked":"Guardian:Gem_Cyan","floor":6},{"not_picked":["Guardian:VentSteam","Guardian:WalkerClaw","Guardian:FierceBash"],"picked":"SKIP","floor":8},{"not_picked":["Guardian:Reroute","Guardian:TemporalStrike"],"picked":"Guardian:Gem_Red","floor":9},{"not_picked":["Guardian:SpikerProtocol","Guardian:Gem_Crimson","Guardian:RollAttack"],"picked":"Guardian:Gem_Green","floor":12},{"not_picked":["Guardian:RollAttack","Guardian:Gem_Fragmented","Guardian:Gem_Lightblue","Guardian:Incinerate"],"picked":"SKIP","floor":14},{"not_picked":["Guardian:Gem_Red","Guardian:TemporalStrike","Guardian:StasisEngine"],"picked":"Guardian:Gem_Cyan","floor":15},{"not_picked":["Guardian:GemFire","Guardian:StasisField","Guardian:GatlingBeam"],"picked":"Guardian:CompilePackage","floor":16},{"not_picked":["Guardian:Gem_Red","Guardian:VentSteam","Guardian:CrystalBeam"],"picked":"Guardian:TemporalShield+1","floor":19},{"not_picked":["Guardian:GuardianWhirl","Guardian:HyperBeam_Guardian","Guardian:Gem_Cyan","Guardian:Gem_Green"],"picked":"SKIP","floor":21},{"not_picked":["Guardian:ShieldCharger","Guardian:DecasProtection","Guardian:Suspension+1"],"picked":"Guardian:Recover","floor":23},{"not_picked":["Guardian:Planning","Guardian:VentSteam","Guardian:Suspension"],"picked":"Guardian:PiercingHide","floor":26},{"not_picked":["Guardian:Gem_Red","Guardian:Preprogram","Guardian:PrismaticBarrier"],"picked":"Guardian:FuturePlans+1","floor":27},{"not_picked":["Guardian:Gem_Fragmented","Guardian:Reroute+1","Guardian:ChargeUp+1"],"picked":"Guardian:Gem_Purple","floor":28},{"not_picked":["Guardian:GemFire","Guardian:PiercingHide","Guardian:Incinerate","Guardian:TemporalStrike"],"picked":"SKIP","floor":31},{"not_picked":["Guardian:Gem_Green","Guardian:ShieldCharger","Guardian:Gem_Blue","Guardian:RollAttack"],"picked":"SKIP","floor":32},{"not_picked":["Guardian:Gem_Synthetic","Guardian:GemFinder","Guardian:FierceBash"],"picked":"Guardian:TimeSifter","floor":33},{"not_picked":["Guardian:Gem_Red","Guardian:MultiBeam+1","Guardian:Incinerate+1","Guardian:Gem_Cyan"],"picked":"SKIP","floor":36},{"not_picked":["Guardian:RollAttack+1","Guardian:WalkerClaw+1","Guardian:FierceBash","Guardian:Incinerate+1"],"picked":"SKIP","floor":37},{"not_picked":["Guardian:PrismaticBarrier+1","Guardian:Gem_Cyan","Guardian:TemporalStrike+1","Guardian:ShieldCharger"],"picked":"SKIP","floor":39},{"not_picked":["Guardian:SentryBeam","Guardian:PiercingHide+1","Guardian:Gem_Blue"],"picked":"Guardian:Clone","floor":40},{"not_picked":["Guardian:Incinerate+1","Guardian:PrimingBeam+1","Guardian:RollAttack","Guardian:Gem_Red"],"picked":"SKIP","floor":44},{"not_picked":["Guardian:Incinerate+1","Guardian:PrimingBeam+1","Guardian:RollAttack","Guardian:Gem_Red"],"picked":"SKIP","floor":44},{"not_picked":["Guardian:Clone+1","Guardian:Planning+1","Guardian:EvasiveProtocol+1"],"picked":"Guardian:DecasProtection+1","floor":45},{"not_picked":["Guardian:Gem_Purple","Guardian:MultiBeam+1","Guardian:Gem_Yellow","Guardian:Gem_Red"],"picked":"SKIP","floor":48},{"not_picked":["Guardian:Gem_Crimson","Guardian:Gem_Lightblue","Guardian:Gem_Green","Guardian:Reroute+1"],"picked":"SKIP","floor":49}],"player_experience":274302,"relics_obtained":[{"floor":9,"key":"Question Card"},{"floor":12,"key":"Oddly Smooth Stone"},{"floor":24,"key":"Bag of Marbles"},{"floor":26,"key":"Blood Vial"},{"floor":27,"key":"Pocketwatch"},{"floor":27,"key":"Gremlin Horn"},{"floor":48,"key":"Strawberry"}],"event_choices":[{"damage_healed":22,"gold_gain":0,"player_choice":"Healed and dodged fight","damage_taken":0,"max_hp_gain":0,"max_hp_loss":0,"event_name":"Mushrooms","floor":13,"gold_loss":0,"cards_obtained":["Parasite"]},{"damage_healed":0,"gold_gain":0,"player_choice":"Inject Mutagens","damage_taken":0,"relics_obtained":["MutagenicStrength"],"max_hp_gain":0,"max_hp_loss":0,"event_name":"Drug Dealer","floor":29,"gold_loss":0}],"is_beta":false,"boss_relics":[{"not_picked":["SacredBark","Coffee Dripper"],"picked":"Cursed Key"},{"not_picked":["Philosopher\u0027s Stone","bronze:MakeshiftBattery"],"picked":"Fusion Hammer"}],"items_purged_floors":[28,39],"is_endless":false,"potions_floor_spawned":[2,5,8,14,23,31,32,33,36,40,48],"ascension_level":3}}