{"host":"2wp95sdfrgw3k439","time":1611867237,"event":{"mods":["BaseMod","Better Altar","Better Skull","Better Third Choice","Curses Come First","Minty Spire (QoL Compilation)","Permanent Neow","StSLib"],"gold_per_floor":[117,117,133,133,157,157,181,181,181,219,66,109,133,156,156,284,284,299,323,323,273,16,50,50,65,65,65,83,118,134,175,175,306,306,331,331,8,8,23,358,382,446,446,446,446,461,479,493,493,493],"floor_reached":51,"language":"ENG","playtime":2918,"items_purged":["Strike_R"],"score":1099,"play_id":"af2825b6-963e-4c60-babb-74f60ed6b5d7","local_time":"20210128135357","is_ascension_mode":true,"campfire_choices":[{"floor":6,"key":"REST"},{"data":"Infernal Blade","floor":8,"key":"SMITH"},{"data":"Barricade","floor":15,"key":"SMITH"},{"floor":24,"key":"REST"},{"data":"Double Tap","floor":27,"key":"SMITH"},{"data":"Rupture","floor":32,"key":"SMITH"},{"floor":44,"key":"REST"},{"data":"Seeing Red","floor":49,"key":"SMITH"}],"circlet_count":0,"master_deck":["Strike_R","Strike_R","Defend_R","Defend_R","Defend_R","Defend_R","Bash","Flame Barrier","Impervious","Seeing Red+1","Thunderclap","Bludgeon","Shrug It Off","Infernal Blade+1","Infernal Blade+1","Barricade+1","Uppercut","Flame Barrier","Double Tap+1","Second Wind+1","True Grit","Metallicize","Rupture+1","Entrench+1","Immolate","Master of Strategy","Bloodletting+1","Flex+1","Madness","Madness","Evolve+1"],"relics":["Burning Blood","Golden Idol","Mummified Hand","Boot","DollysMirror","Bag of Marbles","Philosopher\u0027s Stone","Matryoshka","Dead Branch","Ornamental Fan","Nunchaku","Toy Ornithopter","Red Skull","Mark of Pain","Shuriken","Old Coin","Thread and Needle","Bronze Scales","White Beast Statue"],"acts_visited":["Exordium","TheCity","TheBeyond"],"potions_floor_usage":[7,12,23,23,30,31,33,42,46,50,50,50],"damage_taken":[{"damage":8,"enemies":"Jaw Worm","floor":1,"turns":7},{"damage":2,"enemies":"2 Louse","floor":3,"turns":4},{"damage":0,"enemies":"Cultist","floor":5,"turns":2},{"damage":0,"enemies":"Red Slaver","floor":7,"turns":1},{"damage":0,"enemies":"Gremlin Nob","floor":10,"turns":2},{"damage":34,"enemies":"Lagavulin","floor":12,"turns":6},{"damage":0,"enemies":"2 Fungi Beasts","floor":13,"turns":3},{"damage":1,"enemies":"Looter","floor":14,"turns":2},{"damage":39,"enemies":"Slime Boss","floor":16,"turns":13},{"damage":1,"enemies":"Chosen","floor":18,"turns":4},{"damage":8,"enemies":"Shell Parasite","floor":19,"turns":2},{"damage":21,"enemies":"Book of Stabbing","floor":23,"turns":4},{"damage":2,"enemies":"Snake Plant","floor":25,"turns":3},{"damage":14,"enemies":"Cultist and Chosen","floor":28,"turns":5},{"damage":5,"enemies":"Gremlin Leader","floor":29,"turns":4},{"damage":4,"enemies":"3 Cultists","floor":30,"turns":4},{"damage":0,"enemies":"Book of Stabbing","floor":31,"turns":5},{"damage":17,"enemies":"Collector","floor":33,"turns":12},{"damage":26,"enemies":"3 Shapes","floor":35,"turns":4},{"damage":0,"enemies":"Orb Walker","floor":39,"turns":2},{"damage":19,"enemies":"Nemesis","floor":40,"turns":7},{"damage":0,"enemies":"Spire Growth","floor":41,"turns":3},{"damage":12,"enemies":"2 Orb Walkers","floor":42,"turns":2},{"damage":0,"enemies":"Transient","floor":46,"turns":5},{"damage":6,"enemies":"3 Darklings","floor":47,"turns":1},{"damage":3,"enemies":"Jaw Worm Horde","floor":48,"turns":2},{"damage":62,"enemies":"Donu and Deca","floor":50,"turns":8}],"seed_played":"-7938357750201141974","potions_obtained":[{"floor":1,"key":"Block Potion"},{"floor":3,"key":"DuplicationPotion"},{"floor":16,"key":"GamblersBrew"},{"floor":18,"key":"DuplicationPotion"},{"floor":25,"key":"PowerPotion"},{"floor":28,"key":"Swift Potion"},{"floor":30,"key":"HeartOfIron"},{"floor":35,"key":"Fire Potion"},{"floor":41,"key":"SpeedPotion"},{"floor":46,"key":"SpeedPotion"},{"floor":47,"key":"Block Potion"},{"floor":48,"key":"Weak Potion"}],"is_trial":false,"path_per_floor":["M","?","M","?","M","R","M","R","T","E","$","E","M","M","R","B",null,"M","M","?","?","$","E","R","M","T","R","M","E","M","E","R","B",null,"M","?","$","?","M","E","M","?","T","R","?","M","M","M","R","B",null],"character_chosen":"IRONCLAD","items_purchased":["DollysMirror","Matryoshka","Shuriken"],"campfire_rested":3,"item_purchase_floors":[11,22,37],"current_hp_per_floor":[49,29,33,33,39,63,69,69,69,75,75,47,53,58,58,25,66,71,69,69,69,69,54,78,80,80,80,72,73,80,80,80,69,77,57,57,57,57,63,50,56,55,55,79,69,80,80,80,80,38],"gold":493,"neow_bonus":"TRANSFORM_TWO_CARDS","is_daily":false,"chose_seed":false,"campfire_upgraded":5,"win_rate":0.0,"timestamp":1611867237,"path_taken":["M","?","M","?","?","R","M","R","T","E","?","E","M","M","R","BOSS","M","M","?","?","$","E","R","M","T","R","?","E","M","E","R","BOSS","M","?","$","?","?","E","M","?","T","R","?","M","M","M","R","BOSS"],"items_purchased_type":["Relic","Relic","Relic"],"build_version":"2020-12-22","purchased_purges":1,"victory":true,"max_hp_per_floor":[80,80,80,80,80,80,80,80,80,80,80,80,80,80,80,80,80,80,80,80,80,80,80,80,80,80,80,80,80,80,80,80,80,80,80,80,80,80,80,80,80,80,80,80,80,80,80,80,80,80],"card_choices":[{"not_picked":["Anger","Warcry"],"picked":"Seeing Red","floor":1},{"not_picked":["True Grit","Shrug It Off"],"picked":"Thunderclap","floor":3},{"not_picked":["Warcry","Perfected Strike"],"picked":"Pommel Strike","floor":5},{"not_picked":["Power Through","Body Slam"],"picked":"Infernal Blade","floor":7},{"not_picked":["Sentinel","Wild Strike","Clothesline"],"picked":"SKIP","floor":10},{"not_picked":["True Grit","Searing Blow"],"picked":"Barricade","floor":12},{"not_picked":["Perfected Strike","Thunderclap"],"picked":"Uppercut","floor":13},{"not_picked":["Pommel Strike","Whirlwind"],"picked":"Flame Barrier","floor":14},{"not_picked":["Juggernaut","Feed"],"picked":"Double Tap","floor":16},{"not_picked":["Perfected Strike+1","Headbutt","Burning Pact"],"picked":"SKIP","floor":18},{"not_picked":["Anger","Shrug It Off+1"],"picked":"Second Wind+1","floor":19},{"not_picked":["Headbutt","Clothesline"],"picked":"True Grit","floor":23},{"not_picked":["Perfected Strike+1","Havoc"],"picked":"Metallicize","floor":25},{"not_picked":["Clothesline","Pommel Strike","Ghostly Armor"],"picked":"SKIP","floor":28},{"not_picked":["Shockwave","Clothesline"],"picked":"Rupture","floor":29},{"not_picked":["Impervious","Armaments"],"picked":"Entrench+1","floor":30},{"not_picked":["Evolve","Fire Breathing","Whirlwind"],"picked":"SKIP","floor":31},{"not_picked":["Juggernaut","Offering"],"picked":"Immolate","floor":33},{"not_picked":["Pommel Strike","Rampage","Sword Boomerang"],"picked":"SKIP","floor":35},{"not_picked":["Madness","Discovery"],"picked":"Master of Strategy","floor":36},{"not_picked":["Power Through","Armaments+1","Twin Strike"],"picked":"SKIP","floor":39},{"not_picked":["Clothesline+1","Pummel"],"picked":"Bloodletting+1","floor":40},{"not_picked":["Thunderclap","Twin Strike","Blood for Blood"],"picked":"SKIP","floor":41},{"not_picked":["Thunderclap+1","Headbutt+1"],"picked":"Flex+1","floor":42},{"not_picked":["Anger","Iron Wave","Perfected Strike+1"],"picked":"SKIP","floor":46},{"not_picked":["Twin Strike+1","Cleave"],"picked":"Evolve+1","floor":47},{"not_picked":["Body Slam","Cleave","Iron Wave+1"],"picked":"SKIP","floor":48}],"player_experience":485757,"relics_obtained":[{"floor":9,"key":"Mummified Hand"},{"floor":10,"key":"Boot"},{"floor":12,"key":"Bag of Marbles"},{"floor":23,"key":"Dead Branch"},{"floor":26,"key":"Ornamental Fan"},{"floor":26,"key":"Nunchaku"},{"floor":29,"key":"Toy Ornithopter"},{"floor":31,"key":"Red Skull"},{"floor":40,"key":"Old Coin"},{"floor":42,"key":"Thread and Needle"},{"floor":43,"key":"Bronze Scales"},{"floor":43,"key":"White Beast Statue"}],"event_choices":[{"damage_healed":0,"gold_gain":0,"player_choice":"Take Damage","damage_taken":20,"relics_obtained":["Golden Idol"],"max_hp_gain":0,"max_hp_loss":0,"event_name":"Golden Idol","floor":2,"gold_loss":0},{"damage_healed":0,"gold_gain":0,"player_choice":"2 cards matched","damage_taken":0,"max_hp_gain":0,"max_hp_loss":0,"event_name":"Match and Keep!","floor":4,"gold_loss":0,"cards_obtained":["Bludgeon","Shrug It Off"]},{"damage_healed":0,"gold_gain":0,"player_choice":"Ignored","damage_taken":0,"max_hp_gain":0,"max_hp_loss":0,"event_name":"Ghosts","floor":20,"gold_loss":0},{"damage_healed":0,"gold_gain":0,"player_choice":"Bet on Owner","damage_taken":0,"max_hp_gain":0,"max_hp_loss":0,"event_name":"The Joust","floor":21,"gold_loss":50},{"damage_healed":0,"gold_gain":0,"player_choice":"Memory 1","damage_taken":0,"max_hp_gain":0,"max_hp_loss":0,"event_name":"SensoryStone","floor":36,"gold_loss":0},{"cards_removed":["Pommel Strike"],"damage_healed":0,"gold_gain":0,"player_choice":"Removed Attack","damage_taken":0,"max_hp_gain":0,"max_hp_loss":0,"event_name":"Falling","floor":38,"gold_loss":0},{"damage_healed":0,"gold_gain":0,"player_choice":"Fight","damage_taken":0,"max_hp_gain":0,"max_hp_loss":0,"event_name":"Mysterious Sphere","floor":42,"gold_loss":0},{"damage_healed":0,"gold_gain":0,"player_choice":"Embrace Madness","damage_taken":10,"max_hp_gain":0,"max_hp_loss":0,"event_name":"Winding Halls","floor":45,"gold_loss":0,"cards_obtained":["Madness","Madness"]}],"is_beta":false,"boss_relics":[{"not_picked":["Cursed Key","Runic Cube"],"picked":"Philosopher\u0027s Stone"},{"not_picked":["SacredBark","Black Blood"],"picked":"Mark of Pain"}],"items_purged_floors":[37],"is_endless":false,"potions_floor_spawned":[1,3,16,18,25,28,30,35,41,46,47,48],"ascension_level":8}}