{"host":"bxd97rc2ofc6op20","time":1611799771,"event":{"mods":["BaseMod","Colored Map","Colored Powertips","Googly Eyes","Highlight Path","Minty Spire (QoL Compilation)","Quick Restart","Rare Cards Sparkle"],"gold_per_floor":[112,128,128,145,20,45,45,79,104,104,124,158,168,200,200,303,303,322,8,8,19,19,19],"floor_reached":22,"language":"ENG","playtime":1433,"items_purged":["Defend_P"],"score":246,"play_id":"49dd1ec2-c652-4624-8566-f0ec6b119d09","local_time":"20210127180931","is_ascension_mode":true,"campfire_choices":[{"data":"Wireheading","floor":7,"key":"SMITH"},{"floor":10,"key":"REST"},{"floor":15,"key":"REST"}],"circlet_count":0,"master_deck":["Strike_P","Strike_P","Strike_P","Strike_P","Defend_P","Defend_P","Eruption","Vigilance","CutThroughFate","Wireheading+1","Vengeance","DevaForm","Nirvana","ThirdEye+1","SashWhip","LikeWater","Alpha","LessonLearned+1","FollowUp+1","JustLucky","CutThroughFate"],"relics":["Runic Dome","Centennial Puzzle","Blood Vial","Pen Nib","Matryoshka","Bag of Marbles","VioletLotus","Turnip","Oddly Smooth Stone"],"acts_visited":["Exordium","TheCity"],"potions_floor_usage":[11,14,16,16],"damage_taken":[{"damage":4,"enemies":"Jaw Worm","floor":1,"turns":2},{"damage":0,"enemies":"Cultist","floor":2,"turns":2},{"damage":0,"enemies":"2 Louse","floor":4,"turns":2},{"damage":29,"enemies":"3 Sentries","floor":6,"turns":6},{"damage":7,"enemies":"Lagavulin","floor":8,"turns":5},{"damage":12,"enemies":"Exordium Thugs","floor":11,"turns":2},{"damage":7,"enemies":"Gremlin Nob","floor":12,"turns":3},{"damage":18,"enemies":"Large Slime","floor":13,"turns":3},{"damage":17,"enemies":"Lagavulin","floor":14,"turns":5},{"damage":7,"enemies":"Hexaghost","floor":16,"turns":5},{"damage":18,"enemies":"3 Byrds","floor":18,"turns":3},{"damage":33,"enemies":"2 Thieves","floor":21,"turns":5},{"damage":49,"enemies":"Shelled Parasite and Fungi","floor":22,"turns":3}],"seed_played":"2089986502112349270","potions_obtained":[{"floor":1,"key":"BlessingOfTheForge"},{"floor":6,"key":"BlessingOfTheForge"},{"floor":12,"key":"SteroidPotion"},{"floor":14,"key":"Weak Potion"}],"is_trial":false,"path_per_floor":["M","M","?","M","$","E","R","E","T","R","M","E","M","E","R","B",null,"M","$","?","M","M"],"character_chosen":"WATCHER","items_purchased":["Swift Potion","Turnip","JustLucky"],"campfire_rested":2,"item_purchase_floors":[5,19,19],"current_hp_per_floor":[68,68,68,68,68,39,39,32,32,53,43,38,22,7,28,23,72,54,54,54,23,0,0],"gold":19,"neow_bonus":"BOSS_RELIC","is_daily":false,"chose_seed":false,"campfire_upgraded":1,"win_rate":0.0,"timestamp":1611799771,"path_taken":["M","M","?","M","$","E","R","E","T","R","M","E","?","E","R","BOSS","M","$","?","M","M"],"items_purchased_type":["Potion","Relic","Card"],"build_version":"2020-12-22","purchased_purges":1,"victory":false,"max_hp_per_floor":[72,72,72,72,72,72,72,72,72,72,72,72,72,72,72,72,72,72,72,72,72,72,72],"card_choices":[{"not_picked":["Indignation","Consecrate"],"picked":"CutThroughFate","floor":1},{"not_picked":["SignatureMove","Nirvana"],"picked":"Wireheading","floor":2},{"not_picked":["Sanctity","Collect"],"picked":"Vengeance","floor":4},{"not_picked":["WheelKick","MasterReality"],"picked":"DevaForm","floor":6},{"not_picked":["ThirdEye","Tantrum"],"picked":"Nirvana","floor":8},{"not_picked":["Evaluate","Halt"],"picked":"ThirdEye","floor":11},{"not_picked":["FlyingSleeves","Collect"],"picked":"SashWhip","floor":12},{"not_picked":["Protect","FlyingSleeves"],"picked":"LikeWater","floor":13},{"not_picked":["ThirdEye","PathToVictory"],"picked":"Alpha","floor":14},{"not_picked":["Wish","Establishment"],"picked":"LessonLearned","floor":16},{"not_picked":["FearNoEvil","EmptyFist"],"picked":"FollowUp+1","floor":18},{"not_picked":["Crescendo","Prostrate"],"picked":"CutThroughFate","floor":21}],"player_experience":396773,"relics_obtained":[{"floor":6,"key":"Centennial Puzzle"},{"floor":8,"key":"Blood Vial"},{"floor":9,"key":"Pen Nib"},{"floor":12,"key":"Matryoshka"},{"floor":14,"key":"Bag of Marbles"}],"event_choices":[{"cards_removed":["Defend_P"],"damage_healed":0,"gold_gain":0,"player_choice":"Purged","damage_taken":0,"max_hp_gain":0,"max_hp_loss":0,"event_name":"Purifier","floor":3,"gold_loss":0},{"damage_healed":0,"gold_gain":0,"player_choice":"Opened","damage_taken":0,"relics_obtained":["Oddly Smooth Stone"],"max_hp_gain":0,"max_hp_loss":0,"event_name":"The Mausoleum","floor":20,"gold_loss":0}],"is_beta":false,"boss_relics":[{"not_picked":["Black Star","Astrolabe"],"picked":"VioletLotus"}],"items_purged_floors":[5],"is_endless":false,"potions_floor_spawned":[1,6,12,14],"killed_by":"Shelled Parasite and Fungi","ascension_level":3}}