{"host":"sav7uxregyirlf69","time":1611798915,"event":{"mods":["AchievementEnabler","BaseMod","Colored Map","DeckTracker","Keyboard Shortcuts","Minty Spire (QoL Compilation)","READ ME - Guardian Mod","StSLib","SuperFastMode"],"gold_per_floor":[15,28,42,42,42,42,73,38,38,89,89,113,38,52,52,52,52],"floor_reached":16,"language":"KOR","playtime":213,"items_purged":["Strike_G"],"score":200,"play_id":"1c405c0e-9b47-4b82-a949-de9c5f29ea3f","local_time":"20210128105515","is_ascension_mode":true,"campfire_choices":[{"data":"Tactician","floor":6.0,"key":"SMITH"},{"floor":11,"key":"REST"},{"data":"Neutralize","floor":15,"key":"SMITH"}],"circlet_count":0,"master_deck":["AscendersBane","Strike_G","Strike_G","Strike_G","Strike_G","Defend_G","Defend_G","Defend_G","Defend_G","Defend_G","Survivor","Neutralize+1","Corpse Explosion","Tactician+1","Dagger Throw","Blade Dance","Backflip"],"relics":["Ring of the Snake","Golden Idol","Singing Bowl","White Beast Statue","Vajra"],"acts_visited":["Exordium"],"potions_floor_usage":[7,16,16],"damage_taken":[{"damage":7.0,"enemies":"Jaw Worm","floor":1.0,"turns":4.0},{"damage":2.0,"enemies":"2 Louse","floor":2.0,"turns":3.0},{"damage":0.0,"enemies":"Cultist","floor":3.0,"turns":4.0},{"damage":50,"enemies":"Lagavulin","floor":7,"turns":7},{"damage":10,"enemies":"Large Slime","floor":12,"turns":8},{"damage":6,"enemies":"Looter","floor":14,"turns":3},{"damage":28,"enemies":"Slime Boss","floor":16,"turns":5}],"seed_played":"2466353435944983345","potions_obtained":[{"floor":1.0,"key":"ColorlessPotion"},{"floor":12,"key":"Swift Potion"},{"floor":14,"key":"Fire Potion"}],"is_trial":false,"path_per_floor":["M","M","M","?","?","R","E","?","T","T","R","M","$","M","R","B"],"character_chosen":"THE_SILENT","items_purchased":[],"campfire_rested":1,"item_purchase_floors":[],"current_hp_per_floor":[52,50,50,55,55,55,5,21,21,21,40,30,30,26,26,0,0],"gold":52,"neow_bonus":"THREE_RARE_CARDS","is_daily":false,"chose_seed":true,"campfire_upgraded":2,"win_rate":0.0,"timestamp":1611798915,"path_taken":["M","M","M","?","?","R","E","?","T","?","R","?","$","M","R","BOSS"],"items_purchased_type":[],"build_version":"2020-12-22","purchased_purges":1,"victory":false,"max_hp_per_floor":[66,66,66,71,64,64,64,64,64,64,64,64,64,66,66,66,66],"card_choices":[{"not_picked":["Bullet Time","Phantasmal Killer"],"picked":"Corpse Explosion","floor":0.0},{"not_picked":["PiercingWail","Acrobatics"],"picked":"Tactician","floor":1.0},{"not_picked":["PiercingWail","Sucker Punch","Outmaneuver"],"picked":"SKIP","floor":2.0},{"not_picked":["Poisoned Stab","Expertise"],"picked":"Dagger Throw","floor":3.0},{"not_picked":["Flying Knee","Quick Slash"],"picked":"Blade Dance","floor":7},{"not_picked":["Dodge and Roll","Sucker Punch"],"picked":"Backflip","floor":12},{"not_picked":["Bullet Time","Underhanded Strike","Bane"],"picked":"Singing Bowl","floor":14}],"player_experience":1405516,"relics_obtained":[{"floor":7,"key":"Singing Bowl"},{"floor":9,"key":"White Beast Statue"},{"floor":10,"key":"Vajra"}],"event_choices":[{"damage_healed":0.0,"max_hp_gain":5.0,"max_hp_loss":0.0,"gold_gain":0.0,"event_name":"Big Fish","player_choice":"Donut","floor":4.0,"gold_loss":0.0,"damage_taken":0.0},{"damage_healed":0.0,"max_hp_gain":0.0,"max_hp_loss":7.0,"gold_gain":0.0,"event_name":"Golden Idol","player_choice":"Lose Max HP","floor":5.0,"gold_loss":0.0,"damage_taken":0.0,"relics_obtained":["Golden Idol"]},{"damage_healed":16,"gold_gain":0,"player_choice":"Healed","damage_taken":0,"max_hp_gain":0,"max_hp_loss":0,"event_name":"The Cleric","floor":8,"gold_loss":35}],"is_beta":false,"boss_relics":[],"items_purged_floors":[13],"is_endless":false,"potions_floor_spawned":[1,12,14],"killed_by":"Slime Boss","ascension_level":20}}