{"host":"m6e09adb7fik7oct","time":1611794292,"event":{"mods":["AchievementEnabler","BaseMod","Better Altar","Better Note","Better Sensory Stone","Better Third Choice","BetterRewards","Block Reminder","Colored Map","Displayed Cursed Tome","Energized Spire","Evolution","Infinite Spire","Ironclad Rager","Key Reminder","Mad Scientist","Minty Spire (QoL Compilation)","Quick Restart","RNG Fix","Relic Stats","Reorder Act Four","Replay The Spire","StSLib","The Construct","The Jungle","The Marked","Trackpad","Transform Curses","Unceasing Turn Reminder","Wandering Minibosses","everything is the same but u backflip on backflip"],"gold_per_floor":[114,129,9,24,24,54,54,84,109,139,414,40,40,55,55,155,155,170,185,285,300,300,300,315,345,370,400,400,430,565,515,515,515,515],"floor_reached":33,"language":"ENG","playtime":4601,"items_purged":[],"score":348,"play_id":"62483cab-e2a6-477e-a15a-2136b340da45","local_time":"20210127193812","daily_mods":["Heirloom","ControlledChaos","Elite Swarm"],"is_ascension_mode":false,"campfire_choices":[{"floor":7.0,"key":"REST"},{"floor":13.0,"key":"REST"},{"floor":23.0,"key":"REST"},{"floor":28.0,"key":"REST"},{"floor":32.0,"key":"REST"}],"circlet_count":0,"master_deck":["theMarked:Strike","theMarked:Strike","theMarked:Strike","theMarked:Strike","theMarked:Strike","theMarked:Defend","theMarked:Defend","theMarked:Defend","theMarked:Defend","theMarked:SoldierOfQuellstein","theMarked:TakeCover","theMarked:EmpowerWeapon","theMarked:Opportunist","theMarked:ResourceFulStrike","theMarked:ElectricStrings","Pain","theMarked:ThrowWeapon","theMarked:EternalStudent","theMarked:DispelDoubt+1","Regret","theMarked:AttractMetal","theMarked:BindingBlade","theMarked:ChainLightning","theMarked:SwordAndMagic","theMarked:WardOff","theMarked:Overcharge","theMarked:Abjuration","theMarked:Levitate","theMarked:Electrocute+1"],"relics":["theMarked:ArtifactOfAir","Frozen Eye","EVO:Axolotl","infinitespire:CursedDice","WarpedTongs","Letter Opener","Ice Cream","Smiling Mask","StrikeDummy","trackpad:ZombieHeart","Sozu","trackpad:SneckoScepter","trackpad:WritersBlock","infinitespire:Eraser","trackpad:HandOfMidas"],"acts_visited":["Exordium","Exordium"],"potions_floor_usage":[],"damage_taken":[{"damage":12.0,"enemies":"Small Slimes","floor":1.0,"turns":4.0},{"damage":1.0,"enemies":"Cultist","floor":2.0,"turns":3.0},{"damage":0.0,"enemies":"Jaw Worm","floor":4.0,"turns":3.0},{"damage":25.0,"enemies":"3 Sentries","floor":6.0,"turns":5.0},{"damage":15.0,"enemies":"Gremlin Nob","floor":8.0,"turns":4.0},{"damage":32.0,"enemies":"Replay:BlueRogue","floor":10.0,"turns":6.0},{"damage":15.0,"enemies":"Large Slime","floor":14.0,"turns":4.0},{"damage":33.0,"enemies":"Hexaghost","floor":16.0,"turns":9.0},{"damage":33.0,"enemies":"theJungle:5_Spyders","floor":18.0,"turns":7.0},{"damage":21.0,"enemies":"Shell Parasite","floor":19.0,"turns":6.0},{"damage":20.0,"enemies":"theJungle:2_Flameangoes","floor":21.0,"turns":6.0},{"damage":4.0,"enemies":"theJungle:2_Snecko_Cultists","floor":24.0,"turns":4.0},{"damage":14.0,"enemies":"theJungle:Cassacara","floor":25.0,"turns":5.0},{"damage":7.0,"enemies":"theJungle:MamaSnecko","floor":27.0,"turns":4.0},{"damage":24.0,"enemies":"theJungle:2_Phrogs","floor":29.0,"turns":4.0},{"damage":1.0,"enemies":"theJungle:SlimyTreeVines","floor":30.0,"turns":1.0},{"damage":67,"enemies":"theJungle:TotemBoss","floor":33,"turns":6}],"seed_played":"-8653540479942029245","potions_obtained":[{"floor":6.0,"key":"SkillPotion"},{"floor":8.0,"key":"SneckoOil"},{"floor":10.0,"key":"AttackPotion"}],"is_trial":false,"path_per_floor":["M","M","$","M","?","E","R","E","T","E","?","$","R","M","R_BF","B",null,"M","M","?","M","?","R","M","E","T","E","R","E","M","?","R","B"],"character_chosen":"THE_DEFAULT","items_purchased":["theMarked:Opportunist","theMarked:ResourceFulStrike","trackpad:ZombieHeart","theMarked:AttractMetal"],"campfire_rested":5,"item_purchase_floors":[3,3,12,12],"current_hp_per_floor":[58,57,57,57,57,32,53,38,38,6,6,6,27,14,35,3,73,45,25,20,31,31,55,53,40,40,34,59,37,37,37,63,0,0],"gold":515,"neow_bonus":"","is_daily":true,"chose_seed":false,"campfire_upgraded":0,"win_rate":0.0,"timestamp":1611794292,"path_taken":["M","M","$","M","?","E","R","E","T","E","?","$","R","?","R_BF","BOSS","M","M","?","?","?","R","M","E","T","E","R","E","M","?","R","BOSS"],"items_purchased_type":["Card","Card","Relic","Card"],"build_version":"2020-12-22","purchased_purges":0,"victory":false,"max_hp_per_floor":[70,70,70,70,70,70,70,70,70,70,70,70,70,72,72,73,73,78,79,79,81,81,81,83,84,84,85,85,87,88,88,88,91,91],"relic_stats":{"Sozu":4,"counters":[17,81],"Letter Opener":[70],"Smiling Mask":0,"obtain_stats":[{"Ice Cream":8,"trackpad:HandOfMidas":29,"infinitespire:CursedDice":0,"EVO:Axolotl":0,"Letter Opener":6,"Smiling Mask":9,"WarpedTongs":5,"trackpad:SneckoScepter":25,"Sozu":17,"theMarked:ArtifactOfAir":0,"Frozen Eye":0,"trackpad:ZombieHeart":12,"trackpad:WritersBlock":26,"infinitespire:Eraser":27,"StrikeDummy":10},{"Ice Cream":5,"trackpad:HandOfMidas":15,"infinitespire:CursedDice":0,"EVO:Axolotl":0,"Letter Opener":4,"Smiling Mask":5,"WarpedTongs":3,"trackpad:SneckoScepter":13,"Sozu":8,"theMarked:ArtifactOfAir":0,"Frozen Eye":0,"trackpad:ZombieHeart":6,"trackpad:WritersBlock":13,"infinitespire:Eraser":14,"StrikeDummy":6},{"Ice Cream":19,"trackpad:HandOfMidas":74,"infinitespire:CursedDice":0,"EVO:Axolotl":0,"Letter Opener":15,"Smiling Mask":19,"WarpedTongs":10,"trackpad:SneckoScepter":66,"Sozu":38,"theMarked:ArtifactOfAir":0,"Frozen Eye":0,"trackpad:ZombieHeart":25,"trackpad:WritersBlock":66,"infinitespire:Eraser":70,"StrikeDummy":25}],"WarpedTongs":[71]},"card_choices":[{"not_picked":["theMarked:Maelstrom","theMarked:ElectricStrings"],"picked":"theMarked:TakeCover","floor":1.0},{"not_picked":["theMarked:KeepCalmAndFight","theMarked:Aftermath"],"picked":"theMarked:EmpowerWeapon","floor":2.0},{"not_picked":["theMarked:RogueSparks","theMarked:CreepingChasm"],"picked":"theMarked:ElectricStrings","floor":4.0},{"not_picked":["theMarked:Snap","theMarked:BindingBlade"],"picked":"theMarked:ThrowWeapon","floor":6.0},{"not_picked":["theMarked:Vacuum","theMarked:ThrowWeapon"],"picked":"theMarked:EternalStudent","floor":8.0},{"not_picked":["theMarked:Defy","theMarked:SuspiciousRaven"],"picked":"theMarked:DispelDoubt","floor":10.0},{"not_picked":["theMarked:Determination","theMarked:SwordAndMagic","theMarked:Memento"],"picked":"SKIP","floor":14.0},{"not_picked":["theMarked:Vacuum","theMarked:Challenge"],"picked":"theMarked:BindingBlade","floor":16.0},{"not_picked":["theMarked:TakeCover+1","theMarked:Aftermath"],"picked":"theMarked:ChainLightning","floor":18.0},{"not_picked":["theMarked:Frustration","theMarked:RepellingDischarge"],"picked":"theMarked:SwordAndMagic","floor":19.0},{"not_picked":["theMarked:PowerFlow","theMarked:Static"],"picked":"theMarked:WardOff","floor":21.0},{"not_picked":["theMarked:TwofoldDefense","theMarked:TakeCover"],"picked":"theMarked:Overcharge","floor":24.0},{"not_picked":["theMarked:SuspiciousRaven","theMarked:UnarmedFury","theMarked:TurnInvisible"],"picked":"SKIP","floor":25.0},{"not_picked":["theMarked:TurnInvisible","theMarked:Defy"],"picked":"theMarked:Abjuration","floor":27.0},{"not_picked":["theMarked:UnarmedFury","theMarked:ThrowWeapon"],"picked":"theMarked:Levitate","floor":29.0},{"not_picked":["theMarked:WastefulAttack","theMarked:TwofoldDefense"],"picked":"theMarked:Electrocute+1","floor":30.0}],"player_experience":326577,"relics_obtained":[{"floor":6.0,"key":"Letter Opener"},{"floor":8.0,"key":"Ice Cream"},{"floor":9.0,"key":"Smiling Mask"},{"floor":10.0,"key":"StrikeDummy"},{"floor":25.0,"key":"trackpad:SneckoScepter"},{"floor":26.0,"key":"trackpad:WritersBlock"},{"floor":27.0,"key":"infinitespire:Eraser"},{"floor":29.0,"key":"trackpad:HandOfMidas"}],"event_choices":[{"damage_healed":0.0,"max_hp_gain":0.0,"max_hp_loss":0.0,"gold_gain":0.0,"event_name":"Accursed Blacksmith","player_choice":"Rummage","floor":5.0,"gold_loss":0.0,"damage_taken":0.0,"relics_obtained":["WarpedTongs"],"cards_obtained":["Pain"]},{"damage_healed":0.0,"max_hp_gain":0.0,"max_hp_loss":0.0,"gold_gain":275.0,"event_name":"Golden Shrine","player_choice":"Desecrate","floor":11.0,"gold_loss":0.0,"damage_taken":0.0,"cards_obtained":["Regret"]}],"is_beta":false,"boss_relics":[{"not_picked":["Coffee Dripper","Runic Dome"],"picked":"Sozu"}],"items_purged_floors":[],"is_endless":false,"potions_floor_spawned":[6,8,10,18,24,27,30],"killed_by":"theJungle:TotemBoss","ascension_level":0}}