{"host":"ooe12lh8pgcirntb","time":1611873948,"event":{"mods":["AchievementEnabler","Act Like it!","BaseMod","Beaked The Cultist","Better Note","ChefMod","Colored Map","Colored Powertips","Downfall","Hallownest","Minty Spire (QoL Compilation)","StSLib","The Animator","The Bug Knight","The Disciple","The Hierophant","The Problem Sleuth"],"gold_per_floor":[116,135,152,2,17,34,34,34,34,34,34,15,15,47,47,142,142,152,4,24,24,66,66,66],"floor_reached":23,"language":"ENG","playtime":1622,"items_purged":[],"score":191,"play_id":"0189e382-24e8-43bc-be10-19834f7598e5","local_time":"20210128174548","is_ascension_mode":false,"campfire_choices":[{"data":"Enlightenment","floor":11,"key":"SMITH"},{"data":"HollowMod:FastStrike","floor":15,"key":"SMITH"}],"circlet_count":0,"master_deck":["HollowMod:NailStrikeStart","HollowMod:NailStrikeStart","HollowMod:NailStrikeStart","HollowMod:NailStrikeStart","HollowMod:QuickDashStart","HollowMod:QuickDashStart","HollowMod:QuickDashStart","HollowMod:QuickDashStart","HollowMod:FocusHealStart","HollowMod:PogoStrike","HollowMod:ZotesMagnificence","HollowMod:DashSlash","HollowMod:BlackTendrils+1","HollowMod:DoubleDash","HollowMod:VoidDash","HollowMod:VengefulVoid","Enlightenment+1","HollowMod:VengefulVoid","HollowMod:FastStrike+1","HollowMod:SiblingsShadow","HollowMod:SoulMaster","HollowMod:DescendingDark","HollowMod:DungDefenderAura","HollowMod:RecoilStrike"],"relics":["HollowMod:VesselMask","Membership Card","Pantograph","beaked:ShinyBauble","sneckomod:SneckoTalon","Torii"],"acts_visited":["Exordium","Hallownest:Greenpath"],"potions_floor_usage":[],"damage_taken":[{"damage":2,"enemies":"Hallownest:monsterHuskGuard","floor":1,"turns":2},{"damage":1,"enemies":"Hallownest:2_Baldur","floor":2,"turns":3},{"damage":2,"enemies":"2_ Uuma","floor":3,"turns":4},{"damage":9,"enemies":"Hallownest:Guard_and_Warrior","floor":5,"turns":7},{"damage":0,"enemies":"Hallownest:monsterMossCharger","floor":6,"turns":2},{"damage":0,"enemies":"Hallownest:monsterAspidMother","floor":10,"turns":2},{"damage":11,"enemies":"Hallownest:eliteMossKnight","floor":14,"turns":3},{"damage":41,"enemies":"Hallownest:BossFalseKnight","floor":16,"turns":6},{"damage":22,"enemies":"Hallownest:2_Mistakes","floor":18,"turns":5},{"damage":19,"enemies":"Hallownest:Guard_and_Sentry","floor":20,"turns":4},{"damage":19,"enemies":"Hallownest:Glutton_and_Coward","floor":22,"turns":3},{"damage":37,"enemies":"Hallownest:eliteWatcherKnight","floor":23,"turns":6}],"seed_played":"-7608668647600280696","potions_obtained":[{"floor":5,"key":"sneckomod:MuddlingPotion"},{"floor":6,"key":"EssenceOfSteel"},{"floor":22,"key":"LiquidBronze"}],"is_trial":false,"path_per_floor":["M","M","M","$","M","M","?","?","T","M","R","$","?","E","R","B",null,"M","$","M","?","M","E"],"character_chosen":"THE_BUGKNIGHT","items_purchased":["Membership Card","HollowMod:FastStrike","Torii"],"campfire_rested":0,"item_purchase_floors":[4,12,19],"current_hp_per_floor":[66,65,65,65,58,60,60,50,50,50,50,50,50,45,45,35,68,51,51,38,52,37,0,0],"gold":66,"neow_bonus":"THREE_RARE_CARDS","is_daily":false,"chose_seed":false,"campfire_upgraded":2,"win_rate":0.0,"timestamp":1611873948,"path_taken":["M","M","M","$","M","M","?","?","T","?","R","$","?","E","R","BOSS","M","$","M","?","M","E"],"items_purchased_type":["Relic","Card","Relic"],"build_version":"2020-12-22","purchased_purges":0,"victory":false,"max_hp_per_floor":[68,68,68,68,68,68,68,68,68,68,68,68,68,68,68,68,68,68,68,68,68,68,68,68],"card_choices":[{"not_picked":["HollowMod:RadiancesLament","HollowMod:PaleKingsBlessing"],"picked":"HollowMod:ZotesMagnificence","floor":0},{"not_picked":["HollowMod:SharpenedNail","HollowMod:VengefulVoid"],"picked":"HollowMod:DashSlash","floor":1},{"not_picked":["HollowMod:DashSlash","HollowMod:TaintedHusks"],"picked":"HollowMod:BlackTendrils","floor":2},{"not_picked":["HollowMod:PerfectDash","HollowMod:InfectedCysts"],"picked":"HollowMod:DoubleDash","floor":3},{"not_picked":["HollowMod:HeavyBlow","HollowMod:GoodIntentions"],"picked":"HollowMod:VoidDash","floor":5},{"not_picked":["HollowMod:NewJinnsSoul","HollowMod:CycloneSlash"],"picked":"HollowMod:VengefulVoid","floor":6},{"not_picked":["Thinking Ahead","Mind Blast"],"picked":"Enlightenment","floor":7},{"not_picked":["HollowMod:CornifersMapStart","HollowMod:MonarchWings"],"picked":"HollowMod:VengefulVoid","floor":7},{"not_picked":["HollowMod:Grubsong","HollowMod:TaintedHusks","HollowMod:NewLittleFool"],"picked":"SKIP","floor":10},{"not_picked":["HollowMod:MonomonsArchive","HollowMod:QuirrelsAssistance"],"picked":"HollowMod:SiblingsShadow","floor":14},{"not_picked":["HollowMod:HornetsHelp","HollowMod:ZotesMagnificence"],"picked":"HollowMod:SoulMaster","floor":16},{"not_picked":["HollowMod:ChannelNail+1","HollowMod:MothsMistake+1"],"picked":"HollowMod:DescendingDark","floor":18},{"not_picked":["HollowMod:ChannelNail","HollowMod:SoulSplash"],"picked":"HollowMod:DungDefenderAura","floor":20},{"not_picked":["HollowMod:SoulStrike+1","HollowMod:DoubleDash"],"picked":"HollowMod:RecoilStrike","floor":22}],"player_experience":823764,"relics_obtained":[{"floor":9,"key":"Pantograph"},{"floor":14,"key":"beaked:ShinyBauble"}],"event_choices":[],"is_beta":false,"boss_relics":[{"not_picked":["Busted Crown","beaked:MawFillet"],"picked":"sneckomod:SneckoTalon"}],"items_purged_floors":[],"is_endless":false,"potions_floor_spawned":[5,6,22],"killed_by":"Hallownest:eliteWatcherKnight","ascension_level":0}}