{"host":"bpkhhmvsfrvlto2l","time":1611799281,"event":{"mods":["2.2 Compatiblity","AchievementEnabler","Act Like it!","AlwaysNeverKeys","Aspiration","BaseMod","Better Silent Start","Challenge The Spire","Colored Map","Colored Powertips","Custom Start","Energized Spire","Friendly Minions","GifTheSpireLib","Halation","Hubris","Infinite Spire","Ironclad Rager","Mimic Mod","Minty Spire (QoL Compilation)","Permanent Neow","Quick Restart","Random Character Button","Relic Sorter","Replay The Spire","Spikes Relics","StSLib","Stuff the Spire","Swap Starting Deck Mod","Trackpad"],"gold_per_floor":[110,110,146,164,164,164,9,9,9,36,36,36,36,50,50,150,150,170,170,180,195,205,231,231,231,256,284,310,310,310,338,338,455,455,515,515,515,580,647,647,733,733,733,828,828,828,914,303,303,321],"floor_reached":51,"language":"ENG","playtime":1525,"items_purged":["Decay"],"score":1296,"play_id":"e7b91ec4-0969-4e66-b8a5-f4b7e4176324","local_time":"20210127210121","is_ascension_mode":true,"campfire_choices":[{"data":"Rip and Tear","floor":6.0,"key":"SMITH"},{"data":"Gash","floor":8.0,"key":"SMITH"},{"data":"Gash","floor":15.0,"key":"SMITH"},{"floor":25,"key":"REST"},{"floor":29,"key":"REST"},{"floor":32,"key":"REST"},{"data":"Gash","floor":40,"key":"SMITH"},{"floor":42,"key":"REST"},{"data":"Steam","floor":49,"key":"SMITH"}],"circlet_count":0,"master_deck":["AscendersBane","Gash+1","Gash+1","Gash+1","Gash+1","Rip and Tear+1","Reprogram+1","Steam+1","Steam","Steam","Steam","Gash+1","Reprogram+1","infinitespire:Gouge+1"],"relics":["Cracked Core","Orichalcum","RetroEgg","SpikesRelics:ToyHorsey","Toxic Egg 2","Inserter","infinitespire:Beetle Shell","Solar Panel","Replay:Bandana","infinitespire:EvilPickle","hubris:Towel","Replay:Antivirus Software","halation:BottledLove","Happy Flower","HornCleat","SlaversCollar","Oddly Smooth Stone","Eternal Feather","halation:Thesaurus","trackpad:WritersBlock"],"acts_visited":["Exordium","TheCity","TheBeyond"],"potions_floor_usage":[23,33,33,39,41],"damage_taken":[{"damage":0.0,"enemies":"Jaw Worm","floor":1.0,"turns":2.0},{"damage":1.0,"enemies":"Small Slimes","floor":3.0,"turns":5.0},{"damage":0.0,"enemies":"Small Slimes","floor":4.0,"turns":3.0},{"damage":10.0,"enemies":"Lagavulin","floor":10.0,"turns":4.0},{"damage":0.0,"enemies":"2 Louse","floor":14.0,"turns":1.0},{"damage":0.0,"enemies":"Fading Forest","floor":16.0,"turns":11.0},{"damage":5.0,"enemies":"2 Thieves","floor":18.0,"turns":3.0},{"damage":0.0,"enemies":"Chosen","floor":20.0,"turns":3.0},{"damage":31.0,"enemies":"Snake Plant","floor":21.0,"turns":4.0},{"damage":23.0,"enemies":"Shelled Parasite and Fungi","floor":22.0,"turns":3.0},{"damage":34,"enemies":"Slavers","floor":23,"turns":6},{"damage":22,"enemies":"Chosen and Byrds","floor":27,"turns":5},{"damage":12,"enemies":"Snake Plant","floor":28,"turns":4},{"damage":27,"enemies":"Centurion and Healer","floor":31,"turns":5},{"damage":51,"enemies":"Pondfish","floor":33,"turns":8},{"damage":18,"enemies":"3 Darklings","floor":35,"turns":7},{"damage":8,"enemies":"Orb Walker","floor":38,"turns":4},{"damage":50,"enemies":"3 Darklings","floor":39,"turns":5},{"damage":33,"enemies":"Giant Head","floor":41,"turns":7},{"damage":53,"enemies":"Reptomancer","floor":44,"turns":6},{"damage":21,"enemies":"Sphere and 2 Shapes","floor":47,"turns":4},{"damage":154,"enemies":"Replay:Hell Engine","floor":50,"turns":13}],"seed_played":"-5872567115404192931","potions_obtained":[{"floor":10.0,"key":"Adrenaline Potion"},{"floor":14.0,"key":"SkillPotion"},{"floor":20.0,"key":"Strength Potion"},{"floor":21.0,"key":"SpeedPotion"},{"floor":28,"key":"FearPotion"},{"floor":31,"key":"SteroidPotion"},{"floor":38,"key":"Explosive Potion"},{"floor":39,"key":"Languid Potion"},{"floor":44,"key":"Death Potion"}],"is_trial":false,"path_per_floor":["M","?","MIM","M","?","R","$","R","T","E","?","$","$","M","R","B",null,"M","?","M","M","M","E","AVR","R","T","M","M","R","?","M","R","B",null,"M","?","?","M","M","R","E","R","T","E","AVR","?","M","$","R","B",null],"character_chosen":"DEFECT","items_purchased":["Orichalcum","Oddly Smooth Stone","Eternal Feather","halation:Thesaurus"],"campfire_rested":4,"item_purchase_floors":[7,48,48,48],"current_hp_per_floor":[34,34,33,33,33,33,33,33,33,31,31,31,31,39,39,55,70,65,65,65,34,11,37,37,59,59,39,29,51,51,26,48,58,71,55,55,55,49,48,48,17,39,39,25,25,25,59,59,65,29],"gold":321,"neow_bonus":"","is_daily":false,"chose_seed":false,"campfire_upgraded":5,"win_rate":0.0,"timestamp":1611799281,"path_taken":["M","?","?","M","?","R","$","R","T","E","?","?","$","M","R","BOSS","M","?","M","?","M","E","AVR","R","T","M","M","R","?","M","R","BOSS","M","?","?","M","M","R","E","R","T","E","AVR","?","M","$","R","BOSS"],"items_purchased_type":["Relic","Relic","Relic","Relic"],"build_version":"2020-12-22","purchased_purges":1,"victory":true,"max_hp_per_floor":[75,75,75,75,75,75,75,75,75,75,75,75,75,75,75,75,75,75,75,75,75,75,75,75,75,75,75,75,75,75,75,75,75,75,75,75,75,75,75,75,75,75,75,75,75,75,75,75,75,75],"card_choices":[{"not_picked":["Go for the Eyes","StuffTheSpire:CleanHardDrive","Hologram"],"picked":"SKIP","floor":4.0},{"not_picked":["aspiration:Polymerization","Electrodynamics"],"picked":"Gash","floor":10.0},{"not_picked":["Time Bomb+1","Panic Button+1","Gash+1"],"picked":"SKIP","floor":18.0},{"not_picked":["Panic Button+1","Sweeping Beam+1"],"picked":"Reprogram+1","floor":22.0},{"not_picked":["Panic Button+1","Time Bomb+1","Lockon"],"picked":"SKIP","floor":23},{"not_picked":["Streamline","Conserve Battery+1","Sweeping Beam"],"picked":"SKIP","floor":44}],"player_experience":131383,"relics_obtained":[{"floor":3.0,"key":"StuffTheSpire:Barrel"},{"floor":9.0,"key":"RetroEgg"},{"floor":10.0,"key":"SpikesRelics:ToyHorsey"},{"floor":23,"key":"infinitespire:Beetle Shell"},{"floor":26,"key":"Replay:Bandana"},{"floor":41,"key":"Replay:Antivirus Software"},{"floor":43,"key":"halation:BottledLove"},{"floor":44,"key":"Happy Flower"}],"event_choices":[{"cards_removed":["Injury"],"damage_healed":0.0,"max_hp_gain":0.0,"max_hp_loss":0.0,"gold_gain":0.0,"event_name":"Fountain of Cleansing","player_choice":"Removed Curses","floor":19.0,"gold_loss":0.0,"damage_taken":0.0},{"damage_healed":0,"gold_gain":0,"player_choice":"Smashed Altar","damage_taken":0,"max_hp_gain":0,"max_hp_loss":0,"event_name":"Forgotten Altar","floor":30,"gold_loss":0,"cards_obtained":["Decay"]}],"is_beta":false,"boss_relics":[{"not_picked":["halation:Prosthetics","Replay:Bronze Core"],"picked":"Inserter"},{"not_picked":["energizedSpire:StickyHand","Runic Dome","aspiration:Stellarator"]}],"items_purged_floors":[48],"is_endless":false,"potions_floor_spawned":[10,14,20,21,22,28,31,38,39,44],"ascension_level":11}}