{"host":"5ddwedapke4fsx0r","time":1611848362,"event":{"mods":["BaseMod","Downfall","Hermit","Infinite Spire","Minty Spire (QoL Compilation)","StSLib","The Cursed","The Dragon Tamer"],"gold_per_floor":[99,112,127,112,112,12,39,49,49,69,102,119,119,147,158,158,158],"floor_reached":16,"language":"ENG","playtime":1313,"items_purged":[],"score":118,"play_id":"8a903427-45b9-466e-bcf5-f31655b40254","local_time":"20210128163922","is_ascension_mode":true,"campfire_choices":[{"floor":1,"key":"RECALL"},{"data":"TheCursedMod:LuckyCharm","floor":6,"key":"SMITH"},{"data":"TheCursedMod:FleshFromBone","floor":13,"key":"SMITH"}],"circlet_count":0,"master_deck":["TheCursedMod:Strike_TheCursed","TheCursedMod:Strike_TheCursed","TheCursedMod:Strike_TheCursed","TheCursedMod:Strike_TheCursed","TheCursedMod:Defend_TheCursed","TheCursedMod:Defend_TheCursed","TheCursedMod:Defend_TheCursed","TheCursedMod:Defend_TheCursed","TheCursedMod:CursedWand","TheCursedMod:CleanUpWorkshop","TheCursedMod:Dregs","TheCursedMod:LuckyCharm+1","TheCursedMod:FleshFromBone+1","TheCursedMod:Stretching","TheCursedMod:DemonicPact","TheCursedMod:SoulReap","TheCursedMod:CursedAmulet+1"],"relics":["Ring of the Snake","Pocketwatch","infinitespire:Cubic Diamond","downfall:HeartBlessingRed","infinitespire:Beetle Shell","Nunchaku","Toxic Egg 2"],"acts_visited":["Exordium"],"potions_floor_usage":[11,11,11,16],"damage_taken":[{"damage":0,"enemies":"2 Louse","floor":2,"turns":2},{"damage":0,"enemies":"Jaw Worm","floor":3,"turns":5},{"damage":0,"enemies":"downfall:FleeingMerchant","floor":4,"turns":4},{"damage":0,"enemies":"Cultist","floor":8,"turns":3},{"damage":0,"enemies":"2 Fungi Beasts","floor":10,"turns":5},{"damage":11,"enemies":"3 Sentries","floor":11,"turns":6},{"damage":0,"enemies":"Blue Slaver","floor":12,"turns":6},{"damage":32,"enemies":"Gremlin Nob","floor":14,"turns":6},{"damage":7,"enemies":"Exordium Wildlife","floor":15,"turns":6},{"damage":37,"enemies":"SI_SHIV_ARCHETYPE","floor":16,"turns":10}],"seed_played":"-7585544196524152861","potions_obtained":[{"floor":2,"key":"Energy Potion"},{"floor":3,"key":"champ:CounterPotion"},{"floor":8,"key":"AttackPotion"},{"floor":9,"key":"downfall:CursedFountainPotion"},{"floor":15,"key":"SneckoOil"}],"is_trial":false,"path_per_floor":["R","M","M","$","?","R","T","M","?","M","E","M","R","E","M","B"],"character_chosen":"THE_CURSED","items_purchased":[],"campfire_rested":0,"item_purchase_floors":[],"current_hp_per_floor":[68,68,68,68,68,68,68,68,68,68,57,57,57,25,24,0,0],"gold":158,"neow_bonus":"ONE_RARE_RELIC","is_daily":false,"chose_seed":false,"campfire_upgraded":2,"win_rate":0.0,"timestamp":1611848362,"path_taken":["R","M","M","$","?","R","T","M","?","?","E","M","R","E","M","BOSS"],"items_purchased_type":[],"build_version":"2020-12-22","purchased_purges":0,"victory":false,"max_hp_per_floor":[68,68,68,68,68,68,68,68,68,68,68,68,68,68,68,68,68],"card_choices":[{"not_picked":["TheCursedMod:TacticalStrike","TheCursedMod:CircleOfCorruption"],"picked":"TheCursedMod:LuckyCharm","floor":2},{"not_picked":["TheCursedMod:Stigma","TheCursedMod:Wield","TheCursedMod:SmokeScreen"],"picked":"SKIP","floor":3},{"not_picked":["TheCursedMod:SmokeScreen","TheCursedMod:Wield","TheCursedMod:VitalStrike"],"picked":"SKIP","floor":4},{"not_picked":["TheCursedMod:UltimatePain","TheCursedMod:SmokeScreen"],"picked":"TheCursedMod:FleshFromBone","floor":8},{"not_picked":["TheCursedMod:CircleOfCorruption","TheCursedMod:SpitefulStrike","TheCursedMod:DoubleShield"],"picked":"SKIP","floor":10},{"not_picked":["TheCursedMod:RapidMovement","TheCursedMod:SoulCrush"],"picked":"TheCursedMod:Stretching","floor":11},{"not_picked":["TheCursedMod:RavingStaff","TheCursedMod:Mangle"],"picked":"TheCursedMod:DemonicPact","floor":12},{"not_picked":["TheCursedMod:SpitefulStrike","TheCursedMod:ManaBullet"],"picked":"TheCursedMod:SoulReap","floor":14},{"not_picked":["TheCursedMod:CircleOfCorruption+1","TheCursedMod:Stigma"],"picked":"TheCursedMod:CursedAmulet+1","floor":15}],"player_experience":469851,"relics_obtained":[{"floor":7,"key":"infinitespire:Beetle Shell"},{"floor":11,"key":"Nunchaku"},{"floor":14,"key":"Toxic Egg 2"}],"event_choices":[],"is_beta":false,"boss_relics":[],"items_purged_floors":[],"is_endless":false,"potions_floor_spawned":[2,3,8,15],"killed_by":"SI_SHIV_ARCHETYPE","ascension_level":1}}