{"host":"q0qnzbgdx8oqogg9","time":1611794344,"event":{"mods":["BaseMod","Minty Spire (QoL Compilation)","StSLib"],"gold_per_floor":[360,375,390,79,98,98,127,202,228,260,260,260,275,346,346,346,346],"floor_reached":16,"language":"ENG","playtime":453,"items_purged":["Strike_G"],"score":182,"play_id":"fd5fa557-1843-4d12-b776-21ff994b85b5","local_time":"20210127193904","is_ascension_mode":true,"campfire_choices":[{"data":"All Out Attack","floor":6.0,"key":"SMITH"},{"floor":11.0,"key":"REST"},{"floor":15.0,"key":"REST"}],"circlet_count":0,"master_deck":["AscendersBane","Strike_G+1","Strike_G","Strike_G+1","Strike_G","Defend_G","Defend_G","Defend_G","Defend_G","Defend_G","Survivor","Neutralize","All Out Attack+1","Dagger Spray","Bouncing Flask","Terror","Cloak And Dagger","Predator","Footwork","Catalyst"],"relics":["Ring of the Snake","Sling","Strawberry","Whetstone","Juzu Bracelet","Kunai"],"acts_visited":["Exordium"],"potions_floor_usage":[16],"damage_taken":[{"damage":2.0,"enemies":"Cultist","floor":1.0,"turns":4.0},{"damage":4.0,"enemies":"Jaw Worm","floor":2.0,"turns":5.0},{"damage":0.0,"enemies":"Small Slimes","floor":3.0,"turns":2.0},{"damage":9.0,"enemies":"3 Louse","floor":5.0,"turns":2.0},{"damage":16.0,"enemies":"Lagavulin","floor":7.0,"turns":4.0},{"damage":23.0,"enemies":"Gremlin Nob","floor":10.0,"turns":4.0},{"damage":15.0,"enemies":"Exordium Wildlife","floor":13.0,"turns":4.0},{"damage":32,"enemies":"Slime Boss","floor":16,"turns":10}],"seed_played":"-4236409410385827940","potions_obtained":[{"floor":2.0,"key":"ColorlessPotion"},{"floor":3.0,"key":"SteroidPotion"},{"floor":10.0,"key":"AttackPotion"}],"is_trial":false,"path_per_floor":["M","M","M","$","M","R","E","?","T","E","R","T","M","?","R","B"],"character_chosen":"THE_SILENT","items_purchased":["Sling","Terror"],"campfire_rested":2,"item_purchase_floors":[4,4],"current_hp_per_floor":[61,57,57,57,48,48,39,28,28,5,26,26,11,11,32,0,0],"gold":346,"neow_bonus":"TWO_FIFTY_GOLD","is_daily":false,"chose_seed":false,"campfire_upgraded":1,"win_rate":0.0,"timestamp":1611794344,"path_taken":["M","M","M","$","M","R","E","?","T","E","R","?","M","?","R","BOSS"],"items_purchased_type":["Relic","Card"],"build_version":"2020-12-22","purchased_purges":1,"victory":false,"max_hp_per_floor":[63,63,63,63,63,63,70,70,70,70,70,70,70,70,70,70,70],"card_choices":[{"not_picked":["Acrobatics","Infinite Blades"],"picked":"All Out Attack","floor":1.0},{"not_picked":["Blur","Concentrate"],"picked":"Dagger Spray","floor":2.0},{"not_picked":["Slice","Backflip"],"picked":"Bouncing Flask","floor":3.0},{"not_picked":["Prepared","Deflect"],"picked":"Cloak And Dagger","floor":5.0},{"not_picked":["Malaise","Riddle With Holes"],"picked":"Predator","floor":7.0},{"not_picked":["Underhanded Strike","Dodge and Roll"],"picked":"Footwork","floor":10.0},{"not_picked":["Leg Sweep","Heel Hook"],"picked":"Catalyst","floor":13.0}],"player_experience":308936,"relics_obtained":[{"floor":7.0,"key":"Strawberry"},{"floor":9.0,"key":"Whetstone"},{"floor":10.0,"key":"Juzu Bracelet"},{"floor":12.0,"key":"Kunai"}],"event_choices":[{"damage_healed":0.0,"max_hp_gain":0.0,"max_hp_loss":0.0,"gold_gain":75.0,"event_name":"World of Goop","player_choice":"Gather Gold","floor":8.0,"gold_loss":0.0,"damage_taken":11.0},{"damage_healed":0.0,"max_hp_gain":0.0,"max_hp_loss":0.0,"gold_gain":71.0,"event_name":"Golden Wing","player_choice":"Gained Gold","floor":14.0,"gold_loss":0.0,"damage_taken":0.0}],"is_beta":false,"boss_relics":[],"items_purged_floors":[4],"is_endless":false,"potions_floor_spawned":[2,3,7,10],"killed_by":"Slime Boss","ascension_level":13}}