{"host":"ufl0k2so27eic2iy","time":1611834793,"event":{"mods":["BaseMod","Downfall","Minty Spire (QoL Compilation)","StSLib","The Animator"],"gold_per_floor":[129,179,202,202,221,248,277,277,277,305,305,315,315,190,190,277,277],"floor_reached":16,"language":"ENG","playtime":700,"items_purged":["animator:Strike"],"score":280,"play_id":"be47ac4f-f030-4162-b0df-2eb994f5f2c4","local_time":"20210128115313","is_ascension_mode":true,"campfire_choices":[{"data":"animator:Shigure","floor":8,"key":"SMITH"},{"floor":11,"key":"REST"},{"data":"animator:Emonzaemon","floor":13,"key":"SMITH"},{"data":"animator:HiiragiShinya","floor":15,"key":"SMITH"}],"circlet_count":0,"master_deck":["AscendersBane","animator:Defend_Elsword","animator:Strike","animator:Strike","animator:Defend","animator:Defend","animator:Defend","animator:Chung","animator:Raven","animator:Elsword","animator:Nanami","animator:Ain","animator:Chung","animator:Shigure+1","animator:HiiragiShinya+1","animator:Emonzaemon+1","animator:FeridBathory"],"relics":["animator:LivingPicture","animator:TheMissingPiece","Gremlin Horn","Happy Flower"],"acts_visited":["Exordium"],"potions_floor_usage":[6,10],"damage_taken":[{"damage":7,"enemies":"Small Slimes","floor":1,"turns":4},{"damage":4,"enemies":"2 Louse","floor":3,"turns":3},{"damage":0,"enemies":"Cultist","floor":5,"turns":3},{"damage":23,"enemies":"Lagavulin","floor":6,"turns":7},{"damage":0,"enemies":"3 Louse","floor":7,"turns":5},{"damage":12,"enemies":"Gremlin Nob","floor":10,"turns":4},{"damage":0,"enemies":"Large Slime","floor":12,"turns":7},{"damage":19,"enemies":"The Guardian","floor":16,"turns":10}],"seed_played":"241996554658412638","potions_obtained":[{"floor":1,"key":"SteroidPotion"},{"floor":3,"key":"GamblersBrew"},{"floor":5,"key":"FearPotion"},{"floor":16,"key":"Explosive Potion"}],"is_trial":false,"path_per_floor":["M","?","M","?","M","E","M","R","T","E","R","M","R","$","R","B"],"character_chosen":"THE_ANIMATOR","items_purchased":["Block Potion"],"campfire_rested":1,"item_purchase_floors":[14],"current_hp_per_floor":[53,53,49,49,50,27,27,27,27,16,36,37,37,37,37,18,18],"gold":277,"neow_bonus":"TEN_PERCENT_HP_BONUS","is_daily":false,"chose_seed":true,"campfire_upgraded":3,"win_rate":0.0,"timestamp":1611834793,"path_taken":["M","?","M","?","M","E","M","R","T","E","R","M","R","$","R","BOSS"],"items_purchased_type":["Potion"],"build_version":"2020-12-22","purchased_purges":1,"victory":false,"max_hp_per_floor":[66,66,66,66,67,67,67,67,67,68,68,69,69,69,69,69,69],"card_choices":[{"not_picked":["animator:SakuraMatou","animator:Alexander"],"picked":"animator:Elsword","floor":1},{"not_picked":["animator:NiaHonjou","animator:NoriSakurada"],"picked":"animator:Nanami","floor":3},{"not_picked":["animator:MikuIzayoi","animator:Hinaichigo"],"picked":"animator:Ain","floor":5},{"not_picked":["animator:Raven","animator:Laby"],"picked":"animator:Chung","floor":6},{"not_picked":["animator:NoriSakurada","animator:Nanami"],"picked":"animator:Shigure","floor":7},{"not_picked":["animator:LizardPriest","animator:YoshinoHimekawa"],"picked":"animator:HiiragiShinya","floor":10},{"not_picked":["animator:Mitsuba","animator:Yuuichirou"],"picked":"animator:Emonzaemon","floor":12},{"not_picked":["animator:Saber","animator:SwordMaiden"],"picked":"animator:FeridBathory","floor":16}],"player_experience":2775687,"relics_obtained":[{"floor":6,"key":"Gremlin Horn"},{"floor":10,"key":"Happy Flower"}],"event_choices":[{"damage_healed":0,"gold_gain":0,"player_choice":"0 cards matched","damage_taken":0,"max_hp_gain":0,"max_hp_loss":0,"event_name":"Match and Keep!","floor":4,"gold_loss":0,"cards_obtained":[]}],"is_beta":false,"boss_relics":[],"items_purged_floors":[14],"is_endless":false,"potions_floor_spawned":[1,3,5,16],"killed_by":"The Guardian","ascension_level":15}}