{"host":"zk71suw73lg2r165","time":1611870846,"event":{"mods":["BaseMod","Colored Map","Minty Spire (QoL Compilation)","Permanent Neow","Relic Stats","StSLib"],"gold_per_floor":[118,131,148,163,163,163,181,201,279,279,37,37,75,96,96,189,189,205,224,224,247,260,284,318,49,49,49,73,73,73],"floor_reached":29,"language":"ENG","playtime":884,"items_purged":["Strike_B"],"score":502,"play_id":"05f4198f-2f55-4e07-8bf4-bdda3b41a9e7","local_time":"20210128165406","is_ascension_mode":true,"campfire_choices":[{"floor":6.0,"key":"REST"},{"floor":15.0,"key":"REST"},{"floor":27.0,"key":"REST"}],"circlet_count":0,"master_deck":["AscendersBane","Strike_B+1","Strike_B+1","Strike_B+1","Defend_B+1","Defend_B+1","Defend_B+1","Defend_B+1","Zap","Dualcast","Sweeping Beam+1","Glacier","Biased Cognition+1","Melter","Go for the Eyes","Conserve Battery","Electrodynamics","Core Surge","Hologram","Buffer","Reinforced Body","Compile Driver","Double Energy","Loop","Ball Lightning","Apotheosis","Self Repair"],"relics":["Fusion Hammer","Mummified Hand","Golden Idol","Kunai","Sozu","WingedGreaves","Gremlin Horn"],"acts_visited":["Exordium","TheCity"],"potions_floor_usage":[],"damage_taken":[{"damage":4.0,"enemies":"2 Louse","floor":1.0,"turns":3.0},{"damage":13.0,"enemies":"Small Slimes","floor":2.0,"turns":3.0},{"damage":0.0,"enemies":"Cultist","floor":3.0,"turns":4.0},{"damage":0.0,"enemies":"Large Slime","floor":4.0,"turns":6.0},{"damage":0.0,"enemies":"Red Slaver","floor":7.0,"turns":3.0},{"damage":13.0,"enemies":"Lots of Slimes","floor":8.0,"turns":5.0},{"damage":5.0,"enemies":"3 Sentries","floor":13.0,"turns":2.0},{"damage":12.0,"enemies":"Gremlin Gang","floor":14.0,"turns":3.0},{"damage":27.0,"enemies":"Slime Boss","floor":16.0,"turns":7.0},{"damage":0.0,"enemies":"Shell Parasite","floor":18.0,"turns":5.0},{"damage":0.0,"enemies":"Chosen","floor":19.0,"turns":5.0},{"damage":3.0,"enemies":"3 Cultists","floor":21.0,"turns":3.0},{"damage":5.0,"enemies":"Cultist and Chosen","floor":22.0,"turns":6.0},{"damage":11.0,"enemies":"Centurion and Healer","floor":23.0,"turns":7.0},{"damage":27.0,"enemies":"Slavers","floor":24.0,"turns":4.0},{"damage":8.0,"enemies":"Snake Plant","floor":28.0,"turns":5.0},{"damage":54,"enemies":"Book of Stabbing","floor":29,"turns":4}],"seed_played":"-9207062525337210807","potions_obtained":[{"floor":2.0,"key":"FairyPotion"},{"floor":7.0,"key":"SteroidPotion"},{"floor":14.0,"key":"SkillPotion"},{"floor":16.0,"key":"Explosive Potion"}],"is_trial":false,"path_per_floor":["M","M","M","M","?","R","M","M","T","?","$","?","E","M","R","B",null,"M","M","?","M","M","M","E","$","T","R","M","E"],"character_chosen":"DEFECT","items_purchased":["Electrodynamics","Apotheosis","Self Repair"],"campfire_rested":3,"item_purchase_floors":[11,25,25],"current_hp_per_floor":[60,47,47,47,26,47,47,34,34,34,34,55,50,38,57,30,56,56,56,56,53,48,37,10,10,10,29,31,0,0],"gold":73,"neow_bonus":"BOSS_RELIC","is_daily":false,"chose_seed":false,"campfire_upgraded":0,"win_rate":0.0,"timestamp":1611870846,"path_taken":["M","M","M","M","?","R","M","M","T","?","$","?","E","M","R","BOSS","M","M","?","M","M","M","E","$","T","R","M","E"],"items_purchased_type":["Card","Card","Card"],"build_version":"2020-12-22","purchased_purges":1,"victory":false,"max_hp_per_floor":[71,71,71,71,71,71,71,71,71,64,64,64,64,64,64,64,64,64,64,64,64,64,64,64,64,64,64,64,64,64],"relic_stats":{"Sozu":3,"Gremlin Horn":[0,0],"counters":[17,74],"Mummified Hand":[37],"Golden Idol":63,"Kunai":[10],"obtain_stats":[{"Sozu":17,"Gremlin Horn":26,"Mummified Hand":9,"Golden Idol":10,"Fusion Hammer":0,"WingedGreaves":24,"Kunai":13,"Cracked Core":0},{"Sozu":9,"Gremlin Horn":15,"Mummified Hand":6,"Golden Idol":6,"Fusion Hammer":0,"WingedGreaves":15,"Kunai":7,"Cracked Core":0},{"Sozu":36,"Gremlin Horn":66,"Mummified Hand":24,"Golden Idol":24,"Fusion Hammer":0,"WingedGreaves":66,"Kunai":26,"Cracked Core":0}]},"card_choices":[{"not_picked":["Steam","Hologram"],"picked":"Sweeping Beam","floor":1.0},{"not_picked":["Leap","Go for the Eyes"],"picked":"Glacier","floor":2.0},{"not_picked":["Streamline","Hologram"],"picked":"Biased Cognition","floor":3.0},{"not_picked":["White Noise","Barrage"],"picked":"Melter","floor":4.0},{"not_picked":["Streamline","Stack"],"picked":"Go for the Eyes","floor":7.0},{"not_picked":["Go for the Eyes","Cold Snap"],"picked":"Conserve Battery","floor":8.0},{"not_picked":["Gash","Multi-Cast"],"picked":"Core Surge","floor":13.0},{"not_picked":["Cold Snap","Steam"],"picked":"Hologram","floor":14.0},{"not_picked":["Electrodynamics","Biased Cognition"],"picked":"Buffer","floor":16.0},{"not_picked":["Redo+1","Conserve Battery"],"picked":"Reinforced Body","floor":18.0},{"not_picked":["Coolheaded","Turbo"],"picked":"Compile Driver","floor":19.0},{"not_picked":["Rip and Tear","Lockon"],"picked":"Double Energy","floor":21.0},{"not_picked":["Gash","Ball Lightning"],"picked":"Loop","floor":22.0},{"not_picked":["Compile Driver","Rebound","Rainbow"],"picked":"SKIP","floor":23.0},{"not_picked":["Darkness","Go for the Eyes"],"picked":"Ball Lightning","floor":24.0},{"not_picked":["Chaos","White Noise","Rebound"],"picked":"SKIP","floor":28.0}],"player_experience":1401379,"relics_obtained":[{"floor":9.0,"key":"Mummified Hand"},{"floor":13.0,"key":"Kunai"},{"floor":24.0,"key":"WingedGreaves"},{"floor":26.0,"key":"Gremlin Horn"}],"event_choices":[{"damage_healed":0.0,"max_hp_gain":0.0,"max_hp_loss":0.0,"gold_gain":0.0,"event_name":"Shining Light","player_choice":"Entered Light","floor":5.0,"gold_loss":0.0,"damage_taken":21.0,"cards_upgraded":["Sweeping Beam","Biased Cognition"]},{"damage_healed":0.0,"max_hp_gain":0.0,"max_hp_loss":7.0,"gold_gain":0.0,"event_name":"Golden Idol","player_choice":"Lose Max HP","floor":10.0,"gold_loss":0.0,"damage_taken":0.0,"relics_obtained":["Golden Idol"]},{"damage_healed":21.0,"max_hp_gain":0.0,"max_hp_loss":0.0,"gold_gain":0.0,"event_name":"Big Fish","player_choice":"Banana","floor":12.0,"gold_loss":0.0,"damage_taken":0.0},{"damage_healed":0.0,"max_hp_gain":0.0,"max_hp_loss":0.0,"gold_gain":0.0,"event_name":"Back to Basics","player_choice":"Simplicity","floor":20.0,"gold_loss":0.0,"damage_taken":0.0,"cards_upgraded":["Strike_B","Strike_B","Strike_B","Defend_B","Defend_B","Defend_B","Defend_B"]}],"is_beta":false,"boss_relics":[{"not_picked":["Nuclear Battery","Busted Crown"],"picked":"Sozu"}],"items_purged_floors":[11],"is_endless":false,"potions_floor_spawned":[2,7,14,16,19,21,24,28],"killed_by":"Book of Stabbing","ascension_level":20}}