{"host":"u21q392b5xaj11fl","time":1611832214,"event":{"mods":["2.2 Compatiblity","Bard","BaseMod","Better Note","Colored Map","Colored Powertips","Conspire","Custom Start","Downfall","Faster Ascension Climbing","GifTheSpireLib","Gremlin Skip","Highlight Path","Hubris","Infinite Spire","Mad Scientist","Marisa????????","Mimic Mod","Minty Spire (QoL Compilation)","Monster B Gone","Permanent Neow","Potionbrewer","Quick Restart","READ ME - Guardian Mod","Relic Sorter","Replay The Spire","Shop Mod","Somnambulant","StSLib","Stuff the Spire","SuperFastMode","The Construct","The Disciple","The Servant 0.9.4"],"gold_per_floor":[119,48,69,34,73,73,73,73],"floor_reached":6,"language":"ENG","playtime":396,"items_purged":[],"score":56,"play_id":"5868a9f2-f6e0-449d-abcc-ecfbda551d35","local_time":"20210128051014","is_ascension_mode":true,"campfire_choices":[],"circlet_count":0,"master_deck":["AscendersBane","sneckomod:Strike","sneckomod:Strike","sneckomod:Strike","sneckomod:Defend","sneckomod:Defend","sneckomod:Defend","sneckomod:TailWhip","sneckomod:SnekBite","sneckomod:Unknown","sneckomod:Unknown","StuffTheSpire:FreeRealEstate","sneckomod:UnknownUncommonPower","sneckomod:ImprovisedAttack","sneckomod:UnknownBlock","sneckomod:Transmogrify"],"relics":["sneckomod:SneckoSoul"],"acts_visited":["Exordium"],"potions_floor_usage":[],"damage_taken":[{"damage":0,"enemies":"Cultist","floor":1,"turns":3},{"damage":16,"enemies":"Jaw Worm","floor":3,"turns":4},{"damage":34,"enemies":"conspire:MimicChest","floor":5,"turns":6},{"damage":60,"enemies":"Gremlin Nob","floor":6,"turns":5}],"seed_played":"2945958038244880297","potions_obtained":[{"floor":5,"key":"potionbrewer:SplittingPotion"}],"is_trial":false,"path_per_floor":["M","$","M","?","?","E"],"character_chosen":"THE_SNECKO","items_purchased":["sneckomod:ImprovisedAttack"],"campfire_rested":0,"item_purchase_floors":[2],"current_hp_per_floor":[81,81,65,87,53,0,0,0],"gold":73,"neow_bonus":"RANDOM_COLORLESS","is_daily":false,"chose_seed":false,"campfire_upgraded":0,"win_rate":0.0,"timestamp":1611832214,"path_taken":["M","$","?","?","?","E"],"items_purchased_type":["Card"],"build_version":"2020-12-22","purchased_purges":0,"victory":false,"max_hp_per_floor":[90,90,90,90,90,90,90,90],"card_choices":[{"not_picked":["Replay:BasicMightCard","Enlightenment"],"picked":"StuffTheSpire:FreeRealEstate","floor":0},{"not_picked":["sneckomod:UnknownCommonAttack","sneckomod:SoulRoll"],"picked":"sneckomod:UnknownUncommonPower","floor":1},{"not_picked":["sneckomod:RainOfDice","sneckomod:Nope"],"picked":"sneckomod:UnknownBlock","floor":3},{"not_picked":["sneckomod:RainOfDice","sneckomod:UnknownCommonAttack"],"picked":"sneckomod:Transmogrify","floor":5}],"player_experience":197775,"relics_obtained":[{"floor":5,"key":"Bird Faced Urn"}],"event_choices":[{"damage_healed":22,"gold_gain":0,"player_choice":"Healed","damage_taken":0,"max_hp_gain":0,"max_hp_loss":0,"event_name":"The Cleric","floor":4,"gold_loss":35}],"is_beta":false,"boss_relics":[],"items_purged_floors":[],"is_endless":false,"potions_floor_spawned":[5],"killed_by":"Gremlin Nob","ascension_level":13}}