{"host":"s5d39dhq0ddhxhke","time":1611869551,"event":{"mods":["AchievementEnabler","BaseMod","Colored Map","Minty Spire (QoL Compilation)","SuperFastMode"],"gold_per_floor":[111,127,141,161,181,208,223,223,223,223,248,24,34,67,67,146,146,156,3,3,16,16,49,49,49,120,45,61,79,79,108,108,189,189,215,240,240,295,295,304,238,238,238,265,265,265,288,71,71,71],"floor_reached":51,"language":"ENG","playtime":2123,"items_purged":["Strike_R","Strike_R"],"score":1423,"play_id":"2cb4fa72-b0c0-4357-aac2-74617d5b4ffe","local_time":"20210128233230","is_ascension_mode":true,"campfire_choices":[{"data":"Inflame","floor":8.0,"key":"SMITH"},{"floor":10.0,"key":"REST"},{"floor":15.0,"key":"REST"},{"floor":25,"key":"REST"},{"floor":30,"key":"REST"},{"floor":32,"key":"REST"},{"floor":40,"key":"REST"},{"data":"Heavy Blade","floor":42,"key":"SMITH"},{"floor":45,"key":"REST"},{"floor":49,"key":"REST"}],"circlet_count":0,"master_deck":["AscendersBane","Strike_R","Defend_R","Defend_R","Defend_R","Bash","Rampage","Inflame+1","Carnage","Pummel","Inflame","Berserk+1","Heavy Blade+1","Uppercut","Bludgeon","Evolve+1","Power Through","Dark Embrace+1","Inflame+1","Limit Break"],"relics":["Black Blood","Singing Bowl","Self Forming Clay","Juzu Bracelet","Membership Card","Red Skull","Frozen Egg 2","Busted Crown","ClockworkSouvenir","Orichalcum","Mercury Hourglass","CeramicFish","Paper Frog","Dream Catcher","Dead Branch","Thread and Needle","Ornamental Fan","Bronze Scales","Happy Flower","Orrery"],"acts_visited":["Exordium","TheCity","TheBeyond"],"potions_floor_usage":[16,23,36,44,50,50],"damage_taken":[{"damage":4.0,"enemies":"2 Louse","floor":1.0,"turns":3.0},{"damage":13.0,"enemies":"Jaw Worm","floor":2.0,"turns":4.0},{"damage":11.0,"enemies":"Cultist","floor":3.0,"turns":4.0},{"damage":21.0,"enemies":"Large Slime","floor":4.0,"turns":6.0},{"damage":12.0,"enemies":"Looter","floor":5.0,"turns":3.0},{"damage":24.0,"enemies":"Gremlin Nob","floor":6.0,"turns":4.0},{"damage":14.0,"enemies":"Blue Slaver","floor":7.0,"turns":4.0},{"damage":22.0,"enemies":"Lagavulin","floor":11.0,"turns":5.0},{"damage":6.0,"enemies":"Exordium Thugs","floor":13.0,"turns":3.0},{"damage":5.0,"enemies":"Gremlin Nob","floor":14.0,"turns":3.0},{"damage":0,"enemies":"Slime Boss","floor":16,"turns":6},{"damage":22,"enemies":"2 Thieves","floor":18,"turns":4},{"damage":5,"enemies":"Spheric Guardian","floor":21,"turns":3},{"damage":36,"enemies":"Gremlin Leader","floor":23,"turns":3},{"damage":9,"enemies":"Shelled Parasite and Fungi","floor":28,"turns":3},{"damage":12,"enemies":"Snecko","floor":29,"turns":3},{"damage":29,"enemies":"Book of Stabbing","floor":31,"turns":4},{"damage":31,"enemies":"Collector","floor":33,"turns":8},{"damage":12,"enemies":"Orb Walker","floor":35,"turns":3},{"damage":48,"enemies":"Mind Bloom Boss Battle","floor":36,"turns":5},{"damage":75,"enemies":"2 Orb Walkers","floor":38,"turns":5},{"damage":58,"enemies":"Giant Head","floor":44,"turns":7},{"damage":26,"enemies":"3 Darklings","floor":47,"turns":3},{"damage":14,"enemies":"Donu and Deca","floor":50,"turns":4}],"seed_played":"-452953573450050862","potions_obtained":[{"floor":2.0,"key":"LiquidBronze"},{"floor":3.0,"key":"SteroidPotion"},{"floor":6.0,"key":"Strength Potion"},{"floor":11.0,"key":"PowerPotion"},{"floor":14.0,"key":"SkillPotion"},{"floor":16,"key":"PowerPotion"},{"floor":23,"key":"GamblersBrew"},{"floor":28,"key":"BloodPotion"},{"floor":36,"key":"BloodPotion"},{"floor":44,"key":"Weak Potion"}],"is_trial":false,"path_per_floor":["M","M","M","M","M","E","M","R","T","R","E","$","M","E","R","B",null,"M","$","?","M","T","E","?","R","T","?","M","M","R","E","R","B",null,"M","?","?","?","?","R","$","R","T","E","R","?","M","$","R","B",null],"character_chosen":"IRONCLAD","items_purchased":["Membership Card","Red Skull","ClockworkSouvenir","Orichalcum","Dark Embrace+1","Happy Flower","Orrery","PowerPotion"],"campfire_rested":8,"item_purchase_floors":[12,12,19,19,41,48,48,48],"current_hp_per_floor":[77,70,65,50,44,28,20,20,20,45,31,31,31,34,60,66,83,67,67,41,42,42,14,14,42,42,42,41,37,66,45,77,52,90,90,76,76,15,15,47,47,47,47,24,58,58,44,52,89,87],"gold":71,"neow_bonus":"TEN_PERCENT_HP_BONUS","is_daily":false,"chose_seed":false,"campfire_upgraded":2,"win_rate":0.0,"timestamp":1611869550,"path_taken":["M","M","M","M","M","E","M","R","T","R","E","$","M","E","R","BOSS","M","$","?","M","?","E","?","R","T","?","M","M","R","E","R","BOSS","M","?","?","?","?","R","$","R","T","E","R","?","M","$","R","BOSS"],"items_purchased_type":["Relic","Relic","Relic","Relic","Card","Relic","Relic","Potion"],"build_version":"2020-12-22","purchased_purges":2,"victory":true,"max_hp_per_floor":[82,82,82,82,82,84,84,84,84,84,86,86,86,88,88,88,88,88,88,93,93,93,95,95,95,95,95,97,99,99,101,103,103,103,103,105,105,107,107,107,107,107,107,109,111,111,111,119,121,121],"card_choices":[{"not_picked":["Shrug It Off","Havoc"],"picked":"Rampage","floor":1.0},{"not_picked":["Flame Barrier","Power Through"],"picked":"Inflame","floor":2.0},{"not_picked":["Flex","Clash"],"picked":"Carnage","floor":3.0},{"not_picked":["Second Wind","Bloodletting","Body Slam"],"picked":"SKIP","floor":4.0},{"not_picked":["Rupture","Clash","True Grit"],"picked":"SKIP","floor":5.0},{"not_picked":["Blood for Blood","Armaments","Bloodletting"],"picked":"Singing Bowl","floor":6.0},{"not_picked":["Sword Boomerang","Headbutt"],"picked":"Pummel","floor":7.0},{"not_picked":["Dual Wield","Dark Embrace","Corruption"],"picked":"Singing Bowl","floor":11.0},{"not_picked":["Heavy Blade","Flex"],"picked":"Inflame","floor":13.0},{"not_picked":["Anger","Body Slam","True Grit"],"picked":"Singing Bowl","floor":14.0},{"not_picked":["Fiend Fire","Corruption+1"],"picked":"Berserk+1","floor":16},{"not_picked":[],"picked":"Heavy Blade","floor":18},{"not_picked":[],"picked":"Uppercut","floor":21},{"not_picked":["Clothesline+1"],"picked":"Singing Bowl","floor":23},{"not_picked":["Spot Weakness+1"],"picked":"Singing Bowl","floor":28},{"not_picked":["Combust+1"],"picked":"Singing Bowl","floor":29},{"not_picked":["Dual Wield+1"],"picked":"Singing Bowl","floor":31},{"not_picked":["Anger"],"picked":"Singing Bowl","floor":32},{"not_picked":[],"picked":"Bludgeon","floor":33},{"not_picked":[],"picked":"Evolve+1","floor":35},{"not_picked":["Sword Boomerang+1"],"picked":"Singing Bowl","floor":36},{"not_picked":["Carnage+1"],"picked":"Singing Bowl","floor":38},{"not_picked":[],"picked":"Power Through","floor":40},{"not_picked":["Heavy Blade"],"picked":"Singing Bowl","floor":44},{"not_picked":["Heavy Blade"],"picked":"Singing Bowl","floor":45},{"not_picked":[],"picked":"Inflame+1","floor":47},{"not_picked":["Second Wind+1"],"picked":"Singing Bowl","floor":48},{"not_picked":["Perfected Strike+1"],"picked":"Singing Bowl","floor":48},{"not_picked":["Carnage+1"],"picked":"Singing Bowl","floor":48},{"not_picked":["Shockwave"],"picked":"Singing Bowl","floor":48},{"not_picked":[],"picked":"Limit Break","floor":48},{"not_picked":["Battle Trance"],"picked":"Singing Bowl","floor":49}],"player_experience":465703,"relics_obtained":[{"floor":6.0,"key":"Singing Bowl"},{"floor":9.0,"key":"Self Forming Clay"},{"floor":11.0,"key":"Juzu Bracelet"},{"floor":14.0,"key":"Frozen Egg 2"},{"floor":22,"key":"Mercury Hourglass"},{"floor":23,"key":"CeramicFish"},{"floor":26,"key":"Paper Frog"},{"floor":31,"key":"Dream Catcher"},{"floor":36,"key":"Dead Branch"},{"floor":38,"key":"Thread and Needle"},{"floor":43,"key":"Ornamental Fan"},{"floor":44,"key":"Bronze Scales"}],"event_choices":[{"damage_healed":0,"gold_gain":0,"player_choice":"Shed Blood","damage_taken":31,"max_hp_gain":5,"max_hp_loss":0,"event_name":"Forgotten Altar","floor":20,"gold_loss":0},{"damage_healed":0,"gold_gain":0,"player_choice":"Ignored","damage_taken":0,"max_hp_gain":0,"max_hp_loss":0,"event_name":"Cursed Tome","floor":24,"gold_loss":0},{"cards_removed":["Strike_R"],"damage_healed":0,"gold_gain":0,"player_choice":"Gave Gold","damage_taken":0,"max_hp_gain":0,"max_hp_loss":0,"event_name":"Beggar","floor":27,"gold_loss":75},{"damage_healed":0,"gold_gain":0,"player_choice":"Fight","damage_taken":0,"max_hp_gain":0,"max_hp_loss":0,"event_name":"MindBloom","floor":36,"gold_loss":0},{"cards_removed":["Strike_R"],"damage_healed":0,"gold_gain":0,"player_choice":"Purged","damage_taken":0,"max_hp_gain":0,"max_hp_loss":0,"event_name":"Purifier","floor":37,"gold_loss":0},{"damage_healed":0,"gold_gain":0,"player_choice":"Fight","damage_taken":0,"max_hp_gain":0,"max_hp_loss":0,"event_name":"Mysterious Sphere","floor":38,"gold_loss":0},{"cards_removed":["Defend_R"],"damage_healed":0,"gold_gain":0,"player_choice":"Removed Skill","damage_taken":0,"max_hp_gain":0,"max_hp_loss":0,"event_name":"Falling","floor":39,"gold_loss":0},{"damage_healed":0,"gold_gain":0,"player_choice":"Ignored","damage_taken":0,"max_hp_gain":0,"max_hp_loss":0,"event_name":"Tomb of Lord Red Mask","floor":46,"gold_loss":0}],"is_beta":false,"boss_relics":[{"not_picked":["Runic Dome","SlaversCollar"],"picked":"Busted Crown"},{"not_picked":["Philosopher\u0027s Stone","Velvet Choker"],"picked":"Black Blood"}],"items_purged_floors":[41,48],"is_endless":false,"potions_floor_spawned":[2,3,6,11,14,16,23,28,31,36,44,47],"ascension_level":15}}