{"host":"y56d1fjpgcjsodvy","time":1611811005,"event":{"mods":["2.2 Compatiblity","Arknights The Spire","Astrologer","BaseMod","Colored Powertips","GifTheSpireLib","Hermit","Highlight Path","Keyboard Shortcuts","Marisa£¨Ùöéë¡¡Øª×âÞÞ£©","Minty Spire (QoL Compilation)","Random Character Button","Rare Cards Sparkle","Relic Stats","Replay The Spire","SOS£¨ÞÙ÷é?ñýí­£©","StSLib","SuperFastMode","The Blackbeard","The Blue Laboratory","The Dragon Tamer","The Poker Player","The Runesmith","TheBandit","Wandering Minibosses","everything is the same but u backflip on backflip"],"gold_per_floor":[110,127,177,189,213,250,262,299,311,323,346,372,416,446,458,575,587,510,511,14,14,14,41,41,140,140,140,140,140,174,174,174,271,271,290,141,174,174,1,1,30,30,56,123,178,23,79,136,136,151,151,151,1,59,83],"floor_reached":56,"language":"KOR","playtime":3255,"items_purged":["Replay:Hysterical Blindness","Pain","Shame"],"score":1546,"play_id":"c2a3459c-c146-4ea4-aef7-f4b0789f8676","local_time":"20210128141645","is_ascension_mode":false,"campfire_choices":[{"data":"blackbeard:PiratesWill","floor":7,"key":"SMITH"},{"data":"blackbeard:PiratesWill","floor":15,"key":"SMITH"},{"data":"blackbeard:BoostMorale","floor":24,"key":"SMITH"},{"floor":29,"key":"REST"},{"data":"blackbeard:PirateEarring","floor":32,"key":"SMITH"},{"data":"blackbeard:ChaoticDefense","floor":40,"key":"SMITH"},{"data":"Midas Touch","floor":42,"key":"SMITH"},{"floor":49,"key":"RECALL"},{"data":"Impatience","floor":52,"key":"SMITH"}],"circlet_count":0,"master_deck":["blackbeard:BlackbeardDefend","blackbeard:BlackbeardDefend","blackbeard:BlackbeardDefend","blackbeard:BlackbeardDefend","blackbeard:Cutlass","blackbeard:ChaoticDefense","blackbeard:PiratesWill+1","blackbeard:Fencing","blackbeard:ChaoticDefense+1","Parasite","blackbeard:PiratesWill+1","blackbeard:RearmingStrike","blackbeard:PirateEarring+1","blackbeard:WoodenLeg","blackbeard:DeadlyArsenal","blackbeard:Toast","blackbeard:TheDrunkenSailor","Sickly","blackbeard:BoostMorale+1","Decay","blackbeard:GoldenDefense","Replay:Sluggish","blackbeard:Salvager","blackbeard:SwordDance","blackbeard:GoldenDefense+1","ReplayTheSpireMod:Splinters","Languid","Mayhem","blackbeard:BuriedTreasure","blackbeard:ChaoticDefense+1","Midas Touch+1","Impatience+1","Mayhem","blackbeard:GoldenDefense","blackbeard:GoldenDefense+1","ReplayTheSpireMod:Splinters","ReplayTheSpireMod:Faulty Equipment","blackbeard:RearmingStrike","blackbeard:Sharpening","blackbeard:Parrot","blackbeard:Parrot","blackbeard:Sword+1","blackbeard:Eyepatch+1","Hallucinations","blackbeard:Scrap","blackbeard:GoldenDefense","Replay:Sluggish"],"relics":["blackbeard:LoadTheGoldenCannons","NeowsBlessing","Ring of Greed","Smiling Mask","MawBank","Ring of Misfortune","Akabeko","Bag of Preparation","Prayer Wheel","blackbeard:CannonballsOfSteel","Kintsugi","Sundial","Shuriken","blackbeard:PoorMathSkills","Replay:Bottled Steam","Gremlin Horn","Oddly Smooth Stone","ReplayTheSpireMod:CursedCoin","WarpedTongs","ReplayTheSpireMod:ShopPack","blackbeard:WhitePearl","CeramicFish","TheAbacus","Gremlin Food"],"acts_visited":["Exordium","TheCity","TheBeyond","TheEnding"],"potions_floor_usage":[16,18,19,19,19,23,23,23,33,45,50,50,55,55],"damage_taken":[{"damage":0,"enemies":"Small Slimes","floor":1,"turns":1},{"damage":0,"enemies":"2 Louse","floor":2,"turns":1},{"damage":0,"enemies":"Cultist","floor":5,"turns":1},{"damage":28,"enemies":"Gremlin Nob","floor":6,"turns":5},{"damage":0,"enemies":"Exordium Thugs","floor":11,"turns":6},{"damage":2,"enemies":"Blue Slaver","floor":12,"turns":3},{"damage":8,"enemies":"3 Sentries","floor":13,"turns":5},{"damage":0,"enemies":"Looter","floor":14,"turns":4},{"damage":0,"enemies":"Fading Forest","floor":16,"turns":11},{"damage":7,"enemies":"3 Byrds","floor":18,"turns":6},{"damage":3,"enemies":"2 Thieves","floor":19,"turns":5},{"damage":57,"enemies":"Book of Stabbing","floor":23,"turns":10},{"damage":0,"enemies":"Gremlin Leader","floor":30,"turns":7},{"damage":0,"enemies":"Collector","floor":33,"turns":14},{"damage":21,"enemies":"3 Darklings","floor":35,"turns":12},{"damage":0,"enemies":"Orb Walker","floor":37,"turns":5},{"damage":0,"enemies":"Spire Growth","floor":41,"turns":4},{"damage":0,"enemies":"Nemesis","floor":45,"turns":8},{"damage":0,"enemies":"4 Shapes","floor":47,"turns":6},{"damage":0,"enemies":"Jaw Worm Horde","floor":48,"turns":5},{"damage":13,"enemies":"Time Eater","floor":50,"turns":11},{"damage":52,"enemies":"Shield and Spear","floor":54,"turns":7},{"damage":9,"enemies":"The Heart","floor":55,"turns":15}],"seed_played":"8561919032318529911","potions_obtained":[{"floor":6,"key":"Strength Potion"},{"floor":12,"key":"Dexterity Potion"},{"floor":13,"key":"blueLaboratory:RememoryPotion"},{"floor":14,"key":"EntropicBrew"},{"floor":16,"key":"Explosive Potion"},{"floor":19,"key":"blueLaboratory:BubblePotion"},{"floor":30,"key":"Milkshake"},{"floor":35,"key":"AttackPotion"},{"floor":37,"key":"blueLaboratory:AbyssPotion"},{"floor":44,"key":"Adrenaline Potion"},{"floor":44,"key":"blueLaboratory:HorrorPotion"},{"floor":48,"key":"BlessingOfTheForge"}],"is_trial":false,"path_per_floor":["M","M","?","?","M","E","R","T","T","$","M","M","E","M","R","B",null,"M","M","$","?","$","E","R","?","T","?","T","R","E","?","R","B",null,"M","$","M","?","$","R","M","R","T","?","E","$","M","M","R","B",null,"R","$","E","B",null],"character_chosen":"BLACKBEARD_CLASS","items_purchased":["Sundial","Shuriken","ReplayTheSpireMod:CursedCoin","Mayhem","blackbeard:BuriedTreasure","ReplayTheSpireMod:ShopPack","blackbeard:Parrot","TheAbacus"],"campfire_rested":1,"item_purchase_floors":[20,20,36,36,36,39,46,53],"current_hp_per_floor":[75,75,75,75,75,47,47,47,47,47,47,45,37,37,37,37,75,68,65,65,65,65,8,8,8,8,8,8,30,30,30,30,30,75,54,54,54,54,54,54,54,54,54,54,54,54,54,54,54,41,75,75,75,23,14],"gold":83,"neow_bonus":"THREE_ENEMY_KILL","is_daily":false,"chose_seed":false,"campfire_upgraded":7,"win_rate":0.0,"timestamp":1611811005,"path_taken":["M","M","?","?","?","E","R","?","T","?","M","M","E","M","R","BOSS","M","M","$","?","$","E","R","?","T","?","?","R","E","?","R","BOSS","M","$","M","?","$","R","?","R","T","?","E","$","M","M","R","BOSS","R","$","E","BOSS"],"items_purchased_type":["Relic","Relic","Relic","Card","Card","Relic","Card","Relic"],"build_version":"2020-12-22","purchased_purges":3,"victory":true,"max_hp_per_floor":[75,75,75,75,75,75,75,75,75,75,75,75,75,75,75,75,75,75,75,75,75,75,75,75,75,75,75,75,75,75,75,75,75,75,75,75,75,75,75,75,75,75,75,75,75,75,75,75,75,75,75,75,75,75,75],"relic_stats":{"TheAbacus":[36],"Gremlin Horn":[24,23],"counters":[23,152],"Sundial":[18],"Shuriken":[9],"CeramicFish":81,"Prayer Wheel":10,"Bag of Preparation":[38],"Smiling Mask":150,"MawBank":204,"obtain_stats":[{"Gremlin Horn":28,"CeramicFish":45,"Bag of Preparation":8,"Smiling Mask":3,"TheAbacus":53,"Sundial":20,"Prayer Wheel":9,"Replay:Bottled Steam":26,"Gremlin Food":54,"NeowsBlessing":0,"ReplayTheSpireMod:CursedCoin":36,"blackbeard:LoadTheCannons":0,"blackbeard:CannonballsOfSteel":13,"Oddly Smooth Stone":30,"Ring of Greed":3,"blackbeard:WhitePearl":44,"MawBank":3,"blackbeard:LoadTheGoldenCannons":34,"Akabeko":6,"WarpedTongs":38,"Shuriken":20,"Ring of Misfortune":3,"Kintsugi":17,"blackbeard:PoorMathSkills":23,"ReplayTheSpireMod:ShopPack":39},{"Gremlin Horn":12,"CeramicFish":18,"Bag of Preparation":4,"Smiling Mask":2,"TheAbacus":21,"Sundial":11,"Prayer Wheel":4,"Replay:Bottled Steam":12,"Gremlin Food":22,"NeowsBlessing":0,"ReplayTheSpireMod:CursedCoin":15,"blackbeard:LoadTheCannons":0,"blackbeard:CannonballsOfSteel":7,"Oddly Smooth Stone":13,"Ring of Greed":2,"blackbeard:WhitePearl":17,"MawBank":2,"blackbeard:LoadTheGoldenCannons":14,"Akabeko":4,"WarpedTongs":16,"Shuriken":11,"Ring of Misfortune":2,"Kintsugi":9,"blackbeard:PoorMathSkills":12,"ReplayTheSpireMod:ShopPack":16},{"Gremlin Horn":58,"CeramicFish":108,"Bag of Preparation":8,"Smiling Mask":2,"TheAbacus":130,"Sundial":48,"Prayer Wheel":8,"Replay:Bottled Steam":58,"Gremlin Food":137,"NeowsBlessing":0,"ReplayTheSpireMod:CursedCoin":91,"blackbeard:LoadTheCannons":0,"blackbeard:CannonballsOfSteel":22,"Oddly Smooth Stone":65,"Ring of Greed":2,"blackbeard:WhitePearl":100,"MawBank":2,"blackbeard:LoadTheGoldenCannons":79,"Akabeko":8,"WarpedTongs":96,"Shuriken":48,"Ring of Misfortune":2,"Kintsugi":37,"blackbeard:PoorMathSkills":58,"ReplayTheSpireMod:ShopPack":96}],"WarpedTongs":[56]},"card_choices":[{"not_picked":["blackbeard:DeadlyArsenal","blackbeard:Sword"],"picked":"blackbeard:ChaoticDefense","floor":1},{"not_picked":["blackbeard:CaptainsCabin","blackbeard:Recklessness"],"picked":"blackbeard:PiratesWill","floor":2},{"not_picked":["blackbeard:RemoveScurvy","blackbeard:PirateEarring"],"picked":"blackbeard:Fencing","floor":5},{"not_picked":["blackbeard:GoldenStrike","blackbeard:SwordDance"],"picked":"blackbeard:ChaoticDefense","floor":6},{"not_picked":["blackbeard:WeaponProficiency","blackbeard:Shrapnel"],"picked":"blackbeard:PiratesWill","floor":11},{"not_picked":["blackbeard:GoldenStrike","blackbeard:Shrapnel"],"picked":"blackbeard:RearmingStrike","floor":11},{"not_picked":["blackbeard:Shrapnel","blackbeard:AgileStrike"],"picked":"blackbeard:PirateEarring","floor":12},{"not_picked":["blackbeard:WoodenLeg","blackbeard:Fencing","blackbeard:Murder"],"picked":"SKIP","floor":12},{"not_picked":["blackbeard:Fencing","blackbeard:Murder"],"picked":"blackbeard:WoodenLeg","floor":12},{"not_picked":["blackbeard:Dagger","blackbeard:AgileStrike"],"picked":"blackbeard:DeadlyArsenal","floor":13},{"not_picked":["blackbeard:DeadlyArsenal","blackbeard:RearmingStrike"],"picked":"blackbeard:Toast","floor":14},{"not_picked":["blackbeard:Sharpening","blackbeard:DelayedPain","blackbeard:Upgrade"],"picked":"SKIP","floor":14},{"not_picked":["blackbeard:Sharpening","blackbeard:DelayedPain","blackbeard:Upgrade"],"picked":"SKIP","floor":14},{"not_picked":["blackbeard:UndeadForm","blackbeard:GoldenRain"],"picked":"blackbeard:TheDrunkenSailor","floor":16},{"not_picked":["blackbeard:DoubleCannonball","blackbeard:AgileStrike","blackbeard:Shrapnel"],"picked":"SKIP","floor":18},{"not_picked":["blackbeard:CatONineTails","blackbeard:Sharpening","blackbeard:TerrorOfTheSeas"],"picked":"SKIP","floor":18},{"not_picked":["blackbeard:Revenge","blackbeard:BrownPants","blackbeard:Sharpening"],"picked":"SKIP","floor":19},{"not_picked":["blackbeard:RearmingStrike","blackbeard:Sword+1","blackbeard:GoldenStrike"],"picked":"SKIP","floor":19},{"not_picked":["blackbeard:VengefulSpirit","blackbeard:Spear"],"picked":"blackbeard:BoostMorale","floor":23},{"not_picked":["blackbeard:Fencing","blackbeard:GoldenStrike"],"picked":"blackbeard:GoldenDefense","floor":30},{"not_picked":["blackbeard:MegaUpgrade","blackbeard:PowerHungry"],"picked":"blackbeard:Salvager","floor":33},{"not_picked":["blackbeard:BrownPants","blackbeard:BeatUp+1"],"picked":"blackbeard:SwordDance","floor":35},{"not_picked":["blackbeard:CannonballSupply","blackbeard:Recklessness+1"],"picked":"blackbeard:GoldenDefense+1","floor":35},{"not_picked":["blackbeard:GoldenStrike+1","blackbeard:CloakAndCannonball"],"picked":"blackbeard:ChaoticDefense+1","floor":37},{"not_picked":["blackbeard:SwordDance","blackbeard:CloakAndCannonball+1","blackbeard:Toast"],"picked":"SKIP","floor":37},{"not_picked":["ReplayTheSpireMod:Necrogeddon","Trip"],"picked":"Midas Touch","floor":39},{"not_picked":["Specialist","Mind Blast"],"picked":"Impatience","floor":39},{"not_picked":["Crow Ritual","Chrysalis"],"picked":"Mayhem","floor":39},{"not_picked":["blackbeard:Fencing","blackbeard:Dagger+1"],"picked":"blackbeard:GoldenDefense","floor":41},{"not_picked":["blackbeard:GoldenStrike+1","blackbeard:PiratesWill","blackbeard:GoldenDefense+1"],"picked":"SKIP","floor":41},{"not_picked":["blackbeard:GoldenStrike+1","blackbeard:PiratesWill"],"picked":"blackbeard:GoldenDefense+1","floor":41},{"not_picked":["blackbeard:Bandana","blackbeard:Toast"],"picked":"blackbeard:RearmingStrike","floor":44},{"not_picked":["blackbeard:Shrapnel+1","blackbeard:GoldenCannonball+1"],"picked":"blackbeard:Sharpening","floor":45},{"not_picked":["blackbeard:FieryDefense+1","blackbeard:WiseDefense"],"picked":"blackbeard:Sword+1","floor":47},{"not_picked":["blackbeard:DoubleBottom","blackbeard:Fencing+1"],"picked":"blackbeard:Eyepatch+1","floor":47},{"not_picked":["blackbeard:BlindAttacks+1","blackbeard:BeatUp"],"picked":"blackbeard:Scrap","floor":48},{"not_picked":["blackbeard:Boarding","blackbeard:BrownPants","blackbeard:FishingNets+1"],"picked":"SKIP","floor":48},{"not_picked":["blackbeard:Upgrade","blackbeard:ReapersScythe"],"picked":"blackbeard:GoldenDefense","floor":54}],"player_experience":1267957,"relics_obtained":[{"floor":3,"key":"Ring of Greed"},{"floor":3,"key":"Smiling Mask"},{"floor":3,"key":"MawBank"},{"floor":3,"key":"Ring of Misfortune"},{"floor":6,"key":"Akabeko"},{"floor":8,"key":"Bag of Preparation"},{"floor":9,"key":"Prayer Wheel"},{"floor":13,"key":"blackbeard:CannonballsOfSteel"},{"floor":23,"key":"blackbeard:PoorMathSkills"},{"floor":26,"key":"Replay:Bottled Steam"},{"floor":28,"key":"Gremlin Horn"},{"floor":30,"key":"Oddly Smooth Stone"},{"floor":44,"key":"blackbeard:WhitePearl"},{"floor":45,"key":"CeramicFish"},{"floor":54,"key":"Gremlin Food"}],"event_choices":[{"cards_removed":["Doubt"],"damage_healed":0,"gold_gain":0,"player_choice":"Removed Curses","damage_taken":0,"max_hp_gain":0,"max_hp_loss":0,"event_name":"Fountain of Cleansing","floor":4,"gold_loss":0},{"damage_healed":0,"gold_gain":99,"player_choice":"Stole From Cult","damage_taken":0,"max_hp_gain":0,"max_hp_loss":0,"event_name":"Nest","floor":25,"gold_loss":0},{"damage_healed":0,"gold_gain":0,"player_choice":"Smashed Altar","damage_taken":0,"max_hp_gain":0,"max_hp_loss":0,"event_name":"Forgotten Altar","floor":27,"gold_loss":0,"cards_obtained":["Decay"]},{"cards_removed":["Sickly"],"damage_healed":0,"gold_gain":0,"player_choice":"Elegance","damage_taken":0,"max_hp_gain":0,"max_hp_loss":0,"event_name":"Back to Basics","floor":31,"gold_loss":0},{"damage_healed":0,"gold_gain":0,"player_choice":"Rummage","damage_taken":0,"relics_obtained":["WarpedTongs"],"max_hp_gain":0,"max_hp_loss":0,"event_name":"Accursed Blacksmith","floor":38,"gold_loss":0,"cards_obtained":["Pain"]}],"is_beta":false,"boss_relics":[{"not_picked":["Philosopher\u0027s Stone","Tiny House"],"picked":"Kintsugi"},{"not_picked":["Runic Pyramid","Abe\u0027s Treasure"],"picked":"blackbeard:LoadTheGoldenCannons"}],"items_purged_floors":[36,39,46],"is_endless":false,"potions_floor_spawned":[6,12,13,14,16,19,30,35,37,48],"ascension_level":0}}