{"host":"2d0rd30cigwncx1y","time":1611870003,"event":{"mods":["BaseMod","Colored Map","Colored Powertips","Downfall","MarisaÅiñ∂âJÅ@ñÇóùçπÅj","Minty Spire (QoL Compilation)","Replay The Spire","StSLib","The Alterego","The Marked","The Servant 0.9.4"],"gold_per_floor":[99,199,199,199,217,217,217,227,3,3,3,3,37,54,74,74,74],"floor_reached":16,"language":"ENG","playtime":943,"items_purged":[],"score":98,"play_id":"45f20a73-41e9-4ab7-bc43-2c23770a3167","local_time":"20210128224003","is_ascension_mode":false,"campfire_choices":[{"data":"KidneyShot","floor":1,"key":"SMITH"},{"data":"Defy","floor":6,"key":"SMITH"},{"data":"SurpressingFire","floor":10,"key":"SMITH"},{"data":"Replace","floor":12,"key":"SMITH"}],"circlet_count":0,"master_deck":["Strike_S","Strike_S","Strike_S","Strike_S","Defend_S","Defend_S","Defend_S","Defend_S+1","KidneyShot+1","Exchange+1","Defy+1","Rearm","Ricochet","SurpressingFire+1","Replace+1","FlawlessForm+1","ReturningBlade"],"relics":["Uniform","downfall:ShatteredFragment","Gremlin Horn","BargainBundle","Kunai","Golden Egg"],"acts_visited":["Exordium"],"potions_floor_usage":[],"damage_taken":[{"damage":8,"enemies":"Jaw Worm","floor":5,"turns":3},{"damage":0,"enemies":"2 Louse","floor":8,"turns":2},{"damage":5,"enemies":"downfall:FleeingMerchant","floor":9,"turns":4},{"damage":6,"enemies":"3 Sentries","floor":13,"turns":6},{"damage":0,"enemies":"Small Slimes","floor":14,"turns":4},{"damage":0,"enemies":"Blue Slaver","floor":15,"turns":4},{"damage":32,"enemies":"SI_SHIV_ARCHETYPE","floor":16,"turns":10}],"seed_played":"-6635608706487558317","potions_obtained":[{"floor":13,"key":"Dexterity Potion"},{"floor":14,"key":"Languid Potion"},{"floor":15,"key":"SteroidPotion"}],"is_trial":false,"path_per_floor":["R","?","?","?","M","R","T","M","$","R","T","R","E","M","M","B"],"character_chosen":"THE_SERVANT","items_purchased":["BargainBundle","SurpressingFire","Replace"],"campfire_rested":0,"item_purchase_floors":[9,9,9],"current_hp_per_floor":[65,65,65,50,42,42,42,42,37,37,37,37,31,31,31,0,0],"gold":74,"neow_bonus":"UPGRADE_CARD","is_daily":false,"chose_seed":false,"campfire_upgraded":4,"win_rate":0.0,"timestamp":1611870003,"path_taken":["R","?","?","?","M","R","T","M","$","R","?","R","E","M","M","BOSS"],"items_purchased_type":["Relic","Card","Card"],"build_version":"2020-12-22","purchased_purges":0,"victory":false,"max_hp_per_floor":[65,65,65,65,65,65,65,65,65,65,65,65,65,65,65,65,65],"card_choices":[{"not_picked":["Alleviate","Spin"],"picked":"Defy","floor":5},{"not_picked":["Unruled","Potential"],"picked":"Rearm","floor":8},{"not_picked":["StarChef","WasteNot"],"picked":"Ricochet","floor":9},{"not_picked":["FastForward","Ricochet"],"picked":"FlawlessForm","floor":13},{"not_picked":["Unruled","Potential","RealityMarble"],"picked":"SKIP","floor":14},{"not_picked":["Revamp","Replace"],"picked":"ReturningBlade","floor":15}],"player_experience":115373,"relics_obtained":[{"floor":7,"key":"Gremlin Horn"},{"floor":11,"key":"Kunai"},{"floor":13,"key":"Golden Egg"}],"event_choices":[],"is_beta":false,"boss_relics":[],"items_purged_floors":[],"is_endless":false,"potions_floor_spawned":[13,14,15],"killed_by":"SI_SHIV_ARCHETYPE","ascension_level":0}}