{"host":"bxn2em57qlx5u4i0","time":1611792883,"event":{"mods":["BaseMod","Colored Map","Colored Powertips","Highlight Path","Minty Spire (QoL Compilation)","Random Character Button","Relic Sorter","Relic Stats","StSLib","SuperFastMode"],"gold_per_floor":[211,191,53,68,68,68,99,24,24,24,39,49,74,84,84,84,84],"floor_reached":16,"language":"ENG","playtime":412,"items_purged":["Strike_G"],"score":220,"play_id":"c195ec84-94ed-497f-80b0-a54f8ebff6b2","local_time":"20210127191443","is_ascension_mode":true,"campfire_choices":[{"data":"Dagger Spray","floor":6,"key":"SMITH"},{"data":"After Image","floor":10,"key":"SMITH"},{"data":"Neutralize","floor":15,"key":"SMITH"}],"circlet_count":0,"master_deck":["AscendersBane","Strike_G","Strike_G","Strike_G","Strike_G","Defend_G","Defend_G","Defend_G","Defend_G","Defend_G","Survivor","Neutralize+1","Dagger Spray+1","After Image+1","Deadly Poison","Blade Dance","Leg Sweep+1","Crippling Poison+1"],"relics":["Ring of the Snake","Lizard Tail","Toxic Egg 2","Ornamental Fan"],"acts_visited":["Exordium"],"potions_floor_usage":[7,12,13,16],"damage_taken":[{"damage":11,"enemies":"Jaw Worm","floor":1,"turns":7},{"damage":0,"enemies":"Cultist","floor":4,"turns":3},{"damage":32,"enemies":"Lagavulin","floor":7,"turns":8},{"damage":0,"enemies":"Small Slimes","floor":11,"turns":3},{"damage":3,"enemies":"3 Louse","floor":12,"turns":2},{"damage":47,"enemies":"Gremlin Nob","floor":13,"turns":5},{"damage":0,"enemies":"Gremlin Gang","floor":14,"turns":3},{"damage":45,"enemies":"Slime Boss","floor":16,"turns":10}],"seed_played":"-8192322168362224352","potions_obtained":[{"floor":2,"key":"SteroidPotion"},{"floor":4,"key":"Explosive Potion"},{"floor":7,"key":"GamblersBrew"},{"floor":13,"key":"Explosive Potion"}],"is_trial":false,"path_per_floor":["M","?","$","M","$","R","E","$","T","R","M","M","E","M","R","B"],"character_chosen":"THE_SILENT","items_purchased":["After Image","Deadly Poison"],"campfire_rested":0,"item_purchase_floors":[3,3],"current_hp_per_floor":[48,48,48,48,48,48,16,16,16,16,16,13,33,33,33,0,0],"gold":84,"neow_bonus":"HUNDRED_GOLD","is_daily":false,"chose_seed":false,"campfire_upgraded":3,"win_rate":0.0,"timestamp":1611792883,"path_taken":["M","?","$","M","?","R","E","$","T","R","?","M","E","M","R","BOSS"],"items_purchased_type":["Card","Card"],"build_version":"2020-12-22","purchased_purges":1,"victory":false,"max_hp_per_floor":[66,66,66,66,66,66,66,66,66,66,66,66,66,66,66,66,66],"relic_stats":{"Lizard Tail":33,"counters":[8,41],"Ornamental Fan":[20],"obtain_stats":[{"Lizard Tail":7,"Ornamental Fan":13,"Toxic Egg 2":9,"Ring of the Snake":0},{"Lizard Tail":3,"Ornamental Fan":6,"Toxic Egg 2":3,"Ring of the Snake":0},{"Lizard Tail":18,"Ornamental Fan":28,"Toxic Egg 2":18,"Ring of the Snake":0}],"Ring of the Snake":[16]},"card_choices":[{"not_picked":["Slice","Quick Slash"],"picked":"Dagger Spray","floor":1},{"not_picked":["Sucker Punch","Underhanded Strike","Acrobatics"],"picked":"SKIP","floor":4},{"not_picked":["Outmaneuver","Bullet Time"],"picked":"Blade Dance","floor":7},{"not_picked":["Prepared+1","Outmaneuver+1"],"picked":"Leg Sweep+1","floor":11},{"not_picked":["Distraction+1","Infinite Blades"],"picked":"Crippling Poison+1","floor":12},{"not_picked":["Outmaneuver+1","Dagger Throw","Tactician+1"],"picked":"SKIP","floor":13},{"not_picked":["Deflect+1","Grand Finale","Deadly Poison+1"],"picked":"SKIP","floor":14}],"player_experience":2954375,"relics_obtained":[{"floor":7,"key":"Lizard Tail"},{"floor":9,"key":"Toxic Egg 2"},{"floor":13,"key":"Ornamental Fan"}],"event_choices":[{"damage_healed":0,"gold_gain":0,"player_choice":"Bought 1 Potion","damage_taken":0,"max_hp_gain":0,"max_hp_loss":0,"event_name":"The Woman in Blue","floor":2,"gold_loss":0}],"is_beta":false,"boss_relics":[],"items_purged_floors":[8],"is_endless":false,"potions_floor_spawned":[4,7,13],"killed_by":"Slime Boss","ascension_level":20}}