{"host":"fvux6yoihym3ucic","time":1611803982,"event":{"mods":["BaseMod","Curses Come First","Downfall","Energized Spire","Hermit","Infinite Spire","Minty Spire (QoL Compilation)","Rare Cards Sparkle","Replay The Spire","Spire Arcade","StSLib","The Cursed"],"gold_per_floor":[19,19,35,35,51,91,91,16,16,40,40,61,76,94,94,94,94],"floor_reached":16,"language":"ENG","playtime":595,"items_purged":["Defend_R"],"score":104,"play_id":"305357c1-ad3f-4fa9-816b-ec63d380a3c4","local_time":"20210127221942","is_ascension_mode":false,"campfire_choices":[{"floor":7,"key":"REST"},{"data":"Whirlwind","floor":7,"key":"SMITH"},{"floor":11,"key":"REST"},{"floor":15,"key":"REST"},{"data":"Berserk","floor":15,"key":"SMITH"}],"circlet_count":0,"master_deck":["Strike_R","Strike_R","Strike_R","Defend_R","Defend_R","Defend_R","Bash","Whirlwind+1","infinitespire:OneForAll","Berserk+1"],"relics":["Burning Blood","infinitespire:Magic Flask","Golden Idol","Replay:PocketPolymizer","Prayer Wheel"],"acts_visited":["Exordium"],"potions_floor_usage":[6,16,16],"damage_taken":[{"damage":6,"enemies":"Jaw Worm","floor":1,"turns":4},{"damage":7,"enemies":"Small Slimes","floor":3,"turns":4},{"damage":1,"enemies":"Cultist","floor":5,"turns":3},{"damage":54,"enemies":"Lagavulin","floor":6,"turns":8},{"damage":16,"enemies":"Red Slaver","floor":10,"turns":3},{"damage":0,"enemies":"Exordium Wildlife","floor":12,"turns":2},{"damage":11,"enemies":"Large Slime","floor":13,"turns":3},{"damage":7,"enemies":"3 Louse","floor":14,"turns":2},{"damage":79,"enemies":"Hexaghost","floor":16,"turns":9}],"seed_played":"8328205291544535163","potions_obtained":[{"floor":1,"key":"Energy Potion"},{"floor":13,"key":"ElixirPotion"},{"floor":14,"key":"Fire Potion"}],"is_trial":false,"path_per_floor":["M","?","M","?","M","E","R","$","T","M","R","M","M","M","R","B"],"character_chosen":"IRONCLAD","items_purchased":[],"campfire_rested":3,"item_purchase_floors":[],"current_hp_per_floor":[80,60,59,59,64,16,40,40,40,30,54,60,55,54,78,0,0],"gold":94,"neow_bonus":"ONE_RARE_RELIC","is_daily":false,"chose_seed":false,"campfire_upgraded":2,"win_rate":0.0,"timestamp":1611803982,"path_taken":["M","?","M","?","M","E","R","?","T","M","R","M","M","?","R","BOSS"],"items_purchased_type":[],"build_version":"2020-12-22","purchased_purges":1,"victory":false,"max_hp_per_floor":[80,80,80,80,80,80,80,80,80,80,80,80,80,80,80,80,80],"card_choices":[{"not_picked":["Armaments","Replay:Undeath\u0027s Touch","Clash"],"picked":"SKIP","floor":1},{"not_picked":["Flex","Iron Wave","Hemokinesis"],"picked":"SKIP","floor":3},{"not_picked":["Disarm","Thunderclap","Flex"],"picked":"SKIP","floor":5},{"not_picked":["Headbutt","Barricade","Thunderclap"],"picked":"SKIP","floor":6},{"not_picked":["Perfected Strike","Thunderclap","Wild Strike"],"picked":"SKIP","floor":10},{"not_picked":["Whirlwind","Thunderclap","Cleave"],"picked":"SKIP","floor":10},{"not_picked":["Armaments","True Grit","Flex"],"picked":"SKIP","floor":12},{"not_picked":["Clothesline","Sword Boomerang","ReplayTheSpireMod:Corrosion Curse"],"picked":"SKIP","floor":12},{"not_picked":["Evolve","Twin Strike"],"picked":"infinitespire:OneForAll","floor":13},{"not_picked":["Juggernaut","Shrug It Off","Havoc"],"picked":"SKIP","floor":13},{"not_picked":["Pummel","Wild Strike","Cleave"],"picked":"SKIP","floor":14},{"not_picked":["Flex","Cleave","Metallicize"],"picked":"SKIP","floor":14}],"player_experience":32403,"relics_obtained":[{"floor":6,"key":"Replay:PocketPolymizer"},{"floor":9,"key":"Prayer Wheel"}],"event_choices":[{"damage_healed":0,"gold_gain":0,"player_choice":"Take Damage","damage_taken":20,"relics_obtained":["Golden Idol"],"max_hp_gain":0,"max_hp_loss":0,"event_name":"Golden Idol","floor":2,"gold_loss":0}],"is_beta":false,"boss_relics":[],"items_purged_floors":[8],"is_endless":false,"potions_floor_spawned":[1,13,14],"killed_by":"Hexaghost","ascension_level":0}}