{"host":"w7tt687j332gugiq","time":1611838369,"event":{"mods":["BaseMod","Minty Spire (QoL Compilation)","StSLib"],"gold_per_floor":[210,210,221,296,310,310,328,328,398,413,139,155,185,185,185,282,282,302,302,222,212,223,223,255,530,530,189,189,216,216,216,216,318,318,333,344,367,367,83,83,116,116,116,162,162,176,209,209,209,209,209,209,22,57,57],"floor_reached":56,"language":"ZHS","playtime":4029,"items_purged":["Strike_G","Strike_G","Regret"],"score":1545,"play_id":"83ddd835-cccb-470b-ae74-cd655f427294","local_time":"20210128205249","is_ascension_mode":true,"campfire_choices":[{"data":"Neutralize","floor":6.0,"key":"SMITH"},{"data":"Noxious Fumes","floor":8.0,"key":"SMITH"},{"data":"Footwork","floor":15.0,"key":"SMITH"},{"floor":23.0,"key":"REST"},{"data":"Adrenaline","floor":28.0,"key":"SMITH"},{"floor":32.0,"key":"REST"},{"data":"Adrenaline","floor":40.0,"key":"SMITH"},{"data":"A Thousand Cuts","floor":42.0,"key":"SMITH"},{"data":"Footwork","floor":45.0,"key":"SMITH"},{"floor":49.0,"key":"RECALL"},{"data":"Tactician","floor":52.0,"key":"SMITH"}],"circlet_count":0,"master_deck":["Defend_G","Defend_G","Defend_G","Defend_G","Survivor","Neutralize+1","Acrobatics","Slice","Setup","Noxious Fumes+1","Backflip","Well Laid Plans","Tools of the Trade","Footwork+1","Dagger Throw","Backflip","Adrenaline+1","Escape Plan","Adrenaline+1","Deflect+1","Acrobatics","Finesse","Footwork+1","Backflip+1","Envenom","A Thousand Cuts+1","Acrobatics+1","Footwork+1","Prepared","Concentrate","Blur+1","Footwork","Tactician+1","Acrobatics+1","Mayhem","Dodge and Roll","Concentrate+1"],"relics":["Ring of the Snake","The Courier","Lantern","Black Star","Pocketwatch","Oddly Smooth Stone","Bag of Preparation","Juzu Bracelet","Art of War","Empty Cage","Orichalcum","Ornamental Fan","Bag of Marbles","Kunai","Question Card","Prayer Wheel","Smiling Mask","Nunchaku","Blue Candle","Ginger","Letter Opener"],"acts_visited":["Exordium","TheCity","TheBeyond","TheEnding"],"potions_floor_usage":[55,55],"damage_taken":[{"damage":0.0,"enemies":"Small Slimes","floor":1.0,"turns":3.0},{"damage":2.0,"enemies":"Jaw Worm","floor":3.0,"turns":5.0},{"damage":0.0,"enemies":"Cultist","floor":5.0,"turns":4.0},{"damage":6.0,"enemies":"2 Fungi Beasts","floor":7.0,"turns":4.0},{"damage":12.0,"enemies":"3 Louse","floor":10.0,"turns":6.0},{"damage":3.0,"enemies":"Red Slaver","floor":12.0,"turns":4.0},{"damage":23.0,"enemies":"3 Sentries","floor":13.0,"turns":9.0},{"damage":8.0,"enemies":"Hexaghost","floor":16.0,"turns":11.0},{"damage":8.0,"enemies":"Chosen","floor":18.0,"turns":6.0},{"damage":17.0,"enemies":"2 Thieves","floor":21.0,"turns":4.0},{"damage":32.0,"enemies":"3 Cultists","floor":22.0,"turns":8.0},{"damage":11.0,"enemies":"Book of Stabbing","floor":24.0,"turns":9.0},{"damage":5.0,"enemies":"Gremlin Leader","floor":29.0,"turns":9.0},{"damage":0.0,"enemies":"Champ","floor":33.0,"turns":18.0},{"damage":1.0,"enemies":"3 Shapes","floor":35.0,"turns":5.0},{"damage":5.0,"enemies":"3 Darklings","floor":36.0,"turns":5.0},{"damage":12.0,"enemies":"Reptomancer","floor":41.0,"turns":11.0},{"damage":0.0,"enemies":"2 Orb Walkers","floor":44.0,"turns":6.0},{"damage":8.0,"enemies":"4 Shapes","floor":46.0,"turns":6.0},{"damage":8.0,"enemies":"Nemesis","floor":47.0,"turns":14.0},{"damage":0.0,"enemies":"Donu and Deca","floor":50.0,"turns":14.0},{"damage":0.0,"enemies":"Shield and Spear","floor":54.0,"turns":9.0},{"damage":31,"enemies":"The Heart","floor":55,"turns":13}],"seed_played":"7685260341561382501","potions_obtained":[{"floor":1.0,"key":"GamblersBrew"},{"floor":3.0,"key":"Fruit Juice"},{"floor":7.0,"key":"DuplicationPotion"},{"floor":10.0,"key":"LiquidBronze"},{"floor":21.0,"key":"EssenceOfSteel"},{"floor":22.0,"key":"Explosive Potion"},{"floor":35.0,"key":"PowerPotion"},{"floor":38.0,"key":"SkillPotion"},{"floor":44.0,"key":"Regen Potion"},{"floor":47.0,"key":"SpeedPotion"}],"is_trial":false,"path_per_floor":["M","?","M","?","M","R","M","R","T","M","$","M","E","?","R","B",null,"M","?","$","M","M","R","E","?","T","$","R","E","?","?","R","B",null,"M","M","T","?","$","R","E","R","T","?","R","M","E","T","R","B",null,"R","$","E","B",null],"character_chosen":"THE_SILENT","items_purchased":["Well Laid Plans","Tools of the Trade","Footwork","Finesse","Bag of Preparation","Footwork","Ornamental Fan","Footwork","Prepared","Mayhem","Dodge and Roll"],"campfire_rested":2,"item_purchase_floors":[11,11,11,27,27,27,39,39,39,53,53],"current_hp_per_floor":[70,63,66,55,55,55,49,49,49,37,37,34,11,11,11,3,75,67,67,67,50,18,40,29,29,29,29,29,24,24,24,46,46,75,74,69,69,69,69,69,57,57,57,57,57,63,55,55,55,55,75,75,75,75,44],"gold":57,"neow_bonus":"HUNDRED_GOLD","is_daily":false,"chose_seed":false,"campfire_upgraded":8,"win_rate":0.0,"timestamp":1611838369,"path_taken":["M","?","M","?","?","R","?","R","T","M","$","M","E","?","R","BOSS","M","?","$","M","?","R","E","?","T","$","R","E","?","?","R","BOSS","M","M","?","?","$","R","E","R","T","?","R","M","E","?","R","BOSS","R","$","E","BOSS"],"items_purchased_type":["Card","Card","Card","Card","Relic","Card","Relic","Card","Card","Card","Card"],"build_version":"2020-12-22","purchased_purges":3,"victory":true,"max_hp_per_floor":[70,70,75,75,75,75,75,75,75,75,75,75,75,75,75,75,75,75,75,75,75,75,75,75,75,75,75,75,75,75,75,75,75,75,75,75,75,75,75,75,75,75,75,75,75,75,75,75,75,75,75,75,75,75,75],"card_choices":[{"not_picked":["Backstab","Setup"],"picked":"Acrobatics","floor":1.0},{"not_picked":["PiercingWail","Dodge and Roll"],"picked":"Slice","floor":3.0},{"not_picked":["Choke","Poisoned Stab"],"picked":"Setup","floor":5.0},{"not_picked":["Prepared","Endless Agony"],"picked":"Noxious Fumes","floor":7.0},{"not_picked":["Deadly Poison","Bane"],"picked":"Backflip","floor":10.0},{"not_picked":["Terror","Bane"],"picked":"Dagger Throw","floor":12.0},{"not_picked":["Die Die Die","Riddle With Holes"],"picked":"Backflip","floor":13.0},{"not_picked":["Die Die Die","Night Terror"],"picked":"Adrenaline","floor":16.0},{"not_picked":["Acrobatics+1","Terror+1"],"picked":"Escape Plan","floor":18.0},{"not_picked":["Backstab","Slice"],"picked":"Deflect+1","floor":21.0},{"not_picked":["Deadly Poison","Underhanded Strike+1","Cloak And Dagger"],"picked":"SKIP","floor":22.0},{"not_picked":["Outmaneuver","Terror+1"],"picked":"Acrobatics","floor":24.0},{"not_picked":["Well Laid Plans","Night Terror"],"picked":"Backflip+1","floor":29.0},{"not_picked":["Corpse Explosion","Wraith Form v2"],"picked":"A Thousand Cuts","floor":33.0},{"not_picked":["Underhanded Strike","Expertise+1"],"picked":"Acrobatics+1","floor":35.0},{"not_picked":["Deadly Poison","Finisher","Poisoned Stab+1"],"picked":"SKIP","floor":36.0},{"not_picked":["Leg Sweep+1","Noxious Fumes+1"],"picked":"Concentrate","floor":41.0},{"not_picked":["Dagger Throw+1","Underhanded Strike","Quick Slash+1"],"picked":"Blur+1","floor":44.0},{"not_picked":["Flechettes+1","Choke","Blade Dance"],"picked":"Footwork","floor":46.0},{"not_picked":["Accuracy+1","Tactician","Dagger Spray+1","Acrobatics"],"picked":"SKIP","floor":46.0},{"not_picked":["Accuracy+1","Dagger Spray+1","Acrobatics"],"picked":"Tactician","floor":46.0},{"not_picked":["Quick Slash+1","Glass Knife","Dagger Throw"],"picked":"Acrobatics+1","floor":47.0},{"not_picked":["Prepared+1","Outmaneuver+1","Blade Dance"],"picked":"Concentrate+1","floor":54.0}],"player_experience":138706,"relics_obtained":[{"floor":9.0,"key":"The Courier"},{"floor":13.0,"key":"Lantern"},{"floor":24.0,"key":"Pocketwatch"},{"floor":24.0,"key":"Oddly Smooth Stone"},{"floor":29.0,"key":"Juzu Bracelet"},{"floor":29.0,"key":"Art of War"},{"floor":37.0,"key":"Orichalcum"},{"floor":41.0,"key":"Bag of Marbles"},{"floor":41.0,"key":"Kunai"},{"floor":43.0,"key":"Question Card"},{"floor":44.0,"key":"Prayer Wheel"},{"floor":47.0,"key":"Smiling Mask"},{"floor":47.0,"key":"Nunchaku"},{"floor":48.0,"key":"Blue Candle"},{"floor":54.0,"key":"Ginger"},{"floor":54.0,"key":"Letter Opener"}],"event_choices":[{"cards_removed":["Defend_G"],"damage_healed":0.0,"max_hp_gain":0.0,"max_hp_loss":0.0,"gold_gain":0.0,"event_name":"Golden Wing","player_choice":"Card Removal","floor":2.0,"gold_loss":0.0,"damage_taken":7.0},{"damage_healed":0.0,"max_hp_gain":0.0,"max_hp_loss":0.0,"gold_gain":75.0,"event_name":"World of Goop","player_choice":"Gather Gold","floor":4.0,"gold_loss":0.0,"damage_taken":11.0},{"damage_healed":0.0,"max_hp_gain":0.0,"max_hp_loss":0.0,"gold_gain":0.0,"event_name":"Shining Light","player_choice":"Ignored","floor":14.0,"gold_loss":0.0,"damage_taken":0.0},{"damage_healed":0.0,"max_hp_gain":0.0,"max_hp_loss":0.0,"gold_gain":0.0,"event_name":"Duplicator","player_choice":"Copied","floor":19.0,"gold_loss":0.0,"damage_taken":0.0,"cards_obtained":["Adrenaline"]},{"damage_healed":0.0,"max_hp_gain":0.0,"max_hp_loss":0.0,"gold_gain":275.0,"event_name":"Golden Shrine","player_choice":"Desecrate","floor":25.0,"gold_loss":0.0,"damage_taken":0.0,"cards_obtained":["Regret"]},{"damage_healed":0.0,"max_hp_gain":0.0,"max_hp_loss":0.0,"gold_gain":0.0,"cards_transformed":["Strike_G"],"event_name":"Transmorgrifier","player_choice":"Transformed","floor":30.0,"gold_loss":0.0,"damage_taken":0.0,"cards_obtained":["Envenom"]},{"damage_healed":0.0,"max_hp_gain":0.0,"max_hp_loss":0.0,"gold_gain":0.0,"event_name":"Upgrade Shrine","player_choice":"Upgraded","floor":31.0,"gold_loss":0.0,"damage_taken":0.0,"cards_upgraded":["Footwork"]},{"damage_healed":0.0,"max_hp_gain":0.0,"max_hp_loss":0.0,"gold_gain":0.0,"event_name":"Lab","player_choice":"Got Potions","floor":38.0,"gold_loss":0.0,"damage_taken":0.0},{"damage_healed":0.0,"max_hp_gain":0.0,"max_hp_loss":0.0,"gold_gain":0.0,"event_name":"Mysterious Sphere","player_choice":"Fight","floor":44.0,"gold_loss":0.0,"damage_taken":0.0}],"is_beta":false,"boss_relics":[{"not_picked":["Fusion Hammer","Busted Crown"],"picked":"Black Star"},{"not_picked":["Philosopher\u0027s Stone","SlaversCollar"],"picked":"Empty Cage"}],"items_purged_floors":[11,20,27],"is_endless":false,"potions_floor_spawned":[1,3,7,10,21,22,35,44,47],"ascension_level":3}}