{"host":"syozzdlzcqop4jia","time":1611875322,"event":{"mods":["BaseMod","Colored Map","Colored Powertips","Minty Spire (QoL Compilation)","Quick Restart"],"gold_per_floor":[118,134,59,59,75,110,110,110,137,154,154,6,18,30,30,129,129,146,157,176,189,189,189,189,189,189],"floor_reached":25,"language":"ENG","playtime":1399,"items_purged":[],"score":261,"play_id":"8da9225d-0aea-4c8d-8870-96d042b04083","local_time":"20210129000842","is_ascension_mode":true,"campfire_choices":[{"data":"Seeing Red","floor":8,"key":"SMITH"},{"floor":11,"key":"REST"},{"data":"Searing Blow","floor":15,"key":"SMITH"},{"floor":23,"key":"REST"}],"circlet_count":0,"master_deck":["Strike_R","Strike_R","Strike_R","Strike_R","Strike_R","Defend_R","Defend_R","Defend_R","Bash","Wild Strike","Seeing Red+1","Combust","Headbutt","Battle Trance","Clothesline","Anger","Searing Blow+1","Demon Form","Rage","Flex","Iron Wave+1","Shrug It Off"],"relics":["Black Blood","MealTicket","Strawberry","Bronze Scales","Bird Faced Urn"],"acts_visited":["Exordium","TheCity"],"potions_floor_usage":[10,18,19],"damage_taken":[{"damage":4,"enemies":"Small Slimes","floor":1,"turns":4},{"damage":1,"enemies":"Cultist","floor":2,"turns":3},{"damage":0,"enemies":"2 Louse","floor":5,"turns":3},{"damage":25,"enemies":"3 Sentries","floor":6,"turns":6},{"damage":27,"enemies":"Lots of Slimes","floor":10,"turns":3},{"damage":10,"enemies":"2 Fungi Beasts","floor":13,"turns":3},{"damage":3,"enemies":"Blue Slaver","floor":14,"turns":2},{"damage":82,"enemies":"The Guardian","floor":16,"turns":8},{"damage":15,"enemies":"Chosen","floor":18,"turns":4},{"damage":24,"enemies":"2 Thieves","floor":19,"turns":3},{"damage":18,"enemies":"Snake Plant","floor":20,"turns":4},{"damage":72,"enemies":"Snecko","floor":21,"turns":6},{"damage":38,"enemies":"Gremlin Leader","floor":25,"turns":5}],"seed_played":"6292983097390448374","potions_obtained":[{"floor":1,"key":"LiquidBronze"},{"floor":2,"key":"Fire Potion"},{"floor":5,"key":"PowerPotion"},{"floor":6,"key":"Fire Potion"},{"floor":18,"key":"FairyPotion"},{"floor":20,"key":"Weak Potion"}],"is_trial":false,"path_per_floor":["M","M","$","?","M","E","?","R","T","M","R","$","M","M","R","B",null,"M","M","M","M","?","R","?","E"],"character_chosen":"IRONCLAD","items_purchased":["Combust","Bronze Scales"],"campfire_rested":2,"item_purchase_floors":[3,12],"current_hp_per_floor":[88,88,88,88,88,69,69,69,76,55,83,95,91,94,94,18,95,92,80,74,14,14,42,42,8,8],"gold":189,"neow_bonus":"TEN_PERCENT_HP_BONUS","is_daily":false,"chose_seed":false,"campfire_upgraded":2,"win_rate":0.0,"timestamp":1611875322,"path_taken":["M","M","$","?","?","E","?","R","T","M","R","$","M","M","R","BOSS","M","M","M","M","?","R","?","E"],"items_purchased_type":["Card","Relic"],"build_version":"2020-12-22","purchased_purges":0,"victory":false,"max_hp_per_floor":[88,88,88,88,88,88,88,88,95,95,95,95,95,95,95,95,95,95,95,95,95,95,95,95,95,95],"card_choices":[{"not_picked":["Battle Trance","Rage"],"picked":"Wild Strike","floor":1},{"not_picked":["Battle Trance","Perfected Strike"],"picked":"Seeing Red","floor":2},{"not_picked":["Warcry","Body Slam"],"picked":"Headbutt","floor":5},{"not_picked":["Pommel Strike","Exhume"],"picked":"Battle Trance","floor":6},{"not_picked":["Warcry","Dark Embrace"],"picked":"Clothesline","floor":10},{"not_picked":["True Grit","Flame Barrier"],"picked":"Anger","floor":13},{"not_picked":["Spot Weakness","Clash"],"picked":"Searing Blow","floor":14},{"not_picked":["Limit Break","Bludgeon"],"picked":"Demon Form","floor":16},{"not_picked":["Wild Strike","Shrug It Off"],"picked":"Rage","floor":18},{"not_picked":["Sentinel","Metallicize"],"picked":"Flex","floor":19},{"not_picked":["Thunderclap","Body Slam"],"picked":"Iron Wave+1","floor":20},{"not_picked":["Bloodletting+1","Clash+1"],"picked":"Shrug It Off","floor":21}],"player_experience":420615,"relics_obtained":[{"floor":6,"key":"MealTicket"},{"floor":9,"key":"Strawberry"}],"event_choices":[{"cards_removed":["Defend_R"],"damage_healed":0,"gold_gain":0,"player_choice":"Purged","damage_taken":0,"max_hp_gain":0,"max_hp_loss":0,"event_name":"Purifier","floor":4,"gold_loss":0},{"damage_healed":0,"gold_gain":0,"player_choice":"Ignored","damage_taken":0,"max_hp_gain":0,"max_hp_loss":0,"event_name":"Golden Idol","floor":7,"gold_loss":0},{"damage_healed":0,"gold_gain":0,"player_choice":"Opened","damage_taken":0,"relics_obtained":["Bird Faced Urn"],"max_hp_gain":0,"max_hp_loss":0,"event_name":"The Mausoleum","floor":22,"gold_loss":0},{"damage_healed":0,"gold_gain":0,"player_choice":"Ignored","damage_taken":0,"max_hp_gain":0,"max_hp_loss":0,"event_name":"N\u0027loth","floor":24,"gold_loss":0}],"is_beta":false,"boss_relics":[{"not_picked":["Empty Cage","Runic Cube"],"picked":"Black Blood"}],"items_purged_floors":[],"is_endless":false,"potions_floor_spawned":[1,2,5,6,18,20],"killed_by":"Gremlin Leader","ascension_level":3}}