{"host":"uvmuduost5bzvojs","time":1611871456,"event":{"mods":["Aspiration","Bard","BaseMod","Better Match","Block Reminder","Conspire","Hermit","Highlight Path","Hubris","Infinite Spire","Jorbs\u0027s Wanderer Trilogy","Mad Scientist","Marisa????????","Mimic Mod","Minty Spire (QoL Compilation)","Potionbrewer","Replay The Spire","Robot Space Explorer","StSLib","The Blackbeard","The Construct","The Cursed","The Disciple","The Hayseed","The Hierophant","The Juggle","The Jungle","The Poker Player","The Runesmith","The Servant 0.9.4","The Spell Scribe","The Valiant","TheBandit"],"gold_per_floor":[214,226,245,290,303,336,3,3,3,3,30,42,42,58,58,155,155,171,121,147,147,147,147,181,181,181,192,208,237,237,247,247,352,352,371,385,395,395,395,424,424,424,448,448,464,474,500,500,500,500],"floor_reached":51,"language":"ENG","playtime":1756,"items_purged":["ReplayTheSpireMod:Restless Dread","Combust"],"score":930,"play_id":"943cbc6a-f738-4388-990d-00fe5aa30cd3","local_time":"20210128170416","is_ascension_mode":false,"campfire_choices":[{"data":"Thunderclap","floor":8,"key":"SMITH"},{"data":"Perfected Strike","floor":10,"key":"SMITH"},{"data":"Bash","floor":15,"key":"SMITH"},{"data":"Seeing Red","floor":23,"key":"SMITH"},{"data":"Flame Barrier","floor":25,"key":"SMITH"},{"data":"Twin Strike","floor":30,"key":"SMITH"},{"floor":32,"key":"REST"},{"data":"Master of Strategy","floor":42,"key":"SMITH"},{"floor":44,"key":"RECALL"},{"floor":49,"key":"REST"}],"circlet_count":0,"master_deck":["Strike_R+1","Strike_R+1","Strike_R+1","Strike_R+1","Strike_R+1","Defend_R+1","Defend_R+1","Defend_R+1","Defend_R+1","Bash+1","Twin Strike+1","Thunderclap+1","Flame Barrier+1","Perfected Strike+1","Rampage+1","ReplayTheSpireMod:Limb From Limb+1","Headbutt+1","conspire:HitWhereItHurts+1","Headbutt+1","Seeing Red+1","infinitespire:DeathsTouch+1","Thunderclap+1","Headbutt+1","ReplayTheSpireMod:Limb From Limb+1","Headbutt+1","Heavy Blade+1","Anger+1","Master of Strategy+1","Headbutt+1","Replay:Undeath\u0027s Touch+1"],"relics":["Burning Blood","infinitespire:BottledMercury","Molten Egg 2","Huge Egg","Runesmith:Locket","aspiration:PoetsPen_weak","ReplayTheSpireMod:CursedCoin","Happy Flower","infinitespire:PuzzleCube","King of Hearts","hubris:GlazedTorus","hubris:MobiusCoin","construct:WeddingRing","Pen Nib","Ring of Peace","ReplayFunnel","aspiration:AnachronicSnailShell","hubris:Icosahedron"],"acts_visited":["Exordium","TheCity","TheBeyond"],"potions_floor_usage":[6,6,6,11,12,18,33,33,33,33],"damage_taken":[{"damage":9,"enemies":"Small Slimes","floor":1,"turns":6},{"damage":2,"enemies":"2 Louse","floor":2,"turns":4},{"damage":11,"enemies":"Jaw Worm","floor":3,"turns":2},{"damage":8,"enemies":"Lots of Slimes","floor":5,"turns":4},{"damage":4,"enemies":"3 Sentries","floor":6,"turns":6},{"damage":19,"enemies":"Lagavulin","floor":11,"turns":5},{"damage":0,"enemies":"Blue Slaver","floor":12,"turns":3},{"damage":4,"enemies":"Exordium Thugs","floor":14,"turns":4},{"damage":57,"enemies":"Fading Forest","floor":16,"turns":11},{"damage":28,"enemies":"2 Thieves","floor":18,"turns":3},{"damage":10,"enemies":"conspire:Head Lice","floor":24,"turns":4},{"damage":0,"enemies":"Shell Parasite","floor":27,"turns":2},{"damage":9,"enemies":"Snake Plant","floor":28,"turns":3},{"damage":22,"enemies":"Book of Stabbing","floor":29,"turns":3},{"damage":0,"enemies":"Centurion and Healer","floor":31,"turns":2},{"damage":0,"enemies":"Champ","floor":33,"turns":3},{"damage":0,"enemies":"Orb Walker","floor":35,"turns":1},{"damage":7,"enemies":"3 Shapes","floor":36,"turns":2},{"damage":0,"enemies":"Maw","floor":37,"turns":2},{"damage":0,"enemies":"Reptomancer","floor":40,"turns":1},{"damage":0,"enemies":"Jaw Worm Horde","floor":45,"turns":1},{"damage":0,"enemies":"3 Darklings","floor":46,"turns":2},{"damage":0,"enemies":"Nemesis","floor":47,"turns":1},{"damage":73,"enemies":"conspire:OrnateMirror","floor":50,"turns":3}],"seed_played":"1882519726182063430","potions_obtained":[{"floor":4,"key":"AttackPotion"},{"floor":4,"key":"Flashbang"},{"floor":4,"key":"potionbrewer:QuicksilverPotion"},{"floor":6,"key":"LiquidMemories"},{"floor":11,"key":"Explosive Potion"},{"floor":12,"key":"EntropicBrew"},{"floor":16,"key":"conspire:TimeTravelPotion"},{"floor":27,"key":"potionbrewer:NoxiousPotion"},{"floor":29,"key":"potionbrewer:DiscountPotion"},{"floor":33,"key":"Venom Potion"}],"is_trial":false,"path_per_floor":["M","M","M","?","M","E","$","R","T","R","E","M","?","M","R","B",null,"M","$","T","?","AVR","R","E","R","T","M","M","E","R","M","R","B",null,"M","M","M","$","?","E","?","R","T","R","M","M","E","?","R","B",null],"character_chosen":"IRONCLAD","items_purchased":["Molten Egg 2","Rampage+1","ReplayTheSpireMod:CursedCoin","Headbutt+1","Seeing Red"],"campfire_rested":2,"item_purchase_floors":[7,7,19,19,19],"current_hp_per_floor":[77,80,75,55,53,55,55,55,55,55,42,48,48,50,50,9,80,78,78,78,78,78,78,74,74,74,80,77,61,61,67,80,80,80,80,79,80,80,80,80,80,80,80,80,80,80,80,80,80,13],"gold":500,"neow_bonus":"HUNDRED_GOLD","is_daily":false,"chose_seed":false,"campfire_upgraded":7,"win_rate":0.0,"timestamp":1611871456,"path_taken":["M","M","M","?","M","E","$","R","T","R","E","M","?","?","R","BOSS","M","$","?","?","AVR","R","E","R","T","M","M","E","R","M","R","BOSS","M","M","M","$","?","E","?","R","T","R","M","M","E","?","R","BOSS"],"items_purchased_type":["Relic","Card","Relic","Card","Card"],"build_version":"2020-12-22","purchased_purges":2,"victory":true,"max_hp_per_floor":[80,80,80,80,80,80,80,80,80,80,80,80,80,80,80,80,80,80,80,80,80,80,80,80,80,80,80,80,80,80,80,80,80,80,80,80,80,80,80,80,80,80,80,80,80,80,80,80,80,80],"card_choices":[{"not_picked":["Defy Death","Clothesline"],"picked":"Twin Strike","floor":1},{"not_picked":["Havoc","True Grit"],"picked":"Thunderclap","floor":2},{"not_picked":["Shrug It Off","Thunderclap","Metallicize"],"picked":"SKIP","floor":3},{"not_picked":["Disarm","Clothesline"],"picked":"Flame Barrier","floor":4},{"not_picked":["Inflame","Body Slam"],"picked":"Combust","floor":5},{"not_picked":["Run Through","Iron Wave"],"picked":"Perfected Strike","floor":6},{"not_picked":["Warcry","Rage"],"picked":"ReplayTheSpireMod:Limb From Limb+1","floor":11},{"not_picked":["Wild Strike+1","Thunderclap+1","Warcry"],"picked":"SKIP","floor":12},{"not_picked":["Sever Soul+1","Wild Strike+1"],"picked":"Headbutt+1","floor":14},{"not_picked":["Juggernaut","Demonic Infusion"],"picked":"conspire:HitWhereItHurts+1","floor":16},{"not_picked":["Bloodletting","Ghostly Armor+1","True Grit"],"picked":"SKIP","floor":18},{"not_picked":["Barricade","Warcry","ReplayTheSpireMod:Strike From Hell+1"],"picked":"SKIP","floor":24},{"not_picked":["Pummel+1","Clothesline+1"],"picked":"Thunderclap+1","floor":27},{"not_picked":["Shockwave","True Grit"],"picked":"Headbutt+1","floor":28},{"not_picked":["Blood for Blood+1","Searing Blow+1"],"picked":"ReplayTheSpireMod:Limb From Limb+1","floor":29},{"not_picked":["ReplayReversal","ReplayTheSpireMod:Corrosion Curse"],"picked":"Headbutt+1","floor":31},{"not_picked":["Life Link+1","Body Slam+1","ReplayTheSpireMod:LeadingStrike+1"],"picked":"SKIP","floor":35},{"not_picked":["Clash+1","Run Through+1"],"picked":"Heavy Blade+1","floor":36},{"not_picked":["Iron Wave+1","Shrug It Off"],"picked":"Anger+1","floor":37},{"not_picked":["Secret Weapon","Midas Touch"],"picked":"Master of Strategy","floor":39},{"not_picked":["True Grit+1","Immolate+1","Rupture+1"],"picked":"SKIP","floor":40},{"not_picked":["Wild Strike+1","Intimidate+1","Headbutt+1"],"picked":"SKIP","floor":45},{"not_picked":["Wild Strike+1","Intimidate+1"],"picked":"Headbutt+1","floor":45},{"not_picked":["Armaments","Impervious"],"picked":"Replay:Undeath\u0027s Touch+1","floor":46},{"not_picked":["Shrug It Off","Twin Strike+1","Entrench"],"picked":"SKIP","floor":47}],"player_experience":1901154,"relics_obtained":[{"floor":6,"key":"infinitespire:BottledMercury"},{"floor":9,"key":"Huge Egg"},{"floor":11,"key":"Runesmith:Locket"},{"floor":20,"key":"Happy Flower"},{"floor":24,"key":"King of Hearts"},{"floor":26,"key":"hubris:GlazedTorus"},{"floor":29,"key":"hubris:MobiusCoin"},{"floor":40,"key":"Pen Nib"},{"floor":41,"key":"Ring of Peace"},{"floor":43,"key":"ReplayFunnel"},{"floor":47,"key":"aspiration:AnachronicSnailShell"}],"event_choices":[{"damage_healed":0,"gold_gain":0,"player_choice":"Simplicity","damage_taken":0,"max_hp_gain":0,"max_hp_loss":0,"event_name":"Back to Basics","floor":21,"gold_loss":0,"cards_upgraded":["Strike_R","Strike_R","Strike_R","Strike_R","Strike_R","Defend_R","Defend_R","Defend_R"]},{"damage_healed":0,"gold_gain":0,"player_choice":"Memory 1","damage_taken":0,"max_hp_gain":0,"max_hp_loss":0,"event_name":"SensoryStone","floor":39,"gold_loss":0}],"is_beta":false,"boss_relics":[{"not_picked":["infinitespire:Burning Sword","Replay:Bronze Core"],"picked":"aspiration:PoetsPen_weak"},{"not_picked":["aspiration:RitualDagger","Snecko Heart"],"picked":"construct:WeddingRing"}],"items_purged_floors":[19,22],"is_endless":false,"potions_floor_spawned":[6,11,12,16,27,29,33,35,36,47],"ascension_level":0}}