{"host":"Tylorde","time":1611796090,"event":{"mods":["BaseMod","Minty Spire (QoL Compilation)","Weighted Paths"],"gold_per_floor":[113,123,137,155,230,230,262,262,262,290,290,317,0,0,0,72,72,85,67,67,83,83,83,83,113,113,113,124,158,183,212,212,300,345,364,382,395,409,56,78,113,113,113,155,155,180,198,240,240,240],"floor_reached":51,"language":"ENG","playtime":4458,"items_purged":["Perfected Strike"],"score":1380,"play_id":"d995f0f4-8362-4b80-b4da-51cfb9e3bcc6","local_time":"20210127170810","is_ascension_mode":true,"campfire_choices":[{"floor":6,"key":"REST"},{"floor":8,"key":"REST"},{"floor":15,"key":"REST"},{"floor":23,"key":"REST"},{"floor":27,"key":"REST"},{"floor":32,"key":"REST"},{"floor":42,"key":"RECALL"},{"floor":45,"key":"REST"},{"floor":49,"key":"REST"}],"circlet_count":0,"master_deck":["AscendersBane","Bash","Pommel Strike","Inflame","Warcry","Second Wind","Shrug It Off","Flame Barrier","Apotheosis","Feed","Warcry+1","Feed+1","Bloodletting+1","Sentinel+1","True Grit","Shrug It Off+1","Dark Embrace","Metallicize","Fiend Fire","Combust","Reaper","Rage","Combust","Ghostly Armor","Seeing Red","Secret Technique","Discovery","Inflame","Second Wind","Shrug It Off","Heavy Blade","Flame Barrier","Bash","Inflame","Bludgeon"],"relics":["Fusion Hammer","Lantern","Strawberry","Bottled Lightning","Bottled Flame","Orichalcum","Astrolabe","Enchiridion","Shuriken","Pantograph","Calipers","CeramicFish","Pandora\u0027s Box","ClockworkSouvenir","Art of War","Self Forming Clay","The Courier","FossilizedHelix","Mango"],"acts_visited":["TheCity","TheBeyond"],"potions_floor_usage":[7,18,19,25,25,33,40,50,50],"damage_taken":[{"damage":4,"enemies":"Jaw Worm","floor":1,"turns":3},{"damage":0,"enemies":"Cultist","floor":2,"turns":2},{"damage":8,"enemies":"2 Louse","floor":3,"turns":2},{"damage":16,"enemies":"Exordium Wildlife","floor":4,"turns":4},{"damage":20,"enemies":"Lagavulin","floor":7,"turns":4},{"damage":20,"enemies":"3 Sentries","floor":10,"turns":7},{"damage":15,"enemies":"Lagavulin","floor":12,"turns":6},{"damage":11,"enemies":"The Guardian","floor":16,"turns":9},{"damage":3,"enemies":"Spheric Guardian","floor":18,"turns":3},{"damage":8,"enemies":"2 Thieves","floor":19,"turns":4},{"damage":42,"enemies":"Snecko","floor":21,"turns":8},{"damage":29,"enemies":"Book of Stabbing","floor":25,"turns":7},{"damage":22,"enemies":"Snake Plant","floor":28,"turns":5},{"damage":7,"enemies":"Slavers","floor":29,"turns":7},{"damage":17,"enemies":"Chosen and Byrds","floor":31,"turns":7},{"damage":20,"enemies":"Collector","floor":33,"turns":16},{"damage":32,"enemies":"Orb Walker","floor":35,"turns":5},{"damage":5,"enemies":"3 Shapes","floor":37,"turns":4},{"damage":18,"enemies":"Spire Growth","floor":38,"turns":5},{"damage":11,"enemies":"Sphere and 2 Shapes","floor":40,"turns":8},{"damage":4,"enemies":"Giant Head","floor":41,"turns":3},{"damage":56,"enemies":"Reptomancer","floor":44,"turns":9},{"damage":15,"enemies":"Mind Bloom Boss Battle","floor":46,"turns":9},{"damage":5,"enemies":"Nemesis","floor":48,"turns":7},{"damage":103,"enemies":"Time Eater","floor":50,"turns":13}],"seed_played":"998207700482664532","potions_obtained":[{"floor":2,"key":"DistilledChaos"},{"floor":12,"key":"DistilledChaos"},{"floor":16,"key":"Dexterity Potion"},{"floor":18,"key":"DistilledChaos"},{"floor":21,"key":"GamblersBrew"},{"floor":31,"key":"Dexterity Potion"},{"floor":33,"key":"FearPotion"},{"floor":38,"key":"SpeedPotion"},{"floor":46,"key":"SpeedPotion"}],"is_trial":false,"path_per_floor":["M","M","M","M","?","R","E","R","T","E","?","E","$","?","R","B",null,"M","M","?","M","?","R","$","E","T","R","M","E","T","M","R","B",null,"M","?","M","M","$","M","E","R","T","E","R","?","?","E","R","B",null],"character_chosen":"IRONCLAD","items_purchased":["Apotheosis","Orichalcum","ClockworkSouvenir","Inflame","Second Wind","Shrug It Off"],"campfire_rested":8,"item_purchase_floors":[13,13,39,39,39,39],"current_hp_per_floor":[68,68,60,44,33,57,37,61,68,48,53,38,38,38,65,54,83,84,80,60,22,6,38,38,9,9,41,23,24,24,11,48,53,107,79,69,72,65,65,62,98,98,98,55,102,117,117,143,175,75],"gold":240,"neow_bonus":"BOSS_RELIC","is_daily":false,"chose_seed":false,"campfire_upgraded":0,"win_rate":0.0,"timestamp":1611796090,"path_taken":["M","M","M","M","?","R","E","R","T","E","?","E","$","?","R","BOSS","M","?","?","M","?","R","$","E","T","R","?","E","?","M","R","BOSS","M","?","M","M","$","M","E","R","T","E","R","?","?","E","R","BOSS"],"items_purchased_type":["Card","Relic","Relic","Card","Card","Card"],"build_version":"2020-12-18","purchased_purges":1,"victory":true,"max_hp_per_floor":[80,80,80,80,80,80,80,80,87,87,92,92,92,92,92,92,92,96,100,105,109,109,109,109,109,109,109,113,121,121,125,125,125,125,129,129,137,141,141,149,153,153,153,157,157,157,157,175,175,175],"card_choices":[{"not_picked":["Headbutt","Warcry"],"picked":"Pommel Strike","floor":1},{"not_picked":["Body Slam","Shrug It Off"],"picked":"Perfected Strike","floor":2},{"not_picked":["Second Wind","Thunderclap"],"picked":"Inflame","floor":3},{"not_picked":["Havoc","Anger"],"picked":"Warcry","floor":4},{"not_picked":["Perfected Strike","Rupture"],"picked":"Second Wind","floor":7},{"not_picked":["Pommel Strike","Body Slam"],"picked":"Shrug It Off","floor":10},{"not_picked":["Disarm","Ghostly Armor"],"picked":"Flame Barrier","floor":12},{"not_picked":["Brutality","Berserk"],"picked":"Feed","floor":16},{"not_picked":["Twin Strike","Spot Weakness"],"picked":"Sentinel+1","floor":18},{"not_picked":["Carnage","Infernal Blade","Warcry"],"picked":"SKIP","floor":19},{"not_picked":["Sword Boomerang","Whirlwind"],"picked":"True Grit","floor":21},{"not_picked":["Hemokinesis","Pummel"],"picked":"Shrug It Off+1","floor":25},{"not_picked":["Flex","Twin Strike","Anger"],"picked":"SKIP","floor":28},{"not_picked":["Heavy Blade","Body Slam"],"picked":"Dark Embrace","floor":29},{"not_picked":["Hemokinesis","Headbutt"],"picked":"Metallicize","floor":31},{"not_picked":["Immolate","Feed"],"picked":"Fiend Fire","floor":33},{"not_picked":["Heavy Blade","Warcry+1"],"picked":"Seeing Red","floor":35},{"not_picked":["Deep Breath","The Bomb"],"picked":"Secret Technique","floor":36},{"not_picked":["Sadistic Nature","Mind Blast"],"picked":"Discovery","floor":36},{"not_picked":["Second Wind","Hemokinesis","Clothesline"],"picked":"SKIP","floor":37},{"not_picked":["Havoc+1","Reckless Charge+1","Clothesline"],"picked":"SKIP","floor":38},{"not_picked":["Thunderclap+1","True Grit"],"picked":"Heavy Blade","floor":40},{"not_picked":["Hemokinesis","Fire Breathing+1","Havoc"],"picked":"SKIP","floor":41},{"not_picked":["Berserk","Warcry"],"picked":"Flame Barrier","floor":44},{"not_picked":["Cleave+1","Flex"],"picked":"Bludgeon","floor":48}],"player_experience":846740,"relics_obtained":[{"floor":7,"key":"Lantern"},{"floor":9,"key":"Strawberry"},{"floor":10,"key":"Bottled Lightning"},{"floor":12,"key":"Bottled Flame"},{"floor":22,"key":"Enchiridion"},{"floor":25,"key":"Shuriken"},{"floor":26,"key":"Pantograph"},{"floor":29,"key":"Calipers"},{"floor":30,"key":"CeramicFish"},{"floor":41,"key":"Art of War"},{"floor":43,"key":"Self Forming Clay"},{"floor":44,"key":"The Courier"},{"floor":46,"key":"FossilizedHelix"},{"floor":48,"key":"Mango"}],"event_choices":[{"damage_healed":0,"gold_gain":75,"player_choice":"Gather Gold","damage_taken":11,"max_hp_gain":0,"max_hp_loss":0,"event_name":"World of Goop","floor":5,"gold_loss":0},{"damage_healed":0,"gold_gain":0,"player_choice":"Donut","damage_taken":0,"max_hp_gain":5,"max_hp_loss":0,"event_name":"Big Fish","floor":11,"gold_loss":0},{"cards_removed":["Strike_R"],"damage_healed":0,"gold_gain":0,"player_choice":"Offered Basic","damage_taken":0,"max_hp_gain":0,"max_hp_loss":0,"event_name":"Bonfire Elementals","floor":14,"gold_loss":0},{"damage_healed":0,"gold_gain":0,"player_choice":"Shed Blood","damage_taken":25,"max_hp_gain":5,"max_hp_loss":0,"event_name":"Forgotten Altar","floor":20,"gold_loss":0},{"damage_healed":0,"gold_gain":0,"player_choice":"Obtained Book","damage_taken":16,"max_hp_gain":0,"max_hp_loss":0,"event_name":"Cursed Tome","floor":22,"gold_loss":0},{"damage_healed":0,"gold_gain":0,"player_choice":"Memory 3","damage_taken":10,"max_hp_gain":0,"max_hp_loss":0,"event_name":"SensoryStone","floor":36,"gold_loss":0},{"damage_healed":0,"gold_gain":0,"player_choice":"Fight","damage_taken":0,"max_hp_gain":0,"max_hp_loss":0,"event_name":"MindBloom","floor":46,"gold_loss":0},{"damage_healed":0,"gold_gain":0,"player_choice":"2 cards matched","damage_taken":0,"max_hp_gain":0,"max_hp_loss":0,"event_name":"Match and Keep!","floor":47,"gold_loss":0,"cards_obtained":["Bash","Inflame"]}],"is_beta":true,"boss_relics":[{"not_picked":["Tiny House","SlaversCollar"],"picked":"Astrolabe"},{"not_picked":["SacredBark","Sozu"],"picked":"Pandora\u0027s Box"}],"items_purged_floors":[39],"is_endless":false,"potions_floor_spawned":[2,12,16,18,21,31,33,38,46],"ascension_level":13}}