{"host":"5h6e4l6hpn0p5lap","time":1611798016,"event":{"mods":["AchievementEnabler","BaseMod","Better Altar","Better Match","Better Sensory Stone","Better Skull","Better Third Choice","Filter the Spire","Highlight Path","Minty Spire (QoL Compilation)","StSLib"],"gold_per_floor":[11,28,45,59,59,59,89,103,129,143,157,187,197,217,217,322,322,337,337,354,133,183,214,226,56,56,56,56,56,68,81,81,179,229,242,257,57,75,75,75,101,117,167,167,167],"floor_reached":44,"language":"ENG","playtime":2290,"items_purged":["Strike_R","Strike_R","Metamorphosis+1"],"score":501,"play_id":"8e2e2d93-e1a4-4864-a3ff-57cdbae16e6d","local_time":"20210127204016","is_ascension_mode":false,"campfire_choices":[{"data":"Metamorphosis","floor":6.0,"key":"SMITH"},{"floor":15.0,"key":"REST"},{"data":"Body Slam","floor":28.0,"key":"SMITH"},{"data":"Fire Breathing","floor":32.0,"key":"SMITH"},{"floor":40,"key":"REST"}],"circlet_count":0,"master_deck":["Defend_R","Defend_R","Defend_R","Defend_R","Bash","Flex","Power Through","Flex","Fire Breathing+1","Shrug It Off+1","Battle Trance","Heavy Blade","Dual Wield","Power Through","Impervious","Body Slam+1","Evolve","Berserk","Shrug It Off","Body Slam","Inflame","Bite","Bite","Bite","Bite","Bite","Armaments+1","Inflame","Wild Strike+1","Body Slam+1","Ghostly Armor","Entrench+1","Armaments+1"],"relics":["Burning Blood","Mango","PreservedInsect","Bronze Scales","Philosopher\u0027s Stone","Lantern","MawBank","Tiny House","Strawberry","Vajra"],"acts_visited":["Exordium","TheCity","TheBeyond"],"potions_floor_usage":[33,38,41,42],"damage_taken":[{"damage":1.0,"enemies":"Cultist","floor":1.0,"turns":3.0},{"damage":8.0,"enemies":"2 Louse","floor":2.0,"turns":3.0},{"damage":6.0,"enemies":"Small Slimes","floor":3.0,"turns":3.0},{"damage":12.0,"enemies":"Red Slaver","floor":4.0,"turns":4.0},{"damage":21.0,"enemies":"Gremlin Nob","floor":7.0,"turns":4.0},{"damage":12.0,"enemies":"Blue Slaver","floor":8.0,"turns":4.0},{"damage":13.0,"enemies":"3 Louse","floor":10.0,"turns":3.0},{"damage":8.0,"enemies":"Gremlin Gang","floor":11.0,"turns":4.0},{"damage":15.0,"enemies":"3 Sentries","floor":12.0,"turns":5.0},{"damage":6.0,"enemies":"Lots of Slimes","floor":13.0,"turns":2.0},{"damage":5.0,"enemies":"Looter","floor":14.0,"turns":2.0},{"damage":19.0,"enemies":"The Guardian","floor":16.0,"turns":8.0},{"damage":6.0,"enemies":"Chosen","floor":18.0,"turns":4.0},{"damage":14.0,"enemies":"Shell Parasite","floor":20.0,"turns":4.0},{"damage":57.0,"enemies":"Gremlin Leader","floor":23.0,"turns":9.0},{"damage":4.0,"enemies":"Snake Plant","floor":24.0,"turns":5.0},{"damage":7.0,"enemies":"Centurion and Healer","floor":30.0,"turns":7.0},{"damage":16.0,"enemies":"Shelled Parasite and Fungi","floor":31.0,"turns":5.0},{"damage":63,"enemies":"Automaton","floor":33,"turns":10},{"damage":0,"enemies":"Orb Walker","floor":35,"turns":1},{"damage":30,"enemies":"3 Darklings","floor":36,"turns":8},{"damage":34,"enemies":"Transient","floor":38,"turns":5},{"damage":45,"enemies":"Reptomancer","floor":41,"turns":9},{"damage":24,"enemies":"Spire Growth","floor":42,"turns":7},{"damage":45,"enemies":"Writhing Mass","floor":44,"turns":5}],"seed_played":"5634351465087721146","potions_obtained":[{"floor":2.0,"key":"AttackPotion"},{"floor":7.0,"key":"FearPotion"},{"floor":10.0,"key":"Block Potion"},{"floor":12.0,"key":"AttackPotion"},{"floor":13.0,"key":"SmokeBomb"},{"floor":14.0,"key":"Swift Potion"},{"floor":16.0,"key":"DistilledChaos"},{"floor":18.0,"key":"Regen Potion"},{"floor":23.0,"key":"Regen Potion"},{"floor":29.0,"key":"Dexterity Potion"},{"floor":29.0,"key":"SteroidPotion"},{"floor":29.0,"key":"Ancient Potion"},{"floor":33,"key":"SkillPotion"},{"floor":34,"key":"AttackPotion"},{"floor":38,"key":"DuplicationPotion"},{"floor":42,"key":"Swift Potion"}],"is_trial":false,"path_per_floor":["M","M","M","M","?","R","E","M","T","M","M","E","M","M","R","B",null,"M","?","M","$","?","E","M","$","T","?","R","?","M","M","R","B",null,"M","M","$","M","$","R","E","M","T","M"],"character_chosen":"IRONCLAD","items_purchased":["Lantern","Inflame","Ghostly Armor"],"campfire_rested":2,"item_purchase_floors":[21,25,37],"current_hp_per_floor":[80,78,78,72,72,72,71,65,65,58,56,47,47,48,76,63,94,94,94,86,86,86,43,59,59,59,59,59,59,65,59,59,20,70,70,54,54,37,37,58,41,35,35,0,0],"gold":167,"neow_bonus":"RANDOM_COLORLESS_2","is_daily":false,"chose_seed":false,"campfire_upgraded":3,"win_rate":0.0,"timestamp":1611798016,"path_taken":["M","M","M","M","?","R","E","M","T","M","M","E","M","M","R","BOSS","M","?","M","$","?","E","?","$","T","?","R","?","M","?","R","BOSS","M","M","?","M","$","R","E","M","T","M"],"items_purchased_type":["Relic","Card","Card"],"build_version":"2020-12-22","purchased_purges":3,"victory":false,"max_hp_per_floor":[80,80,80,80,80,80,94,94,94,94,94,94,94,94,94,94,94,94,94,94,94,94,94,94,94,94,65,65,65,65,65,65,65,70,70,70,70,70,70,70,77,77,77,77,77],"card_choices":[{"not_picked":["Magnetism","Transmutation"],"picked":"Metamorphosis","floor":0.0},{"not_picked":["Heavy Blade","Entrench"],"picked":"Flex","floor":1.0},{"not_picked":["Seeing Red","Sentinel"],"picked":"Power Through","floor":2.0},{"not_picked":["Clash","Sentinel"],"picked":"Flex","floor":3.0},{"not_picked":["Pommel Strike","Uppercut"],"picked":"Fire Breathing","floor":4.0},{"not_picked":["Second Wind","Burning Pact"],"picked":"Shrug It Off","floor":7.0},{"not_picked":["Pummel","Cleave"],"picked":"Battle Trance","floor":8.0},{"not_picked":["Shrug It Off","Carnage"],"picked":"Heavy Blade","floor":10.0},{"not_picked":["Warcry","Headbutt"],"picked":"Dual Wield","floor":11.0},{"not_picked":["Havoc","Perfected Strike"],"picked":"Power Through","floor":12.0},{"not_picked":["Metallicize","Havoc","Iron Wave"],"picked":"SKIP","floor":13.0},{"not_picked":["Iron Wave","Demon Form","Pommel Strike"],"picked":"SKIP","floor":14.0},{"not_picked":["Immolate","Exhume"],"picked":"Impervious","floor":16.0},{"not_picked":["Thunderclap","Perfected Strike+1"],"picked":"Body Slam","floor":18.0},{"not_picked":["Headbutt+1","Shockwave"],"picked":"Shrug It Off","floor":20.0},{"not_picked":["Reckless Charge","Pummel"],"picked":"Body Slam","floor":23.0},{"not_picked":["Headbutt","Blood for Blood"],"picked":"Armaments+1","floor":30.0},{"not_picked":["Rupture+1","Perfected Strike+1"],"picked":"Inflame","floor":31.0},{"not_picked":["Hemokinesis","Power Through"],"picked":"Wild Strike+1","floor":35},{"not_picked":["Pommel Strike","Perfected Strike+1"],"picked":"Body Slam+1","floor":36},{"not_picked":["Inflame+1","Metallicize"],"picked":"Entrench+1","floor":38},{"not_picked":["Carnage+1","Power Through"],"picked":"Armaments+1","floor":41},{"not_picked":["Rampage","Evolve+1","Combust"],"picked":"SKIP","floor":42}],"player_experience":996724,"relics_obtained":[{"floor":7.0,"key":"Mango"},{"floor":9.0,"key":"PreservedInsect"},{"floor":12.0,"key":"Bronze Scales"},{"floor":23.0,"key":"MawBank"},{"floor":41,"key":"Strawberry"},{"floor":43,"key":"Vajra"}],"event_choices":[{"damage_healed":0.0,"max_hp_gain":0.0,"max_hp_loss":0.0,"gold_gain":0.0,"event_name":"Golden Wing","player_choice":"Ignored","floor":5.0,"gold_loss":0.0,"damage_taken":0.0},{"damage_healed":0.0,"max_hp_gain":0.0,"max_hp_loss":0.0,"gold_gain":0.0,"cards_transformed":["Strike_R","Strike_R"],"event_name":"Drug Dealer","player_choice":"Became Test Subject","floor":19.0,"gold_loss":0.0,"damage_taken":0.0,"cards_obtained":["Evolve","Berserk"]},{"damage_healed":0.0,"max_hp_gain":0.0,"max_hp_loss":0.0,"gold_gain":100.0,"event_name":"The Joust","player_choice":"Bet on Murderer","floor":22.0,"gold_loss":50.0,"damage_taken":0.0},{"damage_healed":0.0,"max_hp_gain":0.0,"max_hp_loss":29.0,"gold_gain":0.0,"event_name":"Vampires","player_choice":"Became a vampire","floor":27.0,"gold_loss":0.0,"damage_taken":0.0,"cards_obtained":["Bite","Bite","Bite","Bite","Bite"]},{"damage_healed":0.0,"max_hp_gain":0.0,"max_hp_loss":0.0,"gold_gain":0.0,"event_name":"Lab","player_choice":"Got Potions","floor":29.0,"gold_loss":0.0,"damage_taken":0.0}],"is_beta":false,"boss_relics":[{"not_picked":["Runic Pyramid","Black Blood"],"picked":"Philosopher\u0027s Stone"},{"not_picked":["SlaversCollar","Sozu"],"picked":"Tiny House"}],"items_purged_floors":[21,25,37],"is_endless":false,"potions_floor_spawned":[2,7,10,12,13,14,16,18,23,33,38,42],"killed_by":"Writhing Mass","ascension_level":0}}