{"host":"r53pw7z744tg3fxg","time":1611851742,"event":{"mods":["AchievementEnabler","BaseMod","Colored Map","Colored Powertips","Highlight Path","Minty Spire (QoL Compilation)","Quick Restart","Transform Curses"],"gold_per_floor":[18,38,50,63,83,115,129,159,207,207,236,236,246,261,261,333,333,333,333,333,333,333,333,333],"floor_reached":23,"language":"ENG","playtime":1072,"items_purged":[],"score":379,"play_id":"674b5f98-5a19-48dd-bbc7-7fe0e39fba5b","local_time":"20210128093542","is_ascension_mode":true,"campfire_choices":[{"floor":10.0,"key":"REST"},{"floor":12.0,"key":"REST"},{"floor":15.0,"key":"DIG"}],"circlet_count":0,"master_deck":["AscendersBane","Strike_P","Strike_P","Strike_P","Strike_P","Defend_P","Defend_P","Defend_P","Defend_P","Eruption","Vigilance","EmptyBody","FlurryOfBlows","BattleHymn","WheelKick","Conclude","Wallop","Worship","Judgement","ForeignInfluence","TalkToTheHand","RitualDagger"],"relics":["PureWater","Shovel","MealTicket","Strawberry","Juzu Bracelet","Bottled Lightning","Ectoplasm"],"acts_visited":["Exordium","TheCity"],"potions_floor_usage":[19],"damage_taken":[{"damage":0.0,"enemies":"Small Slimes","floor":1.0,"turns":7.0},{"damage":2.0,"enemies":"Cultist","floor":2.0,"turns":3.0},{"damage":2.0,"enemies":"2 Louse","floor":3.0,"turns":4.0},{"damage":10.0,"enemies":"Large Slime","floor":4.0,"turns":4.0},{"damage":7.0,"enemies":"Exordium Thugs","floor":5.0,"turns":5.0},{"damage":11.0,"enemies":"Lagavulin","floor":6.0,"turns":8.0},{"damage":8.0,"enemies":"Blue Slaver","floor":7.0,"turns":4.0},{"damage":25.0,"enemies":"3 Sentries","floor":11.0,"turns":7.0},{"damage":7.0,"enemies":"2 Fungi Beasts","floor":13.0,"turns":3.0},{"damage":1.0,"enemies":"Exordium Wildlife","floor":14.0,"turns":4.0},{"damage":38.0,"enemies":"Slime Boss","floor":16.0,"turns":5.0},{"damage":19.0,"enemies":"3 Byrds","floor":18.0,"turns":5.0},{"damage":13,"enemies":"Chosen","floor":19,"turns":5},{"damage":31,"enemies":"Slavers","floor":23,"turns":2}],"seed_played":"-7934772103011459432","potions_obtained":[{"floor":2.0,"key":"PowerPotion"},{"floor":4.0,"key":"SpeedPotion"},{"floor":6.0,"key":"AttackPotion"},{"floor":13.0,"key":"Regen Potion"},{"floor":18.0,"key":"Ancient Potion"}],"is_trial":false,"path_per_floor":["M","M","M","M","M","E","M","?","T","R","E","R","M","M","R","B",null,"M","M","?","?","?","E"],"character_chosen":"WATCHER","items_purchased":[],"campfire_rested":2,"item_purchase_floors":[],"current_hp_per_floor":[61,59,57,47,40,29,21,21,28,50,25,47,40,48,48,10,59,40,27,32,32,26,0,0],"gold":333,"neow_bonus":"ONE_RARE_RELIC","is_daily":false,"chose_seed":false,"campfire_upgraded":0,"win_rate":0.0,"timestamp":1611851742,"path_taken":["M","M","M","M","M","E","M","?","T","R","E","R","M","M","R","BOSS","M","M","?","?","?","E"],"items_purchased_type":[],"build_version":"2020-12-22","purchased_purges":0,"victory":false,"max_hp_per_floor":[68,68,68,68,68,68,68,68,75,75,75,75,75,75,75,75,75,75,75,75,75,75,75,75],"card_choices":[{"not_picked":["CrushJoints","Crescendo","EmptyFist"],"picked":"SKIP","floor":1.0},{"not_picked":["Ragnarok","Evaluate"],"picked":"EmptyBody","floor":2.0},{"not_picked":["Protect","ThirdEye"],"picked":"FlurryOfBlows","floor":3.0},{"not_picked":["Collect","EmptyMind"],"picked":"BattleHymn","floor":4.0},{"not_picked":["Swivel","EmptyBody"],"picked":"WheelKick","floor":5.0},{"not_picked":["Weave","EmptyMind"],"picked":"Conclude","floor":6.0},{"not_picked":["EmptyMind","Consecrate"],"picked":"PathToVictory","floor":7.0},{"not_picked":["FollowUp","Tantrum"],"picked":"Wallop","floor":11.0},{"not_picked":["Wish","FlyingSleeves"],"picked":"Worship","floor":13.0},{"not_picked":["EmptyFist","FlurryOfBlows","Nirvana"],"picked":"SKIP","floor":14.0},{"not_picked":["Vault","Brilliance"],"picked":"Judgement","floor":16.0},{"not_picked":["InnerPeace","JustLucky"],"picked":"ForeignInfluence","floor":18.0},{"not_picked":["EmptyBody+1","FlurryOfBlows"],"picked":"TalkToTheHand","floor":19}],"player_experience":1375628,"relics_obtained":[{"floor":6.0,"key":"MealTicket"},{"floor":9.0,"key":"Strawberry"},{"floor":11.0,"key":"Juzu Bracelet"},{"floor":15.0,"key":"Bottled Lightning"}],"event_choices":[{"damage_healed":0.0,"max_hp_gain":0.0,"max_hp_loss":0.0,"gold_gain":30.0,"event_name":"Dead Adventurer","player_choice":"Searched \u00271\u0027 times","floor":8.0,"gold_loss":0.0,"damage_taken":0.0},{"cards_removed":["PathToVictory"],"damage_healed":5,"gold_gain":0,"player_choice":"Offered Common","damage_taken":0,"max_hp_gain":0,"max_hp_loss":0,"event_name":"Bonfire Elementals","floor":20,"gold_loss":0},{"cards_removed":["PathToVictory"],"damage_healed":5,"gold_gain":0,"player_choice":"Offered Special","damage_taken":0,"max_hp_gain":0,"max_hp_loss":0,"event_name":"Bonfire Elementals","floor":20,"gold_loss":0},{"damage_healed":0,"gold_gain":0,"player_choice":"Ignored","damage_taken":0,"max_hp_gain":0,"max_hp_loss":0,"event_name":"Ghosts","floor":21,"gold_loss":0},{"damage_healed":0,"gold_gain":0,"player_choice":"Joined the Cult","damage_taken":6,"max_hp_gain":0,"max_hp_loss":0,"event_name":"Nest","floor":22,"gold_loss":0,"cards_obtained":["RitualDagger"]}],"is_beta":false,"boss_relics":[{"not_picked":["Velvet Choker","Philosopher\u0027s Stone"],"picked":"Ectoplasm"}],"items_purged_floors":[],"is_endless":false,"potions_floor_spawned":[2,4,5,6,13,18],"killed_by":"Slavers","ascension_level":17}}