{"host":"oz4ht6ec7xzo36kd","time":1611848596,"event":{"mods":["Act Like it!","BaseMod","Friendly Minions","Marisa¡]Ãú«B¡@Å]²z¨F¡^","Minty Spire (QoL Compilation)","Remilia¡]Á¢¦Ì²ú?¡^","StSLib","The Marked","The Servant 0.9.4","WarShipGirlsR/??¤Ö¤kR mod","Youmu¡]»î¾z§¯?¡^"],"gold_per_floor":[112,129,129,129,304,322,356,356,356,379,329,345,369,387,387,387,387],"floor_reached":16,"language":"ZHT","playtime":449,"items_purged":[],"score":94,"play_id":"e84b068e-081d-458e-8f67-1814bdee823c","local_time":"20210128234316","is_ascension_mode":false,"campfire_choices":[{"floor":8,"key":"RECALL"},{"data":"theMarked:BanishingWave","floor":15,"key":"SMITH"}],"circlet_count":0,"master_deck":["theMarked:Strike","theMarked:Strike","theMarked:Strike","theMarked:Strike","theMarked:Defend","theMarked:Defend","theMarked:Defend","theMarked:Defend","theMarked:SoldierOfQuellstein","theMarked:SwordAndMagic","theMarked:RepellingDischarge","theMarked:BanishingWave+1","theMarked:KeepCalmAndFight","theMarked:Aftermath","theMarked:Indomitable","theMarked:Defy","theMarked:WardOff"],"relics":["theMarked:ArtifactOfAir","NeowsBlessing","Golden Idol","Odd Mushroom"],"acts_visited":["Exordium"],"potions_floor_usage":[13,14,16],"damage_taken":[{"damage":0,"enemies":"Small Slimes","floor":1,"turns":1},{"damage":0,"enemies":"Jaw Worm","floor":2,"turns":1},{"damage":0,"enemies":"2 Louse","floor":6,"turns":1},{"damage":17,"enemies":"The Mushroom Lair","floor":7,"turns":4},{"damage":0,"enemies":"Looter","floor":10,"turns":3},{"damage":5,"enemies":"Exordium Wildlife","floor":12,"turns":5},{"damage":8,"enemies":"Gremlin Gang","floor":13,"turns":3},{"damage":7,"enemies":"Exordium Thugs","floor":14,"turns":2},{"damage":10,"enemies":"Slime Boss","floor":16,"turns":3}],"seed_played":"-4116569500998730745","potions_obtained":[{"floor":2,"key":"GamblersBrew"},{"floor":13,"key":"DistilledChaos"},{"floor":14,"key":"FearPotion"}],"is_trial":false,"path_per_floor":["M","M","?","?","?","M","?","R","T","M","?","M","M","M","R","B"],"character_chosen":"THE_DEFAULT","items_purchased":[],"campfire_rested":0,"item_purchase_floors":[],"current_hp_per_floor":[70,70,63,46,46,46,29,29,29,29,29,24,16,9,9,0,0],"gold":387,"neow_bonus":"THREE_ENEMY_KILL","is_daily":false,"chose_seed":false,"campfire_upgraded":1,"win_rate":0.0,"timestamp":1611848596,"path_taken":["M","M","?","?","?","M","?","R","T","?","?","M","M","M","R","BOSS"],"items_purchased_type":[],"build_version":"2020-12-22","purchased_purges":0,"victory":false,"max_hp_per_floor":[70,70,70,70,70,70,70,70,70,70,70,70,70,70,70,70,70],"card_choices":[{"not_picked":["theMarked:Improvise","theMarked:ResourceFulStrike"],"picked":"theMarked:SwordAndMagic","floor":1},{"not_picked":["theMarked:ChainLightning","theMarked:TwofoldDefense"],"picked":"theMarked:RepellingDischarge","floor":2},{"not_picked":["theMarked:WardOff","theMarked:ChainLightning"],"picked":"theMarked:BanishingWave","floor":6},{"not_picked":["theMarked:Indomitable","theMarked:ResourceFulStrike"],"picked":"theMarked:KeepCalmAndFight","floor":7},{"not_picked":["theMarked:ChainLightning","theMarked:TheMission"],"picked":"theMarked:Aftermath","floor":10},{"not_picked":["theMarked:ChannelForce","theMarked:TwofoldDefense"],"picked":"theMarked:Indomitable","floor":12},{"not_picked":["theMarked:Electrocute","theMarked:ElectricStrings"],"picked":"theMarked:Defy","floor":13},{"not_picked":["theMarked:MuscleMemory","theMarked:TwofoldDefense"],"picked":"theMarked:WardOff","floor":14}],"player_experience":408372,"relics_obtained":[{"floor":7,"key":"Odd Mushroom"}],"event_choices":[{"cards_removed":["theMarked:Strike"],"damage_healed":0,"gold_gain":0,"player_choice":"Card Removal","damage_taken":7,"max_hp_gain":0,"max_hp_loss":0,"event_name":"Golden Wing","floor":3,"gold_loss":0},{"damage_healed":0,"gold_gain":0,"player_choice":"Take Damage","damage_taken":17,"relics_obtained":["Golden Idol"],"max_hp_gain":0,"max_hp_loss":0,"event_name":"Golden Idol","floor":4,"gold_loss":0},{"damage_healed":0,"gold_gain":175,"player_choice":"AGREE","damage_taken":0,"max_hp_gain":0,"max_hp_loss":0,"event_name":"Liars Game","floor":5,"gold_loss":0,"cards_obtained":["Doubt"]},{"damage_healed":0,"gold_gain":0,"player_choice":"Fought Mushrooms","damage_taken":0,"max_hp_gain":0,"max_hp_loss":0,"event_name":"Mushrooms","floor":7,"gold_loss":0},{"cards_removed":["Doubt"],"damage_healed":0,"gold_gain":0,"player_choice":"Card Removal","damage_taken":0,"max_hp_gain":0,"max_hp_loss":0,"event_name":"The Cleric","floor":11,"gold_loss":50}],"is_beta":false,"boss_relics":[],"items_purged_floors":[],"is_endless":false,"potions_floor_spawned":[2,13,14],"killed_by":"Slime Boss","ascension_level":0}}