{"host":"gfxjwtol062e9znw","time":1611838525,"event":{"mods":["BaseMod","Colored Map","Minty Spire (QoL Compilation)"],"gold_per_floor":[116,191,208,221,236,236,277,277,303,344,365,385,385,428,428,536,536,559,568,589,589,589],"floor_reached":21,"language":"ENG","playtime":929,"items_purged":[],"score":241,"play_id":"f4c94bb4-f6c0-4ad0-ae4d-35751273ad72","local_time":"20210128235525","is_ascension_mode":true,"campfire_choices":[{"floor":6,"key":"REST"},{"data":"Dualcast","floor":8,"key":"SMITH"},{"floor":13,"key":"REST"},{"floor":15,"key":"REST"}],"circlet_count":0,"master_deck":["Strike_B","Strike_B","Strike_B","Strike_B","Defend_B","Defend_B","Defend_B","Defend_B","Zap","Dualcast+1","Creative AI","Chill","Double Energy","BootSequence","Lockon","Conserve Battery","Self Repair","Hologram","Conserve Battery","Electrodynamics","Skim","BootSequence","Ball Lightning"],"relics":["Cracked Core","CeramicFish","Happy Flower","Blood Vial","PreservedInsect","SlaversCollar"],"acts_visited":["Exordium","TheCity"],"potions_floor_usage":[7,14,21],"damage_taken":[{"damage":21,"enemies":"Jaw Worm","floor":1,"turns":6},{"damage":4,"enemies":"Cultist","floor":3,"turns":5},{"damage":2,"enemies":"2 Louse","floor":4,"turns":3},{"damage":3,"enemies":"Large Slime","floor":5,"turns":5},{"damage":6,"enemies":"3 Sentries","floor":7,"turns":5},{"damage":13,"enemies":"Lagavulin","floor":10,"turns":6},{"damage":6,"enemies":"Blue Slaver","floor":11,"turns":3},{"damage":1,"enemies":"Looter","floor":12,"turns":3},{"damage":41,"enemies":"Gremlin Nob","floor":14,"turns":4},{"damage":31,"enemies":"The Guardian","floor":16,"turns":15},{"damage":27,"enemies":"3 Byrds","floor":18,"turns":5},{"damage":16,"enemies":"Shell Parasite","floor":20,"turns":7},{"damage":46,"enemies":"Snecko","floor":21,"turns":6}],"seed_played":"665177783426280213","potions_obtained":[{"floor":1,"key":"DistilledChaos"},{"floor":3,"key":"PotionOfCapacity"},{"floor":5,"key":"SneckoOil"},{"floor":7,"key":"BlessingOfTheForge"}],"is_trial":false,"path_per_floor":["M","?","M","M","M","R","E","R","T","E","M","M","R","E","R","B",null,"M","?","M","M"],"character_chosen":"DEFECT","items_purchased":[],"campfire_rested":3,"item_purchase_floors":[],"current_hp_per_floor":[47,41,37,35,32,52,46,46,46,33,29,37,57,25,45,23,68,48,48,41,0,0],"gold":589,"neow_bonus":"THREE_RARE_CARDS","is_daily":false,"chose_seed":false,"campfire_upgraded":1,"win_rate":0.0,"timestamp":1611838525,"path_taken":["M","?","M","M","M","R","E","R","T","E","M","M","R","E","R","BOSS","M","?","M","M"],"items_purchased_type":[],"build_version":"2020-12-22","purchased_purges":0,"victory":false,"max_hp_per_floor":[68,68,68,68,68,68,68,68,68,68,68,68,68,68,68,68,68,68,68,68,68,68],"card_choices":[{"not_picked":["Machine Learning","Fission"],"picked":"Creative AI","floor":0},{"not_picked":["FTL","Genetic Algorithm"],"picked":"Chill","floor":1},{"not_picked":["Stack","Undo"],"picked":"Double Energy","floor":3},{"not_picked":["Auto Shields","Recycle"],"picked":"BootSequence","floor":4},{"not_picked":["Reinforced Body","Undo","Beam Cell"],"picked":"SKIP","floor":5},{"not_picked":["FTL","Doom and Gloom"],"picked":"Lockon","floor":7},{"not_picked":["Turbo","Redo"],"picked":"Conserve Battery","floor":10},{"not_picked":["Barrage","Go for the Eyes"],"picked":"Self Repair","floor":11},{"not_picked":["Beam Cell","Core Surge"],"picked":"Hologram","floor":12},{"not_picked":["Consume","Beam Cell"],"picked":"Conserve Battery","floor":14},{"not_picked":["Rainbow","Reboot"],"picked":"Electrodynamics","floor":16},{"not_picked":["Cold Snap","Steam+1"],"picked":"Skim","floor":18},{"not_picked":["Sunder","Streamline"],"picked":"Ball Lightning","floor":20}],"player_experience":18711,"relics_obtained":[{"floor":7,"key":"CeramicFish"},{"floor":9,"key":"Happy Flower"},{"floor":10,"key":"Blood Vial"},{"floor":14,"key":"PreservedInsect"}],"event_choices":[{"damage_healed":0,"gold_gain":75,"player_choice":"Touch","damage_taken":6,"max_hp_gain":0,"max_hp_loss":0,"event_name":"FaceTrader","floor":2,"gold_loss":0},{"damage_healed":0,"gold_gain":0,"player_choice":"Copied","damage_taken":0,"max_hp_gain":0,"max_hp_loss":0,"event_name":"Duplicator","floor":19,"gold_loss":0,"cards_obtained":["BootSequence"]}],"is_beta":false,"boss_relics":[{"not_picked":["Runic Dome","Fusion Hammer"],"picked":"SlaversCollar"}],"items_purged_floors":[],"is_endless":false,"potions_floor_spawned":[1,3,5,7,11],"killed_by":"Snecko","ascension_level":4}}