{"host":"3498uni0c31c9bdm","time":1611826391,"event":{"mods":["BaseMod","Better Third Choice","Minty Spire (QoL Compilation)","Replay The Spire","StSLib"],"gold_per_floor":[119,119,138,152,152,152,177,177,204,204,223,223,223,253,253,356,356,373,220,220,231,245,245,255,255,255,255,271,291,370,370,370],"floor_reached":31,"language":"ENG","playtime":924,"items_purged":[],"score":378,"play_id":"10790f09-07cd-4ad7-8e00-8f8af89f4657","local_time":"20210128203311","is_ascension_mode":true,"campfire_choices":[{"floor":6,"key":"RECALL"},{"floor":10,"key":"REST"},{"floor":13,"key":"REST"},{"floor":15,"key":"REST"},{"floor":23,"key":"REST"},{"floor":27,"key":"REST"}],"circlet_count":0,"master_deck":["Strike_P","Strike_P","Strike_P","Strike_P","Defend_P","Defend_P","Defend_P","Defend_P","Eruption+1","Vigilance+1","ReplayTheSpireMod:Trickstab","EmptyFist","SashWhip","BowlingBash","Ragnarok","Wallop","After Image","Replay:Bag of Tricks","Pot Of Greed+1","Protect","Judgement","PathToVictory","PathToVictory","EmptyBody+1","Evaluate+1","Pot Of Greed+1","FearNoEvil","Prostrate"],"relics":["PureWater","Omamori","Grinning Jar","Replay:Mystery Machine","Oddly Smooth Stone","Tiny Chest","Pear","Replay:Bottled Eggs"],"acts_visited":["Exordium","TheCity"],"potions_floor_usage":[7,14,24],"damage_taken":[{"damage":5,"enemies":"Small Slimes","floor":1,"turns":4},{"damage":0,"enemies":"Cultist","floor":3,"turns":2},{"damage":0,"enemies":"Jaw Worm","floor":4,"turns":1},{"damage":13,"enemies":"Lagavulin","floor":7,"turns":4},{"damage":9,"enemies":"Blue Slaver","floor":11,"turns":3},{"damage":0,"enemies":"3 Sentries","floor":14,"turns":4},{"damage":48,"enemies":"Hexaghost","floor":16,"turns":15},{"damage":0,"enemies":"3 Byrds","floor":18,"turns":5},{"damage":0,"enemies":"Chosen","floor":21,"turns":4},{"damage":44,"enemies":"Snake Plant","floor":22,"turns":3},{"damage":21,"enemies":"Chosen and Byrds","floor":24,"turns":5},{"damage":12,"enemies":"Centurion and Healer","floor":28,"turns":6},{"damage":29,"enemies":"Snake Plant","floor":29,"turns":6},{"damage":8,"enemies":"Snecko","floor":31,"turns":2}],"seed_played":"-5396966964091767022","potions_obtained":[{"floor":3,"key":"Explosive Potion"},{"floor":4,"key":"Strength Potion"},{"floor":11,"key":"Swift Potion"},{"floor":16,"key":"ColorlessPotion"},{"floor":21,"key":"Toxic Potion"},{"floor":24,"key":"Toxic Potion"}],"is_trial":false,"path_per_floor":["M","?","M","M","?","R","E","?","T","R","M","?","R","E","R","B",null,"M","$","?","M","M","R","M","?","T","R","M","M","T","M"],"character_chosen":"WATCHER","items_purchased":["Tiny Chest"],"campfire_rested":5,"item_purchase_floors":[19],"current_hp_per_floor":[60,60,60,60,60,60,47,47,47,68,59,25,46,46,67,19,59,59,59,59,59,15,36,15,15,25,49,37,8,8,0,0],"gold":370,"neow_bonus":"RANDOM_COLORLESS","is_daily":false,"chose_seed":false,"campfire_upgraded":0,"win_rate":0.0,"timestamp":1611826391,"path_taken":["M","?","M","?","?","R","E","?","T","R","?","?","R","E","R","BOSS","M","$","?","M","M","R","M","?","T","R","?","M","?","?"],"items_purchased_type":["Relic"],"build_version":"2020-12-22","purchased_purges":0,"victory":false,"max_hp_per_floor":[72,72,72,72,72,72,72,72,72,72,72,72,72,72,72,72,72,72,72,72,72,72,72,72,72,82,82,82,82,82,82,82],"card_choices":[{"not_picked":["Impatience","Swift Strike"],"picked":"ReplayTheSpireMod:Trickstab","floor":0},{"not_picked":["EmptyBody","WindmillStrike"],"picked":"EmptyFist","floor":1},{"not_picked":["Halt","Replay:AtTheReady"],"picked":"SashWhip","floor":3},{"not_picked":["EmptyBody","JustLucky"],"picked":"BowlingBash","floor":4},{"not_picked":["Brilliance","Weave"],"picked":"Ragnarok","floor":7},{"not_picked":["Replay:AtTheReady","Protect"],"picked":"Wallop","floor":11},{"not_picked":["SashWhip","WheelKick"],"picked":"Protect","floor":14},{"not_picked":["Alpha","Scrawl"],"picked":"Judgement","floor":16},{"not_picked":["CutThroughFate","ClearTheMind+1"],"picked":"PathToVictory","floor":18},{"not_picked":["Evaluate+1","ThirdEye"],"picked":"PathToVictory","floor":21},{"not_picked":["FlurryOfBlows","Protect"],"picked":"EmptyBody+1","floor":22},{"not_picked":["Blasphemy","FlyingSleeves"],"picked":"Evaluate+1","floor":24},{"not_picked":["Consecrate","ClearTheMind"],"picked":"FearNoEvil","floor":28},{"not_picked":["PathToVictory","Protect"],"picked":"Prostrate","floor":29}],"player_experience":757408,"relics_obtained":[{"floor":7,"key":"Omamori"},{"floor":14,"key":"Oddly Smooth Stone"},{"floor":26,"key":"Pear"},{"floor":30,"key":"Replay:Bottled Eggs"}],"event_choices":[{"damage_healed":0,"gold_gain":0,"player_choice":"Upgraded","damage_taken":0,"max_hp_gain":0,"max_hp_loss":0,"event_name":"Upgrade Shrine","floor":2,"gold_loss":0,"cards_upgraded":["Eruption"]},{"damage_healed":0,"gold_gain":0,"player_choice":"Ignored","damage_taken":0,"max_hp_gain":0,"max_hp_loss":0,"event_name":"Purifier","floor":8,"gold_loss":0},{"damage_healed":0,"gold_gain":0,"player_choice":"Ignored","damage_taken":0,"max_hp_gain":0,"max_hp_loss":0,"event_name":"Vampires","floor":20,"gold_loss":0},{"cards_removed":["Pot Of Greed"],"damage_healed":0,"gold_gain":0,"player_choice":"Purged","damage_taken":0,"max_hp_gain":0,"max_hp_loss":0,"event_name":"Purifier","floor":25,"gold_loss":0}],"is_beta":false,"boss_relics":[{"not_picked":["Ectoplasm","Pandora\u0027s Box","Runic Pyramid"]}],"items_purged_floors":[],"is_endless":false,"potions_floor_spawned":[3,4,11,16,21,24],"killed_by":"Snecko","ascension_level":8}}