{"host":"sav7uxregyirlf69","time":1611799599,"event":{"mods":["AchievementEnabler","BaseMod","Colored Map","DeckTracker","Keyboard Shortcuts","Minty Spire (QoL Compilation)","READ ME - Guardian Mod","StSLib","SuperFastMode"],"gold_per_floor":[118,118,128,128,146,146,178,178,253,327,361,373,398,410,423,423,499,499,499,499],"floor_reached":19,"language":"KOR","playtime":372,"items_purged":[],"score":474,"play_id":"11eccc1b-7086-48a7-bf66-ac2817496f0f","local_time":"20210128110639","is_ascension_mode":true,"campfire_choices":[{"data":"Crippling Poison","floor":6.0,"key":"SMITH"},{"data":"Blade Dance","floor":8.0,"key":"SMITH"},{"floor":16,"key":"REST"}],"circlet_count":0,"master_deck":["AscendersBane","Strike_G","Strike_G","Strike_G","Strike_G","Strike_G","Defend_G","Defend_G","Defend_G","Defend_G","Defend_G+1","Survivor","Neutralize","Crippling Poison+1","Backflip","Blade Dance+1","Tactician+1","Infinite Blades","Cloak And Dagger","Envenom","Finisher","Calculated Gamble"],"relics":["Ring of the Snake","Pen Nib","Ancient Tea Set","Regal Pillow","Ninja Scroll","Kunai","Lizard Tail","War Paint","Runic Pyramid"],"acts_visited":["Exordium","TheCity"],"potions_floor_usage":[14,17],"damage_taken":[{"damage":11.0,"enemies":"Small Slimes","floor":1.0,"turns":6.0},{"damage":1.0,"enemies":"2 Louse","floor":3.0,"turns":4.0},{"damage":0.0,"enemies":"Jaw Worm","floor":5.0,"turns":6.0},{"damage":20.0,"enemies":"Lagavulin","floor":7.0,"turns":5.0},{"damage":6.0,"enemies":"Gremlin Nob","floor":11.0,"turns":3.0},{"damage":0.0,"enemies":"Blue Slaver","floor":12.0,"turns":4.0},{"damage":23.0,"enemies":"Lagavulin","floor":13.0,"turns":9.0},{"damage":4,"enemies":"Large Slime","floor":14,"turns":5},{"damage":0,"enemies":"2 Fungi Beasts","floor":15,"turns":2},{"damage":0,"enemies":"The Guardian","floor":17,"turns":8},{"damage":0,"enemies":"Spheric Guardian","floor":19,"turns":3}],"seed_played":"-4532073963663483612","potions_obtained":[{"floor":1.0,"key":"Regen Potion"},{"floor":7.0,"key":"Swift Potion"},{"floor":13.0,"key":"DuplicationPotion"},{"floor":15,"key":"Poison Potion"},{"floor":17,"key":"SneckoOil"}],"is_trial":false,"path_per_floor":["M","?","M","?","M","R","E","R","T","T","E","M","E","M","M","R","B",null,"M"],"character_chosen":"THE_SILENT","items_purchased":[],"campfire_rested":1,"item_purchase_floors":[],"current_hp_per_floor":[48,43,42,42,42,42,37,37,37,37,31,31,8,4,4,38,38,59,59,59],"gold":499,"neow_bonus":"RANDOM_COMMON_RELIC","is_daily":false,"chose_seed":false,"campfire_upgraded":2,"win_rate":0.0,"timestamp":1611799599,"path_taken":["M","?","M","?","M","R","E","R","T","T","E","M","E","M","M","R","BOSS","M"],"items_purchased_type":[],"build_version":"2020-12-22","purchased_purges":0,"victory":false,"max_hp_per_floor":[66,66,66,66,66,66,66,66,66,66,66,66,66,66,66,66,66,66,66,66],"card_choices":[{"not_picked":["Prepared","Acrobatics"],"picked":"Crippling Poison","floor":1.0},{"not_picked":["Endless Agony","Finisher"],"picked":"Backflip","floor":3.0},{"not_picked":["Acrobatics","Noxious Fumes"],"picked":"Blade Dance","floor":5.0},{"not_picked":["Catalyst","Dagger Spray"],"picked":"Tactician","floor":7.0},{"not_picked":["Deflect","Endless Agony"],"picked":"Infinite Blades","floor":11.0},{"not_picked":["Skewer","Flying Knee"],"picked":"Cloak And Dagger","floor":12.0},{"not_picked":["Dagger Throw","Sucker Punch"],"picked":"Envenom","floor":13.0},{"not_picked":["Slice","Dodge and Roll"],"picked":"Finisher","floor":14},{"not_picked":["Quick Slash","Deadly Poison"],"picked":"Calculated Gamble","floor":15}],"player_experience":1405956,"relics_obtained":[{"floor":7.0,"key":"Regal Pillow"},{"floor":9.0,"key":"Ninja Scroll"},{"floor":10.0,"key":"Kunai"},{"floor":11.0,"key":"Lizard Tail"},{"floor":13.0,"key":"War Paint"}],"event_choices":[{"damage_healed":0.0,"max_hp_gain":0.0,"max_hp_loss":0.0,"gold_gain":0.0,"event_name":"Scrap Ooze","player_choice":"Success","floor":2.0,"gold_loss":0.0,"damage_taken":5.0,"relics_obtained":["Ancient Tea Set"]},{"damage_healed":0.0,"max_hp_gain":0.0,"max_hp_loss":0.0,"gold_gain":0.0,"event_name":"Liars Game","player_choice":"Ignored","floor":4.0,"gold_loss":0.0,"damage_taken":0.0}],"is_beta":false,"boss_relics":[{"not_picked":["Cursed Key","Runic Dome"],"picked":"Runic Pyramid"}],"items_purged_floors":[],"is_endless":false,"potions_floor_spawned":[1,7,13,15,17],"killed_by":"Spheric Guardian","ascension_level":20}}