{"host":"krw8blyxua7at9ak","time":1611802330,"event":{"mods":["BaseMod","Highlight Path","Minty Spire (QoL Compilation)","ojb\u0027s Info Mod"],"gold_per_floor":[112,112,124,20,20,20,20,54,54,86,99,99,99],"floor_reached":12,"language":"ENG","playtime":243,"items_purged":[],"score":222,"play_id":"c14032c4-7cdd-4ccd-8ee5-fac5ea39c879","local_time":"20210128035210","is_ascension_mode":true,"campfire_choices":[{"data":"Accuracy","floor":6,"key":"SMITH"}],"circlet_count":0,"master_deck":["AscendersBane","Strike_G","Strike_G","Strike_G","Strike_G","Strike_G","Defend_G","Defend_G","Defend_G","Defend_G","Defend_G","Survivor","Neutralize","Blade Dance","Dagger Spray","Endless Agony","Accuracy+1","Underhanded Strike","Regret","Dash"],"relics":["Ring of the Snake","NeowsBlessing","MealTicket","Calipers","Bronze Scales","Singing Bowl"],"acts_visited":["Exordium"],"potions_floor_usage":[11],"damage_taken":[{"damage":0,"enemies":"2 Louse","floor":1,"turns":1},{"damage":0,"enemies":"Cultist","floor":3,"turns":1},{"damage":0,"enemies":"Lagavulin","floor":8,"turns":1},{"damage":25,"enemies":"3 Sentries","floor":10,"turns":6},{"damage":0,"enemies":"Jaw Worm","floor":11,"turns":1},{"damage":57,"enemies":"Lagavulin","floor":12,"turns":8}],"seed_played":"-9122686952171499331","potions_obtained":[{"floor":3,"key":"Fire Potion"}],"is_trial":false,"path_per_floor":["M","?","M","$","?","R","$","E","T","E","M","E"],"character_chosen":"THE_SILENT","items_purchased":["Accuracy","Underhanded Strike"],"campfire_rested":0,"item_purchase_floors":[4,4],"current_hp_per_floor":[59,59,59,59,59,59,66,66,66,41,43,0,0],"gold":99,"neow_bonus":"THREE_ENEMY_KILL","is_daily":false,"chose_seed":false,"campfire_upgraded":1,"win_rate":0.0,"timestamp":1611802330,"path_taken":["M","?","?","$","?","R","?","E","T","E","?","E"],"items_purchased_type":["Card","Card"],"build_version":"2020-12-22","purchased_purges":0,"victory":false,"max_hp_per_floor":[66,66,66,66,66,66,66,66,66,66,68,68,68],"card_choices":[{"not_picked":["Bane","Cloak And Dagger"],"picked":"Blade Dance","floor":1},{"not_picked":["Dagger Throw","PiercingWail"],"picked":"Endless Agony","floor":3},{"not_picked":["Dodge and Roll","Backflip","Quick Slash"],"picked":"SKIP","floor":8},{"not_picked":["Unload","Crippling Poison"],"picked":"Dash","floor":10},{"not_picked":["Underhanded Strike","Dodge and Roll","Eviscerate"],"picked":"Singing Bowl","floor":11}],"player_experience":369354,"relics_obtained":[{"floor":8,"key":"Calipers"},{"floor":9,"key":"Bronze Scales"},{"floor":10,"key":"Singing Bowl"}],"event_choices":[{"damage_healed":0,"gold_gain":0,"player_choice":"1 cards matched","damage_taken":0,"max_hp_gain":0,"max_hp_loss":0,"event_name":"Match and Keep!","floor":2,"gold_loss":0,"cards_obtained":["Dagger Spray"]},{"damage_healed":0,"gold_gain":0,"player_choice":"Box","damage_taken":0,"relics_obtained":["MealTicket"],"max_hp_gain":0,"max_hp_loss":0,"event_name":"Big Fish","floor":5,"gold_loss":0,"cards_obtained":["Regret"]}],"is_beta":false,"boss_relics":[],"items_purged_floors":[],"is_endless":false,"potions_floor_spawned":[3],"killed_by":"Lagavulin","ascension_level":20}}