{"host":"xkmvu47k9fdstweo","time":1611859769,"event":{"mods":["BaseMod","Colored Map","Conspire","HololiveMod","Hubris","Minty Spire (QoL Compilation)","Quick Restart","Railgun Mod","Shop Mod","StSLib","The Alterego","The Animator","The Servant 0.9.4","The Wild Card","TheBandit","WarShipGirlsR/??è≠èóR mod"],"gold_per_floor":[86,66,85,85,10,10,37,94,94,128,145,173,188,188,188,293,293,312,82,96,108,128,157,157,170,223,261,0,12,57,81,93,208,220,254,266,278,290,314,360,391,438,474,508,546,658,670,712,724,746],"floor_reached":51,"language":"ENG","playtime":1761,"items_purged":[],"score":1237,"play_id":"ccd30cd5-da2a-4bb9-9c7c-86871a597bfb","local_time":"20210128134929","is_ascension_mode":false,"campfire_choices":[{"data":"Hololive_CallKiryuuCoco","floor":6,"key":"SMITH"},{"data":"Hololive_Spy","floor":15,"key":"SMITH"},{"data":"Hololive_HuntDinosaur","floor":24,"key":"SMITH"},{"data":"Hololive_MaximGun","floor":32,"key":"SMITH"},{"floor":47,"key":"RECALL"},{"floor":49,"key":"REST"}],"circlet_count":0,"master_deck":["Hololive_Defend+1","Hololive_Defend+1","Hololive_SoulCatcher+1","Hololive_CallKiryuuCoco+1","Hololive_CallShiranuiFlare+1","Hololive_CallYogiri+1","Hololive_CallNekomataOkayu+1","Hololive_CallKiryuuCoco+1","Hololive_CallYukihanaLamy+1","Hololive_CallNakiriAyame+1","Hololive_Spy+1","Hololive_DDD+1","Hololive_Thief+1","Hololive_HuntDinosaur+1","Hololive_OpenUp+1","Hololive_CallMurasakiShion+1","Hololive_MaximGun+1","Hololive_CallYuzukiChoco+1","Hololive_CallInugamiKorone+1","Hololive_ASMR+1","Hololive_HuntDinosaur+1","Hololive_CallShiroganeNoel+1","Hololive_Drill+1","Hololive_Psychosis+1","Hololive_HuntDinosaur+1","Hololive_CallCivia+1","Bite+1","Bite+1","Bite+1","Bite+1","Bite+1","Hololive_Psychosis+1","Hololive_RevenueBasedLive+1","Hololive_FlareMind+1","Hololive_BringToTrial+1","Hololive_DiamondStrike+1","Master of Strategy+1","Hololive_CallSpadeEcho+1","Hololive_FlareMind","Hololive_DevilCharm","Hololive_CallAiraniIofifteen+1","Hololive_HuntDinosaur+1","Hololive_Drill+1","Hololive_LuckPotion+1"],"relics":["Hololive_TheStar","NeowsBlessing","War Paint","Ancient Tea Set","hubris:PeanutButter","hubris:ScarierMask","Du-Vu Doll","MawBank","Happy Flower","Bronze Scales","Fusion Hammer","Mark of the Bloom","Bottled Lightning","Singing Bowl","Art of War"],"acts_visited":["Exordium","TheCity","TheBeyond"],"potions_floor_usage":[23,33,40,50],"damage_taken":[{"damage":0,"enemies":"Small Slimes","floor":1,"turns":1},{"damage":0,"enemies":"Cultist","floor":3,"turns":1},{"damage":0,"enemies":"Gremlin Nob","floor":7,"turns":1},{"damage":0,"enemies":"Lagavulin","floor":10,"turns":6},{"damage":0,"enemies":"conspire:RoseBush","floor":11,"turns":2},{"damage":0,"enemies":"Gremlin Nob","floor":12,"turns":4},{"damage":0,"enemies":"Looter","floor":13,"turns":4},{"damage":0,"enemies":"Slime Boss","floor":16,"turns":3},{"damage":0,"enemies":"2 Thieves","floor":18,"turns":4},{"damage":0,"enemies":"3 Byrds","floor":20,"turns":4},{"damage":2,"enemies":"Cultist and Chosen","floor":21,"turns":4},{"damage":0,"enemies":"Shelled Parasite and Fungi","floor":22,"turns":3},{"damage":1,"enemies":"Slavers","floor":23,"turns":4},{"damage":0,"enemies":"Snecko","floor":25,"turns":3},{"damage":0,"enemies":"Book of Stabbing","floor":27,"turns":4},{"damage":0,"enemies":"conspire:Head Lice","floor":30,"turns":7},{"damage":0,"enemies":"Sentry and Sphere","floor":31,"turns":2},{"damage":0,"enemies":"Collector","floor":33,"turns":7},{"damage":0,"enemies":"3 Shapes","floor":35,"turns":4},{"damage":0,"enemies":"3 Darklings","floor":39,"turns":2},{"damage":0,"enemies":"Reptomancer","floor":40,"turns":4},{"damage":0,"enemies":"Maw","floor":41,"turns":4},{"damage":2,"enemies":"Nemesis","floor":42,"turns":4},{"damage":0,"enemies":"Sphere and 2 Shapes","floor":44,"turns":2},{"damage":0,"enemies":"Transient","floor":45,"turns":5},{"damage":0,"enemies":"Maw","floor":48,"turns":4},{"damage":0,"enemies":"Donu and Deca","floor":50,"turns":7}],"seed_played":"2347109611333248898","potions_obtained":[{"floor":1,"key":"Weak Potion"},{"floor":2,"key":"SkillPotion"},{"floor":7,"key":"BlessingOfTheForge"},{"floor":21,"key":"Energy Potion"},{"floor":23,"key":"Dexterity Potion"},{"floor":40,"key":"Swift Potion"},{"floor":42,"key":"SpeedPotion"}],"is_trial":false,"path_per_floor":["M","?","M","?","$","R","E","?","T","E","M","E","M","?","R","B",null,"M","$","M","M","M","E","R","M","T","E","?","?","E","M","R","B",null,"M","?","?","?","M","E","M","E","T","M","M","?","R","M","R","B",null],"character_chosen":"Hololive_HololiveCharacter","items_purchased":["Hololive_Spy","Hololive_CallInugamiKorone","Hololive_ASMR"],"campfire_rested":1,"item_purchase_floors":[5,19,19],"current_hp_per_floor":[35,35,35,23,23,23,23,23,23,25,27,29,31,31,31,33,35,35,35,35,33,35,34,34,35,35,35,35,35,35,35,35,35,35,35,35,35,35,35,35,35,33,33,33,33,33,33,33,33,33],"gold":758,"neow_bonus":"THREE_ENEMY_KILL","is_daily":false,"chose_seed":false,"campfire_upgraded":4,"win_rate":0.0,"timestamp":1611859769,"path_taken":["M","?","?","?","$","R","E","?","T","E","M","E","M","?","R","BOSS","M","?","M","?","M","E","R","M","T","E","?","?","E","M","R","BOSS","M","?","?","?","M","E","?","E","T","M","M","?","R","M","R","BOSS"],"items_purchased_type":["Card","Card","Card"],"build_version":"2020-12-22","purchased_purges":0,"victory":true,"max_hp_per_floor":[35,35,35,35,35,35,35,35,35,35,35,35,35,35,35,35,35,35,35,35,35,35,35,35,35,35,35,35,35,35,35,35,35,35,35,35,35,35,35,35,35,35,35,35,35,35,35,35,35,35],"card_choices":[{"not_picked":["Hololive_Trident","Hololive_HuntDinosaur","Hololive_DevilCharm"],"picked":"Hololive_CallYukihanaLamy","floor":1},{"not_picked":["Hololive_LuckPotion","Hololive_FlyingPonyTail","Hololive_Psychosis"],"picked":"Hololive_CallNakiriAyame","floor":3},{"not_picked":["Hololive_ILoveYou","Hololive_CallRoboco","Hololive_BringToTrial"],"picked":"Hololive_DDD","floor":7},{"not_picked":["Hololive_CallNakiriAyame","Hololive_CallTokoyamiTowa","Hololive_CallInugamiKorone"],"picked":"Hololive_Thief","floor":10},{"not_picked":["Hololive_OvertimeWork","Hololive_CallAkiRosenthal","Hololive_CallAZKi"],"picked":"Hololive_HuntDinosaur","floor":11},{"not_picked":["Hololive_Rebound","Hololive_RevenueBasedLive","Hololive_Trident"],"picked":"Hololive_OpenUp","floor":12},{"not_picked":["Hololive_OvertimeWork","Hololive_CallInugamiKorone","Hololive_Breathe"],"picked":"Hololive_CallMurasakiShion","floor":13},{"not_picked":["Hololive_ASMR","Hololive_AWSL","Hololive_DDD"],"picked":"Hololive_MaximGun","floor":16},{"not_picked":["Hololive_CallAkiRosenthal+1","Hololive_LuckPotion","Hololive_Sequa"],"picked":"Hololive_CallYuzukiChoco+1","floor":18},{"not_picked":["Hololive_SoulCatcher","Hololive_CallOmaruPolka","Hololive_FlyingPonyTail"],"picked":"Hololive_HuntDinosaur","floor":20},{"not_picked":["Hololive_LuckPotion","Hololive_CallAkiRosenthal","Hololive_CallAZKi"],"picked":"Hololive_CallShiroganeNoel","floor":21},{"not_picked":["Hololive_CallHoshimachiSuisei","Hololive_CallTsunomakiWatame","Hololive_CallOmaruPolka"],"picked":"Hololive_Drill","floor":22},{"not_picked":["Hololive_Rebound+1","Hololive_HuntDinosaur","Hololive_SummonFox"],"picked":"Hololive_Psychosis","floor":23},{"not_picked":["Hololive_CallAZKi+1","Hololive_Sequa","Hololive_LuckPotion"],"picked":"Hololive_HuntDinosaur+1","floor":25},{"not_picked":["Hololive_CallArtia","Hololive_OvertimeWork","Hololive_Drill"],"picked":"Hololive_CallCivia","floor":27},{"not_picked":["Hololive_ASMR","Hololive_CallShiroganeNoel","Hololive_Trident"],"picked":"Hololive_Psychosis+1","floor":30},{"not_picked":["Hololive_Sequa","Hololive_OvertimeWork+1","Hololive_Breathe"],"picked":"Hololive_RevenueBasedLive","floor":31},{"not_picked":["Hololive_DDD","Hololive_BeCareful","Hololive_Recruit"],"picked":"Hololive_FlareMind","floor":33},{"not_picked":["Hololive_Trident+1","Hololive_Breathe","Hololive_Psychosis+1"],"picked":"Hololive_BringToTrial","floor":35},{"not_picked":[],"picked":"Hololive_DiamondStrike","floor":36},{"not_picked":["conspire:Banana","hubris:Ssssneak","Magnetism"],"picked":"Master of Strategy","floor":37},{"not_picked":["Hololive_LuckPotion+1","Hololive_CallUruhaRushia+1","Hololive_Drill"],"picked":"Hololive_CallSpadeEcho+1","floor":39},{"not_picked":["Hololive_CallShishiroBotan","Hololive_StrengthChampion","Hololive_CallDoris+1"],"picked":"Hololive_FlareMind","floor":40},{"not_picked":["Hololive_Breathe+1","Hololive_OvertimeWork+1","Hololive_LuckPotion+1"],"picked":"Hololive_DevilCharm","floor":41},{"not_picked":["Hololive_StrengthChampion","Hololive_RevenueBasedLive","Hololive_CallHimemoriLuna"],"picked":"Hololive_CallAiraniIofifteen+1","floor":42},{"not_picked":["Hololive_Drill","Hololive_StrengthChampion+1","Hololive_FlyingPonyTail+1"],"picked":"Hololive_HuntDinosaur+1","floor":44},{"not_picked":["Hololive_Psychosis","Hololive_StarCraft","Hololive_CallAkaiHaato"],"picked":"Hololive_Drill+1","floor":45},{"not_picked":["Hololive_Trident+1","Hololive_RevenueBasedLive+1","Hololive_AWSL"],"picked":"Hololive_LuckPotion+1","floor":48}],"player_experience":381908,"relics_obtained":[{"floor":7,"key":"Ancient Tea Set"},{"floor":9,"key":"Blood Vial"},{"floor":12,"key":"hubris:PeanutButter"},{"floor":23,"key":"Du-Vu Doll"},{"floor":26,"key":"MawBank"},{"floor":27,"key":"Happy Flower"},{"floor":30,"key":"Bronze Scales"},{"floor":40,"key":"Bottled Lightning"},{"floor":42,"key":"Singing Bowl"},{"floor":43,"key":"Art of War"}],"event_choices":[{"damage_healed":0,"gold_gain":0,"player_choice":"Bought 1 Potion","damage_taken":0,"max_hp_gain":0,"max_hp_loss":0,"event_name":"The Woman in Blue","floor":2,"gold_loss":0},{"damage_healed":0,"gold_gain":0,"player_choice":"Success","damage_taken":12,"relics_obtained":["War Paint"],"max_hp_gain":0,"max_hp_loss":0,"event_name":"Scrap Ooze","floor":4,"gold_loss":0},{"damage_healed":0,"gold_gain":57,"player_choice":"Gained Gold","damage_taken":0,"max_hp_gain":0,"max_hp_loss":0,"event_name":"Golden Wing","floor":8,"gold_loss":0},{"damage_healed":0,"gold_gain":0,"player_choice":"Upgraded","damage_taken":0,"max_hp_gain":0,"max_hp_loss":0,"event_name":"Upgrade Shrine","floor":14,"gold_loss":0,"cards_upgraded":["Hololive_DDD"]},{"damage_healed":0,"gold_gain":0,"player_choice":"Paid Fearfully","damage_taken":0,"max_hp_gain":0,"max_hp_loss":0,"event_name":"Masked Bandits","floor":28,"gold_loss":273},{"damage_healed":0,"gold_gain":0,"player_choice":"Became a vampire (Vial)","damage_taken":0,"max_hp_gain":0,"max_hp_loss":0,"event_name":"Vampires","floor":29,"relics_lost":["Blood Vial"],"gold_loss":0,"cards_obtained":["Bite","Bite","Bite","Bite","Bite"]},{"damage_healed":0,"gold_gain":0,"player_choice":"Memory 1","damage_taken":0,"max_hp_gain":0,"max_hp_loss":0,"event_name":"SensoryStone","floor":37,"gold_loss":0},{"damage_healed":0,"gold_gain":0,"player_choice":"Upgrade","damage_taken":0,"relics_obtained":["Mark of the Bloom"],"max_hp_gain":0,"max_hp_loss":0,"event_name":"MindBloom","floor":38,"gold_loss":0,"cards_upgraded":["Hololive_SoulCatcher","Hololive_CallKiryuuCoco","Hololive_CallShiranuiFlare","Hololive_CallYogiri","Hololive_CallNekomataOkayu","Hololive_CallYukihanaLamy","Hololive_CallNakiriAyame","Hololive_Thief","Hololive_HuntDinosaur","Hololive_OpenUp","Hololive_CallMurasakiShion","Hololive_CallInugamiKorone","Hololive_ASMR","Hololive_CallShiroganeNoel","Hololive_Drill","Hololive_Psychosis","Hololive_CallCivia","Bite","Bite","Bite","Bite","Bite","Hololive_RevenueBasedLive","Hololive_FlareMind","Hololive_BringToTrial","Hololive_DiamondStrike","Master of Strategy"]},{"damage_healed":0,"gold_gain":100,"player_choice":"Pray","damage_taken":0,"max_hp_gain":0,"max_hp_loss":0,"event_name":"Golden Shrine","floor":46,"gold_loss":0}],"is_beta":false,"boss_relics":[{"not_picked":["conspire:RoyalGoblet","hubris:VirtuousBlindfold"],"picked":"hubris:ScarierMask"},{"not_picked":["SacredBark","Astrolabe"],"picked":"Fusion Hammer"}],"items_purged_floors":[],"is_endless":false,"potions_floor_spawned":[1,7,12,16,21,22,23,27,40,42],"ascension_level":0}}