{"host":"2q4p6kdcvpgo6z81","time":1611803962,"event":{"mods":["BaseMod","Colored Map","Downfall","Minty Spire (QoL Compilation)","StSLib"],"gold_per_floor":[99,111,121,136,236,236,262,262,294,309,321,355,355,370,384,484,484,484,500,500,500,334,366,366,24,24,38,38,71,71,83,96,96,96,96],"floor_reached":33,"language":"ENG","playtime":2222,"items_purged":["bronze:Strike"],"score":370,"play_id":"eab20ec0-1f95-4ca1-a7ae-1c5725d70085","local_time":"20210127221922","is_ascension_mode":true,"campfire_choices":[{"data":"bronze:Goto","floor":1.0,"key":"SMITH"},{"data":"bronze:Separator","floor":6.0,"key":"SMITH"},{"floor":13.0,"key":"REST"},{"data":"bronze:Library","floor":18.0,"key":"SMITH"}],"circlet_count":0,"master_deck":["bronze:Strike","bronze:Strike","bronze:Strike","bronze:Defend","bronze:Defend","bronze:Defend","bronze:Defend","bronze:Replicate+1","bronze:Goto+1","bronze:BuggyMess+1","bronze:MaxOutput","bronze:Separator+1","bronze:DigitalCarnage","bronze:ChosenStrike","bronze:Refactor","bronze:FineTuning","bronze:ForceShield","bronze:BronzeOrb","bronze:Shield","bronze:Library+1","bronze:Overheat","RitualDagger+1","bronze:Constructor+1","bronze:Frontload","bronze:Turbo","bronze:Flail","bronze:Assembly","bronze:DarkDash","bronze:RecursiveStrike","Pride","bronze:DigitalCarnage+1","bronze:InfiniteBeams+1"],"relics":["bronze:BronzeCore","Anchor","Dream Catcher","StrikeDummy","Snecko Eye","bronze:BottledCode","Bird Faced Urn","White Beast Statue","Bottled Tornado","Juzu Bracelet","Lantern"],"acts_visited":["Exordium","TheCity"],"potions_floor_usage":[33,33,33],"damage_taken":[{"damage":1.0,"enemies":"Cultist","floor":2.0,"turns":4.0},{"damage":0.0,"enemies":"Small Slimes","floor":3.0,"turns":4.0},{"damage":3.0,"enemies":"2 Louse","floor":4.0,"turns":3.0},{"damage":18.0,"enemies":"Gremlin Nob","floor":9.0,"turns":3.0},{"damage":0.0,"enemies":"2 Fungi Beasts","floor":10.0,"turns":2.0},{"damage":1.0,"enemies":"Exordium Thugs","floor":11.0,"turns":2.0},{"damage":13.0,"enemies":"Lagavulin","floor":12.0,"turns":5.0},{"damage":3.0,"enemies":"Large Slime","floor":14.0,"turns":3.0},{"damage":0.0,"enemies":"Red Slaver","floor":15.0,"turns":2.0},{"damage":16.0,"enemies":"SI_SHIV_ARCHETYPE","floor":16.0,"turns":8.0},{"damage":0.0,"enemies":"Shell Parasite","floor":19.0,"turns":4.0},{"damage":1.0,"enemies":"downfall:FleeingMerchant","floor":22.0,"turns":4.0},{"damage":16.0,"enemies":"Book of Stabbing","floor":23.0,"turns":5.0},{"damage":0.0,"enemies":"downfall:FleeingMerchant","floor":25.0,"turns":4.0},{"damage":9.0,"enemies":"Chosen and Byrds","floor":27.0,"turns":6.0},{"damage":0.0,"enemies":"Gremlin Leader","floor":29.0,"turns":4.0},{"damage":22.0,"enemies":"Snake Plant","floor":31.0,"turns":3.0},{"damage":15.0,"enemies":"Cultist and Chosen","floor":32.0,"turns":6.0},{"damage":23,"enemies":"IC_MUSHROOM_ARCHETYPE","floor":33,"turns":4}],"seed_played":"-2331615088367712000","potions_obtained":[{"floor":2.0,"key":"bronze:FreeFunctionsPotion"},{"floor":11.0,"key":"Weak Potion"},{"floor":14.0,"key":"PowerPotion"},{"floor":20.0,"key":"CultistPotion"},{"floor":23.0,"key":"Strength Potion"},{"floor":25.0,"key":"SpeedPotion"},{"floor":31.0,"key":"Block Potion"},{"floor":32.0,"key":"hexamod:SoulburnPotion"}],"is_trial":false,"path_per_floor":["R","M","M","M","?","R","T","?","E","M","M","E","R","M","M","B",null,"R","M","?","?","$","E","T","$","?","M","?","E","?","M","M","B"],"character_chosen":"THE_AUTOMATON","items_purchased":["bronze:Frontload","bronze:Turbo","bronze:DarkDash","Bottled Tornado"],"campfire_rested":1,"item_purchase_floors":[22,22,25,25],"current_hp_per_floor":[70,69,69,66,66,66,66,66,48,48,47,34,55,52,52,36,70,70,70,70,60,59,43,43,47,47,40,40,44,44,22,9,0,0,0],"gold":96,"neow_bonus":"RANDOM_COMMON_RELIC","is_daily":false,"chose_seed":false,"campfire_upgraded":3,"win_rate":0.0,"timestamp":1611803962,"path_taken":["R","M","M","M","?","R","T","?","E","M","?","E","R","M","M","BOSS","R","M","?","?","$","E","T","$","?","M","?","E","?","M","M","BOSS"],"items_purchased_type":["Card","Card","Card","Relic"],"build_version":"2020-12-22","purchased_purges":1,"victory":false,"max_hp_per_floor":[70,70,70,70,70,70,70,70,70,70,70,70,70,70,70,70,70,70,70,70,60,60,60,60,60,60,60,60,60,60,60,60,60,60,60],"card_choices":[{"not_picked":["bronze:Repair","bronze:Frontload"],"picked":"bronze:BuggyMess","floor":2.0},{"not_picked":["bronze:DelayedGuard","bronze:DelayedSlice"],"picked":"bronze:MaxOutput","floor":3.0},{"not_picked":["bronze:ChildClass","bronze:DarkDash"],"picked":"bronze:Separator","floor":4.0},{"not_picked":["bronze:ThunderWave","bronze:Philosophize"],"picked":"bronze:DigitalCarnage","floor":9.0},{"not_picked":["bronze:Shield","bronze:ChildClass"],"picked":"bronze:ChosenStrike","floor":10.0},{"not_picked":["bronze:Flail","bronze:Invalidate"],"picked":"bronze:Refactor","floor":11.0},{"not_picked":["bronze:Iterate","bronze:OilSpill"],"picked":"bronze:FineTuning","floor":12.0},{"not_picked":["bronze:DarkDash","bronze:BitShift"],"picked":"bronze:ForceShield","floor":13.0},{"not_picked":["bronze:WildBeam","bronze:ChosenStrike"],"picked":"bronze:BronzeOrb","floor":14.0},{"not_picked":["bronze:BuggyMess","bronze:CloningBeam"],"picked":"bronze:Shield","floor":15.0},{"not_picked":["bronze:InfiniteLoop","bronze:HardenedForm"],"picked":"bronze:Library","floor":16.0},{"not_picked":["bronze:Separator","bronze:NullPointer"],"picked":"bronze:Overheat","floor":19.0},{"not_picked":["bronze:Invalidate","bronze:Deprecate"],"picked":"bronze:Constructor+1","floor":22.0},{"not_picked":["bronze:Invalidate","bronze:Frontload"],"picked":"bronze:Flail","floor":23.0},{"not_picked":["bronze:Allocate","bronze:Branch"],"picked":"bronze:Assembly","floor":25.0},{"not_picked":["bronze:BitShift","bronze:Invalidate","bronze:Safeguard"],"picked":"SKIP","floor":27.0},{"not_picked":["bronze:NullPointer+1","bronze:DelayedGuard","bronze:GetLatest"],"picked":"SKIP","floor":29.0},{"not_picked":["bronze:Repair","bronze:WhirlingStrike"],"picked":"bronze:DigitalCarnage+1","floor":31.0},{"not_picked":["bronze:Deprecate","bronze:DelayedGuard+1"],"picked":"bronze:InfiniteBeams+1","floor":32.0}],"player_experience":1571865,"relics_obtained":[{"floor":7.0,"key":"Dream Catcher"},{"floor":9.0,"key":"StrikeDummy"},{"floor":12.0,"key":"Ornamental Fan"},{"floor":23.0,"key":"Bird Faced Urn"},{"floor":24.0,"key":"White Beast Statue"},{"floor":29.0,"key":"Juzu Bracelet"}],"event_choices":[{"damage_healed":0.0,"max_hp_gain":0.0,"max_hp_loss":0.0,"gold_gain":0.0,"event_name":"Ghosts","player_choice":"Ignored","floor":26.0,"gold_loss":0.0,"damage_taken":0.0},{"damage_healed":0.0,"max_hp_gain":0.0,"max_hp_loss":0.0,"gold_gain":0.0,"event_name":"Addict","player_choice":"Stole Relic","floor":30.0,"gold_loss":0.0,"damage_taken":0.0,"relics_obtained":["Lantern"],"cards_obtained":["Pride"]}],"is_beta":false,"boss_relics":[{"not_picked":["Fusion Hammer","SlaversCollar"],"picked":"Snecko Eye"}],"items_purged_floors":[22],"is_endless":false,"potions_floor_spawned":[2,11,14,15,23,25,27,29,31,32],"killed_by":"IC_MUSHROOM_ARCHETYPE","ascension_level":3}}