{"host":"gk9qdtkqd8dwfeg2","time":1611850095,"event":{"mods":["Aspiration","BaseMod","Colored Powertips","Downfall","Minty Spire (QoL Compilation)","Quick Restart","Replay The Spire","Shop Mod","StSLib","TestMod","The Servant 0.9.4","Waifu the Spire","WarShipGirlsR/战舰少女R mod","【遗物卡牌】REMEMod"],"gold_per_floor":[115,138,63,63,79,79,111,111,111,124,150,150,182,199,199,305,305,316,333,351,351,20,20,20],"floor_reached":23,"language":"ZHS","playtime":771,"items_purged":["Strike_R"],"score":468,"play_id":"04df1f17-3963-46a4-926d-a1fd0fd19c52","local_time":"20210129000815","is_ascension_mode":true,"campfire_choices":[{"data":"ReplayTheSpireMod:Brewmster","floor":6,"key":"SMITH"},{"data":"Armaments","floor":8,"key":"SMITH"},{"data":"Burning Pact","floor":15,"key":"SMITH"}],"circlet_count":0,"master_deck":["AscendersBane","Defend_R","Bash","ReplayTheSpireMod:Brewmster+1","Hemokinesis","Inflame","Armaments+1","Shrug It Off","Evolve","Neutralize","Sneak Up","Corpse Explosion","Burning Pact+1","Barricade","True Grit"],"relics":["Burning Blood","testmod-TestBox","REME_ComplimentaryCards","testmod-TurbochargingSystem","NeowsBlessing","Replay:Bottled Steam","aspiration:StickyExplosives","Omamori","MerchantsRug","Potion Belt"],"acts_visited":["Exordium","TheCity"],"potions_floor_usage":[10,11,11,13,13,14,14,14,16,16,16,16,16,16,16,16,18,18,18,19,19,19,19,19,19,20,20,20,20,23,23],"damage_taken":[{"damage":0,"enemies":"Cultist","floor":1,"turns":3},{"damage":0,"enemies":"Jaw Worm","floor":5,"turns":1},{"damage":0,"enemies":"3 Sentries","floor":7,"turns":2},{"damage":0,"enemies":"Small Slimes","floor":10,"turns":2},{"damage":22,"enemies":"Lagavulin","floor":11,"turns":5},{"damage":8,"enemies":"3 Sentries","floor":13,"turns":3},{"damage":4,"enemies":"Gremlin Gang","floor":14,"turns":5},{"damage":20,"enemies":"Hexaghost","floor":16,"turns":8},{"damage":44,"enemies":"Spheric Guardian","floor":18,"turns":7},{"damage":21,"enemies":"Shell Parasite","floor":19,"turns":7},{"damage":17,"enemies":"Shelled Parasite and Fungi","floor":20,"turns":5},{"damage":55,"enemies":"Slavers","floor":23,"turns":3}],"seed_played":"1303868003668424996","potions_obtained":[{"floor":16,"key":"Fruit Juice"},{"floor":18,"key":"Fruit Juice"}],"is_trial":false,"path_per_floor":["M","T","$","?","M","R","E","R","T","M","E","?","E","M","R","B",null,"M","M","M","?","$","E"],"character_chosen":"IRONCLAD","items_purchased":["MerchantsRug","Potion Belt","testmod-SpacePotion"],"campfire_rested":0,"item_purchase_floors":[22,22,22],"current_hp_per_floor":[74,74,74,74,75,75,75,75,75,75,59,59,57,59,59,50,73,35,25,31,31,31,0,0],"gold":20,"neow_bonus":"THREE_ENEMY_KILL","is_daily":false,"chose_seed":false,"campfire_upgraded":3,"win_rate":0.0,"timestamp":1611850095,"path_taken":["M","?","$","?","M","R","E","R","T","M","E","?","E","M","R","BOSS","M","M","?","?","$","E"],"items_purchased_type":["Relic","Relic","Potion"],"build_version":"2020-12-22","purchased_purges":1,"victory":false,"max_hp_per_floor":[75,75,75,75,75,75,75,75,75,75,75,75,75,75,75,80,80,80,85,85,85,85,85,85],"card_choices":[{"not_picked":["Perfected Strike","Havoc"],"picked":"Hemokinesis","floor":1},{"not_picked":["Replay:Undeath\u0027s Touch","Perfected Strike"],"picked":"Inflame","floor":5},{"not_picked":["Intimidate","Warcry"],"picked":"Armaments","floor":7},{"not_picked":["Thunderclap","Defy Death"],"picked":"Shrug It Off","floor":10},{"not_picked":["Clothesline","Abandon"],"picked":"Evolve","floor":11},{"not_picked":["Seeing Red","Havoc"],"picked":"Burning Pact","floor":13},{"not_picked":["Ghostly Armor","Evolve","ReplayTheSpireMod:Strike From Hell"],"picked":"SKIP","floor":14},{"not_picked":["Reaper","Replay:Many Hands"],"picked":"Barricade","floor":16},{"not_picked":["True Grit","Heavy Blade","Sword Boomerang"],"picked":"SKIP","floor":18},{"not_picked":["Dual Wield","Headbutt","Fire Breathing"],"picked":"SKIP","floor":19},{"not_picked":["Pommel Strike","Sentinel","Demonic Infusion"],"picked":"SKIP","floor":20}],"player_experience":763236,"relics_obtained":[{"floor":7,"key":"Replay:Bottled Steam"},{"floor":9,"key":"aspiration:StickyExplosives"},{"floor":11,"key":"StrikeDummy"},{"floor":13,"key":"Omamori"}],"event_choices":[{"damage_healed":0,"gold_gain":0,"cards_transformed":["Strike_R"],"player_choice":"Transformed","damage_taken":0,"max_hp_gain":0,"max_hp_loss":0,"event_name":"Transmorgrifier","floor":21,"gold_loss":0,"cards_obtained":["True Grit"]}],"is_beta":false,"boss_relics":[{"not_picked":["Coffee Dripper","testmod-Fanaticism"],"picked":"Empty Cage"}],"items_purged_floors":[3],"is_endless":false,"potions_floor_spawned":[5,10,16,18],"killed_by":"Slavers","ascension_level":20}}