{"host":"njcl8kinlkfw245p","time":1611798293,"event":{"mods":["BaseMod","Block Reminder","Colored Map","Googly Eyes","KinomotoSakuraMod(????)","Minty Spire (QoL Compilation)","StSLib","The Senshi","Unceasing Turn Reminder","everything is the same but u backflip on backflip"],"gold_per_floor":[99,31,31,31,31,31,31,31,31,31,31,31,31,31,31,31,31,31,31,31,31,31,31,31,31,31,31,31,31,31,31,31,31,31,31,31,31,31,31,31,31,31,31,31,31,31,31,31,31,31,31,31,31,31,31,31],"floor_reached":55,"language":"ENG","playtime":4442,"items_purged":[],"score":1368,"play_id":"d30a6188-0708-49a2-b4f8-cbda2bb0539d","local_time":"20210127174453","is_ascension_mode":true,"campfire_choices":[{"data":"theSenshi:MoonCrisisMakeUp","floor":10.0,"key":"SMITH"},{"data":"theSenshi:MoonPrismPowerMakeUp","floor":12.0,"key":"SMITH"},{"data":"theSenshi:MoonTiaraMagic","floor":15.0,"key":"SMITH"},{"data":"theSenshi:YouCanTalk","floor":23.0,"key":"SMITH"},{"floor":27.0,"key":"REST"},{"data":"theSenshi:SaturnsMystery","floor":29.0,"key":"SMITH"},{"data":"theSenshi:StarlightHoneymoonTherapyKiss","floor":32.0,"key":"SMITH"},{"data":"theSenshi:SailorJupiterAssists","floor":40.0,"key":"SMITH"},{"floor":42.0,"key":"RECALL"},{"data":"theSenshi:UranusStrength","floor":46.0,"key":"SMITH"},{"data":"theSenshi:UranusStrength","floor":49.0,"key":"SMITH"},{"data":"theSenshi:JupitersPower","floor":52,"key":"SMITH"}],"circlet_count":0,"master_deck":["AscendersBane","theSenshi:SailorKick","theSenshi:SailorKick","theSenshi:SailorKick","theSenshi:SailorKick+1","theSenshi:SailorBlock","theSenshi:SailorBlock","theSenshi:SailorBlock","theSenshi:SailorBlock","theSenshi:RoseThrow+1","theSenshi:MoonPrismPowerMakeUp+1","theSenshi:SailorMarsAssists","theSenshi:MoonCrisisMakeUp+1","theSenshi:SaturnsMystery+1","theSenshi:SailorChibiMoonAssists","theSenshi:MoonTiaraMagic+1","theSenshi:SilverMoonCrystalPowerKiss+1","theSenshi:MarsPride","theSenshi:SailorChibiMoonAssists","theSenshi:VenusGlamour","theSenshi:StarlightHoneymoonTherapyKiss+1","theSenshi:MoonPrincessHalation+1","theSenshi:YouCanTalk+1","theSenshi:MoonlightKnight","theSenshi:UranusStrength+1","theSenshi:SchoolBag","theSenshi:JupitersPower+1","theSenshi:IWillPunishYou","theSenshi:MoonHealingEscalation+1","theSenshi:SailorVenusAssists+1","theSenshi:UranusStrength+1","theSenshi:SailorJupiterAssists+1","theSenshi:YouCanTalk+1","theSenshi:KlutzyLuck+1"],"relics":["Ectoplasm","Meat on the Bone","Pear","Bird Faced Urn","Letter Opener","Philosopher\u0027s Stone","theSenshi:EternalTiareRelic","Centennial Puzzle","Tiny House","Mummified Hand","HornCleat","Blood Vial","Du-Vu Doll","Akabeko","Ice Cream"],"acts_visited":["Exordium","TheCity","TheBeyond","TheEnding"],"potions_floor_usage":[55,55],"damage_taken":[{"damage":0.0,"enemies":"Cultist","floor":1.0,"turns":3.0},{"damage":1.0,"enemies":"Small Slimes","floor":3.0,"turns":3.0},{"damage":6.0,"enemies":"Jaw Worm","floor":4.0,"turns":3.0},{"damage":18.0,"enemies":"Lots of Slimes","floor":5.0,"turns":4.0},{"damage":28.0,"enemies":"3 Sentries","floor":6.0,"turns":7.0},{"damage":7.0,"enemies":"3 Louse","floor":8.0,"turns":3.0},{"damage":19.0,"enemies":"Gremlin Nob","floor":11.0,"turns":4.0},{"damage":8.0,"enemies":"3 Sentries","floor":13.0,"turns":8.0},{"damage":12.0,"enemies":"Large Slime","floor":14.0,"turns":2.0},{"damage":31.0,"enemies":"Slime Boss","floor":16.0,"turns":8.0},{"damage":20.0,"enemies":"Spheric Guardian","floor":18.0,"turns":4.0},{"damage":25.0,"enemies":"Shell Parasite","floor":20.0,"turns":3.0},{"damage":14.0,"enemies":"Chosen and Byrds","floor":21.0,"turns":4.0},{"damage":52.0,"enemies":"Book of Stabbing","floor":24.0,"turns":5.0},{"damage":13.0,"enemies":"3 Cultists","floor":28.0,"turns":4.0},{"damage":51.0,"enemies":"Slavers","floor":30.0,"turns":5.0},{"damage":65.0,"enemies":"Champ","floor":33.0,"turns":7.0},{"damage":32.0,"enemies":"3 Shapes","floor":35.0,"turns":4.0},{"damage":11.0,"enemies":"Orb Walker","floor":36.0,"turns":3.0},{"damage":12.0,"enemies":"Sphere and 2 Shapes","floor":38.0,"turns":3.0},{"damage":15.0,"enemies":"Maw","floor":39.0,"turns":5.0},{"damage":52.0,"enemies":"Reptomancer","floor":41.0,"turns":5.0},{"damage":11.0,"enemies":"Nemesis","floor":44.0,"turns":5.0},{"damage":0.0,"enemies":"Jaw Worm Horde","floor":45.0,"turns":3.0},{"damage":20.0,"enemies":"2 Orb Walkers","floor":47.0,"turns":3.0},{"damage":15.0,"enemies":"Giant Head","floor":48.0,"turns":6.0},{"damage":67,"enemies":"Awakened One","floor":50,"turns":8},{"damage":111,"enemies":"Shield and Spear","floor":54,"turns":8},{"damage":81,"enemies":"The Heart","floor":55,"turns":3}],"seed_played":"-3929602056528746412","potions_obtained":[{"floor":5.0,"key":"PowerPotion"},{"floor":8.0,"key":"Swift Potion"},{"floor":11.0,"key":"PowerPotion"},{"floor":14.0,"key":"ColorlessPotion"},{"floor":28.0,"key":"LiquidBronze"},{"floor":34.0,"key":"AttackPotion"},{"floor":35.0,"key":"Energy Potion"},{"floor":41.0,"key":"FairyPotion"},{"floor":47.0,"key":"EssenceOfSteel"},{"floor":54,"key":"SpeedPotion"}],"is_trial":false,"path_per_floor":["M","$","M","M","M","E","?","M","T","R","E","R","E","M","R","B",null,"M","?","M","M","?","R","E","?","T","R","M","R","E","$","R","B",null,"M","M","?","M","M","R","E","R","T","E","M","R","?","E","R","B",null,"R","$","E","B"],"character_chosen":"THE_SENSHI","items_purchased":["theSenshi:MoonCrisisMakeUp"],"campfire_rested":1,"item_purchase_floors":[2],"current_hp_per_floor":[68,68,67,75,67,47,32,46,56,56,52,52,63,68,68,54,77,65,59,50,45,45,45,26,26,26,51,52,52,45,45,45,20,74,73,68,68,84,85,85,50,50,50,55,61,61,59,78,78,41,78,78,78,48,0,0],"gold":31,"neow_bonus":"BOSS_RELIC","is_daily":false,"chose_seed":false,"campfire_upgraded":10,"win_rate":0.0,"timestamp":1611798293,"path_taken":["M","?","M","M","M","E","?","M","T","R","E","R","E","M","R","BOSS","M","?","?","?","?","R","E","?","T","R","?","R","E","?","R","BOSS","M","M","?","?","M","R","E","R","T","E","?","R","?","E","R","BOSS","R","$","E","BOSS"],"items_purchased_type":["Card"],"build_version":"2020-12-22","purchased_purges":0,"victory":false,"max_hp_per_floor":[75,75,75,75,75,75,75,75,85,85,85,85,85,85,85,85,85,85,85,85,85,85,85,85,85,85,85,85,85,85,85,85,85,90,90,90,90,90,90,90,90,90,90,90,90,90,90,90,90,90,90,90,90,90,90,90],"card_choices":[{"not_picked":["theSenshi:SailorV","theSenshi:MoonsReflection"],"picked":"theSenshi:SailorMarsAssists","floor":1.0},{"not_picked":["theSenshi:SupersonicWaves","theSenshi:MoonPower"],"picked":"theSenshi:SaturnsMystery","floor":3.0},{"not_picked":["theSenshi:SupersonicWaves","theSenshi:MoonSpiralHeartAttack"],"picked":"theSenshi:SailorChibiMoonAssists","floor":4.0},{"not_picked":["theSenshi:SailorPlanetPower","theSenshi:LateForSchool"],"picked":"theSenshi:MoonTiaraMagic","floor":5.0},{"not_picked":["theSenshi:MarsPride","theSenshi:MoonKick"],"picked":"theSenshi:SilverMoonCrystalPowerKiss","floor":6.0},{"not_picked":["theSenshi:MoonPunch","theSenshi:SailorNeptuneAssists"],"picked":"theSenshi:MarsPride","floor":8.0},{"not_picked":["theSenshi:LunasBite","theSenshi:MoonSpiralHeartAttack"],"picked":"theSenshi:SailorChibiMoonAssists","floor":11.0},{"not_picked":["theSenshi:MoonsReflection","theSenshi:MarsPride","theSenshi:LunasBite"],"picked":"SKIP","floor":13.0},{"not_picked":["theSenshi:SupersonicWaves","theSenshi:SailorChibiMoonAssists"],"picked":"theSenshi:VenusGlamour","floor":14.0},{"not_picked":["theSenshi:InTheNameOfTheMoon","theSenshi:SailorCosmosAssists"],"picked":"theSenshi:StarlightHoneymoonTherapyKiss","floor":16.0},{"not_picked":["theSenshi:Sidestep","theSenshi:SchoolBag"],"picked":"theSenshi:MoonPrincessHalation+1","floor":18.0},{"not_picked":["theSenshi:SteeledNerves","theSenshi:RainbowMoonHeartAche"],"picked":"theSenshi:YouCanTalk","floor":20.0},{"not_picked":["theSenshi:TuxedoSmokingBomber","theSenshi:TallSilhouette"],"picked":"theSenshi:MoonlightKnight","floor":21.0},{"not_picked":["theSenshi:InTheNickOfTime","theSenshi:MoonPower"],"picked":"theSenshi:UranusStrength","floor":24.0},{"not_picked":["theSenshi:TuxedoSmokingBomber","theSenshi:Sidestep"],"picked":"theSenshi:SchoolBag","floor":28.0},{"not_picked":["theSenshi:TuxedoSmokingBomber","theSenshi:Overload+1"],"picked":"theSenshi:JupitersPower","floor":30.0},{"not_picked":["theSenshi:LunaSensingAllies","theSenshi:ChibiMoonsLove"],"picked":"theSenshi:IWillPunishYou","floor":33.0},{"not_picked":["theSenshi:MoonPrincessHalation","theSenshi:EncouragingSpeech"],"picked":"theSenshi:MoonHealingEscalation","floor":34.0},{"not_picked":["theSenshi:SupersonicWaves","theSenshi:SailorMarsAssists"],"picked":"theSenshi:SailorVenusAssists+1","floor":35.0},{"not_picked":["theSenshi:EncouragingSpeech","theSenshi:SteeledNerves"],"picked":"theSenshi:UranusStrength","floor":36.0},{"not_picked":["theSenshi:MoonEternalMakeUp","theSenshi:SailorStarFighterAssists"],"picked":"theSenshi:SailorJupiterAssists","floor":38.0},{"not_picked":["theSenshi:LateForSchool","theSenshi:LunasBite+1","theSenshi:MarsPride"],"picked":"SKIP","floor":39.0},{"not_picked":["theSenshi:SailorChibiMoonAssists+1","theSenshi:SupersonicWaves+1"],"picked":"theSenshi:YouCanTalk+1","floor":41.0},{"not_picked":["theSenshi:SupersonicWaves","theSenshi:MoonsReflection","theSenshi:TuxedoSmokingBomber"],"picked":"SKIP","floor":44.0},{"not_picked":["theSenshi:LateForSchool","theSenshi:SailorMarsAssists","theSenshi:SailorCosmosAssists"],"picked":"SKIP","floor":45.0},{"not_picked":["theSenshi:MoonTiaraMagic","theSenshi:EncouragingSpeech","theSenshi:Sidestep"],"picked":"SKIP","floor":48.0},{"not_picked":["theSenshi:MoonSpiralHeartAttack","theSenshi:GatheringStrength"],"picked":"theSenshi:KlutzyLuck+1","floor":54}],"player_experience":926637,"relics_obtained":[{"floor":6.0,"key":"Meat on the Bone"},{"floor":9.0,"key":"Pear"},{"floor":11.0,"key":"Bird Faced Urn"},{"floor":13.0,"key":"Letter Opener"},{"floor":24.0,"key":"theSenshi:EternalTiareRelic"},{"floor":30.0,"key":"Centennial Puzzle"},{"floor":41.0,"key":"Mummified Hand"},{"floor":43.0,"key":"HornCleat"},{"floor":44.0,"key":"Blood Vial"},{"floor":47.0,"key":"Du-Vu Doll"},{"floor":48.0,"key":"Akabeko"},{"floor":54,"key":"Ice Cream"}],"event_choices":[{"damage_healed":0.0,"max_hp_gain":0.0,"max_hp_loss":0.0,"gold_gain":0.0,"event_name":"Shining Light","player_choice":"Entered Light","floor":7.0,"gold_loss":0.0,"damage_taken":15.0,"cards_upgraded":["theSenshi:SilverMoonCrystalPowerKiss","theSenshi:RoseThrow"]},{"damage_healed":0.0,"max_hp_gain":0.0,"max_hp_loss":0.0,"gold_gain":0.0,"event_name":"Knowing Skull","player_choice":"","floor":19.0,"potions_obtained":[],"gold_loss":0.0,"damage_taken":6.0,"cards_obtained":[]},{"damage_healed":0.0,"max_hp_gain":0.0,"max_hp_loss":0.0,"gold_gain":0.0,"event_name":"Ghosts","player_choice":"Ignored","floor":25.0,"gold_loss":0.0,"damage_taken":0.0},{"damage_healed":0.0,"max_hp_gain":0.0,"max_hp_loss":0.0,"gold_gain":0.0,"event_name":"Upgrade Shrine","player_choice":"Upgraded","floor":37.0,"gold_loss":0.0,"damage_taken":0.0,"cards_upgraded":["theSenshi:MoonHealingEscalation"]},{"damage_healed":0.0,"max_hp_gain":0.0,"max_hp_loss":0.0,"gold_gain":0.0,"event_name":"Mysterious Sphere","player_choice":"Fight","floor":47.0,"gold_loss":0.0,"damage_taken":0.0}],"is_beta":false,"boss_relics":[{"not_picked":["Sozu","Calling Bell"],"picked":"Philosopher\u0027s Stone"},{"not_picked":["Snecko Eye","Fusion Hammer"],"picked":"Tiny House"}],"items_purged_floors":[],"is_endless":false,"potions_floor_spawned":[5,8,11,14,16,21,28,35,41,45,47,48,54],"killed_by":"The Heart","ascension_level":14}}