{"host":"mai03x2ekbjy4059","time":1611804647,"event":{"mods":["2.2 Compatiblity","BaseMod","Colored Map","DeckTracker","Keyboard Shortcuts","Minty Spire (QoL Compilation)","Permanent Neow","Quick Restart","SuperFastMode","everything is the same but u backflip on backflip"],"gold_per_floor":[12,12,27,27,43,78,78,111,111,121,148,168,168,168,168,273,273,289,388,376,376,392,426,426,451,477,477,477,495,509,534,534,636,636,651,651,669,769,788,822,838,867,867,867,187,212,226,254,254,254,254,254,6,40,40,40],"floor_reached":55,"language":"KOR","playtime":1564,"items_purged":["Strike_G"],"score":985,"play_id":"54cbea49-0a59-4da7-abbd-e7e5c1b56c09","local_time":"20210128123047","is_ascension_mode":true,"campfire_choices":[{"data":"Accuracy","floor":7.0,"key":"SMITH"},{"data":"Cloak And Dagger","floor":15.0,"key":"SMITH"},{"floor":24.0,"key":"REST"},{"data":"Terror","floor":28.0,"key":"SMITH"},{"data":"Burst","floor":32.0,"key":"SMITH"},{"floor":49.0,"key":"RECALL"},{"data":"Accuracy","floor":52,"key":"SMITH"}],"circlet_count":0,"master_deck":["Strike_G","Strike_G","Strike_G","Defend_G","Defend_G","Defend_G","Defend_G","Defend_G","Survivor","Neutralize","A Thousand Cuts+1","Terror+1","Accuracy+1","Blade Dance","Cloak And Dagger+1","Burst+1","Deflect+1","Cloak And Dagger","Blade Dance","Finisher","Deflect+1","Finesse","Bandage Up","Swift Strike","Cloak And Dagger+1","Escape Plan","Accuracy+1","Cloak And Dagger+1","Escape Plan","Flash of Steel"],"relics":["Ring of the Serpent","White Beast Statue","Paper Crane","Ornamental Fan","Smiling Mask","Bag of Preparation","Pen Nib","StrikeDummy","Vajra","Ninja Scroll","WristBlade","Omamori","Art of War","Medical Kit","HornCleat","Juzu Bracelet","Orichalcum","Bronze Scales","Bag of Marbles","Oddly Smooth Stone"],"acts_visited":["Exordium","TheCity","TheBeyond","TheEnding"],"potions_floor_usage":[55,55,55],"damage_taken":[{"damage":1.0,"enemies":"2 Louse","floor":1.0,"turns":3.0},{"damage":7.0,"enemies":"Small Slimes","floor":3.0,"turns":4.0},{"damage":1.0,"enemies":"Cultist","floor":5.0,"turns":3.0},{"damage":19.0,"enemies":"Lagavulin","floor":6.0,"turns":8.0},{"damage":26.0,"enemies":"3 Sentries","floor":8.0,"turns":8.0},{"damage":0.0,"enemies":"Looter","floor":10.0,"turns":2.0},{"damage":5.0,"enemies":"Lagavulin","floor":11.0,"turns":5.0},{"damage":0.0,"enemies":"2 Fungi Beasts","floor":12.0,"turns":3.0},{"damage":3.0,"enemies":"The Guardian","floor":16.0,"turns":7.0},{"damage":6.0,"enemies":"Shell Parasite","floor":18.0,"turns":5.0},{"damage":16.0,"enemies":"2 Thieves","floor":20.0,"turns":4.0},{"damage":0.0,"enemies":"Chosen and Byrds","floor":22.0,"turns":5.0},{"damage":18.0,"enemies":"Book of Stabbing","floor":23.0,"turns":4.0},{"damage":18.0,"enemies":"Gremlin Leader","floor":25.0,"turns":5.0},{"damage":0.0,"enemies":"3 Cultists","floor":29.0,"turns":3.0},{"damage":5.0,"enemies":"Snake Plant","floor":30.0,"turns":3.0},{"damage":17.0,"enemies":"Book of Stabbing","floor":31.0,"turns":5.0},{"damage":1.0,"enemies":"Collector","floor":33.0,"turns":6.0},{"damage":0.0,"enemies":"3 Darklings","floor":35.0,"turns":5.0},{"damage":0.0,"enemies":"Orb Walker","floor":37.0,"turns":1.0},{"damage":18.0,"enemies":"Maw","floor":39.0,"turns":4.0},{"damage":0.0,"enemies":"Nemesis","floor":40.0,"turns":3.0},{"damage":0.0,"enemies":"Writhing Mass","floor":41.0,"turns":3.0},{"damage":0.0,"enemies":"Giant Head","floor":42.0,"turns":3.0},{"damage":3.0,"enemies":"Nemesis","floor":46.0,"turns":3.0},{"damage":0.0,"enemies":"Spire Growth","floor":47.0,"turns":2.0},{"damage":0.0,"enemies":"Giant Head","floor":48.0,"turns":3.0},{"damage":54,"enemies":"Time Eater","floor":50,"turns":8},{"damage":14,"enemies":"Shield and Spear","floor":54,"turns":4},{"damage":94,"enemies":"The Heart","floor":55,"turns":5}],"seed_played":"1054347976588592159","potions_obtained":[{"floor":1.0,"key":"SpeedPotion"},{"floor":8.0,"key":"SkillPotion"},{"floor":10.0,"key":"Ancient Potion"},{"floor":11.0,"key":"Energy Potion"},{"floor":12.0,"key":"Swift Potion"},{"floor":16.0,"key":"Dexterity Potion"},{"floor":18.0,"key":"Poison Potion"},{"floor":20.0,"key":"Fire Potion"},{"floor":22.0,"key":"SpeedPotion"},{"floor":23.0,"key":"Block Potion"},{"floor":25.0,"key":"SteroidPotion"},{"floor":29.0,"key":"Fruit Juice"},{"floor":30.0,"key":"BlessingOfTheForge"},{"floor":31.0,"key":"SteroidPotion"},{"floor":33.0,"key":"Poison Potion"},{"floor":35.0,"key":"Explosive Potion"},{"floor":37.0,"key":"Dexterity Potion"},{"floor":39.0,"key":"AttackPotion"},{"floor":40.0,"key":"FearPotion"},{"floor":41.0,"key":"CunningPotion"},{"floor":42.0,"key":"Swift Potion"},{"floor":47.0,"key":"Dexterity Potion"},{"floor":48.0,"key":"Strength Potion"}],"is_trial":false,"path_per_floor":["M","?","M","?","M","E","R","E","T","M","E","M","?","?","R","B",null,"M","?","M","?","M","E","R","E","T","?","R","M","M","E","R","B",null,"M","?","M","?","M","E","M","E","T","?","$","E","M","E","R","B",null,"R","$","E","B"],"character_chosen":"THE_SILENT","items_purchased":["Medical Kit","HornCleat","Juzu Bracelet","Accuracy","Bag of Marbles","Flash of Steel"],"campfire_rested":1,"item_purchase_floors":[45,45,45,45,53,53],"current_hp_per_floor":[69,69,62,62,61,42,42,16,16,16,11,11,11,11,11,8,70,64,64,48,48,48,30,51,33,33,33,33,33,33,16,16,15,75,75,65,65,65,51,55,59,59,59,59,59,60,64,68,68,14,71,71,71,57,0,0],"gold":40,"neow_bonus":"THREE_RARE_CARDS","is_daily":false,"chose_seed":false,"campfire_upgraded":5,"win_rate":0.0,"timestamp":1611804647,"path_taken":["M","?","M","?","?","E","R","E","T","M","E","M","?","?","R","BOSS","M","?","M","?","?","E","R","E","T","?","R","M","M","E","R","BOSS","M","?","M","?","M","E","?","E","T","?","$","E","M","E","R","BOSS","R","$","E","BOSS"],"items_purchased_type":["Relic","Relic","Relic","Card","Relic","Card"],"build_version":"2020-12-22","purchased_purges":1,"victory":false,"max_hp_per_floor":[70,70,70,70,70,70,70,70,70,70,70,70,70,70,70,70,70,70,70,70,70,70,70,70,70,70,70,70,70,75,75,75,75,75,75,75,75,75,75,75,75,75,75,71,71,71,71,71,71,71,71,71,71,71,71,71],"card_choices":[{"not_picked":["Burst","Unload"],"picked":"A Thousand Cuts","floor":0.0},{"not_picked":["Dodge and Roll","Acrobatics"],"picked":"Terror","floor":1.0},{"not_picked":["Deflect","Dagger Spray"],"picked":"Accuracy","floor":3.0},{"not_picked":["Flechettes","Backflip"],"picked":"Blade Dance","floor":5.0},{"not_picked":["PiercingWail","Backflip","Quick Slash"],"picked":"SKIP","floor":6.0},{"not_picked":["Calculated Gamble","Dagger Spray","Sucker Punch"],"picked":"SKIP","floor":8.0},{"not_picked":["Prepared","Distraction","Quick Slash"],"picked":"SKIP","floor":10.0},{"not_picked":["Noxious Fumes","Skewer"],"picked":"Cloak And Dagger","floor":11.0},{"not_picked":["Backflip","Tools of the Trade","Dagger Spray"],"picked":"SKIP","floor":12.0},{"not_picked":["Wraith Form v2","Die Die Die"],"picked":"Burst","floor":16.0},{"not_picked":["Sucker Punch","Calculated Gamble"],"picked":"Deflect+1","floor":18.0},{"not_picked":["Concentrate","Deadly Poison","Underhanded Strike"],"picked":"SKIP","floor":20.0},{"not_picked":["Night Terror","Dagger Spray","Deadly Poison+1"],"picked":"SKIP","floor":22.0},{"not_picked":["Outmaneuver","Flying Knee","Concentrate"],"picked":"SKIP","floor":23.0},{"not_picked":["Tools of the Trade","Noxious Fumes"],"picked":"Cloak And Dagger","floor":25.0},{"not_picked":["PiercingWail","Sucker Punch+1"],"picked":"Blade Dance","floor":29.0},{"not_picked":["PiercingWail+1","Deadly Poison"],"picked":"Finisher","floor":30.0},{"not_picked":["Prepared","Quick Slash","Glass Knife"],"picked":"SKIP","floor":31.0},{"not_picked":["Eviscerate","Dodge and Roll+1"],"picked":"Deflect+1","floor":35.0},{"not_picked":["Good Instincts","Purity"],"picked":"Finesse","floor":36.0},{"not_picked":["Blind","Enlightenment"],"picked":"Bandage Up","floor":36.0},{"not_picked":["HandOfGreed","Violence"],"picked":"Swift Strike","floor":36.0},{"not_picked":["Underhanded Strike+1","Backflip+1"],"picked":"Cloak And Dagger+1","floor":37.0},{"not_picked":["Leg Sweep+1","Distraction","Bane+1"],"picked":"SKIP","floor":39.0},{"not_picked":["Glass Knife","Catalyst+1","Setup+1"],"picked":"SKIP","floor":40.0},{"not_picked":["Prepared+1","Cloak And Dagger"],"picked":"Escape Plan","floor":41.0},{"not_picked":["Phantasmal Killer","Crippling Poison+1","Deflect"],"picked":"SKIP","floor":42.0},{"not_picked":["Backstab","Leg Sweep"],"picked":"Cloak And Dagger+1","floor":46.0},{"not_picked":["Setup+1","Underhanded Strike+1","Bane+1"],"picked":"SKIP","floor":47.0},{"not_picked":["Outmaneuver","Noxious Fumes+1"],"picked":"Escape Plan","floor":48.0},{"not_picked":["Skewer","Bullet Time","Sucker Punch+1"],"picked":"SKIP","floor":54}],"player_experience":1153378,"relics_obtained":[{"floor":6.0,"key":"White Beast Statue"},{"floor":8.0,"key":"Paper Crane"},{"floor":9.0,"key":"Ornamental Fan"},{"floor":11.0,"key":"Smiling Mask"},{"floor":23.0,"key":"Pen Nib"},{"floor":25.0,"key":"StrikeDummy"},{"floor":26.0,"key":"Vajra"},{"floor":31.0,"key":"Ninja Scroll"},{"floor":40.0,"key":"Omamori"},{"floor":42.0,"key":"Art of War"},{"floor":46.0,"key":"Orichalcum"},{"floor":48.0,"key":"Bronze Scales"},{"floor":54,"key":"Oddly Smooth Stone"}],"event_choices":[{"damage_healed":0.0,"max_hp_gain":0.0,"max_hp_loss":0.0,"gold_gain":0.0,"event_name":"Living Wall","player_choice":"Grow","floor":2.0,"gold_loss":0.0,"damage_taken":0.0,"cards_upgraded":["A Thousand Cuts"]},{"cards_removed":["Strike_G"],"damage_healed":0.0,"max_hp_gain":0.0,"max_hp_loss":0.0,"gold_gain":0.0,"event_name":"Purifier","player_choice":"Purged","floor":4.0,"gold_loss":0.0,"damage_taken":0.0},{"damage_healed":0.0,"max_hp_gain":0.0,"max_hp_loss":0.0,"gold_gain":0.0,"event_name":"Shining Light","player_choice":"Ignored","floor":13.0,"gold_loss":0.0,"damage_taken":0.0},{"damage_healed":0.0,"max_hp_gain":0.0,"max_hp_loss":0.0,"gold_gain":0.0,"event_name":"Scrap Ooze","player_choice":"Fled","floor":14.0,"gold_loss":0.0,"damage_taken":0.0},{"damage_healed":0.0,"max_hp_gain":0.0,"max_hp_loss":0.0,"gold_gain":99.0,"event_name":"Nest","player_choice":"Stole From Cult","floor":19.0,"gold_loss":0.0,"damage_taken":0.0},{"damage_healed":0.0,"max_hp_gain":0.0,"max_hp_loss":0.0,"gold_gain":0.0,"event_name":"WeMeetAgain","player_choice":"Gave Potion","floor":21.0,"gold_loss":0.0,"damage_taken":0.0,"relics_obtained":["Bag of Preparation"]},{"damage_healed":0.0,"max_hp_gain":0.0,"max_hp_loss":0.0,"gold_gain":0.0,"event_name":"Cursed Tome","player_choice":"Ignored","floor":27.0,"gold_loss":0.0,"damage_taken":0.0},{"damage_healed":0.0,"max_hp_gain":0.0,"max_hp_loss":0.0,"gold_gain":0.0,"event_name":"SensoryStone","player_choice":"Memory 3","floor":36.0,"gold_loss":0.0,"damage_taken":10.0},{"damage_healed":0.0,"max_hp_gain":0.0,"max_hp_loss":0.0,"gold_gain":100.0,"event_name":"Golden Shrine","player_choice":"Pray","floor":38.0,"gold_loss":0.0,"damage_taken":0.0},{"damage_healed":0.0,"max_hp_gain":0.0,"max_hp_loss":4.0,"gold_gain":0.0,"event_name":"Winding Halls","player_choice":"Max HP","floor":44.0,"gold_loss":0.0,"damage_taken":0.0}],"is_beta":false,"boss_relics":[{"not_picked":["Snecko Eye","Ectoplasm"],"picked":"Ring of the Serpent"},{"not_picked":["Sozu","SacredBark"],"picked":"WristBlade"}],"items_purged_floors":[45],"is_endless":false,"potions_floor_spawned":[1,8,10,11,12,16,18,20,22,23,25,29,30,31,33,35,37,39,40,41,42,46,47,48,54],"killed_by":"The Heart","ascension_level":1}}