{"host":"y76clbnovzmw9ubx","time":1611844015,"event":{"mods":["AchievementEnabler","BaseMod","Minty Spire (QoL Compilation)","Permanent Neow","Relic Stats"],"gold_per_floor":[14,28,48,67,20,20,53,53,53,81,81,136,136,40,40,115,115,127,127,137,152,152,152,178,178,204,231,35,35,35,35,35],"floor_reached":31,"language":"ENG","playtime":1056,"items_purged":["Strike_G"],"score":583,"play_id":"341f6c15-f118-42a9-841e-145036fcdd72","local_time":"20210128092655","is_ascension_mode":true,"campfire_choices":[{"data":"Deadly Poison","floor":6,"key":"SMITH"},{"floor":8,"key":"REST"},{"data":"Poisoned Stab","floor":11,"key":"SMITH"},{"floor":13,"key":"REST"},{"floor":15,"key":"REST"},{"floor":23,"key":"REST"},{"floor":25,"key":"REST"}],"circlet_count":0,"master_deck":["AscendersBane","Defend_G","Defend_G","Defend_G","Defend_G","Defend_G","Survivor","Neutralize","Deadly Poison+1","Poisoned Stab+1","Skewer","Bane+1","Backflip","Crippling Poison","Venomology","Outmaneuver","Dagger Throw+1","Poisoned Stab+1","Deflect","Bouncing Flask","Noxious Fumes","Concentrate","Bite+1","Bite+1","Bite+1","Bite+1","Bite+1"],"relics":["Ring of the Snake","The Specimen","Snake Skull","Molten Egg 2","Thread and Needle","StoneCalendar","Runic Pyramid","Dream Catcher","Art of War","Meat on the Bone"],"acts_visited":["Exordium","TheCity"],"potions_floor_usage":[4,7,10,18,24,24,27,27,29],"damage_taken":[{"damage":7,"enemies":"Jaw Worm","floor":1,"turns":6},{"damage":0,"enemies":"2 Louse","floor":2,"turns":3},{"damage":1,"enemies":"Small Slimes","floor":3,"turns":3},{"damage":12,"enemies":"Gremlin Gang","floor":4,"turns":5},{"damage":11,"enemies":"Gremlin Nob","floor":7,"turns":3},{"damage":17,"enemies":"Lagavulin","floor":10,"turns":7},{"damage":24,"enemies":"Lagavulin Event","floor":12,"turns":5},{"damage":16,"enemies":"Hexaghost","floor":16,"turns":8},{"damage":17,"enemies":"Chosen","floor":18,"turns":6},{"damage":18,"enemies":"2 Thieves","floor":20,"turns":4},{"damage":0,"enemies":"Centurion and Healer","floor":21,"turns":7},{"damage":33,"enemies":"Slavers","floor":24,"turns":5},{"damage":17,"enemies":"Book of Stabbing","floor":27,"turns":6},{"damage":0,"enemies":"Colosseum Slavers","floor":29,"turns":2},{"damage":19,"enemies":"Gremlin Leader","floor":31,"turns":2}],"seed_played":"3744968159101441633","potions_obtained":[{"floor":2,"key":"Poison Potion"},{"floor":4,"key":"CunningPotion"},{"floor":7,"key":"SpeedPotion"},{"floor":16,"key":"Block Potion"},{"floor":27,"key":"SmokeBomb"}],"is_trial":false,"path_per_floor":["M","M","M","M","?","R","E","R","T","E","R","?","R","$","R","B",null,"M","?","M","M","?","R","E","R","T","E","$","?","?","E"],"character_chosen":"THE_SILENT","items_purchased":["Crippling Poison","Weak Potion","Noxious Fumes","Concentrate"],"campfire_rested":5,"item_purchase_floors":[14,14,28,28],"current_hp_per_floor":[52,52,51,39,39,39,28,47,47,30,30,6,25,25,44,28,57,40,34,16,16,16,35,2,21,21,4,4,16,16,0,0],"gold":35,"neow_bonus":"ONE_RARE_RELIC","is_daily":false,"chose_seed":false,"campfire_upgraded":2,"win_rate":0.0,"timestamp":1611844015,"path_taken":["M","M","M","M","?","R","E","R","T","E","R","?","R","?","R","BOSS","M","?","M","?","?","R","E","R","T","E","$","?","?","E"],"items_purchased_type":["Card","Potion","Card","Card"],"build_version":"2020-12-22","purchased_purges":1,"victory":false,"max_hp_per_floor":[66,66,66,66,66,66,66,66,66,66,66,66,66,66,66,66,66,66,66,66,66,66,66,66,66,66,66,66,66,46,46,46],"relic_stats":{"Dream Catcher":1,"counters":[15,72],"StoneCalendar":[40],"Snake Skull":[54],"Art of War":[2],"obtain_stats":[{"Dream Catcher":24,"The Specimen":0,"Molten Egg 2":9,"Thread and Needle":10,"StoneCalendar":12,"Snake Skull":7,"Art of War":26,"Ring of the Snake":0,"Runic Pyramid":17,"Meat on the Bone":27},{"Dream Catcher":12,"The Specimen":0,"Molten Egg 2":5,"Thread and Needle":6,"StoneCalendar":7,"Snake Skull":5,"Art of War":12,"Ring of the Snake":0,"Runic Pyramid":8,"Meat on the Bone":13},{"Dream Catcher":62,"The Specimen":0,"Molten Egg 2":20,"Thread and Needle":27,"StoneCalendar":32,"Snake Skull":20,"Art of War":62,"Ring of the Snake":0,"Runic Pyramid":40,"Meat on the Bone":68}],"Ring of the Snake":[30],"Meat on the Bone":12},"card_choices":[{"not_picked":["Quick Slash","Dagger Throw"],"picked":"Deadly Poison","floor":1},{"not_picked":["Dagger Throw","Heel Hook"],"picked":"Poisoned Stab","floor":2},{"not_picked":["Underhanded Strike","Outmaneuver","Sucker Punch"],"picked":"SKIP","floor":3},{"not_picked":["Distraction","Heel Hook"],"picked":"Skewer","floor":4},{"not_picked":["Terror","Blade Dance","Expertise"],"picked":"SKIP","floor":7},{"not_picked":["PiercingWail","Blade Dance"],"picked":"Bane+1","floor":10},{"not_picked":["Bane+1","Quick Slash+1"],"picked":"Backflip","floor":12},{"not_picked":["A Thousand Cuts","Grand Finale+1"],"picked":"Venomology","floor":16},{"not_picked":["Dagger Throw+1","Endless Agony+1"],"picked":"Outmaneuver","floor":18},{"not_picked":["Well Laid Plans","Choke+1","Endless Agony+1"],"picked":"SKIP","floor":20},{"not_picked":["Well Laid Plans","Masterful Stab+1","Cloak And Dagger"],"picked":"SKIP","floor":21},{"not_picked":["Underhanded Strike+1","Quick Slash+1"],"picked":"Deflect","floor":24},{"not_picked":["Dagger Throw+1","Blade Dance"],"picked":"Bouncing Flask","floor":25},{"not_picked":["Dash+1","Blade Dance+1","Quick Slash+1"],"picked":"SKIP","floor":27}],"player_experience":3137365,"relics_obtained":[{"floor":7,"key":"Snake Skull"},{"floor":9,"key":"Molten Egg 2"},{"floor":10,"key":"Thread and Needle"},{"floor":12,"key":"StoneCalendar"},{"floor":24,"key":"Dream Catcher"},{"floor":26,"key":"Art of War"},{"floor":27,"key":"Meat on the Bone"}],"event_choices":[{"damage_healed":0,"gold_gain":0,"player_choice":"Left Gold","damage_taken":0,"max_hp_gain":0,"max_hp_loss":0,"event_name":"World of Goop","floor":5,"gold_loss":47},{"damage_healed":0,"gold_gain":0,"player_choice":"Searched \u00271\u0027 times","damage_taken":0,"max_hp_gain":0,"max_hp_loss":0,"event_name":"Dead Adventurer","floor":12,"gold_loss":0},{"damage_healed":0,"gold_gain":0,"player_choice":"","damage_taken":6,"max_hp_gain":0,"max_hp_loss":0,"event_name":"Knowing Skull","floor":19,"potions_obtained":[],"gold_loss":0,"cards_obtained":[]},{"damage_healed":0,"gold_gain":0,"cards_transformed":["Strike_G","Strike_G"],"player_choice":"Became Test Subject","damage_taken":0,"max_hp_gain":0,"max_hp_loss":0,"event_name":"Drug Dealer","floor":22,"gold_loss":0,"cards_obtained":["Dagger Throw","Poisoned Stab"]},{"damage_healed":0,"gold_gain":0,"player_choice":"Fight","damage_taken":0,"max_hp_gain":0,"max_hp_loss":0,"event_name":"Colosseum","floor":29,"gold_loss":0},{"damage_healed":0,"gold_gain":0,"player_choice":"Fled From Nobs","damage_taken":0,"max_hp_gain":0,"max_hp_loss":0,"event_name":"Colosseum","floor":29,"gold_loss":0},{"damage_healed":0,"gold_gain":0,"player_choice":"Became a vampire","damage_taken":0,"max_hp_gain":0,"max_hp_loss":20,"event_name":"Vampires","floor":30,"gold_loss":0,"cards_obtained":["Bite","Bite","Bite","Bite","Bite"]}],"is_beta":false,"boss_relics":[{"not_picked":["Coffee Dripper","Runic Dome"],"picked":"Runic Pyramid"}],"items_purged_floors":[28],"is_endless":false,"potions_floor_spawned":[2,4,7,16,20,27],"killed_by":"Gremlin Leader","ascension_level":20}}