{"host":"vhvubw4jk4f204qs","time":1611877752,"event":{"mods":["AchievementEnabler","BaseMod","DeckTracker","GifTheSpireLib","Minty Spire (QoL Compilation)","Permanent Neow","Quick Restart","StSLib","SuperFastMode","The IronCluck","slay the spire mod where everything is the same but ironclad has a cowboy hat"],"gold_per_floor":[217,234,12,12,22,57,75,109,109,144,144,158,187,199,199,303,303,315,331,50,67,85,112,112,143,167,201,236,255,264,291,291,399,480,494,547,597,522,534,572,589,589,589,623,623,666,676,33,33,33],"floor_reached":51,"language":"ENG","playtime":2527,"items_purged":["Perfected Strike","Armaments"],"score":1109,"play_id":"70f07563-2630-4879-b773-d298c07ba236","local_time":"20210128184912","is_ascension_mode":true,"campfire_choices":[{"data":"Apotheosis","floor":11.0,"key":"SMITH"},{"data":"Inflame","floor":15,"key":"SMITH"},{"data":"Limit Break","floor":24,"key":"SMITH"},{"data":"Heavy Blade","floor":32,"key":"SMITH"},{"data":"Bludgeon","floor":42,"key":"SMITH"},{"data":"Limit Break","floor":45,"key":"SMITH"},{"data":"Shrug It Off","floor":49,"key":"SMITH"}],"circlet_count":0,"master_deck":["Bash","Uppercut","Dropkick","Apotheosis+1","Uppercut","Rampage","Uppercut","Pommel Strike","Shrug It Off+1","Inflame+1","Pommel Strike","Anger","Whirlwind","Reaper","Blood for Blood","Limit Break+1","Bludgeon+1","Heavy Blade+1","Bludgeon","Reaper","Sword Boomerang","Impervious","Burning Pact","Dropkick","Metallicize","Entrench","Cleave","Fire Breathing","Dropkick","Impervious","Limit Break+1","Uppercut+1"],"relics":["Burning Blood","Blood Vial","Red Skull","Akabeko","Shuriken","Odd Mushroom","Snecko Eye","Strawberry","CeramicFish","Bag of Preparation","Red Mask","Omamori","Pandora\u0027s Box","Unceasing Top","Gambling Chip","Centennial Puzzle","Thread and Needle","Regal Pillow","InkBottle","Mercury Hourglass","Medical Kit","Dream Catcher"],"acts_visited":["Exordium","TheCity","TheBeyond"],"potions_floor_usage":[16,16,33,36,44,50,50,50],"damage_taken":[{"damage":12.0,"enemies":"Small Slimes","floor":1.0,"turns":3.0},{"damage":4.0,"enemies":"Cultist","floor":2.0,"turns":3.0},{"damage":12.0,"enemies":"Jaw Worm","floor":5.0,"turns":3.0},{"damage":10.0,"enemies":"Gremlin Nob","floor":6.0,"turns":4.0},{"damage":11.0,"enemies":"Looter","floor":7.0,"turns":3.0},{"damage":18.0,"enemies":"Lagavulin","floor":8.0,"turns":7.0},{"damage":12.0,"enemies":"3 Sentries","floor":10.0,"turns":7.0},{"damage":6.0,"enemies":"3 Louse","floor":12.0,"turns":3.0},{"damage":24.0,"enemies":"The Mushroom Lair","floor":13.0,"turns":4.0},{"damage":0,"enemies":"Large Slime","floor":14,"turns":4},{"damage":26,"enemies":"Hexaghost","floor":16,"turns":7},{"damage":9,"enemies":"2 Thieves","floor":18,"turns":2},{"damage":14,"enemies":"Shell Parasite","floor":19,"turns":4},{"damage":36,"enemies":"Snake Plant","floor":21,"turns":4},{"damage":12,"enemies":"3 Cultists","floor":22,"turns":3},{"damage":41,"enemies":"Slavers","floor":23,"turns":3},{"damage":0,"enemies":"Gremlin Leader","floor":25,"turns":2},{"damage":20,"enemies":"Masked Bandits","floor":27,"turns":3},{"damage":8,"enemies":"Book of Stabbing","floor":28,"turns":2},{"damage":0,"enemies":"Cultist and Chosen","floor":29,"turns":3},{"damage":0,"enemies":"Snake Plant","floor":31,"turns":2},{"damage":0,"enemies":"Automaton","floor":33,"turns":4},{"damage":11,"enemies":"3 Darklings","floor":35,"turns":3},{"damage":14,"enemies":"2 Orb Walkers","floor":36,"turns":3},{"damage":8,"enemies":"Mind Bloom Boss Battle","floor":37,"turns":6},{"damage":0,"enemies":"Orb Walker","floor":39,"turns":2},{"damage":9,"enemies":"Giant Head","floor":40,"turns":4},{"damage":13,"enemies":"Spire Growth","floor":41,"turns":2},{"damage":0,"enemies":"Reptomancer","floor":44,"turns":4},{"damage":0,"enemies":"Nemesis","floor":46,"turns":3},{"damage":0,"enemies":"Writhing Mass","floor":47,"turns":2},{"damage":45,"enemies":"Donu and Deca","floor":50,"turns":4}],"seed_played":"7367724053271654541","potions_obtained":[{"floor":5.0,"key":"ColorlessPotion"},{"floor":6.0,"key":"FairyPotion"},{"floor":10.0,"key":"EssenceOfSteel"},{"floor":13,"key":"LiquidBronze"},{"floor":23,"key":"Strength Potion"},{"floor":27,"key":"DistilledChaos"},{"floor":31,"key":"DistilledChaos"},{"floor":33,"key":"AttackPotion"},{"floor":39,"key":"PowerPotion"},{"floor":44,"key":"BloodPotion"}],"is_trial":false,"path_per_floor":["M","M","$","?","M","E","M","E","T","E","R","M","?","M","R","B",null,"M","M","$","M","M","E","R","E","T","?","E","M","?","M","R","B",null,"M","?","?","$","M","E","M","R","T","E","R","E","M","$","R","B",null],"character_chosen":"IRONCLAD","items_purchased":["Apotheosis","Uppercut","Limit Break","Bludgeon","Mercury Hourglass","Medical Kit","Dream Catcher"],"campfire_rested":0,"item_purchase_floors":[3,3,20,20,48,48,48],"current_hp_per_floor":[74,76,76,76,70,66,63,53,53,49,49,51,35,43,43,25,80,77,72,72,44,40,28,28,36,36,36,51,59,59,68,68,87,87,82,76,81,81,87,87,87,87,87,87,87,87,87,87,87,65],"gold":33,"neow_bonus":"HUNDRED_GOLD","is_daily":false,"chose_seed":false,"campfire_upgraded":7,"win_rate":0.0,"timestamp":1611877752,"path_taken":["M","M","$","?","M","E","M","E","T","E","R","?","?","M","R","BOSS","M","M","$","M","M","E","R","E","T","?","E","M","?","M","R","BOSS","M","?","?","?","M","E","M","R","T","E","R","E","M","$","R","BOSS"],"items_purchased_type":["Card","Card","Card","Card","Relic","Relic","Relic"],"build_version":"2020-12-22","purchased_purges":2,"victory":true,"max_hp_per_floor":[80,80,80,80,80,80,80,80,80,80,80,80,80,80,80,80,80,80,80,80,80,80,87,87,87,87,87,87,87,87,87,87,87,87,87,87,87,87,87,87,87,87,87,87,87,87,87,87,87,87],"card_choices":[{"not_picked":["Iron Wave","Sever Soul"],"picked":"Uppercut","floor":1.0},{"not_picked":["Rage","Wild Strike"],"picked":"Dropkick","floor":2.0},{"not_picked":["Ghostly Armor","Bloodletting"],"picked":"Uppercut","floor":5.0},{"not_picked":["Thunderclap","Reckless Charge"],"picked":"Pommel Strike","floor":6.0},{"not_picked":["Wild Strike","Evolve"],"picked":"Shrug It Off","floor":7.0},{"not_picked":["Wild Strike","Clothesline"],"picked":"Inflame","floor":8.0},{"not_picked":["Evolve","Pommel Strike","Warcry"],"picked":"SKIP","floor":10.0},{"not_picked":["Power Through","Berserk"],"picked":"Pommel Strike","floor":12.0},{"not_picked":["Headbutt","Sword Boomerang"],"picked":"Anger","floor":13},{"not_picked":["Bludgeon","Thunderclap"],"picked":"Whirlwind","floor":14},{"not_picked":["Exhume","Berserk"],"picked":"Reaper","floor":16},{"not_picked":["Wild Strike+1","Burning Pact"],"picked":"Blood for Blood","floor":18},{"not_picked":["Thunderclap+1","Twin Strike","Havoc"],"picked":"SKIP","floor":19},{"not_picked":["Thunderclap","Inflame","Iron Wave"],"picked":"SKIP","floor":21},{"not_picked":["Entrench","Thunderclap"],"picked":"Heavy Blade","floor":22},{"not_picked":["Headbutt","Rupture"],"picked":"Bludgeon","floor":23},{"not_picked":["True Grit+1","Dropkick","Heavy Blade"],"picked":"SKIP","floor":25},{"not_picked":["Dual Wield","Havoc","Body Slam+1"],"picked":"SKIP","floor":28},{"not_picked":["Thunderclap","Disarm","Pommel Strike"],"picked":"SKIP","floor":29},{"not_picked":["Shrug It Off+1","Thunderclap+1"],"picked":"Sword Boomerang","floor":31},{"not_picked":["Juggernaut","Berserk"],"picked":"Impervious","floor":33},{"not_picked":["Wild Strike+1","Dual Wield","Headbutt+1"],"picked":"SKIP","floor":35},{"not_picked":["Warcry+1","Flex","True Grit+1"],"picked":"SKIP","floor":39},{"not_picked":["Whirlwind","Intimidate+1"],"picked":"Impervious","floor":40},{"not_picked":["Perfected Strike","Fire Breathing","Bloodletting+1"],"picked":"SKIP","floor":41},{"not_picked":["Pommel Strike","Dropkick"],"picked":"Limit Break","floor":44},{"not_picked":["Armaments+1","Thunderclap+1"],"picked":"Uppercut+1","floor":46},{"not_picked":["Wild Strike","Clothesline","Thunderclap"],"picked":"SKIP","floor":47}],"player_experience":733970,"relics_obtained":[{"floor":6.0,"key":"Blood Vial"},{"floor":8.0,"key":"Red Skull"},{"floor":9.0,"key":"Akabeko"},{"floor":10.0,"key":"Shuriken"},{"floor":13,"key":"Odd Mushroom"},{"floor":23,"key":"Strawberry"},{"floor":25,"key":"CeramicFish"},{"floor":26,"key":"Bag of Preparation"},{"floor":27,"key":"Red Mask"},{"floor":28,"key":"Omamori"},{"floor":36,"key":"Unceasing Top"},{"floor":37,"key":"Gambling Chip"},{"floor":40,"key":"Centennial Puzzle"},{"floor":43,"key":"Thread and Needle"},{"floor":44,"key":"Regal Pillow"},{"floor":46,"key":"InkBottle"}],"event_choices":[{"damage_healed":0.0,"max_hp_gain":0.0,"max_hp_loss":0.0,"gold_gain":0.0,"event_name":"Match and Keep!","player_choice":"1 cards matched","floor":4.0,"gold_loss":0.0,"damage_taken":0.0,"cards_obtained":["Rampage"]},{"damage_healed":0.0,"max_hp_gain":0.0,"max_hp_loss":0.0,"gold_gain":0.0,"event_name":"Mushrooms","player_choice":"Fought Mushrooms","floor":13.0,"gold_loss":0.0,"damage_taken":0.0},{"damage_healed":0,"gold_gain":0,"player_choice":"Fought Bandits","damage_taken":0,"max_hp_gain":0,"max_hp_loss":0,"event_name":"Masked Bandits","floor":27,"gold_loss":0},{"damage_healed":0,"gold_gain":0,"player_choice":"Read","damage_taken":0,"max_hp_gain":0,"max_hp_loss":0,"event_name":"The Library","floor":30,"gold_loss":0,"cards_obtained":["Reaper"]},{"damage_healed":0,"gold_gain":0,"player_choice":"Fight","damage_taken":0,"max_hp_gain":0,"max_hp_loss":0,"event_name":"Mysterious Sphere","floor":36,"gold_loss":0},{"damage_healed":0,"gold_gain":0,"player_choice":"Fight","damage_taken":0,"max_hp_gain":0,"max_hp_loss":0,"event_name":"MindBloom","floor":37,"gold_loss":0}],"is_beta":false,"boss_relics":[{"not_picked":["Coffee Dripper","Fusion Hammer"],"picked":"Snecko Eye"},{"not_picked":["SlaversCollar","Busted Crown"],"picked":"Pandora\u0027s Box"}],"items_purged_floors":[38,48],"is_endless":false,"potions_floor_spawned":[5,6,10,13,14,23,27,28,31,33,39,40,44],"ascension_level":2}}