{"host":"opyh6vr790e42ffe","time":1611796181,"event":{"mods":["BaseMod","Bestiary","Colored Map","Downfall","Highlight Path","Minty Spire (QoL Compilation)","Relic Stats","StSLib"],"gold_per_floor":[99,110,128,138,138,38,65,82,182,195,225,55,40,53,65,169,169,69,83,95,95,111,111,163,113,13,13,13],"floor_reached":26,"language":"ENG","playtime":1224,"items_purged":["sneckomod:Strike"],"score":210,"play_id":"627d1832-bffa-4a5a-8303-692e07033ba9","local_time":"20210127170941","is_ascension_mode":false,"campfire_choices":[{"floor":1.0,"key":"RECALL"},{"data":"sneckomod:MasterEye","floor":6.0,"key":"SMITH"},{"data":"sneckomod:MasterEye","floor":18,"key":"SMITH"}],"circlet_count":0,"master_deck":["sneckomod:Strike","sneckomod:Defend","sneckomod:Defend","sneckomod:Defend","sneckomod:TailWhip","sneckomod:SnekBite+1","sneckomod:Unknown","sneckomod:Unknown","sneckomod:ImprovisedAttack","sneckomod:MasterEye+1","sneckomod:UnknownBlock","sneckomod:WideSting+1","sneckomod:UnknownDraw","sneckomod:ImprovisedAttack","sneckomod:UnknownBoss","sneckomod:MasterEye+1","sneckomod:Unknown2Cost","sneckomod:UnknownVulnerable","sneckomod:SerpentMind","sneckomod:TrashToTreasure","sneckomod:ImprovisedGuard+1","downfall:Bewildered","sneckomod:UnknownUncommonPower"],"relics":["SlaversCollar","downfall:HeartBlessingRed","Lantern","Whetstone","bronze:MakeshiftBattery","downfall:HeartBlessingGreen","Blue Candle","sneckomod:BabySnecko","downfall:HeartBlessingBlue"],"acts_visited":["Exordium","TheCity"],"potions_floor_usage":[25],"damage_taken":[{"damage":1.0,"enemies":"Jaw Worm","floor":2.0,"turns":2.0},{"damage":4.0,"enemies":"Cultist","floor":3.0,"turns":4.0},{"damage":0.0,"enemies":"Small Slimes","floor":4.0,"turns":3.0},{"damage":4.0,"enemies":"Exordium Wildlife","floor":8.0,"turns":3.0},{"damage":1.0,"enemies":"Exordium Thugs","floor":10.0,"turns":2.0},{"damage":7.0,"enemies":"3 Sentries","floor":11.0,"turns":5.0},{"damage":5.0,"enemies":"downfall:FleeingMerchant","floor":12.0,"turns":4.0},{"damage":0.0,"enemies":"downfall:FleeingMerchant","floor":13.0,"turns":4.0},{"damage":3.0,"enemies":"2 Fungi Beasts","floor":14.0,"turns":2.0},{"damage":5.0,"enemies":"Exordium Wildlife","floor":15.0,"turns":4.0},{"damage":23.0,"enemies":"SI_SHIV_ARCHETYPE","floor":16.0,"turns":5.0},{"damage":10,"enemies":"Chosen","floor":19,"turns":3},{"damage":18,"enemies":"Snecko","floor":20,"turns":4},{"damage":0,"enemies":"3 Cultists","floor":22,"turns":3},{"damage":9,"enemies":"downfall:FleeingMerchant","floor":25,"turns":4}],"seed_played":"-6834112463560254346","potions_obtained":[{"floor":2.0,"key":"Block Potion"},{"floor":3.0,"key":"Fire Potion"},{"floor":8.0,"key":"EssenceOfSteel"},{"floor":15.0,"key":"SkillPotion"},{"floor":19,"key":"sneckomod:OffclassReductionPotion"}],"is_trial":false,"path_per_floor":["R","M","M","M","?","R","T","M","?","M","E","$","$","M","M","B",null,"R","M","M","?","M","?","T","$","R"],"character_chosen":"THE_SNECKO","items_purchased":["sneckomod:MasterEye","sneckomod:UnknownUncommonPower"],"campfire_rested":0,"item_purchase_floors":[12,25],"current_hp_per_floor":[90,89,85,85,85,85,85,81,81,80,73,68,68,65,60,37,90,90,80,62,57,57,57,57,48,58,58,58],"gold":13,"neow_bonus":"BOSS_RELIC","is_daily":false,"chose_seed":false,"campfire_upgraded":2,"win_rate":0.0,"timestamp":1611796181,"path_taken":["R","M","M","M","?","R","T","?","?","M","E","?","$","?","M","BOSS","R","M","M","?","M","?","T","?","R"],"items_purchased_type":["Card","Card"],"build_version":"2020-12-22","purchased_purges":1,"victory":false,"max_hp_per_floor":[90,90,90,90,90,90,90,90,90,90,90,90,90,90,90,90,90,90,90,90,90,90,90,90,90,100,100,100],"relic_stats":{"counters":[15,52],"Blue Candle":[0],"Whetstone":["sneckomod:SnekBite","sneckomod:WideSting"],"obtain_stats":[{"SlaversCollar":0,"sneckomod:BabySnecko":23,"Lantern":7,"downfall:HeartBlessingRed":6,"downfall:HeartBlessingBlue":26,"Blue Candle":21,"downfall:HeartBlessingGreen":18,"Whetstone":11,"sneckomod:SneckoSoul":0,"bronze:MakeshiftBattery":17},{"SlaversCollar":0,"sneckomod:BabySnecko":14,"Lantern":3,"downfall:HeartBlessingRed":3,"downfall:HeartBlessingBlue":15,"Blue Candle":13,"downfall:HeartBlessingGreen":11,"Whetstone":6,"sneckomod:SneckoSoul":0,"bronze:MakeshiftBattery":11},{"SlaversCollar":0,"sneckomod:BabySnecko":48,"Lantern":9,"downfall:HeartBlessingRed":9,"downfall:HeartBlessingBlue":52,"Blue Candle":45,"downfall:HeartBlessingGreen":38,"Whetstone":19,"sneckomod:SneckoSoul":0,"bronze:MakeshiftBattery":38}]},"card_choices":[{"not_picked":["sneckomod:SoulRoll","sneckomod:QuickMove"],"picked":"sneckomod:ImprovisedAttack","floor":2.0},{"not_picked":["sneckomod:Unknown2Cost","sneckomod:Unknown1Cost"],"picked":"sneckomod:MasterEye","floor":3.0},{"not_picked":["sneckomod:DiceBlock","sneckomod:SoulRoll"],"picked":"sneckomod:UnknownBlock","floor":4.0},{"not_picked":["sneckomod:RainOfDice","sneckomod:Nope"],"picked":"sneckomod:WideSting","floor":8.0},{"not_picked":["sneckomod:QuickBite","sneckomod:DiceCrush"],"picked":"sneckomod:UnknownDraw","floor":10.0},{"not_picked":["sneckomod:UnknownCommonSkill","sneckomod:Unknown1Cost"],"picked":"sneckomod:ImprovisedAttack","floor":11.0},{"not_picked":["sneckomod:SoulRoll","sneckomod:UnknownCommonSkill"],"picked":"sneckomod:UnknownBoss","floor":12.0},{"not_picked":["sneckomod:QuickMove","sneckomod:RainOfDice"],"picked":"sneckomod:Unknown2Cost","floor":13.0},{"not_picked":["sneckomod:UnknownCommonAttack","sneckomod:UnknownBlock","sneckomod:IronFang"],"picked":"SKIP","floor":14.0},{"not_picked":["sneckomod:UnknownExhaust","sneckomod:DiceCrush"],"picked":"sneckomod:UnknownVulnerable","floor":15.0},{"not_picked":["sneckomod:UnknownRareAttack","sneckomod:UnknownBoss"],"picked":"sneckomod:SerpentMind","floor":16.0},{"not_picked":["sneckomod:UnknownBlock","sneckomod:PureSnecko","sneckomod:SoulRoll"],"picked":"SKIP","floor":19},{"not_picked":["sneckomod:Memorize","sneckomod:UnknownUncommonAttack"],"picked":"sneckomod:TrashToTreasure","floor":20},{"not_picked":["sneckomod:SoulRoll","sneckomod:Unknown1Cost+1"],"picked":"sneckomod:ImprovisedGuard+1","floor":22},{"not_picked":["sneckomod:UnknownVulnerable","sneckomod:ImprovisedGuard","sneckomod:UnknownCommonAttack"],"picked":"SKIP","floor":25}],"player_experience":2674737,"relics_obtained":[{"floor":7.0,"key":"Lantern"},{"floor":11.0,"key":"Whetstone"}],"event_choices":[{"cards_removed":["sneckomod:Strike"],"damage_healed":0.0,"max_hp_gain":0.0,"max_hp_loss":0.0,"gold_gain":0.0,"event_name":"Bonfire Elementals","player_choice":"Offered Basic","floor":5.0,"gold_loss":0.0,"damage_taken":0.0}],"is_beta":false,"boss_relics":[{"not_picked":["Pandora\u0027s Box","sneckomod:SneckoBoss"],"picked":"bronze:MakeshiftBattery"}],"items_purged_floors":[12],"is_endless":false,"potions_floor_spawned":[2,3,8,15,19,22],"ascension_level":0}}