{"host":"cziotie8mnsl18m5","time":1611871725,"event":{"mods":["BaseMod","Minty Spire (QoL Compilation)","StSLib","The Animator"],"gold_per_floor":[115,40,72,72,72,99,99,99,122,168,188,112,112,139,139,213,213,223,138,138,138,38,38,54,104,104,126,126,126],"floor_reached":28,"language":"ENG","playtime":1202,"items_purged":["animator:Defend","animator:ShinjiMatou"],"score":494,"play_id":"cf77b525-83c3-4a7b-a7b5-cdc4473da016","local_time":"20210128170845","is_ascension_mode":true,"campfire_choices":[{"floor":8.0,"key":"RECALL"},{"floor":13.0,"key":"REST"},{"data":"animator:Kaijin","floor":15.0,"key":"SMITH"},{"data":"animator:Eve","floor":23,"key":"SMITH"}],"circlet_count":0,"master_deck":["AscendersBane","animator:Benimaru","animator:Shuna","animator:Ara","animator:Souei+1","animator:Kaijin+1","animator:Saber","animator:Elesis","animator:Tet","animator:LeleiLaLalena","animator:Eve+1","animator:YaoHaDucy","animator:Archer","animator:Millim"],"relics":["animator:LivingPicture","animator:TheMissingPiece","NeowsBlessing","animator:Hoodie","Singing Bowl","Happy Flower","War Paint","Odd Mushroom","Nunchaku","Pandora\u0027s Box","Omamori","Gambling Chip"],"acts_visited":["Exordium","TheCity"],"potions_floor_usage":[],"damage_taken":[{"damage":0.0,"enemies":"Cultist","floor":1.0,"turns":1.0},{"damage":0.0,"enemies":"Small Slimes","floor":3.0,"turns":1.0},{"damage":0.0,"enemies":"Gremlin Nob","floor":6.0,"turns":1.0},{"damage":40.0,"enemies":"3 Sentries","floor":10.0,"turns":8.0},{"damage":6.0,"enemies":"The Mushroom Lair","floor":11.0,"turns":4.0},{"damage":0.0,"enemies":"Jaw Worm","floor":14.0,"turns":4.0},{"damage":22.0,"enemies":"The Guardian","floor":16.0,"turns":8.0},{"damage":20.0,"enemies":"3 Byrds","floor":18.0,"turns":4.0},{"damage":17,"enemies":"Shell Parasite","floor":24,"turns":4},{"damage":8,"enemies":"Snake Plant","floor":27,"turns":3},{"damage":21,"enemies":"Slavers","floor":28,"turns":1}],"seed_played":"2659827340912303541","potions_obtained":[{"floor":6.0,"key":"BlessingOfTheForge"},{"floor":14.0,"key":"Strength Potion"}],"is_trial":false,"path_per_floor":["M","$","M","$","?","E","?","R","T","E","?","?","R","M","R","B",null,"M","?","?","?","$","R","M","?","T","M","E"],"character_chosen":"THE_ANIMATOR","items_purchased":[],"campfire_rested":1,"item_purchase_floors":[],"current_hp_per_floor":[54,54,54,54,59,59,48,48,48,8,3,3,22,25,25,4,54,36,36,36,36,36,36,21,21,21,13,0,0],"gold":126,"neow_bonus":"THREE_ENEMY_KILL","is_daily":false,"chose_seed":false,"campfire_upgraded":2,"win_rate":0.0,"timestamp":1611871725,"path_taken":["M","?","M","$","?","E","?","R","T","E","?","?","R","?","R","BOSS","M","?","?","?","?","R","?","?","T","M","E"],"items_purchased_type":[],"build_version":"2020-12-22","purchased_purges":2,"victory":false,"max_hp_per_floor":[60,60,60,60,65,65,65,65,65,65,66,66,66,69,69,70,70,72,72,72,72,72,72,74,74,74,74,74,74],"card_choices":[{"not_picked":["animator:Chung","animator:Elsword","animator:DolaSchwi"],"picked":"SKIP","floor":1.0},{"not_picked":["animator:ZankiKiguchi","animator:Ara","animator:Rider"],"picked":"SKIP","floor":3.0},{"not_picked":["animator:ZankiKiguchi","animator:Rider"],"picked":"animator:Ara","floor":3.0},{"not_picked":["animator:Togame","animator:Shichika","animator:TukaLunaMarceau"],"picked":"SKIP","floor":6.0},{"not_picked":["animator:Togame","animator:Shichika","animator:TukaLunaMarceau"],"picked":"SKIP","floor":6.0},{"not_picked":["animator:GazelDwargon","animator:Benimaru"],"picked":"animator:Souei","floor":10.0},{"not_picked":["animator:YaoHaDucy","animator:Hitei"],"picked":"animator:Kaijin","floor":11.0},{"not_picked":["animator:RoryMercury","animator:DolaSchwi"],"picked":"animator:Saber","floor":14.0},{"not_picked":["animator:Sora","animator:Biyorigo"],"picked":"animator:Elesis","floor":16.0},{"not_picked":["animator:ZankiKiguchi","animator:Elsword","animator:Sebas"],"picked":"Singing Bowl","floor":18.0},{"not_picked":["animator:DolaSchwi","animator:Togame","animator:Demiurge"],"picked":"Singing Bowl","floor":24},{"not_picked":["animator:GazelDwargon","animator:Shuna"],"picked":"animator:Millim","floor":27}],"player_experience":2622552,"relics_obtained":[{"floor":6.0,"key":"animator:Hoodie"},{"floor":9.0,"key":"Happy Flower"},{"floor":10.0,"key":"War Paint"},{"floor":11.0,"key":"Odd Mushroom"}],"event_choices":[{"damage_healed":0.0,"max_hp_gain":5.0,"max_hp_loss":0.0,"gold_gain":0.0,"event_name":"Big Fish","player_choice":"Donut","floor":5.0,"gold_loss":0.0,"damage_taken":0.0},{"damage_healed":0.0,"max_hp_gain":0.0,"max_hp_loss":0.0,"gold_gain":0.0,"event_name":"Scrap Ooze","player_choice":"Success","floor":7.0,"gold_loss":0.0,"damage_taken":11.0,"relics_obtained":["Singing Bowl"]},{"damage_healed":0.0,"max_hp_gain":0.0,"max_hp_loss":0.0,"gold_gain":0.0,"event_name":"Mushrooms","player_choice":"Fought Mushrooms","floor":11.0,"gold_loss":0.0,"damage_taken":0.0},{"damage_healed":0.0,"max_hp_gain":0.0,"max_hp_loss":0.0,"gold_gain":0.0,"event_name":"WeMeetAgain","player_choice":"Paid Gold","floor":12.0,"gold_loss":76.0,"damage_taken":0.0,"relics_obtained":["Nunchaku"]},{"damage_healed":0.0,"max_hp_gain":0.0,"max_hp_loss":0.0,"gold_gain":0.0,"event_name":"Addict","player_choice":"Obtained Relic","floor":19.0,"gold_loss":85.0,"damage_taken":0.0,"relics_obtained":["Omamori"]},{"cards_removed":["animator:Lu"],"damage_healed":0.0,"max_hp_gain":0.0,"max_hp_loss":0.0,"gold_gain":0.0,"event_name":"Back to Basics","player_choice":"Elegance","floor":20.0,"gold_loss":0.0,"damage_taken":0.0},{"damage_healed":0,"gold_gain":0,"player_choice":"Opened","damage_taken":0,"relics_obtained":["Gambling Chip"],"max_hp_gain":0,"max_hp_loss":0,"event_name":"The Mausoleum","floor":21,"gold_loss":0,"cards_obtained":["Writhe"]},{"damage_healed":0,"gold_gain":50,"player_choice":"Stole From Cult","damage_taken":0,"max_hp_gain":0,"max_hp_loss":0,"event_name":"Nest","floor":25,"gold_loss":0}],"is_beta":false,"boss_relics":[{"not_picked":["Astrolabe","Runic Dome"],"picked":"Pandora\u0027s Box"}],"items_purged_floors":[2,22],"is_endless":false,"potions_floor_spawned":[6,14],"killed_by":"Slavers","ascension_level":20}}