{"host":"33wh7cigx3w9wmym","time":1611797197,"event":{"mods":["AchievementEnabler","Act Like it!","BaseMod","Colored Map","Colored Powertips","Downfall","Friendly Minions","GifTheSpireLib","Minty Spire (QoL Compilation)","StSLib"],"gold_per_floor":[99,111,126,126,143,163,163,194,30,62,62,62,72,72,84,189,189,89,106,119,135,152,187,187,198,198,216,243,243,258,258,269,364,364,364,374,424,474,493,503,503,413,413,413,448,468,468,64,90,90],"floor_reached":51,"language":"ENG","playtime":2821,"items_purged":["bronze:Strike","bronze:Strike"],"score":846,"play_id":"fe09b448-c49e-48fa-8fa9-fa23afe64a0d","local_time":"20210127232637","is_ascension_mode":true,"campfire_choices":[{"floor":1.0,"key":"RECALL"},{"data":"bronze:Format","floor":12.0,"key":"SMITH"},{"data":"Enlightenment","floor":18.0,"key":"SMITH"},{"data":"bronze:Assembly","floor":26.0,"key":"SMITH"},{"data":"1","floor":29.0,"key":"LIFT"},{"data":"bronze:Verify","floor":35.0,"key":"SMITH"},{"data":"bronze:Optimize","floor":43,"key":"SMITH"},{"data":"2","floor":47,"key":"LIFT"}],"circlet_count":0,"master_deck":["bronze:Defend","bronze:Defend","bronze:Defend","bronze:Defend+1","bronze:Replicate","bronze:Goto","bronze:Separator","bronze:ForceShield","bronze:Assembly+1","bronze:Flail","bronze:DelayedSlice","bronze:Format+1","bronze:Iterate","Enlightenment+1","bronze:Repair","bronze:Boost+1","bronze:Fortify","bronze:FineTuning+1","bronze:Terminator+1","bronze:Verify+1","bronze:Optimize+1","Panache","expansioncontent:StudyTheSpire","bronze:FineTuning+1"],"relics":["bronze:PlatinumCore","Shovel","Girya","Chemical X","Strawberry","downfall:HeartBlessingRed","Gambling Chip","War Paint","Mummified Hand","bronze:BottledCode","Sozu","Ice Cream","Dead Branch","Bottled Tornado","Bag of Preparation","CeramicFish","Boot"],"acts_visited":["Exordium","TheCity","TheBeyond"],"potions_floor_usage":[50,50],"damage_taken":[{"damage":0.0,"enemies":"Small Slimes","floor":2.0,"turns":4.0},{"damage":0.0,"enemies":"Cultist","floor":3.0,"turns":3.0},{"damage":0.0,"enemies":"2 Louse","floor":5.0,"turns":3.0},{"damage":0.0,"enemies":"Large Slime","floor":6.0,"turns":3.0},{"damage":14.0,"enemies":"Gremlin Nob","floor":8.0,"turns":3.0},{"damage":10.0,"enemies":"downfall:FleeingMerchant","floor":9.0,"turns":4.0},{"damage":12.0,"enemies":"Lagavulin","floor":10.0,"turns":8.0},{"damage":0.0,"enemies":"3 Louse","floor":13.0,"turns":1.0},{"damage":5.0,"enemies":"Exordium Thugs","floor":15.0,"turns":2.0},{"damage":49.0,"enemies":"IC_STATUS_ARCHETYPE","floor":16.0,"turns":11.0},{"damage":0.0,"enemies":"Chosen","floor":19.0,"turns":3.0},{"damage":0.0,"enemies":"Centurion and Healer","floor":20.0,"turns":3.0},{"damage":0.0,"enemies":"Snecko","floor":21.0,"turns":4.0},{"damage":10.0,"enemies":"Chosen and Byrds","floor":22.0,"turns":3.0},{"damage":28.0,"enemies":"Slavers","floor":23.0,"turns":7.0},{"damage":0.0,"enemies":"Cultist and Chosen","floor":25.0,"turns":4.0},{"damage":0.0,"enemies":"Snake Plant","floor":27.0,"turns":5.0},{"damage":0.0,"enemies":"Gremlin Leader","floor":28.0,"turns":3.0},{"damage":0.0,"enemies":"Chosen and Byrds","floor":30.0,"turns":2.0},{"damage":0.0,"enemies":"Sentry and Sphere","floor":32.0,"turns":2.0},{"damage":1.0,"enemies":"WA_ARCHETYPE_CALM","floor":33.0,"turns":5.0},{"damage":9.0,"enemies":"Orb Walker","floor":36.0,"turns":3.0},{"damage":4.0,"enemies":"Orb Walker","floor":37.0,"turns":4.0},{"damage":0.0,"enemies":"2 Orb Walkers","floor":38.0,"turns":3.0},{"damage":5.0,"enemies":"3 Darklings","floor":39.0,"turns":2.0},{"damage":0.0,"enemies":"Transient","floor":40.0,"turns":5.0},{"damage":0,"enemies":"downfall:FleeingMerchant","floor":42,"turns":4},{"damage":0,"enemies":"Reptomancer","floor":45,"turns":2},{"damage":27,"enemies":"Writhing Mass","floor":46,"turns":5},{"damage":0,"enemies":"Spire Growth","floor":49,"turns":1},{"damage":8,"enemies":"SI_POISON_ARCHETYPE","floor":50,"turns":4}],"seed_played":"-2280525928886701880","potions_obtained":[{"floor":6.0,"key":"Guardian:BlockOnCardUsePotion"},{"floor":8.0,"key":"LiquidBronze"},{"floor":10.0,"key":"sneckomod:MuddlingPotion"}],"is_trial":false,"path_per_floor":["R","M","M","?","M","M","T","E","$","E","?","R","M","?","M","B",null,"R","M","M","M","M","E","T","M","R","M","E","R","M","?","M","B",null,"R","M","?","?","M","M","T","$","R","?","E","M","R","$","M","B",null],"character_chosen":"THE_AUTOMATON","items_purchased":["Chemical X","bronze:Format","Panache","Bag of Preparation","expansioncontent:StudyTheSpire","Boot"],"campfire_rested":0,"item_purchase_floors":[9,9,42,42,48,48],"current_hp_per_floor":[77,77,77,77,77,77,77,63,53,48,48,48,48,48,43,1,84,84,84,84,84,81,53,53,60,60,67,74,74,81,74,74,73,74,74,72,68,74,74,74,74,74,74,74,74,47,47,47,57,59],"gold":90,"neow_bonus":"TEN_PERCENT_HP_BONUS","is_daily":false,"chose_seed":false,"campfire_upgraded":5,"win_rate":0.0,"timestamp":1611797197,"path_taken":["R","M","M","?","M","?","T","E","$","E","?","R","?","?","M","BOSS","R","M","M","M","M","E","T","M","R","M","E","R","M","?","M","BOSS","R","M","?","?","M","M","T","$","R","?","E","M","R","$","M","BOSS"],"items_purchased_type":["Relic","Card","Card","Relic","Card","Relic"],"build_version":"2020-12-22","purchased_purges":2,"victory":true,"max_hp_per_floor":[77,77,77,77,77,77,77,77,77,84,84,84,84,84,84,84,84,84,84,84,84,84,84,84,84,84,84,84,84,84,74,74,74,74,74,74,74,74,74,74,74,74,74,74,74,74,74,74,74,74],"card_choices":[{"not_picked":["bronze:Overheat","bronze:Turbo"],"picked":"bronze:Separator","floor":2.0},{"not_picked":["bronze:BronzeArmor","bronze:Overheat"],"picked":"bronze:ForceShield","floor":3.0},{"not_picked":["bronze:Frontload","bronze:FollowUp"],"picked":"bronze:Flail","floor":5.0},{"not_picked":["bronze:CloningBeam","bronze:Safeguard"],"picked":"bronze:DelayedSlice","floor":6.0},{"not_picked":["bronze:Break","bronze:ClassDefault","bronze:DelayedSlice"],"picked":"SKIP","floor":8.0},{"not_picked":["bronze:BuggyMess","bronze:Overheat","bronze:Deprecate"],"picked":"SKIP","floor":9.0},{"not_picked":["bronze:DelayedSlice","bronze:Separator"],"picked":"bronze:Iterate","floor":10.0},{"not_picked":["bronze:DelayedSlice","bronze:ClassDefault","bronze:Separator"],"picked":"SKIP","floor":13.0},{"not_picked":["bronze:Turbo","bronze:FollowUp"],"picked":"bronze:Repair","floor":15.0},{"not_picked":["bronze:ShipIt","bronze:Mutator"],"picked":"bronze:Virus","floor":16.0},{"not_picked":["bronze:Shield","bronze:Deprecate"],"picked":"bronze:Boost+1","floor":19.0},{"not_picked":["bronze:BitShift","bronze:CutThrough","bronze:Shield+1"],"picked":"SKIP","floor":20.0},{"not_picked":["bronze:AlphaBuild","bronze:DelayedSlice"],"picked":"bronze:Fortify","floor":21.0},{"not_picked":["bronze:BugBarrage+1","bronze:Turbo"],"picked":"bronze:FineTuning","floor":22.0},{"not_picked":["bronze:BugBarrage","bronze:DigitalCarnage+1"],"picked":"bronze:Terminator+1","floor":23.0},{"not_picked":["bronze:WhirlingStrike","bronze:Turbo+1","bronze:BugBarrage+1"],"picked":"SKIP","floor":25.0},{"not_picked":["bronze:GetLatest+1","bronze:Repair","bronze:ShipIt"],"picked":"SKIP","floor":27.0},{"not_picked":["bronze:Fortify","bronze:Separator+1","bronze:Philosophize"],"picked":"SKIP","floor":28.0},{"not_picked":["bronze:ItsAFeature","bronze:BitShift+1","bronze:BugBarrage"],"picked":"SKIP","floor":30.0},{"not_picked":["bronze:ItsAFeature","bronze:Terminator","bronze:Shield"],"picked":"SKIP","floor":32.0},{"not_picked":["bronze:Virus","bronze:AlphaBuild"],"picked":"bronze:Verify","floor":33.0},{"not_picked":["bronze:Iterate+1","bronze:DarkDash"],"picked":"bronze:Optimize","floor":36.0},{"not_picked":["bronze:BuggyMess","bronze:BitShift","bronze:ItsAFeature+1"],"picked":"SKIP","floor":39.0},{"not_picked":["bronze:CutThrough+1","bronze:Overheat+1","bronze:Branch"],"picked":"SKIP","floor":40.0},{"not_picked":["bronze:Break","bronze:OilSpill","bronze:WhirlingStrike"],"picked":"SKIP","floor":42},{"not_picked":["bronze:ClassDefault","bronze:WhirlingStrike","bronze:WildBeam+1"],"picked":"SKIP","floor":45},{"not_picked":["bronze:Return+1","bronze:Philosophize","bronze:Repair+1"],"picked":"SKIP","floor":46},{"not_picked":["bronze:OilSpill","bronze:DelayedGuard+1"],"picked":"bronze:FineTuning+1","floor":49}],"player_experience":423011,"relics_obtained":[{"floor":7.0,"key":"Shovel"},{"floor":8.0,"key":"Girya"},{"floor":10.0,"key":"Strawberry"},{"floor":23.0,"key":"Gambling Chip"},{"floor":24.0,"key":"War Paint"},{"floor":28.0,"key":"Mummified Hand"},{"floor":37.0,"key":"Ice Cream"},{"floor":38.0,"key":"Dead Branch"},{"floor":41,"key":"Bottled Tornado"},{"floor":45,"key":"CeramicFish"}],"event_choices":[{"damage_healed":0.0,"max_hp_gain":0.0,"max_hp_loss":0.0,"gold_gain":0.0,"event_name":"Mysterious Sphere","player_choice":"Fight","floor":38.0,"gold_loss":0.0,"damage_taken":0.0}],"is_beta":false,"boss_relics":[{"not_picked":["Busted Crown","SlaversCollar"],"picked":"bronze:PlatinumCore"},{"not_picked":["Cursed Key","bronze:MakeshiftBattery"],"picked":"Sozu"}],"items_purged_floors":[42,48],"is_endless":false,"potions_floor_spawned":[6,8,10,13,15,19,21,23,28,30,37,38,39,45,46],"ascension_level":1}}