{"host":"sh8ot41fo7a0kahq","time":1611835810,"event":{"mods":["ATMod(°¢èªMod)","BaseMod","Better Third Choice","Colored Powertips","Displayed Cursed Tome","Minty Spire (QoL Compilation)","Quick Restart","Spicy Shops","StSLib","UnlockEverythingMod","¡¾ÒÅÎï¿¨ÅÆ¡¿REMEMod"],"gold_per_floor":[117,117,42,0,10,45,45,45,45,45,91,109,157,157,157,284,284],"floor_reached":16,"language":"ZHS","playtime":307,"items_purged":["Strike_G"],"score":253,"play_id":"4f39ca35-ecd3-4ee3-abff-91fecec639f0","local_time":"20210128201010","is_ascension_mode":true,"campfire_choices":[{"data":"Wish","floor":7.0,"key":"SMITH"},{"floor":15.0,"key":"REST"}],"circlet_count":0,"master_deck":["Strike_G","Strike_G","Strike_G","Defend_G","Defend_G","Defend_G","Defend_G","Defend_G","Survivor","Neutralize","AT_WomanClash","Wish+1","AT_WindFlip","REME_Scribble+1","Footwork","Acrobatics","Adrenaline"],"relics":["Ring of the Snake","AT_ATBox","REME_ComplimentaryCards","NeowsBlessing","AT_Kusabimaru","AT_GoldPhoenixTree"],"acts_visited":["Exordium"],"potions_floor_usage":[],"damage_taken":[{"damage":0.0,"enemies":"2 Louse","floor":1.0,"turns":1.0},{"damage":3.0,"enemies":"Small Slimes","floor":5.0,"turns":1.0},{"damage":0.0,"enemies":"Lagavulin","floor":6.0,"turns":1.0},{"damage":5.0,"enemies":"Jaw Worm","floor":11.0,"turns":5.0},{"damage":5.0,"enemies":"2 Fungi Beasts","floor":12.0,"turns":2.0},{"damage":10.0,"enemies":"Exordium Wildlife","floor":13.0,"turns":6.0},{"damage":19,"enemies":"Slime Boss","floor":16,"turns":7}],"seed_played":"4861872357349701514","potions_obtained":[{"floor":5.0,"key":"REME_GoldPotion"},{"floor":6.0,"key":"Regen Potion"},{"floor":13.0,"key":"ColorlessPotion"}],"is_trial":false,"path_per_floor":["M","?","$","?","M","E","R","$","T","?","M","M","M","?","R","B"],"character_chosen":"THE_SILENT","items_purchased":[],"campfire_rested":1,"item_purchase_floors":[],"current_hp_per_floor":[63,31,31,31,31,31,31,31,31,22,20,18,11,11,35,19,19],"gold":284,"neow_bonus":"THREE_ENEMY_KILL","is_daily":false,"chose_seed":false,"campfire_upgraded":1,"win_rate":0.0,"timestamp":1611835810,"path_taken":["M","?","$","?","M","E","R","?","T","?","M","M","M","?","R","BOSS"],"items_purchased_type":[],"build_version":"2020-12-22","purchased_purges":1,"victory":false,"max_hp_per_floor":[70,70,70,70,73,73,73,73,73,73,76,79,82,82,82,85,85],"card_choices":[{"not_picked":["AT_ArcaneSupremacy","Predator"],"picked":"AT_WindFlip","floor":1.0},{"not_picked":["Slice","Flying Knee","Dagger Throw"],"picked":"SKIP","floor":5.0},{"not_picked":["AT_TinkerSharpsword","Deflect","Cloak And Dagger"],"picked":"SKIP","floor":6.0},{"not_picked":["Reflex","PiercingWail"],"picked":"Footwork","floor":11.0},{"not_picked":["AT_TinkerSharpsword","Outmaneuver","Quick Slash"],"picked":"SKIP","floor":12.0},{"not_picked":["Deflect","Flying Knee"],"picked":"Acrobatics","floor":13.0},{"not_picked":["Malaise","REME_SpectralBlade"],"picked":"Adrenaline","floor":16}],"player_experience":333770,"relics_obtained":[{"floor":6.0,"key":"AT_GoldPhoenixTree"}],"event_choices":[{"damage_healed":0.0,"max_hp_gain":0.0,"max_hp_loss":0.0,"gold_gain":0.0,"event_name":"betterThird:BetterGoop","player_choice":"Left","floor":4.0,"gold_loss":42.0,"damage_taken":0.0},{"cards_removed":["Strike_G"],"damage_healed":0.0,"max_hp_gain":0.0,"max_hp_loss":0.0,"gold_gain":0.0,"event_name":"Golden Wing","player_choice":"Card Removal","floor":10.0,"gold_loss":0.0,"damage_taken":7.0},{"damage_healed":0.0,"max_hp_gain":0.0,"max_hp_loss":0.0,"gold_gain":0.0,"event_name":"betterThird:BetterSerpent","player_choice":"Ignored","floor":14.0,"gold_loss":0.0,"damage_taken":157.0}],"is_beta":false,"boss_relics":[],"items_purged_floors":[3],"is_endless":false,"potions_floor_spawned":[5,6,13],"killed_by":"Slime Boss","ascension_level":6}}