{"host":"e1hsr9gtjq2d74pi","time":1611827751,"event":{"mods":["Act Like it!","BaseMod","Beaked The Cultist","Bestiary","BetterRewards","Clockwork Mod","Conspire","Downfall","Hermit","Hero for Fun","Hubris","Marisa????????","Minty Spire (QoL Compilation)","Robot Space Explorer","Shop Mod","Spicy Shops","Spire Arcade","StSLib","The Animator","The Construct","The Cursed","The Saiyan","The Servant 0.9.4","UnlockEverythingMod"],"gold_per_floor":[91,110,410,474,474,491,491,506,529,564,564,581,606,616,616,716,716,730,730,730,730,741,769,789,802,802,812,727,755,755,773,773,877,877,888,904,904,918,918,947,961,990,1015,1027,1027,1038,1055,1070,1070,1070],"floor_reached":51,"language":"ENG","playtime":3293,"items_purged":[],"score":990,"play_id":"b8f1e858-0513-4e16-ae50-3e1465f5c907","local_time":"20210128015551","is_ascension_mode":false,"campfire_choices":[{"data":"Saiyan:GhostAttack","floor":7.0,"key":"SMITH"},{"data":"Saiyan:SuperSaiyanForm","floor":11.0,"key":"SMITH"},{"data":"Saiyan:KaioKen","floor":15.0,"key":"SMITH"},{"data":"Saiyan:SuperSaiyanThree","floor":30,"key":"SMITH"},{"data":"Saiyan:Furor","floor":32,"key":"SMITH"},{"data":"Saiyan:GenkiDama","floor":49,"key":"SMITH"}],"circlet_count":0,"master_deck":["Saiyan:SAIYA_Strike","Saiyan:SAIYA_Strike","Saiyan:SAIYA_Strike","Saiyan:SAIYA_Strike","Saiyan:SAIYA_Defend","Saiyan:SAIYA_Defend","Saiyan:SAIYA_Defend+1","Saiyan:SAIYA_Defend","Saiyan:EnergyBlast","Saiyan:KaioKen+1","Saiyan:BurningSoul","Saiyan:BigBangAttack","Saiyan:GhostAttack+1","Saiyan:SaiyanHubris+1","Saiyan:SuperSaiyanForm+1","Saiyan:TurtleShell","Saiyan:SuperSaiyanThree+1","Saiyan:LastResort","Saiyan:Furor+1","Saiyan:GhostAttack","Saiyan:GenkiDama+1","Saiyan:SenzuBean+1","Saiyan:Fly+1","Saiyan:TurtleShell+1"],"relics":["SaiyanSoul","SaiyanHeart","hubris:NiceRug","Strawberry","Blood Vial","Cauldron","hubris:TenFootPole","Toy Ornithopter","Regal Pillow","HornCleat","hubris:Backtick","Paper Frog","Nloth\u0027s Gift","Ancient Tea Set","Bottled Tornado","Akabeko","Bronze Scales","Vajra","Meat on the Bone","War Paint","Guardian:PocketSentry","Art of War","Boot"],"acts_visited":["Exordium","TheCity","TheBeyond"],"potions_floor_usage":[27,29,50,50,50],"damage_taken":[{"damage":0.0,"enemies":"Cultist","floor":1.0,"turns":3.0},{"damage":0.0,"enemies":"Jaw Worm","floor":2.0,"turns":3.0},{"damage":17.0,"enemies":"hubris:Merchant","floor":3.0,"turns":4.0},{"damage":1.0,"enemies":"Small Slimes","floor":6.0,"turns":2.0},{"damage":0.0,"enemies":"Exordium Thugs","floor":8.0,"turns":5.0},{"damage":0.0,"enemies":"Lagavulin","floor":10.0,"turns":2.0},{"damage":0.0,"enemies":"Large Slime","floor":12.0,"turns":3.0},{"damage":0.0,"enemies":"Gremlin Nob","floor":13.0,"turns":2.0},{"damage":0.0,"enemies":"Gremlin Gang","floor":14.0,"turns":5.0},{"damage":0.0,"enemies":"Slime Boss","floor":16.0,"turns":4.0},{"damage":0.0,"enemies":"3 Byrds","floor":18.0,"turns":4.0},{"damage":0,"enemies":"conspire:FuzzyDice","floor":22,"turns":4},{"damage":4,"enemies":"Book of Stabbing","floor":23,"turns":2},{"damage":0,"enemies":"Centurion and Healer","floor":24,"turns":4},{"damage":0,"enemies":"conspire:HollyBat","floor":25,"turns":5},{"damage":0,"enemies":"Cultist and Chosen","floor":27,"turns":5},{"damage":11,"enemies":"Slavers","floor":29,"turns":5},{"damage":0,"enemies":"Centurion and Healer","floor":31,"turns":5},{"damage":21,"enemies":"Champ","floor":33,"turns":8},{"damage":10,"enemies":"3 Shapes","floor":35,"turns":2},{"damage":0,"enemies":"Orb Walker","floor":36,"turns":2},{"damage":6,"enemies":"Spire Growth","floor":38,"turns":3},{"damage":0,"enemies":"beaked:SuperParasite","floor":40,"turns":2},{"damage":3,"enemies":"Jaw Worm Horde","floor":41,"turns":2},{"damage":0,"enemies":"Giant Head","floor":42,"turns":6},{"damage":2,"enemies":"3 Darklings","floor":44,"turns":2},{"damage":0,"enemies":"Spire Growth","floor":46,"turns":8},{"damage":0,"enemies":"Writhing Mass","floor":47,"turns":7},{"damage":0,"enemies":"Maw","floor":48,"turns":7},{"damage":14,"enemies":"hubris:GrandSnecko","floor":50,"turns":19}],"seed_played":"8028447755622155457","potions_obtained":[{"floor":1.0,"key":"conspire:TimeTravelPotion"},{"floor":3.0,"key":"BlessingOfTheForge"},{"floor":3.0,"key":"DuplicationPotion"},{"floor":3.0,"key":"Block Potion"},{"floor":3.0,"key":"AttackPotion"},{"floor":14.0,"key":"SpeedPotion"},{"floor":23,"key":"SteroidPotion"},{"floor":24,"key":"champ:CounterPotion"},{"floor":33,"key":"SteroidPotion"},{"floor":41,"key":"sneckomod:MuddlingPotion"},{"floor":44,"key":"AttackPotion"},{"floor":48,"key":"Energy Potion"}],"is_trial":false,"path_per_floor":["M","M","$","?","?","M","R","M","T","E","R","M","E","M","R","B",null,"M","?","?","$","M","E","M","M","T","M","?","E","R","M","R","B",null,"M","M","?","M","?","E","M","E","T","M","?","M","M","M","R","B",null],"character_chosen":"SAIYAJIN","items_purchased":[],"campfire_rested":0,"item_purchase_floors":[],"current_hp_per_floor":[67,68,59,59,59,61,61,66,66,69,69,73,76,86,86,88,88,90,90,90,90,92,90,94,99,99,103,103,96,96,102,102,84,112,103,106,106,105,105,109,109,113,113,114,114,119,123,127,127,118],"gold":1070,"neow_bonus":"TEN_PERCENT_HP_BONUS","is_daily":false,"chose_seed":false,"campfire_upgraded":6,"win_rate":0.0,"timestamp":1611827751,"path_taken":["M","?","$","?","?","M","R","?","T","E","R","M","E","M","R","BOSS","M","?","?","$","M","E","M","M","T","?","?","E","R","M","R","BOSS","M","M","?","M","?","E","M","E","T","?","?","M","M","M","R","BOSS"],"items_purchased_type":[],"build_version":"2020-12-22","purchased_purges":0,"victory":true,"max_hp_per_floor":[67,68,76,76,76,77,77,80,80,81,81,83,84,86,86,88,88,90,90,90,90,92,94,96,99,99,103,103,107,107,111,111,112,112,113,114,114,117,117,119,120,122,122,123,123,126,128,130,130,132],"card_choices":[{"not_picked":["Saiyan:TurtleShell","Saiyan:DragonRadar"],"picked":"Saiyan:BurningSoul","floor":1.0},{"not_picked":["Saiyan:BackAttack","Saiyan:PowerUp","Saiyan:DrainingStrike"],"picked":"SKIP","floor":2.0},{"not_picked":[],"picked":"Saiyan:BigBangAttack","floor":3.0},{"not_picked":[],"picked":"Saiyan:GhostAttack","floor":3.0},{"not_picked":["Saiyan:UltraInstinct"],"picked":"SKIP","floor":3.0},{"not_picked":["Saiyan:Twize"],"picked":"SKIP","floor":3.0},{"not_picked":["Saiyan:PowerStance"],"picked":"SKIP","floor":3.0},{"not_picked":["Jack Of All Trades"],"picked":"SKIP","floor":3.0},{"not_picked":["The Bomb"],"picked":"SKIP","floor":3.0},{"not_picked":["Saiyan:UltraInstinct"],"picked":"SKIP","floor":3.0},{"not_picked":["Saiyan:Twize"],"picked":"SKIP","floor":3.0},{"not_picked":["Saiyan:PowerStance"],"picked":"SKIP","floor":3.0},{"not_picked":["Jack Of All Trades"],"picked":"SKIP","floor":3.0},{"not_picked":["The Bomb"],"picked":"SKIP","floor":3.0},{"not_picked":["Saiyan:Quickening","Saiyan:TurtleShell"],"picked":"Saiyan:SaiyanHubris","floor":6.0},{"not_picked":["Saiyan:GhostAttack","Saiyan:SaiyanHubris","Saiyan:Honing"],"picked":"SKIP","floor":8.0},{"not_picked":["Saiyan:Medicine","Saiyan:HyperTimeChamber"],"picked":"Saiyan:SuperSaiyanForm","floor":10.0},{"not_picked":["Saiyan:SoulSpice","Saiyan:KameHameHa","Saiyan:RemoveWeights"],"picked":"SKIP","floor":12.0},{"not_picked":["Saiyan:Quickening","Saiyan:DoubleMasenko"],"picked":"Saiyan:TurtleShell","floor":13.0},{"not_picked":["Saiyan:Quickening","Saiyan:PowerUp","Saiyan:Planning"],"picked":"SKIP","floor":14.0},{"not_picked":["Saiyan:HyperTimeChamber","Saiyan:MindBoom"],"picked":"Saiyan:SuperSaiyanThree","floor":16.0},{"not_picked":["Saiyan:PlotArmor","Saiyan:PowerUp","Saiyan:DragonFist+1"],"picked":"SKIP","floor":18.0},{"not_picked":["Saiyan:MajinSeal","Saiyan:SoulSpice+1","Saiyan:PlotArmor"],"picked":"SKIP","floor":22},{"not_picked":["Saiyan:SolarFlare","Saiyan:PowerPole","Saiyan:Planning"],"picked":"SKIP","floor":23},{"not_picked":["Saiyan:Honing","Saiyan:RemoveWeights+1","Saiyan:ExpandingShockwave+1"],"picked":"SKIP","floor":24},{"not_picked":["Saiyan:BigBangAttack","Saiyan:DragonFist"],"picked":"Saiyan:LastResort","floor":25},{"not_picked":["Saiyan:FingerParry","Saiyan:SuperSaiyanThree","Saiyan:KiStrike"],"picked":"SKIP","floor":27},{"not_picked":["Saiyan:SolarFlare","Saiyan:Medicine"],"picked":"Saiyan:Furor","floor":29},{"not_picked":["Saiyan:Reset","Saiyan:DoubleMasenko","Saiyan:PowerUp"],"picked":"SKIP","floor":31},{"not_picked":["Saiyan:TheBomb","Saiyan:SolarFlare"],"picked":"Saiyan:GhostAttack","floor":33},{"not_picked":["Saiyan:DoubleMasenko+1","Saiyan:MeteorDash+1","Saiyan:Flurry+1"],"picked":"SKIP","floor":35},{"not_picked":["Saiyan:DoubleMasenko+1","Saiyan:MeteorDash+1","Saiyan:Flurry+1"],"picked":"SKIP","floor":35},{"not_picked":["Saiyan:PowerUp","Saiyan:KameHameHa+1","Saiyan:MeteorDash"],"picked":"SKIP","floor":36},{"not_picked":["Saiyan:ExpandingShockwave+1","Saiyan:ConcussiveBlow","Saiyan:LastResort"],"picked":"SKIP","floor":38},{"not_picked":["Saiyan:ThirstForFight+1","Saiyan:SpiritSword+1"],"picked":"Saiyan:GenkiDama","floor":40},{"not_picked":["Saiyan:PowerUp","Saiyan:RemoveWeights+1","Saiyan:Afterimage"],"picked":"SKIP","floor":41},{"not_picked":["Saiyan:Rekindle","Saiyan:KiExplosion+1"],"picked":"Saiyan:SenzuBean","floor":42},{"not_picked":["Saiyan:Makankosappo+1","Saiyan:RemoveWeights"],"picked":"Saiyan:Fly+1","floor":44},{"not_picked":["Saiyan:BackAttack+1","Saiyan:Honing+1"],"picked":"Saiyan:TurtleShell+1","floor":46},{"not_picked":["Saiyan:DragonFist","Saiyan:TurtleShell","Saiyan:PowerUp+1"],"picked":"SKIP","floor":47},{"not_picked":["Saiyan:FingerParry+1","Saiyan:Scouter+1","Saiyan:DragonFist+1"],"picked":"SKIP","floor":48}],"player_experience":464040,"relics_obtained":[{"floor":3.0,"key":"Strawberry"},{"floor":3.0,"key":"Blood Vial"},{"floor":3.0,"key":"Cauldron"},{"floor":3.0,"key":"hubris:TenFootPole"},{"floor":3.0,"key":"Toy Ornithopter"},{"floor":9.0,"key":"Regal Pillow"},{"floor":10.0,"key":"Centennial Puzzle"},{"floor":13.0,"key":"HornCleat"},{"floor":23,"key":"Ancient Tea Set"},{"floor":26,"key":"Bottled Tornado"},{"floor":29,"key":"Bronze Scales"},{"floor":40,"key":"Vajra"},{"floor":42,"key":"Meat on the Bone"},{"floor":43,"key":"War Paint"},{"floor":46,"key":"Guardian:PocketSentry"},{"floor":47,"key":"Art of War"},{"floor":48,"key":"Boot"}],"event_choices":[{"damage_healed":0.0,"max_hp_gain":0.0,"max_hp_loss":0.0,"gold_gain":64.0,"event_name":"Golden Wing","player_choice":"Gained Gold","floor":4.0,"gold_loss":0.0,"damage_taken":0.0},{"damage_healed":0.0,"max_hp_gain":0.0,"max_hp_loss":0.0,"gold_gain":0.0,"event_name":"Lab","player_choice":"Got Potions","floor":5.0,"gold_loss":0.0,"damage_taken":0.0},{"damage_healed":0,"gold_gain":0,"player_choice":"Ignored","damage_taken":0,"max_hp_gain":0,"max_hp_loss":0,"event_name":"Cursed Tome","floor":19,"gold_loss":0},{"damage_healed":0,"gold_gain":0,"player_choice":"Traded Relic","damage_taken":0,"relics_obtained":["Nloth\u0027s Gift"],"max_hp_gain":0,"max_hp_loss":0,"event_name":"N\u0027loth","floor":20,"relics_lost":["Centennial Puzzle"],"gold_loss":0},{"damage_healed":0,"gold_gain":0,"player_choice":"Obtained Relic","damage_taken":0,"relics_obtained":["Akabeko"],"max_hp_gain":0,"max_hp_loss":0,"event_name":"Addict","floor":28,"gold_loss":85},{"damage_healed":0,"gold_gain":0,"player_choice":"Leave","damage_taken":0,"max_hp_gain":0,"max_hp_loss":0,"event_name":"conspire:Investor","floor":37,"gold_loss":0},{"cards_removed":["Saiyan:RuthlessBlow"],"damage_healed":0,"gold_gain":0,"player_choice":"Purged","damage_taken":0,"max_hp_gain":0,"max_hp_loss":0,"event_name":"Purifier","floor":39,"gold_loss":0},{"damage_healed":0,"gold_gain":0,"player_choice":"Upgraded","damage_taken":0,"max_hp_gain":0,"max_hp_loss":0,"event_name":"Upgrade Shrine","floor":45,"gold_loss":0,"cards_upgraded":["Saiyan:SenzuBean"]}],"is_beta":false,"boss_relics":[{"not_picked":["Fusion Hammer","SlaversCollar"],"picked":"hubris:Backtick"},{"not_picked":["Snecko Eye","hubris:BlackHole","hubris:HollowSoul"]}],"items_purged_floors":[],"is_endless":false,"potions_floor_spawned":[1,10,13,14,23,24,25,33,41,44,47,48],"ascension_level":0}}