{"host":"c7yluuzpqlymemjk","time":1611808945,"event":{"mods":["BaseMod","Colored Map","GifTheSpireLib","Minty Spire (QoL Compilation)","Relic Stats","StSLib","slay the spire mod where everything is the same but ironclad has a cowboy hat"],"gold_per_floor":[115,290,290,96,110,110,110],"floor_reached":6,"language":"ENG","playtime":464,"items_purged":[],"score":37,"play_id":"11a26ef7-eb83-4b79-b647-3f650f39bc05","local_time":"20210127204225","is_ascension_mode":true,"campfire_choices":[],"circlet_count":0,"master_deck":["Strike_B","Strike_B","Strike_B","Strike_B","Defend_B","Defend_B","Defend_B","Defend_B","Zap","Dualcast","Dramatic Entrance","Rebound","Doubt","Turbo","Steam Power"],"relics":["Cracked Core","GremlinMask","Bag of Marbles"],"acts_visited":["Exordium"],"potions_floor_usage":[],"damage_taken":[{"damage":5,"enemies":"Small Slimes","floor":1,"turns":3},{"damage":1,"enemies":"Cultist","floor":5,"turns":3},{"damage":48,"enemies":"Lagavulin","floor":6,"turns":8}],"seed_played":"7680409805857304002","potions_obtained":[],"is_trial":false,"path_per_floor":["M","?","?","$","M","E"],"character_chosen":"DEFECT","items_purchased":["Turbo","Bag of Marbles"],"campfire_rested":0,"item_purchase_floors":[4,4],"current_hp_per_floor":[70,70,70,70,69,21,21],"gold":110,"neow_bonus":"RANDOM_COLORLESS","is_daily":false,"chose_seed":false,"campfire_upgraded":0,"win_rate":0.0,"timestamp":1611808945,"path_taken":["M","?","?","$","M","E"],"items_purchased_type":["Card","Relic"],"build_version":"2020-12-22","purchased_purges":0,"victory":false,"max_hp_per_floor":[75,75,75,75,75,75,75],"relic_stats":{"counters":[3,14],"obtain_stats":[{"GremlinMask":3,"Bag of Marbles":4,"Cracked Core":0},{"GremlinMask":1,"Bag of Marbles":1,"Cracked Core":0},{"GremlinMask":3,"Bag of Marbles":3,"Cracked Core":0}]},"card_choices":[{"not_picked":["Madness","Impatience"],"picked":"Dramatic Entrance","floor":0},{"not_picked":["Scrape","Stack"],"picked":"Rebound","floor":1},{"not_picked":["Loop","Cold Snap"],"picked":"Steam Power","floor":5}],"player_experience":346743,"relics_obtained":[],"event_choices":[{"damage_healed":0,"gold_gain":175,"player_choice":"AGREE","damage_taken":0,"max_hp_gain":0,"max_hp_loss":0,"event_name":"Liars Game","floor":2,"gold_loss":0,"cards_obtained":["Doubt"]},{"damage_healed":0,"gold_gain":0,"player_choice":"Trade","damage_taken":0,"relics_obtained":["GremlinMask"],"max_hp_gain":0,"max_hp_loss":0,"event_name":"FaceTrader","floor":3,"gold_loss":0}],"is_beta":false,"boss_relics":[],"items_purged_floors":[],"is_endless":false,"potions_floor_spawned":[],"killed_by":"Lagavulin","ascension_level":2}}