{"host":"q206iib20se9i6w7","time":1611814631,"event":{"mods":["AchievementEnabler","BaseMod","Bestiary","Block Reminder","Colored Map","Colored Powertips","Curses Come First","Highlight Path","Key Reminder","Minty Spire (QoL Compilation)","Quick Restart","Random Character Button","Relic Stats","StSLib","SuperFastMode","Unceasing Turn Reminder"],"gold_per_floor":[111,121,296,296,296,334,352,31,31,64,77,77,77,112,112,241,241,264,264,264,264,282,282,296,306,358,376,376,376,49,64,64,167,167,187,8,63,77,77,77,95,124,124,124,140,167,167,187,187,187],"floor_reached":51,"language":"ENG","playtime":3282,"items_purged":["Strike_P"],"score":1188,"play_id":"d0f6c4b3-e63d-4097-9439-b740c293256a","local_time":"20210128001711","is_ascension_mode":true,"campfire_choices":[{"floor":15,"key":"REST"},{"floor":23,"key":"REST"},{"data":"Eruption","floor":28,"key":"SMITH"},{"data":"MasterReality","floor":32,"key":"SMITH"},{"data":"RitualDagger","floor":40,"key":"SMITH"},{"data":"Vigilance","floor":44,"key":"SMITH"},{"data":"Defend_P","floor":47,"key":"SMITH"},{"data":"CutThroughFate","floor":49,"key":"SMITH"}],"circlet_count":0,"master_deck":["AscendersBane","Strike_P","Strike_P+1","Strike_P+1","Defend_P+1","Defend_P+1","Defend_P+1","Defend_P+1","Eruption+1","Vigilance+1","Conclude+1","Evaluate+1","CutThroughFate+1","LessonLearned+1","CrushJoints+1","EmptyFist","Meditate+1","MasterReality+1","WheelKick+1","RitualDagger+1","ClearTheMind+1","FearNoEvil+1","Crescendo+1","CarveReality","Evaluate+1","ClearTheMind+1","Vault+1","MentalFortress+1","EmptyFist","Consecrate+1","Eruption+1","Wireheading+1","Adaptation+1","TalkToTheHand+1"],"relics":["PureWater","NeowsBlessing","Bloody Idol","The Courier","Toy Ornithopter","White Beast Statue","Akabeko","Ornamental Fan","Lizard Tail","Toxic Egg 2","VioletLotus","Nilry\u0027s Codex","Orichalcum","Pantograph","Medical Kit","Philosopher\u0027s Stone","Membership Card","Bag of Preparation","Unceasing Top","Pen Nib","Thread and Needle","Juzu Bracelet"],"acts_visited":["Exordium","TheCity","TheBeyond"],"potions_floor_usage":[10,16,16,16,22,25,31,33,33,37,41,45,46,50,50],"damage_taken":[{"damage":0,"enemies":"2 Louse","floor":1,"turns":1},{"damage":0,"enemies":"Small Slimes","floor":2,"turns":1},{"damage":0,"enemies":"Gremlin Nob","floor":6,"turns":1},{"damage":0,"enemies":"Jaw Worm","floor":7,"turns":2},{"damage":0,"enemies":"3 Sentries","floor":10,"turns":3},{"damage":4,"enemies":"Exordium Wildlife","floor":11,"turns":3},{"damage":10,"enemies":"Lagavulin","floor":14,"turns":6},{"damage":37,"enemies":"Hexaghost","floor":16,"turns":14},{"damage":6,"enemies":"Chosen","floor":18,"turns":6},{"damage":20,"enemies":"Shell Parasite","floor":22,"turns":5},{"damage":40,"enemies":"Snake Plant","floor":24,"turns":4},{"damage":7,"enemies":"Snecko","floor":25,"turns":4},{"damage":6,"enemies":"3 Cultists","floor":27,"turns":4},{"damage":3,"enemies":"Chosen and Byrds","floor":31,"turns":4},{"damage":80,"enemies":"Automaton","floor":33,"turns":12},{"damage":3,"enemies":"3 Shapes","floor":35,"turns":5},{"damage":1,"enemies":"2 Orb Walkers","floor":37,"turns":3},{"damage":0,"enemies":"Orb Walker","floor":38,"turns":3},{"damage":19,"enemies":"Maw","floor":41,"turns":6},{"damage":0,"enemies":"Giant Head","floor":42,"turns":5},{"damage":0,"enemies":"Spire Growth","floor":45,"turns":5},{"damage":16,"enemies":"Nemesis","floor":46,"turns":6},{"damage":0,"enemies":"Transient","floor":48,"turns":5},{"damage":48,"enemies":"Donu and Deca","floor":50,"turns":7}],"seed_played":"4311224473663899569","potions_obtained":[{"floor":1,"key":"Energy Potion"},{"floor":6,"key":"DistilledChaos"},{"floor":10,"key":"BottledMiracle"},{"floor":11,"key":"Fire Potion"},{"floor":14,"key":"Swift Potion"},{"floor":16,"key":"BlessingOfTheForge"},{"floor":18,"key":"Energy Potion"},{"floor":22,"key":"FairyPotion"},{"floor":24,"key":"Ancient Potion"},{"floor":25,"key":"Energy Potion"},{"floor":27,"key":"FearPotion"},{"floor":31,"key":"EssenceOfSteel"},{"floor":33,"key":"Ambrosia"},{"floor":35,"key":"Explosive Potion"},{"floor":37,"key":"AttackPotion"},{"floor":38,"key":"BottledMiracle"},{"floor":41,"key":"DistilledChaos"},{"floor":42,"key":"BlessingOfTheForge"},{"floor":45,"key":"Energy Potion"},{"floor":46,"key":"Fire Potion"}],"is_trial":false,"path_per_floor":["M","M","?","?","?","E","M","$","T","E","M","?","?","E","R","B",null,"M","?","?","?","M","R","M","M","T","M","R","T","$","M","R","B",null,"M","$","?","M","?","R","M","E","T","R","M","E","R","M","R","B",null],"character_chosen":"WATCHER","items_purchased":["Toy Ornithopter","White Beast Statue","Medical Kit","CarveReality","Fruit Juice","Evaluate+1","Membership Card","Bag of Preparation"],"campfire_rested":2,"item_purchase_floors":[8,8,30,30,30,30,36,36],"current_hp_per_floor":[65,65,65,58,40,40,40,40,40,45,41,29,15,5,26,4,55,49,43,27,27,17,38,26,29,34,33,33,33,33,45,45,43,69,71,71,77,77,77,77,63,68,68,68,77,66,66,71,71,34],"gold":187,"neow_bonus":"THREE_ENEMY_KILL","is_daily":false,"chose_seed":false,"campfire_upgraded":6,"win_rate":0.0,"timestamp":1611814631,"path_taken":["M","M","?","?","?","E","M","$","T","E","M","?","?","E","R","BOSS","M","?","?","?","M","R","M","M","T","M","R","?","$","M","R","BOSS","M","$","?","M","?","R","M","E","T","R","M","E","R","M","R","BOSS"],"items_purchased_type":["Relic","Relic","Relic","Card","Potion","Card","Relic","Relic"],"build_version":"2020-12-22","purchased_purges":1,"victory":true,"max_hp_per_floor":[72,72,72,72,72,72,72,72,72,72,72,72,72,72,72,72,72,72,72,72,72,72,72,72,72,72,72,72,72,72,77,77,77,77,77,77,77,77,77,77,77,77,77,77,77,77,77,77,77,77],"relic_stats":{"counters":[24,115],"Pen Nib":[7],"Bag of Preparation":[16],"Juzu Bracelet":0,"Orichalcum":[30],"Medical Kit":[5],"Lizard Tail":38,"Ornamental Fan":[196],"Bloody Idol":66,"Pantograph":31,"VioletLotus":[37],"obtain_stats":[{"NeowsBlessing":0,"Golden Idol":5,"Nilry\u0027s Codex":20,"Thread and Needle":43,"The Courier":6,"Pen Nib":42,"Bag of Preparation":36,"Juzu Bracelet":46,"Orichalcum":26,"Medical Kit":30,"White Beast Statue":8,"Akabeko":9,"Lizard Tail":12,"Ornamental Fan":10,"Bloody Idol":21,"Pantograph":29,"Philosopher\u0027s Stone":34,"VioletLotus":17,"Membership Card":36,"PureWater":0,"Toxic Egg 2":14,"Toy Ornithopter":8,"Unceasing Top":37},{"NeowsBlessing":0,"Golden Idol":2,"Nilry\u0027s Codex":9,"Thread and Needle":20,"The Courier":3,"Pen Nib":20,"Bag of Preparation":16,"Juzu Bracelet":22,"Orichalcum":12,"Medical Kit":13,"White Beast Statue":4,"Akabeko":4,"Lizard Tail":6,"Ornamental Fan":5,"Bloody Idol":9,"Pantograph":13,"Philosopher\u0027s Stone":15,"VioletLotus":8,"Membership Card":16,"PureWater":0,"Toxic Egg 2":7,"Toy Ornithopter":4,"Unceasing Top":17},{"NeowsBlessing":0,"Golden Idol":2,"Nilry\u0027s Codex":37,"Thread and Needle":92,"The Courier":3,"Pen Nib":92,"Bag of Preparation":75,"Juzu Bracelet":103,"Orichalcum":50,"Medical Kit":54,"White Beast Statue":5,"Akabeko":5,"Lizard Tail":11,"Ornamental Fan":8,"Bloody Idol":37,"Pantograph":54,"Philosopher\u0027s Stone":70,"VioletLotus":31,"Membership Card":75,"PureWater":0,"Toxic Egg 2":17,"Toy Ornithopter":5,"Unceasing Top":78}],"Toy Ornithopter":60,"Unceasing Top":[0]},"card_choices":[{"not_picked":["JustLucky","BattleHymn"],"picked":"Conclude","floor":1},{"not_picked":["Nirvana","FlyingSleeves"],"picked":"Evaluate","floor":2},{"not_picked":["SashWhip","Swivel"],"picked":"CutThroughFate","floor":6},{"not_picked":["BowlingBash","Sanctity"],"picked":"LessonLearned","floor":7},{"not_picked":["Collect","WheelKick"],"picked":"CrushJoints","floor":10},{"not_picked":["DeceiveReality","Halt"],"picked":"EmptyFist","floor":11},{"not_picked":["Prostrate+1","PathToVictory+1"],"picked":"Meditate+1","floor":14},{"not_picked":["LessonLearned","ConjureBlade+1"],"picked":"MasterReality","floor":16},{"not_picked":["SashWhip","WreathOfFlame+1"],"picked":"WheelKick+1","floor":18},{"not_picked":["FlurryOfBlows","ReachHeaven","CrushJoints"],"picked":"SKIP","floor":22},{"not_picked":["LikeWater","Protect+1"],"picked":"ClearTheMind+1","floor":24},{"not_picked":["Weave+1","SandsOfTime"],"picked":"FearNoEvil+1","floor":25},{"not_picked":["Tantrum","EmptyBody+1"],"picked":"Crescendo+1","floor":27},{"not_picked":["BowlingBash","Crescendo+1"],"picked":"ClearTheMind+1","floor":31},{"not_picked":["Brilliance","MasterReality"],"picked":"Vault+1","floor":33},{"not_picked":["Conclude","ThirdEye+1"],"picked":"MentalFortress+1","floor":35},{"not_picked":["ClearTheMind+1","FlyingSleeves"],"picked":"EmptyFist","floor":37},{"not_picked":["CutThroughFate","FlurryOfBlows"],"picked":"Consecrate+1","floor":38},{"not_picked":["Blasphemy+1","Conclude+1","SandsOfTime"],"picked":"SKIP","floor":41},{"not_picked":["BattleHymn+1","Swivel+1"],"picked":"Wireheading+1","floor":42},{"not_picked":["FlyingSleeves","CutThroughFate+1"],"picked":"Adaptation+1","floor":45},{"not_picked":["Consecrate","Prostrate+1"],"picked":"TalkToTheHand+1","floor":46},{"not_picked":["SandsOfTime+1","PathToVictory+1","Prostrate+1"],"picked":"SKIP","floor":48}],"player_experience":287205,"relics_obtained":[{"floor":6,"key":"The Courier"},{"floor":9,"key":"Akabeko"},{"floor":10,"key":"Ornamental Fan"},{"floor":14,"key":"Toxic Egg 2"},{"floor":20,"key":"Nilry\u0027s Codex"},{"floor":26,"key":"Orichalcum"},{"floor":29,"key":"Pantograph"},{"floor":37,"key":"Unceasing Top"},{"floor":42,"key":"Pen Nib"},{"floor":43,"key":"Thread and Needle"},{"floor":46,"key":"Juzu Bracelet"}],"event_choices":[{"damage_healed":0,"gold_gain":175,"player_choice":"AGREE","damage_taken":0,"max_hp_gain":0,"max_hp_loss":0,"event_name":"Liars Game","floor":3,"gold_loss":0,"cards_obtained":["Doubt"]},{"cards_removed":["Doubt"],"damage_healed":0,"gold_gain":0,"player_choice":"Card Removal","damage_taken":7,"max_hp_gain":0,"max_hp_loss":0,"event_name":"Golden Wing","floor":4,"gold_loss":0},{"damage_healed":0,"gold_gain":0,"player_choice":"Take Damage","damage_taken":18,"relics_obtained":["Golden Idol"],"max_hp_gain":0,"max_hp_loss":0,"event_name":"Golden Idol","floor":5,"gold_loss":0},{"damage_healed":0,"gold_gain":0,"player_choice":"Success","damage_taken":12,"relics_obtained":["Lizard Tail"],"max_hp_gain":0,"max_hp_loss":0,"event_name":"Scrap Ooze","floor":12,"gold_loss":0},{"damage_healed":0,"gold_gain":0,"player_choice":"Entered Light","damage_taken":14,"max_hp_gain":0,"max_hp_loss":0,"event_name":"Shining Light","floor":13,"gold_loss":0,"cards_upgraded":["Evaluate","Conclude"]},{"damage_healed":0,"gold_gain":0,"player_choice":"Joined the Cult","damage_taken":6,"max_hp_gain":0,"max_hp_loss":0,"event_name":"Nest","floor":19,"gold_loss":0,"cards_obtained":["RitualDagger"]},{"damage_healed":0,"gold_gain":0,"player_choice":"Obtained Book","damage_taken":16,"max_hp_gain":0,"max_hp_loss":0,"event_name":"Cursed Tome","floor":20,"gold_loss":0},{"damage_healed":0,"gold_gain":0,"player_choice":"Gave Idol","damage_taken":0,"relics_obtained":["Bloody Idol"],"max_hp_gain":0,"max_hp_loss":0,"event_name":"Forgotten Altar","floor":21,"relics_lost":["Golden Idol"],"gold_loss":0},{"damage_healed":0,"gold_gain":0,"player_choice":"Fight","damage_taken":0,"max_hp_gain":0,"max_hp_loss":0,"event_name":"Mysterious Sphere","floor":37,"gold_loss":0},{"damage_healed":0,"gold_gain":0,"player_choice":"Copied","damage_taken":0,"max_hp_gain":0,"max_hp_loss":0,"event_name":"Duplicator","floor":39,"gold_loss":0,"cards_obtained":["Eruption"]}],"is_beta":false,"boss_relics":[{"not_picked":["Cursed Key","SacredBark"],"picked":"VioletLotus"},{"not_picked":["Calling Bell","Runic Pyramid"],"picked":"Philosopher\u0027s Stone"}],"items_purged_floors":[30],"is_endless":false,"potions_floor_spawned":[1,6,10,11,14,16,18,22,24,25,27,31,33,35,37,38,41,42,45,46,48],"ascension_level":10}}