{"host":"snhgf1tbc52ohml4","time":1611834852,"event":{"mods":["BaseMod","LagranYue(¿≠∏Ò¿ °§‘¬)","Minty Spire (QoL Compilation)","StSLib"],"gold_per_floor":[109,121,121,132,132,132,132,132],"floor_reached":7,"language":"ZHS","playtime":317,"items_purged":[],"score":41,"play_id":"fc830966-c44e-4050-bfb2-f3594541fca1","local_time":"20210128195412","is_ascension_mode":false,"campfire_choices":[{"data":"LagranYue:SkillChiharaHoundCard","floor":6,"key":"SMITH"}],"circlet_count":0,"master_deck":["LagranYue:BaseAttackCard","LagranYue:BaseAttackCard","LagranYue:BaseAttackCard","LagranYue:BaseDefendCard","LagranYue:BaseDefendCard","LagranYue:BaseDefendCard","LagranYue:AttackTopazCard","LagranYue:SkillBrokenSwordCard","LagranYue:BaseDefendCard","LagranYue:BraveTemperamentCard","LagranYue:TestChooseCard","LagranYue:SkillFalseAerialAceCard","LagranYue:SkillChiharaHoundCard+1","Injury"],"relics":["LagranYue:ArmsProficiencyRelics","LagranYue:RandomDrawCardRelic","NeowsBlessing","Golden Idol"],"acts_visited":["Exordium"],"potions_floor_usage":[7,7],"damage_taken":[{"damage":0,"enemies":"Jaw Worm","floor":1,"turns":1},{"damage":0,"enemies":"Cultist","floor":2,"turns":1},{"damage":0,"enemies":"2 Louse","floor":4,"turns":1},{"damage":32,"enemies":"Gremlin Nob","floor":7,"turns":6}],"seed_played":"-1663548384205566665","potions_obtained":[{"floor":1,"key":"LiquidMemories"},{"floor":4,"key":"Block Potion"}],"is_trial":false,"path_per_floor":["M","M","?","M","?","R","E"],"character_chosen":"LagranYueCharacter","items_purchased":[],"campfire_rested":0,"item_purchase_floors":[],"current_hp_per_floor":[75,75,75,75,75,75,43,43],"gold":132,"neow_bonus":"THREE_ENEMY_KILL","is_daily":false,"chose_seed":false,"campfire_upgraded":1,"win_rate":0.0,"timestamp":1611834852,"path_taken":["M","M","?","?","?","R","E"],"items_purchased_type":[],"build_version":"2020-12-22","purchased_purges":0,"victory":false,"max_hp_per_floor":[75,75,75,75,75,75,75,75],"card_choices":[{"not_picked":["LagranYue:PrematureBurialCard","LagranYue:PowerRemoveArmorCard"],"picked":"LagranYue:BraveTemperamentCard","floor":1},{"not_picked":["LagranYue:PowerGoldStartCard","LagranYue:SkillDevilKissCard"],"picked":"LagranYue:TestChooseCard","floor":2},{"not_picked":["LagranYue:ForgingCard","LagranYue:SkillWoodSpearCard"],"picked":"LagranYue:SkillChiharaHoundCard","floor":4}],"player_experience":13251,"relics_obtained":[],"event_choices":[{"damage_healed":0,"gold_gain":0,"cards_transformed":["LagranYue:BaseAttackCard"],"player_choice":"Transformed","damage_taken":0,"max_hp_gain":0,"max_hp_loss":0,"event_name":"Transmorgrifier","floor":3,"gold_loss":0,"cards_obtained":["LagranYue:SkillFalseAerialAceCard"]},{"damage_healed":0,"gold_gain":0,"player_choice":"Take Wound","damage_taken":0,"relics_obtained":["Golden Idol"],"max_hp_gain":0,"max_hp_loss":0,"event_name":"Golden Idol","floor":5,"gold_loss":0,"cards_obtained":["Injury"]}],"is_beta":false,"boss_relics":[],"items_purged_floors":[],"is_endless":false,"potions_floor_spawned":[1,4],"killed_by":"Gremlin Nob","ascension_level":0}}