{"host":"ss2ocoam53r2lno0","time":1611827865,"event":{"mods":["Act Like it!","BaseMod","ChefMod","Clockwork Mod","Colored Powertips","Curses Come First","Displayed Cursed Tome","Downfall","Evolution","Googly Eyes","Hallownest","Highlight Path","Minty Spire (QoL Compilation)","Poor People Problems","Rare Cards Sparkle","Reliquary","Robot Space Explorer","Shade Mod","Shop Mod","Spicy Shops","StSLib","TheSurvivalist"],"gold_per_floor":[213,213,288,304,304,304,318,318,341,359,26,26,52,72,72,169,169,187,198,212,212,226,226,237,237,263,275,328,328,338,350,350,452,502,521,521,537,588,605,605,616,526,608,108,118,143,154,171,171,171],"floor_reached":51,"language":"ENG","playtime":4780,"items_purged":["survmod:Strike","survmod:Strike","survmod:Defend+1"],"score":810,"play_id":"c5348c14-1088-4c06-9255-7368d664e983","local_time":"20210128105745","is_ascension_mode":false,"campfire_choices":[{"data":"survmod:Sprint","floor":8.0,"key":"SMITH"},{"data":"survmod:AcidTrap","floor":12.0,"key":"SMITH"},{"data":"survmod:TrapTrap","floor":15.0,"key":"SMITH"},{"data":"survmod:GoForFace","floor":23.0,"key":"SMITH"},{"data":"survmod:VersatileDefense","floor":29.0,"key":"SMITH"},{"data":"survmod:GoForFace","floor":32.0,"key":"SMITH"},{"floor":40,"key":"REST"},{"data":"survmod:GoForFace","floor":49,"key":"SMITH"}],"circlet_count":0,"master_deck":["survmod:Defend+1","survmod:Defend+1","survmod:Defend+1","survmod:VersatileOffense+1","survmod:Sprint+1","survmod:GoForFace+1","survmod:GoForFace+1","survmod:GoForFace+1","survmod:GoForFace","survmod:AcidTrap+1","survmod:TrapTrap+1","survmod:MarkTrap+1","survmod:VersatileDefense+1","survmod:SkillfulManeuver+1","survmod:FlashbangShot","survmod:TacticalManeuver+1","survmod:GoForFace+1","survmod:RejectWeakness+1"],"relics":["survmod:InnateMutation","EVO:Axolotl","reliquary:Boomerang","reliquary:PorcupineQuills","Strawberry","TungstenRod","Orichalcum","Velvet Choker","Blood Vial","reliquary:Knoch","Tiny House","Torii","MerchantsRug","reliquary:IridiumChain"],"acts_visited":["Exordium","TheCity","TheBeyond"],"potions_floor_usage":[48,50,50],"damage_taken":[{"damage":0.0,"enemies":"Small Slimes","floor":1.0,"turns":13.0},{"damage":0.0,"enemies":"2 Louse","floor":4.0,"turns":3.0},{"damage":0.0,"enemies":"Jaw Worm","floor":7.0,"turns":4.0},{"damage":2.0,"enemies":"Lots of Slimes","floor":10.0,"turns":6.0},{"damage":1.0,"enemies":"Lagavulin","floor":13.0,"turns":6.0},{"damage":0.0,"enemies":"Exordium Thugs","floor":14.0,"turns":5.0},{"damage":0.0,"enemies":"The Guardian","floor":16.0,"turns":9.0},{"damage":1.0,"enemies":"3 Byrds","floor":18.0,"turns":4.0},{"damage":0.0,"enemies":"Spheric Guardian","floor":19.0,"turns":3.0},{"damage":11.0,"enemies":"Snecko","floor":20.0,"turns":4.0},{"damage":0.0,"enemies":"Chosen and Byrds","floor":22.0,"turns":6.0},{"damage":0.0,"enemies":"Sentry and Sphere","floor":24.0,"turns":5.0},{"damage":0.0,"enemies":"Cultist and Chosen","floor":27.0,"turns":6.0},{"damage":0.0,"enemies":"Snake Plant","floor":30.0,"turns":5.0},{"damage":0.0,"enemies":"Centurion and Healer","floor":31.0,"turns":8.0},{"damage":7.0,"enemies":"Champ","floor":33.0,"turns":9.0},{"damage":0.0,"enemies":"3 Darklings","floor":35.0,"turns":8.0},{"damage":53.0,"enemies":"3 Shapes","floor":37.0,"turns":4.0},{"damage":7.0,"enemies":"2 Orb Walkers","floor":38.0,"turns":6.0},{"damage":0,"enemies":"Writhing Mass","floor":39,"turns":9},{"damage":0,"enemies":"4 Shapes","floor":41,"turns":6},{"damage":0,"enemies":"Sphere and 2 Shapes","floor":45,"turns":7},{"damage":5,"enemies":"Giant Head","floor":46,"turns":11},{"damage":0,"enemies":"Jaw Worm Horde","floor":47,"turns":6},{"damage":0,"enemies":"Transient","floor":48,"turns":5},{"damage":0,"enemies":"Donu and Deca","floor":50,"turns":10}],"seed_played":"-6990261866059353885","potions_obtained":[{"floor":4.0,"key":"sneckomod:MuddlingPotion"},{"floor":10.0,"key":"EssenceOfSteel"},{"floor":18.0,"key":"SteroidPotion"},{"floor":45,"key":"Regen Potion"},{"floor":47,"key":"Ancient Potion"},{"floor":48,"key":"LiquidBronze"}],"is_trial":false,"path_per_floor":["M","?","?","M","?","T","M","R","T","M","$","R","E","M","R","B",null,"M","M","M","?","M","R","M","?","T","M","T","R","M","M","R","B",null,"M","?","M","?","M","R","M","?","T","$","M","E","M","M","R","B",null],"character_chosen":"THE_SURVIVOR","items_purchased":["survmod:GoForFace","TungstenRod","survmod:AcidTrap","MerchantsRug","reliquary:IridiumChain"],"campfire_rested":1,"item_purchase_floors":[11,11,11,44,44],"current_hp_per_floor":[50,40,29,29,26,26,26,26,33,31,31,31,30,30,30,30,57,56,56,45,45,45,45,45,45,45,47,47,47,49,51,51,46,62,62,62,9,4,6,24,26,26,33,33,35,32,34,51,51,53],"gold":171,"neow_bonus":"HUNDRED_GOLD","is_daily":false,"chose_seed":false,"campfire_upgraded":7,"win_rate":0.0,"timestamp":1611827865,"path_taken":["M","?","?","M","?","?","M","R","T","M","$","R","E","M","R","BOSS","M","M","M","?","M","R","M","?","T","M","?","R","M","?","R","BOSS","M","?","M","?","M","R","M","?","T","$","M","E","M","M","R","BOSS"],"items_purchased_type":["Card","Relic","Card","Relic","Relic"],"build_version":"2020-12-22","purchased_purges":3,"victory":true,"max_hp_per_floor":[50,50,50,50,50,50,50,50,57,57,57,57,57,57,57,57,57,57,57,57,57,57,57,57,57,57,57,57,57,57,57,57,57,62,62,62,62,62,62,62,62,62,69,69,69,69,69,69,69,69],"card_choices":[{"not_picked":["survmod:SwiftKick","survmod:PersonalMark"],"picked":"survmod:GoForFace","floor":1.0},{"not_picked":["survmod:TakeAim","survmod:NockAnArrow"],"picked":"survmod:GoForFace","floor":4.0},{"not_picked":["survmod:ComplexMutation","survmod:MarkTrap"],"picked":"survmod:GoForFace","floor":7.0},{"not_picked":["survmod:TwinShot","survmod:SimpleMutation","survmod:LongShot"],"picked":"SKIP","floor":10.0},{"not_picked":["survmod:PinningSnipe","survmod:OverexertingShot","survmod:FlareQuiver"],"picked":"SKIP","floor":13.0},{"not_picked":["survmod:FlareQuiver","survmod:RejectWeakness"],"picked":"survmod:TrapTrap","floor":14.0},{"not_picked":["survmod:SwiftKick","survmod:PersonalMark","survmod:FocusedFire"],"picked":"SKIP","floor":18.0},{"not_picked":["survmod:MarkedShot","survmod:TwinShot+1","survmod:NockAnArrow"],"picked":"SKIP","floor":19.0},{"not_picked":["survmod:HailOfArrows+1","survmod:FenceTrap"],"picked":"survmod:MarkTrap+1","floor":20.0},{"not_picked":["survmod:LeapingShot","survmod:PiercingShot+1","survmod:TwinShot"],"picked":"SKIP","floor":22.0},{"not_picked":["survmod:FlashbangTrap","survmod:FlareBarrage"],"picked":"survmod:VersatileDefense","floor":24.0},{"not_picked":["survmod:PenetratingShot+1","survmod:DuckAndFlare"],"picked":"survmod:SkillfulManeuver","floor":27.0},{"not_picked":["survmod:UnfortunateEscape","survmod:VersatileDefense+1","survmod:AcidTrap"],"picked":"SKIP","floor":30.0},{"not_picked":["survmod:TwinShot","survmod:QuickDash+1"],"picked":"survmod:FlashbangShot","floor":31.0},{"not_picked":["survmod:MarkedShot+1","survmod:LongShot+1","survmod:PinningSnipe+1"],"picked":"SKIP","floor":35.0},{"not_picked":["survmod:BearTrap+1","survmod:DuckAndFlare"],"picked":"survmod:TacticalManeuver+1","floor":37.0},{"not_picked":["survmod:NockAnArrow","survmod:BearTrap+1","survmod:TacticalManeuver"],"picked":"SKIP","floor":39},{"not_picked":["survmod:FocusedFire","survmod:MarkedShot+1","survmod:Marksmanship"],"picked":"SKIP","floor":41},{"not_picked":["survmod:AimForTheLiver","survmod:NockAnArrow","survmod:UnfortunateEscape+1"],"picked":"SKIP","floor":45},{"not_picked":["survmod:ConcussiveShot","survmod:AimForTheLiver+1","survmod:VersatileDefense+1"],"picked":"SKIP","floor":46},{"not_picked":["survmod:PersonalMark+1","survmod:LongShot+1"],"picked":"survmod:GoForFace","floor":47},{"not_picked":["survmod:UnfortunateEscape","survmod:SimpleMutation"],"picked":"survmod:RejectWeakness+1","floor":48}],"player_experience":839121,"relics_obtained":[{"floor":6.0,"key":"reliquary:PorcupineQuills"},{"floor":9.0,"key":"Strawberry"},{"floor":13.0,"key":"Orichalcum"},{"floor":26.0,"key":"Blood Vial"},{"floor":28.0,"key":"reliquary:Knoch"},{"floor":38.0,"key":"Torii"},{"floor":43,"key":"reliquary:SculptingSteel"}],"event_choices":[{"damage_healed":0.0,"max_hp_gain":0.0,"max_hp_loss":0.0,"gold_gain":0.0,"event_name":"Shining Light","player_choice":"Entered Light","floor":2.0,"gold_loss":0.0,"damage_taken":10.0,"cards_upgraded":["survmod:Defend","survmod:VersatileOffense"]},{"damage_healed":0.0,"max_hp_gain":0.0,"max_hp_loss":0.0,"gold_gain":75.0,"event_name":"World of Goop","player_choice":"Gather Gold","floor":3.0,"gold_loss":0.0,"damage_taken":11.0},{"damage_healed":0.0,"max_hp_gain":0.0,"max_hp_loss":0.0,"gold_gain":0.0,"event_name":"Scrap Ooze","player_choice":"Success","floor":5.0,"gold_loss":0.0,"damage_taken":3.0,"relics_obtained":["reliquary:Boomerang"]},{"damage_healed":0.0,"max_hp_gain":0.0,"max_hp_loss":0.0,"gold_gain":0.0,"event_name":"Back to Basics","player_choice":"Simplicity","floor":21.0,"gold_loss":0.0,"damage_taken":0.0,"cards_upgraded":["survmod:Strike","survmod:Defend","survmod:Defend","survmod:Defend"]},{"cards_removed":["survmod:PinningSnipe"],"damage_healed":0.0,"max_hp_gain":0.0,"max_hp_loss":0.0,"gold_gain":0.0,"event_name":"Falling","player_choice":"Removed Attack","floor":36.0,"gold_loss":0.0,"damage_taken":0.0},{"damage_healed":0.0,"max_hp_gain":0.0,"max_hp_loss":0.0,"gold_gain":0.0,"event_name":"Mysterious Sphere","player_choice":"Fight","floor":38.0,"gold_loss":0.0,"damage_taken":0.0},{"cards_removed":["survmod:Strike"],"damage_healed":0,"gold_gain":0,"player_choice":"Upgrade and Remove","damage_taken":0,"max_hp_gain":0,"max_hp_loss":0,"event_name":"Designer","floor":42,"gold_loss":90,"cards_upgraded":["survmod:SkillfulManeuver"]}],"is_beta":false,"boss_relics":[{"not_picked":["Philosopher\u0027s Stone","Snecko Eye"],"picked":"Velvet Choker"},{"not_picked":["bronze:MakeshiftBattery","reliquary:Ember"],"picked":"Tiny House"}],"items_purged_floors":[11,11,44],"is_endless":false,"potions_floor_spawned":[4,10,13,16,18,30,33,35,39,45,47,48],"ascension_level":0}}