{"host":"ooe12lh8pgcirntb","time":1611813496,"event":{"mods":["AchievementEnabler","Act Like it!","BaseMod","Beaked The Cultist","Better Note","ChefMod","Colored Map","Colored Powertips","Downfall","Hallownest","Minty Spire (QoL Compilation)","StSLib","The Animator","The Bug Knight","The Disciple","The Hierophant","The Problem Sleuth"],"gold_per_floor":[119,133,153,183,183,183,28,28,28,28,44,54,67,87,87,183,183,197,197,197,197,197,197,212,212,212,254,289,289,289,304,304,400,400,416,336,394,423,442,442,459,459,509,424,440,459,459,459,459,459],"floor_reached":51,"language":"ENG","playtime":6156,"items_purged":[],"score":722,"play_id":"af393699-2676-4a1f-9664-9f90f57a566f","local_time":"20210128005816","is_ascension_mode":false,"campfire_choices":[{"data":"HollowMod:HuntersJournal","floor":6,"key":"SMITH"},{"data":"HollowMod:SoulSplash","floor":8,"key":"SMITH"},{"floor":15,"key":"REST"},{"data":"Hallownest:attackMasterCycloneSlash","floor":23,"key":"SMITH"},{"floor":29,"key":"REST"},{"floor":32,"key":"REST"},{"floor":40,"key":"REST"},{"floor":42,"key":"REST"},{"data":"Hallownest:attackMasterDashSlash","floor":49,"key":"SMITH"}],"circlet_count":0,"master_deck":["HollowMod:NailStrikeStart","HollowMod:NailStrikeStart","HollowMod:NailStrikeStart","HollowMod:NailStrikeStart","HollowMod:QuickDashStart","HollowMod:QuickDashStart","HollowMod:QuickDashStart","HollowMod:QuickDashStart","HollowMod:FocusHealStart","HollowMod:PogoStrike","HollowMod:DoubleDash","HollowMod:DashSlash","HollowMod:SoulSplash+1","HollowMod:HuntersJournal+1","Writhe","HollowMod:CoiledNail","HollowMod:NewLittleFool","HollowMod:FastStrike","HollowMod:ChannelNail","HollowMod:PureVessel","HollowMod:SiblingsSouls+1","downfall:Icky","HollowMod:NewInfectedGuardian","Clumsy","HollowMod:SiblingsSouls+1","HollowMod:GreatSlash","Hallownest:attackMasterCycloneSlash+1","HollowMod:LifebloodCore","HollowMod:AwokenDreamNail","Hallownest:attackMasterDashSlash+1","HollowMod:CycloneSlash+1","HollowMod:GreatSlash+1","HollowMod:HuntersJournal+1","Hallownest:skillKingdomsEdgeMap","Hallownest:curseDreamersLament"],"relics":["HollowMod:VesselMask","NeowsBlessing","Pantograph","Guardian:PocketSentry","Vajra","beaked:MawFillet","Du-Vu Doll","Juzu Bracelet","hexamod:BolsterEngine","SacredBark","Ice Cream","Lizard Tail","Anchor","Hallownest:BeastSealRelic"],"acts_visited":["Exordium","Hallownest:Greenpath","Hallownest:CityofTears"],"potions_floor_usage":[33,37,37,37,38,41,45,50,50],"damage_taken":[{"damage":0,"enemies":"Hallownest:2_Baldur","floor":1,"turns":1},{"damage":0,"enemies":"Hallownest:monsterHuskWarrior","floor":2,"turns":1},{"damage":0,"enemies":"Hallownest:monsterHuskGuard","floor":3,"turns":1},{"damage":39,"enemies":"Hallownest:eliteCrystalGuardian","floor":4,"turns":7},{"damage":0,"enemies":"Hallownest:Guard_and_Warrior","floor":11,"turns":4},{"damage":0,"enemies":"Hallownest:monsterMossCharger","floor":12,"turns":2},{"damage":2,"enemies":"Hallownest:MossCreep_and_Mosskin","floor":13,"turns":3},{"damage":1,"enemies":"Hallownest:1_Ooma_and_2_Uuma","floor":14,"turns":3},{"damage":29,"enemies":"Hallownest:BossFalseKnight","floor":16,"turns":5},{"damage":6,"enemies":"Hallownest:Guard_and_Sentry","floor":18,"turns":3},{"damage":0,"enemies":"Hallownest:3_Youths","floor":24,"turns":3},{"damage":15,"enemies":"Hallownest:Glutton_and_Coward","floor":27,"turns":3},{"damage":33,"enemies":"Hallownest:eliteWatcherKnight","floor":28,"turns":10},{"damage":16,"enemies":"Hallownest:2_Husk_Sentries","floor":31,"turns":3},{"damage":63,"enemies":"Hallownest:BossMantisLord","floor":33,"turns":5},{"damage":47,"enemies":"Hallownest:3_Siblings","floor":35,"turns":7},{"damage":83,"enemies":"Hallownest:2_Primals","floor":37,"turns":4},{"damage":0,"enemies":"Hallownest:eliteHiveKnight","floor":38,"turns":7},{"damage":8,"enemies":"Hallownest:Shield_Heavy","floor":39,"turns":3},{"damage":0,"enemies":"Hallownest:2_Wandering_and_1_Horned","floor":41,"turns":2},{"damage":0,"enemies":"Hallownest:2_Soldiers_and_1_Guardian","floor":45,"turns":1},{"damage":0,"enemies":"Hallownest:Xero_Hu_Marmu","floor":46,"turns":2},{"damage":48,"enemies":"Hallownest:Radiance","floor":50,"turns":6}],"seed_played":"-6014454215962398082","potions_obtained":[{"floor":2,"key":"FearPotion"},{"floor":11,"key":"SpeedPotion"},{"floor":16,"key":"Fire Potion"},{"floor":33,"key":"FairyPotion"},{"floor":39,"key":"DistilledChaos"},{"floor":41,"key":"LiquidMemories"},{"floor":46,"key":"hexamod:SoulburnPotion"}],"is_trial":false,"path_per_floor":["M","M","M","?","?","R","$","R","T","$","M","M","M","M","R","B",null,"M","?","?","?","?","R","M","?","T","M","E","R","?","M","R","B",null,"M","?","?","E","M","R","M","R","T","?","M","M","?","?","R","B",null],"character_chosen":"THE_BUGKNIGHT","items_purchased":["Guardian:PocketSentry"],"campfire_rested":5,"item_purchase_floors":[7],"current_hp_per_floor":[75,75,75,36,45,45,45,45,45,45,45,45,49,48,73,55,84,78,83,83,83,83,83,83,79,79,64,37,63,63,47,73,26,89,42,42,13,13,5,31,37,63,63,63,63,63,63,63,63,42],"gold":459,"neow_bonus":"THREE_ENEMY_KILL","is_daily":false,"chose_seed":false,"campfire_upgraded":4,"win_rate":0.0,"timestamp":1611813496,"path_taken":["M","?","?","?","?","R","$","R","T","?","M","?","M","M","R","BOSS","M","?","?","?","?","R","M","?","T","M","E","R","?","M","R","BOSS","M","?","?","E","M","R","M","R","T","?","M","M","?","?","R","BOSS"],"items_purchased_type":["Relic"],"build_version":"2020-12-22","purchased_purges":0,"victory":true,"max_hp_per_floor":[75,75,75,75,84,84,84,84,84,84,84,84,84,84,84,84,84,84,89,89,89,89,89,89,89,89,89,89,89,89,89,89,89,89,89,89,89,89,89,89,89,89,89,89,89,89,84,84,84,84],"card_choices":[{"not_picked":["HollowMod:DescendingDark","HollowMod:LuriensSpire"],"picked":"HollowMod:DoubleDash","floor":1},{"not_picked":["HollowMod:SharpenedNail","HollowMod:NewJinnsSoul"],"picked":"HollowMod:DashSlash","floor":2},{"not_picked":["HollowMod:InfectedAttack","HollowMod:SoulShaman"],"picked":"HollowMod:SoulSplash","floor":3},{"not_picked":["HollowMod:CrystalDash","HollowMod:SoulStrike"],"picked":"HollowMod:HuntersJournal","floor":4},{"not_picked":["HollowMod:CornifersMapStart","HollowMod:HeavyBlow"],"picked":"HollowMod:CoiledNail","floor":11},{"not_picked":["HollowMod:DungDefenderAura","HollowMod:NewJinnsSoul"],"picked":"HollowMod:NewLittleFool","floor":12},{"not_picked":["HollowMod:ChannelNail","HollowMod:BlackTendrils"],"picked":"HollowMod:FastStrike","floor":13},{"not_picked":["HollowMod:MawleksShell","HollowMod:SoulVessel"],"picked":"HollowMod:ChannelNail","floor":14},{"not_picked":["HollowMod:theNailsmith","HollowMod:SoulMaster"],"picked":"HollowMod:PureVessel","floor":16},{"not_picked":["HollowMod:WraithStrike","HollowMod:SharpenedNail+1"],"picked":"HollowMod:SiblingsSouls+1","floor":18},{"not_picked":["HollowMod:InfectedCysts","HollowMod:HowlingWraiths"],"picked":"HollowMod:SiblingsSouls+1","floor":21},{"not_picked":["HollowMod:LifebloodCocoon","HollowMod:MawleksShell"],"picked":"HollowMod:GreatSlash","floor":21},{"not_picked":["HollowMod:BlackTendrils","HollowMod:DesolateDive","HollowMod:PureNailStrike"],"picked":"SKIP","floor":24},{"not_picked":["HollowMod:HuntersJournal","HollowMod:ChannelNail","HollowMod:QuirrelsAssistance+1"],"picked":"SKIP","floor":27},{"not_picked":["HollowMod:AbyssShriek+1","HollowMod:ChannelNail"],"picked":"HollowMod:LifebloodCore","floor":28},{"not_picked":["HollowMod:GoodIntentions+1","HollowMod:HeavyBlow+1","HollowMod:HowlingWraiths"],"picked":"SKIP","floor":31},{"not_picked":["HollowMod:VoidDash","HollowMod:Hiveblood"],"picked":"HollowMod:AwokenDreamNail","floor":33},{"not_picked":["HollowMod:SoulStrike","HollowMod:NewJinnsSoul+1","HollowMod:HeavyBlow"],"picked":"SKIP","floor":35},{"not_picked":["HollowMod:DoubleDash+1","HollowMod:VengefulVoid+1"],"picked":"HollowMod:CycloneSlash+1","floor":37},{"not_picked":["HollowMod:DesolateDive","HollowMod:SiblingsSouls"],"picked":"HollowMod:GreatSlash+1","floor":38},{"not_picked":["HollowMod:LifebloodCocoon+1","HollowMod:RecoilStrike","HollowMod:DescendingDark+1"],"picked":"SKIP","floor":39},{"not_picked":["HollowMod:FastStrike+1","HollowMod:InfectedCysts"],"picked":"HollowMod:HuntersJournal+1","floor":41},{"not_picked":["HollowMod:HowlingWraiths+1","HollowMod:ShadowDash+1","HollowMod:SiblingsSouls+1"],"picked":"SKIP","floor":45},{"not_picked":["HollowMod:QuirrelsAssistance","HollowMod:FallenFury+1","HollowMod:CoiledNail+1"],"picked":"SKIP","floor":46}],"player_experience":800106,"relics_obtained":[{"floor":4,"key":"Pantograph"},{"floor":9,"key":"Vajra"},{"floor":26,"key":"Juzu Bracelet"},{"floor":28,"key":"hexamod:BolsterEngine"},{"floor":37,"key":"Ice Cream"},{"floor":38,"key":"Lizard Tail"},{"floor":43,"key":"Anchor"}],"event_choices":[],"is_beta":false,"boss_relics":[{"not_picked":["Philosopher\u0027s Stone","beaked:SacredDeck"],"picked":"beaked:MawFillet"},{"not_picked":["Velvet Choker","bronze:MakeshiftBattery"],"picked":"SacredBark"}],"items_purged_floors":[],"is_endless":false,"potions_floor_spawned":[2,11,16,27,28,33,35,39,41,46],"ascension_level":0}}