{"host":"kydqlojjt9mno5rv","time":1611858582,"event":{"mods":["AchievementEnabler","BaseMod","Colored Powertips","DeckTracker","Minty Spire (QoL Compilation)","Spicy Shops","StSLib","SuperFastMode","Synergy Search","Weighted Paths"],"gold_per_floor":[109,126,126,126,126,156,156,186,186,2,2,16,32,51,51,148,148,135,135,147,147,11,11,43,43,43,43,43],"floor_reached":27,"language":"ENG","playtime":1034,"items_purged":["Defend_R"],"score":302,"play_id":"1e41be3a-8b90-4c2c-a7ac-acdc22d20a35","local_time":"20210128132942","is_ascension_mode":true,"campfire_choices":[{"floor":7,"key":"RECALL"},{"floor":11,"key":"REST"},{"floor":15,"key":"REST"},{"data":"Inflame","floor":23,"key":"SMITH"}],"circlet_count":0,"master_deck":["Strike_R","Strike_R","Strike_R","Strike_R","Strike_R","Defend_R","Defend_R+1","Bash","Ghostly Armor","Shrug It Off+1","Flex","Heavy Blade","Writhe","Flex","Flex","Heavy Blade","Immolate","Flex+1","Infernal Blade","Seeing Red+1","Inflame+1"],"relics":["Burning Blood","NeowsBlessing","Bird Faced Urn","Singing Bowl","Red Skull","SlaversCollar","OrangePellets","Omamori","Frozen Egg 2","Meat on the Bone"],"acts_visited":["Exordium","TheCity"],"potions_floor_usage":[16,16,16],"damage_taken":[{"damage":0,"enemies":"Small Slimes","floor":1,"turns":1},{"damage":0,"enemies":"2 Louse","floor":2,"turns":1},{"damage":0,"enemies":"Gremlin Nob","floor":6,"turns":1},{"damage":54,"enemies":"Lagavulin","floor":8,"turns":6},{"damage":3,"enemies":"Jaw Worm","floor":12,"turns":3},{"damage":12,"enemies":"Exordium Thugs","floor":13,"turns":5},{"damage":1,"enemies":"3 Louse","floor":14,"turns":4},{"damage":33,"enemies":"Hexaghost","floor":16,"turns":8},{"damage":30,"enemies":"2 Thieves","floor":18,"turns":4},{"damage":22,"enemies":"Shell Parasite","floor":20,"turns":5},{"damage":25,"enemies":"Book of Stabbing","floor":24,"turns":3},{"damage":34,"enemies":"Slavers","floor":27,"turns":2}],"seed_played":"-9064162945418888412","potions_obtained":[{"floor":1,"key":"SteroidPotion"},{"floor":6,"key":"DistilledChaos"},{"floor":13,"key":"SpeedPotion"},{"floor":14,"key":"SteroidPotion"},{"floor":24,"key":"DuplicationPotion"}],"is_trial":false,"path_per_floor":["M","M","$","?","?","E","R","E","T","$","R","M","M","M","R","B",null,"M","?","M","?","$","R","E","?","T","E"],"character_chosen":"IRONCLAD","items_purchased":["Red Skull","Flex","Inflame","OrangePellets"],"campfire_rested":2,"item_purchase_floors":[10,10,22,22],"current_hp_per_floor":[80,80,80,73,57,63,63,15,15,15,39,42,38,43,67,40,82,58,58,42,42,42,42,27,27,27,0,0],"gold":43,"neow_bonus":"THREE_ENEMY_KILL","is_daily":false,"chose_seed":false,"campfire_upgraded":1,"win_rate":0.0,"timestamp":1611858582,"path_taken":["M","M","$","?","?","E","R","E","T","?","R","M","M","?","R","BOSS","M","?","M","?","?","R","E","?","T","E"],"items_purchased_type":["Relic","Card","Card","Relic"],"build_version":"2020-12-22","purchased_purges":1,"victory":false,"max_hp_per_floor":[80,80,80,80,80,80,80,80,80,80,80,80,82,82,82,82,82,82,82,82,82,82,82,84,84,84,84,84],"card_choices":[{"not_picked":["Shrug It Off","Body Slam"],"picked":"Ghostly Armor","floor":1},{"not_picked":["Wild Strike","Clothesline"],"picked":"Shrug It Off","floor":2},{"not_picked":["Wild Strike","Thunderclap"],"picked":"Flex","floor":6},{"not_picked":["Combust","Wild Strike"],"picked":"Heavy Blade","floor":8},{"not_picked":["Perfected Strike","Ghostly Armor"],"picked":"Flex","floor":12},{"not_picked":["Shrug It Off","Warcry","Dual Wield"],"picked":"Singing Bowl","floor":13},{"not_picked":["Armaments","Immolate"],"picked":"Heavy Blade","floor":14},{"not_picked":["Bludgeon","Corruption"],"picked":"Immolate","floor":16},{"not_picked":["Hemokinesis+1","Twin Strike"],"picked":"Flex+1","floor":18},{"not_picked":["Battle Trance","Shrug It Off"],"picked":"Seeing Red+1","floor":20},{"not_picked":["Perfected Strike+1","Thunderclap","Bloodletting"],"picked":"Singing Bowl","floor":24}],"player_experience":146671,"relics_obtained":[{"floor":6,"key":"Bird Faced Urn"},{"floor":8,"key":"Singing Bowl"},{"floor":24,"key":"Omamori"},{"floor":26,"key":"Meat on the Bone"}],"event_choices":[{"cards_removed":["Defend_R"],"damage_healed":0,"gold_gain":0,"player_choice":"Card Removal","damage_taken":7,"max_hp_gain":0,"max_hp_loss":0,"event_name":"Golden Wing","floor":4,"gold_loss":0},{"damage_healed":0,"gold_gain":0,"player_choice":"Entered Light","damage_taken":16,"max_hp_gain":0,"max_hp_loss":0,"event_name":"Shining Light","floor":5,"gold_loss":0,"cards_upgraded":["Shrug It Off","Defend_R"]},{"damage_healed":0,"gold_gain":0,"player_choice":"Read","damage_taken":0,"max_hp_gain":0,"max_hp_loss":0,"event_name":"The Library","floor":19,"gold_loss":0,"cards_obtained":["Infernal Blade"]},{"damage_healed":0,"gold_gain":0,"player_choice":"Ignored","damage_taken":0,"max_hp_gain":0,"max_hp_loss":0,"event_name":"Ghosts","floor":21,"gold_loss":0},{"damage_healed":0,"gold_gain":0,"player_choice":"Stole Relic","damage_taken":0,"relics_obtained":["Frozen Egg 2"],"max_hp_gain":0,"max_hp_loss":0,"event_name":"Addict","floor":25,"gold_loss":0,"cards_obtained":["Shame"]}],"is_beta":false,"boss_relics":[{"not_picked":["Cursed Key","Snecko Eye"],"picked":"SlaversCollar"}],"items_purged_floors":[10],"is_endless":false,"potions_floor_spawned":[1,6,13,14,24],"killed_by":"Slavers","ascension_level":1}}