{"host":"pmmuxs046gii331m","time":1611861653,"event":{"mods":["AchievementEnabler","BaseMod","Colored Powertips","Downfall","Gold Saver","Minty Spire (QoL Compilation)","Permanent Neow","Quick Restart","StSLib"],"gold_per_floor":[1330,1348,978,994,994,994,994,986,1014,1024,917,937,837,873,889,996,996,896,913,933,933,562,562,562,136,147,147,159,188,188,206,222,323,323,223,239,355,367,367,378,378,207,227,47,47,63,63,92,105,105,105,139,16,16,16,16,16,16],"floor_reached":56,"language":"ENG","playtime":8136,"items_purged":["hexamod:Strike","hexamod:Strike","hexamod:Defend","Decay","hexamod:Defend","downfall:Malfunctioning","hexamod:Strike","hexamod:Defend+1"],"score":751,"play_id":"228e0912-8133-4026-b8f8-4b3a04b92a92","local_time":"20210128142053","is_ascension_mode":false,"campfire_choices":[{"data":"hexamod:Float","floor":1.0,"key":"SMITH"},{"data":"hexamod:ForkedFlame","floor":6.0,"key":"SMITH"},{"data":"hexamod:BurningTouch","floor":13.0,"key":"SMITH"},{"data":"hexamod:GhostShield","floor":18.0,"key":"SMITH"},{"floor":27.0,"key":"RECALL"},{"data":"hexamod:GhostflameInferno","floor":35.0,"key":"SMITH"},{"data":"hexamod:ExtraCrispy","floor":45.0,"key":"SMITH"},{"data":"hexamod:GhostOfSpireFuture","floor":47.0,"key":"SMITH"},{"data":"hexamod:Sear","floor":54.0,"key":"SMITH"}],"circlet_count":0,"master_deck":["hexamod:Strike+1","hexamod:Defend+1","hexamod:Sear+1","hexamod:Float+1","hexamod:BurningTouch+1","hexamod:ForkedFlame+1","hexamod:InspiringFlames","hexamod:Hexaguard+1","hexamod:GhostShield+1","hexamod:HeatMetal+1","hexamod:GhostOfSpireFuture+1","hexamod:FastForward+1","hexamod:ExtraCrispy+1","hexamod:CatchUp+1","hexamod:StepThrough","hexamod:RadiantFlame+1","hexamod:SoulSteal+1","hexamod:GhostflameInferno+1","hexamod:HeatShield+1"],"relics":["hexamod:UnbrokenSoul","downfall:HeartBlessingBlue","hexamod:TheBrokenSeal","Cursed Key","downfall:HeartBlessingGreen","Membership Card","hexamod:MatchstickCase","Lantern","downfall:RedIOU","Frozen Egg 2","Sling","MealTicket","Potion Belt","Smiling Mask","Molten Egg 2","downfall:HeartBlessingRed","Whetstone","Shuriken","Singing Bowl","Eternal Feather","War Paint","HornCleat","OrangePellets"],"acts_visited":["Exordium","TheCity","TheBeyond","TheEnding"],"potions_floor_usage":[],"damage_taken":[{"damage":2.0,"enemies":"2 Louse","floor":2.0,"turns":4.0},{"damage":0.0,"enemies":"downfall:FleeingMerchant","floor":3.0,"turns":4.0},{"damage":0.0,"enemies":"Small Slimes","floor":4.0,"turns":3.0},{"damage":6.0,"enemies":"Jaw Worm","floor":9.0,"turns":3.0},{"damage":11.0,"enemies":"3 Louse","floor":10.0,"turns":5.0},{"damage":8.0,"enemies":"downfall:FleeingMerchant","floor":11.0,"turns":4.0},{"damage":15.0,"enemies":"Exordium Thugs","floor":12.0,"turns":5.0},{"damage":32.0,"enemies":"3 Sentries","floor":14.0,"turns":12.0},{"damage":2.0,"enemies":"Blue Slaver","floor":15.0,"turns":2.0},{"damage":22.0,"enemies":"SI_SHIV_ARCHETYPE","floor":16.0,"turns":10.0},{"damage":0.0,"enemies":"Chosen","floor":19.0,"turns":3.0},{"damage":2.0,"enemies":"3 Byrds","floor":20.0,"turns":4.0},{"damage":2.0,"enemies":"downfall:FleeingMerchant","floor":22.0,"turns":4.0},{"damage":0.0,"enemies":"downfall:FleeingMerchant","floor":25.0,"turns":4.0},{"damage":0.0,"enemies":"Snecko","floor":26.0,"turns":3.0},{"damage":0.0,"enemies":"Centurion and Healer","floor":28.0,"turns":4.0},{"damage":5.0,"enemies":"Gremlin Leader","floor":29.0,"turns":4.0},{"damage":0.0,"enemies":"Snake Plant","floor":31.0,"turns":3.0},{"damage":14.0,"enemies":"Cultist and Chosen","floor":32.0,"turns":5.0},{"damage":16.0,"enemies":"IC_MUSHROOM_ARCHETYPE","floor":33.0,"turns":6.0},{"damage":0.0,"enemies":"3 Shapes","floor":36.0,"turns":3.0},{"damage":0.0,"enemies":"downfall:FleeingMerchant","floor":37.0,"turns":1.0},{"damage":23.0,"enemies":"3 Darklings","floor":38.0,"turns":3.0},{"damage":22.0,"enemies":"4 Shapes","floor":40.0,"turns":3.0},{"damage":11.0,"enemies":"Writhing Mass","floor":43.0,"turns":4.0},{"damage":2.0,"enemies":"Spire Growth","floor":46.0,"turns":4.0},{"damage":75.0,"enemies":"Nemesis","floor":48.0,"turns":7.0},{"damage":0.0,"enemies":"4 Shapes","floor":49.0,"turns":3.0},{"damage":33.0,"enemies":"DF_ARCHETYPE_ORBS","floor":50.0,"turns":6.0},{"damage":51.0,"enemies":"downfall:CharBossMerchant","floor":52.0,"turns":8.0},{"damage":61.0,"enemies":"downfall:NeowBoss","floor":55.0,"turns":17.0},{"damage":30,"enemies":"downfall:NeowBossFinal","floor":56,"turns":3}],"seed_played":"-1203368807724025710","potions_obtained":[{"floor":2.0,"key":"Fire Potion"},{"floor":9.0,"key":"sneckomod:MuddlingPotion"},{"floor":11.0,"key":"Swift Potion"},{"floor":12.0,"key":"SpeedPotion"},{"floor":12.0,"key":"Fruit Juice"},{"floor":14.0,"key":"Strength Potion"},{"floor":15.0,"key":"sneckomod:MuddlingPotion"},{"floor":21.0,"key":"CultistPotion"},{"floor":28.0,"key":"hexamod:SoulburnPotion"},{"floor":29.0,"key":"PowerPotion"},{"floor":33.0,"key":"SteroidPotion"},{"floor":43.0,"key":"Dexterity Potion"}],"is_trial":false,"path_per_floor":["R","M","$","M","?","R","T","?","M","M","$","M","R","E","M","B",null,"R","M","M","?","$","?","T","$","M","R","M","E","T","M","M","B",null,"R","M","$","M","?","M","T","$","M","$","R","M","R","E","M","B",null,"E","$","R","B","B"],"character_chosen":"THE_SPIRIT","items_purchased":["hexamod:ForkedFlame","hexamod:InspiringFlames","hexamod:Hexaguard","Regen Potion","Membership Card","hexamod:MatchstickCase","Lantern","Sling","MealTicket","Potion Belt","SkillPotion","hexamod:DoubleChargePotion","hexamod:StepThrough","Whetstone","Shuriken","Singing Bowl","Eternal Feather","OrangePellets"],"campfire_rested":0,"item_purchase_floors":[3,3,3,3,22,22,22,25,25,25,25,25,25,37,37,42,44,53],"current_hp_per_floor":[77,75,75,75,80,80,80,73,74,70,69,66,76,66,71,97,107,107,107,105,105,103,103,103,103,103,103,103,98,98,98,84,68,107,107,107,107,84,84,62,62,77,68,83,95,95,107,34,36,3,115,66,81,90,29,0,0,0],"gold":16,"neow_bonus":"TEN_PERCENT_HP_BONUS","is_daily":false,"chose_seed":false,"campfire_upgraded":8,"win_rate":0.0,"timestamp":1611861653,"path_taken":["R","M","$","M","?","R","T","?","M","M","$","M","R","E","M","BOSS","R","M","M","?","$","?","T","$","M","R","M","E","?","M","M","BOSS","R","M","$","M","?","M","T","?","M","$","R","M","R","E","M","BOSS","E","$","R","BOSS","BOSS"],"items_purchased_type":["Card","Card","Card","Potion","Relic","Relic","Relic","Relic","Relic","Relic","Potion","Potion","Card","Relic","Relic","Relic","Relic","Relic"],"build_version":"2020-12-22","purchased_purges":8,"victory":false,"max_hp_per_floor":[77,77,77,77,82,82,82,82,82,82,82,87,97,97,97,107,107,107,107,107,107,107,107,107,107,107,107,107,107,107,107,107,107,107,107,107,107,107,107,107,107,107,109,109,109,111,111,113,115,115,115,117,117,117,117,117,117,117],"card_choices":[{"not_picked":["hexamod:SpectralAdrenaline","hexamod:RecurringNightmare"],"picked":"hexamod:Firestarter","floor":2.0},{"not_picked":["hexamod:NecessarySacrifice","hexamod:RecurringNightmare"],"picked":"hexamod:BurningTouch","floor":3.0},{"not_picked":["hexamod:UnlimitedPower","hexamod:Hexaguard"],"picked":"hexamod:GhostShield","floor":4.0},{"not_picked":["hexamod:Firestarter","hexamod:NightmareStrike"],"picked":"hexamod:HeatMetal","floor":9.0},{"not_picked":["hexamod:ExtraCrispy","hexamod:RetreatToShadows"],"picked":"hexamod:FifthSeal","floor":9.0},{"not_picked":["hexamod:InspiringFlames","hexamod:NightmareStrike"],"picked":"hexamod:GhostOfSpireFuture","floor":10.0},{"not_picked":["hexamod:ThirdSeal","hexamod:SecondSeal"],"picked":"hexamod:SixthSeal","floor":11.0},{"not_picked":["hexamod:Incineration","hexamod:HeatMetal"],"picked":"hexamod:FastForward","floor":11.0},{"not_picked":["hexamod:RainOfEmbers","hexamod:GhostOfSpireFuture"],"picked":"hexamod:ExtraCrispy","floor":12.0},{"not_picked":["hexamod:SuperheatedStrike","hexamod:SpectralSpark","hexamod:PhantomFireball"],"picked":"SKIP","floor":12.0},{"not_picked":["hexamod:BurningTouch","hexamod:GhostOfSpireFuture","hexamod:SuperheatedStrike"],"picked":"SKIP","floor":14.0},{"not_picked":["hexamod:InspiringFlames","hexamod:FlamesFromBeyond","hexamod:RetreatToShadows"],"picked":"SKIP","floor":15.0},{"not_picked":["hexamod:NightmareGuise+1","hexamod:NightmareStrike"],"picked":"hexamod:CatchUp+1","floor":19.0},{"not_picked":["hexamod:FlamesFromBeyond","hexamod:NightmareGuise","hexamod:BurningTouch"],"picked":"SKIP","floor":20.0},{"not_picked":["hexamod:DynamicBlow","hexamod:GhostOfSpirePast","hexamod:FastForward"],"picked":"SKIP","floor":22.0},{"not_picked":["hexamod:SpectersWail+1","hexamod:ForkedFlame","hexamod:ShieldOfDarkness"],"picked":"SKIP","floor":25.0},{"not_picked":["hexamod:SwordOfDarkness","hexamod:GhostLash+1","hexamod:FastForward"],"picked":"SKIP","floor":26.0},{"not_picked":["hexamod:AdvancingGuard","hexamod:GhostShield+1"],"picked":"hexamod:RadiantFlame+1","floor":28.0},{"not_picked":["hexamod:GiftsFromTheDead+1","hexamod:DynamicBlow","hexamod:GhostflameBarrier"],"picked":"SKIP","floor":29.0},{"not_picked":["hexamod:HeatMetal+1","hexamod:BacktrackSmack+1","hexamod:ThirdSeal"],"picked":"SKIP","floor":31.0},{"not_picked":["hexamod:GhostOfSpirePast+1","hexamod:Haunt+1"],"picked":"hexamod:SoulSteal","floor":32.0},{"not_picked":["hexamod:SixthSeal","hexamod:UnlimitedPower"],"picked":"hexamod:GhostflameInferno","floor":33.0},{"not_picked":["hexamod:InspiringFlames","hexamod:Haunt+1","hexamod:GhostflameBarrier+1"],"picked":"SKIP","floor":36.0},{"not_picked":["hexamod:Hexaguard+1","hexamod:NightmareGuise+1"],"picked":"hexamod:HeatShield+1","floor":37.0},{"not_picked":["hexamod:GhostflameBarrier","hexamod:AdvancingGuard","hexamod:ShieldOfDarkness+1"],"picked":"SKIP","floor":38.0},{"not_picked":["hexamod:SwordOfDarkness+1","hexamod:SuperheatedStrike+1","hexamod:NightmareStrike+1"],"picked":"SKIP","floor":40.0},{"not_picked":["hexamod:HeatMetal+1","hexamod:GhostflameBarrier+1","hexamod:SkipABeat"],"picked":"Singing Bowl","floor":43.0},{"not_picked":["hexamod:AdvancingGuard+1","hexamod:GhostLash+1","hexamod:HauntingEcho+1"],"picked":"Singing Bowl","floor":46.0},{"not_picked":["hexamod:PowerFromBeyond+1","hexamod:ChargedBarrage+1","hexamod:HauntingEcho+1"],"picked":"Singing Bowl","floor":48.0},{"not_picked":["hexamod:FastForward","hexamod:SpectersWail+1","hexamod:SpectralAdrenaline+1"],"picked":"Singing Bowl","floor":49.0},{"not_picked":["hexamod:Hexaguard+1","hexamod:SwordOfDarkness+1","hexamod:HeatCrush+1"],"picked":"Singing Bowl","floor":52.0}],"player_experience":412469,"relics_obtained":[{"floor":14.0,"key":"Boot"},{"floor":24.0,"key":"Frozen Egg 2"},{"floor":29.0,"key":"Smiling Mask"},{"floor":30.0,"key":"Molten Egg 2"},{"floor":48.0,"key":"War Paint"},{"floor":52.0,"key":"HornCleat"}],"event_choices":[{"damage_healed":0.0,"max_hp_gain":5.0,"max_hp_loss":0.0,"gold_gain":0.0,"event_name":"Big Fish","player_choice":"Donut","floor":5.0,"gold_loss":0.0,"damage_taken":0.0}],"is_beta":false,"boss_relics":[{"not_picked":["bronze:MakeshiftBattery","Tiny House"],"picked":"Cursed Key"},{"not_picked":["SlaversCollar","Black Star"],"picked":"hexamod:UnbrokenSoul"}],"items_purged_floors":[3,11,22,25,37,42,44,53],"is_endless":false,"potions_floor_spawned":[2,12,14,15,28,29,32,33,38,40,43,48],"killed_by":"downfall:NeowBossFinal","ascension_level":0}}