{"host":"lip44byzewa3adv8","time":1611867930,"event":{"mods":["BaseMod","Curses Come First","Minty Spire (QoL Compilation)","Relic Sorter","Relic Stats","StSLib","Synergy Search"],"gold_per_floor":[115,115,115,128,145,176,176,193,193,193,219,234,234,11,11,110,110,122,108,126,143,143,143,143],"floor_reached":23,"language":"ENG","playtime":1328,"items_purged":["Strike_R"],"score":253,"play_id":"c89a7cac-5843-47db-b24d-d3bfaf8ef7b1","local_time":"20210128160530","is_ascension_mode":false,"campfire_choices":[{"data":"Dark Embrace","floor":7,"key":"SMITH"},{"floor":10,"key":"REST"},{"data":"True Grit","floor":13,"key":"SMITH"},{"data":"Exhume","floor":15,"key":"SMITH"}],"circlet_count":0,"master_deck":["Strike_R","Strike_R","Strike_R","Defend_R","Defend_R","Defend_R","Defend_R","Bash","Cleave","Dark Embrace+1","Exhume+1","True Grit+1","Burning Pact","Berserk","Shrug It Off","Demon Form","CurseOfTheBell","Feed","Twin Strike"],"relics":["Burning Blood","Shuriken","Pocketwatch","Shovel","Red Skull","Calling Bell","PreservedInsect","Pear","Champion Belt","Nilry\u0027s Codex"],"acts_visited":["Exordium","TheCity"],"potions_floor_usage":[16,23],"damage_taken":[{"damage":1,"enemies":"2 Louse","floor":1,"turns":2},{"damage":6,"enemies":"Cultist","floor":4,"turns":3},{"damage":10,"enemies":"Jaw Worm","floor":5,"turns":6},{"damage":63,"enemies":"Lagavulin","floor":6,"turns":8},{"damage":9,"enemies":"3 Louse","floor":8,"turns":4},{"damage":31,"enemies":"Gremlin Nob","floor":11,"turns":5},{"damage":4,"enemies":"Exordium Wildlife","floor":12,"turns":4},{"damage":12,"enemies":"Hexaghost","floor":16,"turns":14},{"damage":47,"enemies":"Spheric Guardian","floor":18,"turns":10},{"damage":36,"enemies":"2 Thieves","floor":19,"turns":4},{"damage":21,"enemies":"Cultist and Chosen","floor":20,"turns":6},{"damage":15,"enemies":"Centurion and Healer","floor":21,"turns":8},{"damage":5,"enemies":"Gremlin Leader","floor":23,"turns":2}],"seed_played":"-73722670165965500","potions_obtained":[{"floor":4,"key":"ElixirPotion"},{"floor":5,"key":"Explosive Potion"},{"floor":8,"key":"EssenceOfSteel"},{"floor":18,"key":"SpeedPotion"}],"is_trial":false,"path_per_floor":["M","?","?","M","M","E","R","M","T","R","E","M","R","$","R","B",null,"M","M","M","M","?","E"],"character_chosen":"IRONCLAD","items_purchased":["Red Skull"],"campfire_rested":1,"item_purchase_floors":[14],"current_hp_per_floor":[88,81,86,86,82,25,25,22,22,49,24,26,26,26,26,20,103,62,35,23,17,1,0,0],"gold":143,"neow_bonus":"TEN_PERCENT_HP_BONUS","is_daily":false,"chose_seed":false,"campfire_upgraded":3,"win_rate":0.0,"timestamp":1611867930,"path_taken":["M","?","?","M","M","E","R","M","T","R","E","M","R","$","R","BOSS","M","M","M","M","?","E"],"items_purchased_type":["Relic"],"build_version":"2020-12-22","purchased_purges":1,"victory":false,"max_hp_per_floor":[88,88,93,93,93,93,93,93,93,93,93,93,93,93,93,93,103,103,106,109,112,112,112,112],"relic_stats":{"Shovel":0,"counters":[13,76],"Shuriken":[9],"PreservedInsect":48,"Champion Belt":[6],"obtain_stats":[{"Calling Bell":17,"Shovel":11,"Pear":17,"Shuriken":6,"Nilry\u0027s Codex":22,"PreservedInsect":17,"Champion Belt":17,"Burning Blood":0,"Red Skull":14,"Pocketwatch":9},{"Calling Bell":8,"Shovel":6,"Pear":8,"Shuriken":4,"Nilry\u0027s Codex":12,"PreservedInsect":8,"Champion Belt":8,"Burning Blood":0,"Red Skull":7,"Pocketwatch":5},{"Calling Bell":46,"Shovel":28,"Pear":46,"Shuriken":19,"Nilry\u0027s Codex":74,"PreservedInsect":46,"Champion Belt":46,"Burning Blood":0,"Red Skull":32,"Pocketwatch":23}],"Burning Blood":67,"Pocketwatch":[91]},"card_choices":[{"not_picked":["Pommel Strike","Clash"],"picked":"Cleave","floor":1},{"not_picked":["Wild Strike","Clothesline"],"picked":"Dark Embrace","floor":4},{"not_picked":["Pommel Strike","Blood for Blood"],"picked":"Exhume","floor":5},{"not_picked":["Entrench","Warcry"],"picked":"True Grit","floor":6},{"not_picked":["Evolve","Flex"],"picked":"Burning Pact","floor":8},{"not_picked":["Twin Strike","Metallicize"],"picked":"Berserk","floor":11},{"not_picked":["Pommel Strike","Burning Pact"],"picked":"Shrug It Off","floor":12},{"not_picked":["Berserk","Bludgeon"],"picked":"Demon Form","floor":16},{"not_picked":["Power Through","Rampage"],"picked":"Feed","floor":18},{"not_picked":["Perfected Strike+1","Wild Strike","Warcry"],"picked":"SKIP","floor":19},{"not_picked":["Clothesline","Dual Wield","Wild Strike+1"],"picked":"SKIP","floor":20},{"not_picked":["Clash","Sword Boomerang"],"picked":"Twin Strike","floor":21}],"player_experience":778201,"relics_obtained":[{"floor":6,"key":"Shuriken"},{"floor":9,"key":"Pocketwatch"},{"floor":11,"key":"Shovel"},{"floor":17,"key":"PreservedInsect"},{"floor":17,"key":"Pear"},{"floor":17,"key":"Champion Belt"},{"floor":22,"key":"Nilry\u0027s Codex"}],"event_choices":[{"cards_removed":["Strike_R"],"damage_healed":0,"gold_gain":0,"player_choice":"Card Removal","damage_taken":7,"max_hp_gain":0,"max_hp_loss":0,"event_name":"Golden Wing","floor":2,"gold_loss":0},{"damage_healed":0,"gold_gain":0,"player_choice":"Donut","damage_taken":0,"max_hp_gain":5,"max_hp_loss":0,"event_name":"Big Fish","floor":3,"gold_loss":0},{"damage_healed":0,"gold_gain":0,"player_choice":"Obtained Book","damage_taken":16,"max_hp_gain":0,"max_hp_loss":0,"event_name":"Cursed Tome","floor":22,"gold_loss":0}],"is_beta":false,"boss_relics":[{"not_picked":["Ectoplasm","SacredBark"],"picked":"Calling Bell"}],"items_purged_floors":[14],"is_endless":false,"potions_floor_spawned":[4,5,8,18,21],"killed_by":"Gremlin Leader","ascension_level":0}}