{"host":"5p9hybygolzp0efr","time":1611819645,"event":{"mods":["AchievementEnabler","BaseMod","Bestiary","Colored Map","Minty Spire (QoL Compilation)","Relic Stats"],"gold_per_floor":[119,139,158,177,127,153,153,188,188,188,188,214,214,60,60,161,161,171,171,171,190,40,67,67,95,148,171,171,195,213,128,128,128,128],"floor_reached":33,"language":"ENG","playtime":1576,"items_purged":["Strike_P"],"score":394,"play_id":"7d2fa7d5-1549-4669-8f14-e7c0c0d82139","local_time":"20210128154045","is_ascension_mode":true,"campfire_choices":[{"floor":7,"key":"REST"},{"floor":10,"key":"REST"},{"data":"WheelKick","floor":13,"key":"SMITH"},{"data":"CrushJoints","floor":15,"key":"SMITH"},{"floor":24,"key":"REST"},{"floor":32,"key":"REST"}],"circlet_count":0,"master_deck":["Strike_P","Strike_P","Defend_P+1","Defend_P","Defend_P+1","Defend_P","Eruption","Vigilance","Crescendo","ThirdEye+1","CrushJoints+1","BowlingBash","WheelKick+1","JustLucky","LikeWater","Conclude","LessonLearned","ClearTheMind+1","EmptyBody+1","Vault","CarveReality","SashWhip+1","Protect"],"relics":["PureWater","Pen Nib","Strawberry","Anchor","Blue Candle","Sundial","Fusion Hammer","MutagenicStrength","Eternal Feather","Meat on the Bone","CeramicFish","Nilry\u0027s Codex","Bronze Scales"],"acts_visited":["Exordium","TheCity"],"potions_floor_usage":[8,16,23],"damage_taken":[{"damage":4.0,"enemies":"Small Slimes","floor":1.0,"turns":3.0},{"damage":7.0,"enemies":"2 Louse","floor":2.0,"turns":3.0},{"damage":0.0,"enemies":"Jaw Worm","floor":3.0,"turns":3.0},{"damage":2.0,"enemies":"2 Fungi Beasts","floor":4.0,"turns":3.0},{"damage":39,"enemies":"Lagavulin","floor":6,"turns":8},{"damage":27,"enemies":"Gremlin Nob","floor":8,"turns":3},{"damage":10,"enemies":"3 Sentries","floor":12,"turns":6},{"damage":19,"enemies":"Hexaghost","floor":16,"turns":7},{"damage":9,"enemies":"2 Thieves","floor":18,"turns":3},{"damage":0,"enemies":"Chosen","floor":21,"turns":3},{"damage":6,"enemies":"Book of Stabbing","floor":23,"turns":4},{"damage":33,"enemies":"Slavers","floor":25,"turns":5},{"damage":26,"enemies":"Shelled Parasite and Fungi","floor":27,"turns":4},{"damage":15,"enemies":"3 Cultists","floor":29,"turns":5},{"damage":0,"enemies":"Chosen and Byrds","floor":30,"turns":4},{"damage":98,"enemies":"Automaton","floor":33,"turns":9}],"seed_played":"-3454159482670658552","potions_obtained":[{"floor":2.0,"key":"Weak Potion"},{"floor":3.0,"key":"AttackPotion"},{"floor":8,"key":"Fire Potion"},{"floor":12,"key":"Dexterity Potion"},{"floor":18,"key":"SteroidPotion"},{"floor":23,"key":"EntropicBrew"},{"floor":25,"key":"Dexterity Potion"},{"floor":27,"key":"SteroidPotion"}],"is_trial":false,"path_per_floor":["M","M","M","M","?","E","R","E","T","R","?","E","R","$","R","B",null,"M","?","?","M","$","E","R","E","T","M","?","M","M","?","R","B"],"character_chosen":"WATCHER","items_purchased":["LikeWater","Conclude","Vault"],"campfire_rested":4,"item_purchase_floors":[14,14,22],"current_hp_per_floor":[68,61,61,59,59,20,43,23,23,48,36,26,26,26,26,7,66,57,57,57,57,57,51,86,53,53,39,23,20,32,32,69,0,0],"gold":128,"neow_bonus":"TEN_PERCENT_HP_BONUS","is_daily":false,"chose_seed":false,"campfire_upgraded":2,"win_rate":0.0,"timestamp":1611819645,"path_taken":["M","M","M","M","?","E","R","E","T","R","?","E","R","$","R","BOSS","M","?","?","M","$","E","R","E","T","M","?","?","M","?","R","BOSS"],"items_purchased_type":["Card","Card","Card"],"build_version":"2020-12-22","purchased_purges":1,"victory":false,"max_hp_per_floor":[79,79,79,79,79,79,79,86,86,86,86,86,86,86,86,86,86,86,86,86,86,86,86,86,86,86,86,86,86,86,86,86,86,86],"relic_stats":{"counters":[16,73],"Sundial":[6],"Blue Candle":[0],"CeramicFish":18,"Bronze Scales":[21],"Eternal Feather":24,"Pen Nib":[11],"obtain_stats":[{"Nilry\u0027s Codex":28,"Blue Candle":11,"CeramicFish":26,"Eternal Feather":23,"Pen Nib":6,"Anchor":9,"Sundial":12,"Strawberry":8,"MutagenicStrength":19,"Bronze Scales":31,"Fusion Hammer":17,"PureWater":0,"Meat on the Bone":25},{"Nilry\u0027s Codex":13,"Blue Candle":6,"CeramicFish":12,"Eternal Feather":11,"Pen Nib":5,"Anchor":6,"Sundial":7,"Strawberry":6,"MutagenicStrength":9,"Bronze Scales":15,"Fusion Hammer":8,"PureWater":0,"Meat on the Bone":12},{"Nilry\u0027s Codex":55,"Blue Candle":23,"CeramicFish":51,"Eternal Feather":46,"Pen Nib":20,"Anchor":23,"Sundial":29,"Strawberry":23,"MutagenicStrength":39,"Bronze Scales":64,"Fusion Hammer":36,"PureWater":0,"Meat on the Bone":51}],"Meat on the Bone":36},"card_choices":[{"not_picked":["WreathOfFlame","Prostrate"],"picked":"Crescendo","floor":1.0},{"not_picked":["Vengeance","DeceiveReality"],"picked":"ThirdEye","floor":2.0},{"not_picked":["InnerPeace","Nirvana"],"picked":"CrushJoints","floor":3.0},{"not_picked":["ReachHeaven","Study"],"picked":"BowlingBash","floor":4.0},{"not_picked":["BattleHymn","Meditate"],"picked":"WheelKick","floor":6},{"not_picked":["SashWhip","FearNoEvil"],"picked":"JustLucky","floor":8},{"not_picked":["Indignation","Worship","CutThroughFate"],"picked":"SKIP","floor":12},{"not_picked":["Ragnarok","Vault"],"picked":"LessonLearned","floor":16},{"not_picked":["InnerPeace","FlyingSleeves"],"picked":"ClearTheMind","floor":18},{"not_picked":["Perseverance","PathToVictory"],"picked":"EmptyBody","floor":21},{"not_picked":["ClearTheMind+1","Halt","Ragnarok"],"picked":"SKIP","floor":23},{"not_picked":["ThirdEye","Ragnarok"],"picked":"CarveReality","floor":25},{"not_picked":["FollowUp","Crescendo+1"],"picked":"SashWhip+1","floor":27},{"not_picked":["Study+1","Pray"],"picked":"Protect","floor":29},{"not_picked":["CutThroughFate","Wireheading","Ragnarok"],"picked":"SKIP","floor":30}],"player_experience":541587,"relics_obtained":[{"floor":6,"key":"Pen Nib"},{"floor":8,"key":"Strawberry"},{"floor":9,"key":"Anchor"},{"floor":12,"key":"Sundial"},{"floor":23,"key":"Eternal Feather"},{"floor":25,"key":"Meat on the Bone"},{"floor":26,"key":"CeramicFish"},{"floor":28,"key":"Nilry\u0027s Codex"}],"event_choices":[{"cards_removed":["Strike_P"],"damage_healed":0.0,"max_hp_gain":0.0,"max_hp_loss":0.0,"gold_gain":0.0,"event_name":"The Cleric","player_choice":"Card Removal","floor":5.0,"gold_loss":50.0,"damage_taken":0.0},{"damage_healed":0,"gold_gain":0,"player_choice":"Success","damage_taken":12,"relics_obtained":["Blue Candle"],"max_hp_gain":0,"max_hp_loss":0,"event_name":"Scrap Ooze","floor":11,"gold_loss":0},{"damage_healed":0,"gold_gain":0,"player_choice":"Inject Mutagens","damage_taken":0,"relics_obtained":["MutagenicStrength"],"max_hp_gain":0,"max_hp_loss":0,"event_name":"Drug Dealer","floor":19,"gold_loss":0},{"damage_healed":0,"gold_gain":0,"player_choice":"Ignored","damage_taken":0,"max_hp_gain":0,"max_hp_loss":0,"event_name":"Vampires","floor":20,"gold_loss":0},{"damage_healed":0,"gold_gain":0,"player_choice":"Obtained Book","damage_taken":16,"max_hp_gain":0,"max_hp_loss":0,"event_name":"Cursed Tome","floor":28,"gold_loss":0},{"damage_healed":0,"gold_gain":0,"player_choice":"Obtained Relic","damage_taken":0,"relics_obtained":["Bronze Scales"],"max_hp_gain":0,"max_hp_loss":0,"event_name":"Addict","floor":31,"gold_loss":85}],"is_beta":false,"boss_relics":[{"not_picked":["Empty Cage","Snecko Eye"],"picked":"Fusion Hammer"}],"items_purged_floors":[22],"is_endless":false,"potions_floor_spawned":[2,3,8,12,18,23,25,27,30],"killed_by":"Automaton","ascension_level":6}}