{"host":"6aycdg1azw3gf4o9","time":1611842562,"event":{"mods":["Act Like it!","Arknights The Spire","BaseMod","CapriCore","Gensokyo","Minty Spire (QoL Compilation)","READ ME - Guardian Mod","StSLib"],"gold_per_floor":[118,145,19,19,35,35,69,69,96,96,113,128,128,139,139,244,244,260,278,30,48,48,48,64,99,124,124,141,155,155,166,166,266,266,266],"floor_reached":34,"language":"ZHS","playtime":1936,"items_purged":[],"score":374,"play_id":"f614711d-ee87-4f41-b432-79b0e10c5bd0","local_time":"20210128220242","is_ascension_mode":false,"campfire_choices":[{"data":"ats:Part Time Job","floor":6.0,"key":"SMITH"},{"data":"ats:Emotion Absorption","floor":8.0,"key":"SMITH"},{"data":"ats:Leaping Hammer","floor":10.0,"key":"SMITH"},{"floor":15.0,"key":"REST"},{"data":"ats:Absolute Focus","floor":23,"key":"SMITH"},{"data":"ats:Closed Bolt Burst Fire","floor":27,"key":"SMITH"},{"data":"ats:Thorns","floor":30,"key":"SMITH"},{"data":"ats:Calcification","floor":32,"key":"SMITH"}],"circlet_count":0,"master_deck":["ats:Strike C","ats:Strike G","ats:Strike S","ats:Strike V","ats:Armor Crushing Shot","ats:Defend","ats:Defend","ats:Defend","ats:Defend","ats:Emotion Absorption+1","ats:Disruption Kick","ats:Part Time Job+1","ats:Hammer On","ats:Support Order","ats:Leaping Hammer+1","ats:Curse Doll","ats:Leaping Hammer","ats:Guard Mode","Pain","ats:Absolute Focus+1","ats:Calcification+1","ats:Shell Defense","ats:Apocalypse+1","ats:Spore Proliferation+1","ats:Assault Order+1","ats:Closed Bolt Burst Fire+1","ats:Thorns+1","ats:Apocalypse+1"],"relics":["ats:Sanity","Regal Pillow","Happy Flower","ats:Originium","Bag of Preparation","Strawberry","WarpedTongs","Coffee Dripper","Toxic Egg 2","Tiny Chest","MealTicket"],"acts_visited":["Exordium","TheCity"],"potions_floor_usage":[25,28,31,33],"damage_taken":[{"damage":3.0,"enemies":"Cultist","floor":1.0,"turns":5.0},{"damage":5.0,"enemies":"Small Slimes","floor":5.0,"turns":4.0},{"damage":45.0,"enemies":"Lagavulin","floor":7.0,"turns":7.0},{"damage":1.0,"enemies":"Jaw Worm","floor":11.0,"turns":2.0},{"damage":2.0,"enemies":"3 Louse","floor":12.0,"turns":4.0},{"damage":11.0,"enemies":"2 Fungi Beasts","floor":14.0,"turns":3.0},{"damage":53.0,"enemies":"The Guardian","floor":16.0,"turns":9.0},{"damage":5.0,"enemies":"Spheric Guardian","floor":18.0,"turns":3.0},{"damage":11.0,"enemies":"Shell Parasite","floor":19.0,"turns":5.0},{"damage":25.0,"enemies":"Centurion and Healer","floor":21.0,"turns":11.0},{"damage":63,"enemies":"Cultist and Chosen","floor":24,"turns":13},{"damage":89,"enemies":"Book of Stabbing","floor":25,"turns":9},{"damage":13,"enemies":"3 Cultists","floor":28,"turns":8},{"damage":24,"enemies":"Snake Plant","floor":29,"turns":4},{"damage":32,"enemies":"Cultist and Chosen","floor":31,"turns":9},{"damage":35,"enemies":"Automaton","floor":33,"turns":12}],"seed_played":"-3207738041251596048","potions_obtained":[{"floor":1.0,"key":"Block Potion"},{"floor":5.0,"key":"Fire Potion"},{"floor":11.0,"key":"DuplicationPotion"},{"floor":19.0,"key":"Regen Potion"},{"floor":25,"key":"SteroidPotion"},{"floor":29,"key":"DistilledChaos"},{"floor":31,"key":"CultistPotion"}],"is_trial":false,"path_per_floor":["M","T","$","?","M","R","E","R","T","R","M","M","?","M","R","B",null,"M","M","$","M","$","R","M","E","T","R","M","M","R","M","R","B",null],"character_chosen":"DOCTOR_CLASS","items_purchased":["ats:Hammer On","ats:Support Order","Toxic Egg 2"],"campfire_rested":1,"item_purchase_floors":[3,3,20],"current_hp_per_floor":[62,62,62,55,56,56,19,19,26,26,25,29,29,18,54,29,72,67,64,64,72,72,72,50,18,18,18,35,24,24,29,29,59,59,59],"gold":266,"neow_bonus":"THREE_RARE_CARDS","is_daily":false,"chose_seed":false,"campfire_upgraded":7,"win_rate":0.0,"timestamp":1611842562,"path_taken":["M","?","?","?","M","R","E","R","T","R","M","M","?","?","R","BOSS","M","M","$","M","?","R","M","E","T","R","M","M","R","M","R","BOSS"],"items_purchased_type":["Card","Card","Relic"],"build_version":"2020-12-22","purchased_purges":0,"victory":false,"max_hp_per_floor":[65,65,65,65,65,65,65,65,72,72,72,72,72,72,72,72,72,72,72,72,72,72,72,72,72,72,72,72,72,72,72,72,72,72,72],"card_choices":[{"not_picked":["ats:Wolf Pack","ats:Calcification"],"picked":"ats:Disruption Kick","floor":0.0},{"not_picked":["ats:Chain Hook","ats:Rapid Magazine"],"picked":"ats:Part Time Job","floor":1.0},{"not_picked":["ats:Assault Order","ats:Healing Strengthening"],"picked":"ats:Leaping Hammer","floor":5.0},{"not_picked":["ats:Guard Mode","ats:Explosion Area Strengthen"],"picked":"ats:Curse Doll","floor":7.0},{"not_picked":["ats:Explosion Area Strengthen","ats:Powerful Strike"],"picked":"ats:Leaping Hammer","floor":11.0},{"not_picked":["ats:Soul Absorption","ats:Sunburst"],"picked":"ats:Guard Mode","floor":12.0},{"not_picked":["ats:Volcano","ats:Powerful Strike"],"picked":"ats:Absolute Focus","floor":14.0},{"not_picked":["ats:Disruption Kick","ats:Volcano"],"picked":"ats:Calcification","floor":16.0},{"not_picked":["ats:Ignite","ats:Chain Hook"],"picked":"ats:Shell Defense","floor":18.0},{"not_picked":["ats:Sword Rain","ats:Powerful Strike"],"picked":"ats:Apocalypse+1","floor":19.0},{"not_picked":["ats:Shell Defense+1","ats:Hammer On"],"picked":"ats:Spore Proliferation+1","floor":21.0},{"not_picked":["ats:Rapid Magazine","ats:Hook Shot+1"],"picked":"ats:Assault Order+1","floor":24},{"not_picked":["ats:Rat Pack+1","ats:Composite Medical Shells"],"picked":"ats:Closed Bolt Burst Fire","floor":25},{"not_picked":["ats:Closed Bolt Burst Fire","ats:Mental Burst"],"picked":"ats:Thorns","floor":28},{"not_picked":["ats:Hammer On","ats:Absolute Focus+1"],"picked":"ats:Apocalypse+1","floor":29},{"not_picked":["ats:Flexible Camouflage+1","ats:Curse Doll+1","ats:Very Hot Blade"],"picked":"SKIP","floor":31}],"player_experience":327340,"relics_obtained":[{"floor":2.0,"key":"Regal Pillow"},{"floor":7.0,"key":"ats:Originium"},{"floor":7.0,"key":"Bag of Preparation"},{"floor":9.0,"key":"Strawberry"},{"floor":25,"key":"ats:Originium"},{"floor":25,"key":"Tiny Chest"},{"floor":26,"key":"MealTicket"}],"event_choices":[{"damage_healed":0.0,"max_hp_gain":0.0,"max_hp_loss":0.0,"gold_gain":0.0,"event_name":"Scrap Ooze","player_choice":"Success","floor":4.0,"gold_loss":0.0,"damage_taken":7.0,"relics_obtained":["Happy Flower"]},{"damage_healed":0.0,"max_hp_gain":0.0,"max_hp_loss":0.0,"gold_gain":0.0,"event_name":"Accursed Blacksmith","player_choice":"Rummage","floor":13.0,"gold_loss":0.0,"damage_taken":0.0,"relics_obtained":["WarpedTongs"],"cards_obtained":["Pain"]}],"is_beta":false,"boss_relics":[{"not_picked":["Empty Cage","Astrolabe"],"picked":"Coffee Dripper"}],"items_purged_floors":[],"is_endless":false,"potions_floor_spawned":[1,5,11,19,25,29,31],"ascension_level":0}}