{"host":"yecadp3kwkksam5a","time":1611843636,"event":{"mods":["BaseMod","Minty Spire (QoL Compilation)","StSLib","SuperFastMode","The Cursed"],"gold_per_floor":[110,110,110,35,52,77,110,136,161,192,192,221,221,231,231,231,231],"floor_reached":16,"language":"KOR","playtime":562,"items_purged":[],"score":322,"play_id":"3104504e-5567-4448-b73d-cafbaf9d35e3","local_time":"20210128232036","daily_mods":["Draft","Flight"],"is_ascension_mode":true,"campfire_choices":[{"data":"Dark Embrace","floor":13,"key":"SMITH"},{"data":"Body Slam","floor":15,"key":"SMITH"}],"circlet_count":0,"master_deck":["AscendersBane","Metallicize","Dark Embrace+1","Shrug It Off","True Grit","Second Wind","Headbutt","Sword Boomerang","Fire Breathing","Evolve","Feel No Pain","Pommel Strike","Whirlwind","Wild Strike","Cleave","Rage","Body Slam+1","Burning Pact"],"relics":["Burning Blood","Smiling Mask","PreservedInsect","Meat on the Bone","Akabeko","Self Forming Clay","Frozen Egg 2","Orichalcum"],"acts_visited":["Exordium"],"potions_floor_usage":[12],"damage_taken":[{"damage":13,"enemies":"Jaw Worm","floor":1,"turns":4},{"damage":11,"enemies":"2 Louse","floor":5,"turns":3},{"damage":11,"enemies":"3 Sentries","floor":6,"turns":4},{"damage":28,"enemies":"Lagavulin","floor":7,"turns":9},{"damage":16,"enemies":"3 Sentries","floor":8,"turns":4},{"damage":15,"enemies":"Lagavulin","floor":10,"turns":6},{"damage":0,"enemies":"3 Sentries","floor":12,"turns":1},{"damage":0,"enemies":"Cultist","floor":14,"turns":4},{"damage":27,"enemies":"The Guardian","floor":16,"turns":7}],"seed_played":"-3416115414795511802","potions_obtained":[{"floor":6,"key":"Energy Potion"},{"floor":8,"key":"Fruit Juice"},{"floor":12,"key":"Fire Potion"}],"is_trial":true,"path_per_floor":["M","?","?","?","M","E","E","E","T","E","T","E","R","M","R","B"],"character_chosen":"IRONCLAD","items_purchased":[],"campfire_rested":0,"item_purchase_floors":[],"current_hp_per_floor":[61,61,66,66,61,56,34,24,24,27,27,50,50,56,56,29,29],"gold":231,"neow_bonus":"","is_daily":false,"chose_seed":false,"campfire_upgraded":2,"win_rate":0.0,"timestamp":1611843636,"path_taken":["M","?","?","?","M","E","E","E","T","E","?","E","R","?","R","BOSS"],"items_purchased_type":[],"build_version":"2020-12-22","purchased_purges":0,"victory":false,"max_hp_per_floor":[75,75,80,80,80,80,80,80,80,80,80,85,85,85,85,85,85],"card_choices":[{"not_picked":["Havoc","Flex"],"picked":"Metallicize","floor":0},{"not_picked":["Heavy Blade","Armaments"],"picked":"Dark Embrace","floor":0},{"not_picked":["Rampage","Cleave"],"picked":"Shrug It Off","floor":0},{"not_picked":["Iron Wave","Havoc"],"picked":"Cleave","floor":0},{"not_picked":["Wild Strike","Thunderclap"],"picked":"True Grit","floor":0},{"not_picked":["Havoc","Warcry"],"picked":"Second Wind","floor":0},{"not_picked":["Sever Soul","True Grit"],"picked":"Headbutt","floor":0},{"not_picked":["Havoc","Flex"],"picked":"Sword Boomerang","floor":0},{"not_picked":["Disarm","Havoc"],"picked":"Fire Breathing","floor":0},{"not_picked":["Clash","Hemokinesis"],"picked":"Evolve","floor":0},{"not_picked":["Rupture","Whirlwind"],"picked":"Feel No Pain","floor":0},{"not_picked":["Dual Wield","Wild Strike"],"picked":"Pommel Strike","floor":0},{"not_picked":["Pommel Strike","Sword Boomerang"],"picked":"Whirlwind","floor":0},{"not_picked":["Anger","Second Wind"],"picked":"Wild Strike","floor":0},{"not_picked":["Wild Strike","Clothesline"],"picked":"Cleave","floor":0},{"not_picked":["Headbutt","Clash","Flex"],"picked":"SKIP","floor":1},{"not_picked":["Thunderclap","Heavy Blade","Pommel Strike"],"picked":"SKIP","floor":5},{"not_picked":["Pommel Strike","Carnage"],"picked":"Rage","floor":6},{"not_picked":["Clash","Anger"],"picked":"Body Slam","floor":7},{"not_picked":["Rupture","Heavy Blade","Spot Weakness"],"picked":"SKIP","floor":8},{"not_picked":["Demon Form","Twin Strike","Carnage"],"picked":"SKIP","floor":10},{"not_picked":["Clash","Armaments"],"picked":"Burning Pact","floor":12},{"not_picked":["Uppercut","Cleave","Shrug It Off"],"picked":"SKIP","floor":14}],"player_experience":518951,"relics_obtained":[{"floor":6,"key":"Smiling Mask"},{"floor":7,"key":"PreservedInsect"},{"floor":8,"key":"Meat on the Bone"},{"floor":9,"key":"Akabeko"},{"floor":10,"key":"Self Forming Clay"},{"floor":11,"key":"Frozen Egg 2"},{"floor":12,"key":"Orichalcum"}],"event_choices":[{"damage_healed":0,"gold_gain":0,"player_choice":"Ignored","damage_taken":0,"max_hp_gain":0,"max_hp_loss":0,"event_name":"Liars Game","floor":2,"gold_loss":0},{"damage_healed":0,"gold_gain":0,"player_choice":"Donut","damage_taken":0,"max_hp_gain":5,"max_hp_loss":0,"event_name":"Big Fish","floor":3,"gold_loss":0},{"cards_removed":["Cleave"],"damage_healed":0,"gold_gain":0,"player_choice":"Card Removal","damage_taken":0,"max_hp_gain":0,"max_hp_loss":0,"event_name":"The Cleric","floor":4,"gold_loss":75}],"is_beta":false,"boss_relics":[],"items_purged_floors":[],"is_endless":false,"potions_floor_spawned":[6,8,12,14],"killed_by":"The Guardian","ascension_level":20}}