{"host":"04hh9gplt9wkfmr1","time":1611860866,"event":{"mods":["AchievementEnabler","BaseMod","Colored Map","KOR Keyword Fix","Minty Spire (QoL Compilation)","Rare Cards Sparkle","SuperFastMode"],"gold_per_floor":[113,126,142,154,154,154,166,178,203,203,203,237,237,264,264,338,338,351,351,55,8,28,28,28,28],"floor_reached":24,"language":"KOR","playtime":682,"items_purged":["Decay"],"score":381,"play_id":"57486e49-abf1-48b7-96e0-f920b9987eda","local_time":"20210129040746","is_ascension_mode":true,"campfire_choices":[{"data":"Catalyst","floor":6.0,"key":"SMITH"},{"floor":11.0,"key":"REST"},{"floor":13.0,"key":"REST"},{"floor":15,"key":"REST"},{"floor":23,"key":"REST"}],"circlet_count":0,"master_deck":["AscendersBane","Strike_G","Strike_G","Strike_G","Strike_G","Strike_G","Defend_G","Defend_G","Defend_G","Defend_G","Defend_G","Survivor","Neutralize","Catalyst+1","Night Terror","Poisoned Stab","Bane","Crippling Poison+1","Well Laid Plans","Poisoned Stab","Venomology+1","Backflip+1","Deadly Poison+1","Noxious Fumes","PiercingWail+1"],"relics":["Ring of the Serpent","Toxic Egg 2","Smiling Mask","Gremlin Horn","Bottled Lightning","Regal Pillow"],"acts_visited":["Exordium","TheCity"],"potions_floor_usage":[18,18,22,22,22,24,24],"damage_taken":[{"damage":2.0,"enemies":"Cultist","floor":1.0,"turns":5.0},{"damage":2.0,"enemies":"Jaw Worm","floor":2.0,"turns":6.0},{"damage":4.0,"enemies":"Small Slimes","floor":3.0,"turns":4.0},{"damage":30.0,"enemies":"Exordium Thugs","floor":4.0,"turns":7.0},{"damage":13.0,"enemies":"3 Louse","floor":7.0,"turns":5.0},{"damage":3.0,"enemies":"Blue Slaver","floor":8.0,"turns":5.0},{"damage":37.0,"enemies":"Gremlin Nob","floor":12.0,"turns":5.0},{"damage":5,"enemies":"Lagavulin","floor":14,"turns":4},{"damage":15,"enemies":"Slime Boss","floor":16,"turns":5},{"damage":24,"enemies":"Shell Parasite","floor":18,"turns":4},{"damage":22,"enemies":"Chosen","floor":22,"turns":5},{"damage":59,"enemies":"Slavers","floor":24,"turns":3}],"seed_played":"-7109507432955881760","potions_obtained":[{"floor":2.0,"key":"SkillPotion"},{"floor":8.0,"key":"Block Potion"},{"floor":12.0,"key":"SteroidPotion"},{"floor":16,"key":"Strength Potion"}],"is_trial":false,"path_per_floor":["M","M","M","M","T","R","M","M","T","?","R","E","R","E","R","B",null,"M","?","$","$","M","R","E"],"character_chosen":"THE_SILENT","items_purchased":["Deadly Poison+1","Noxious Fumes","Regal Pillow","PiercingWail+1"],"campfire_rested":4,"item_purchase_floors":[20,20,20,21],"current_hp_per_floor":[68,66,62,32,32,32,19,16,16,16,39,2,25,20,43,28,65,41,41,41,41,19,57,0,0],"gold":28,"neow_bonus":"TEN_PERCENT_HP_BONUS","is_daily":false,"chose_seed":false,"campfire_upgraded":1,"win_rate":0.0,"timestamp":1611860866,"path_taken":["M","M","M","M","?","R","M","M","T","?","R","E","R","E","R","BOSS","M","?","?","$","M","R","E"],"items_purchased_type":["Card","Card","Relic","Card"],"build_version":"2020-12-22","purchased_purges":1,"victory":false,"max_hp_per_floor":[77,77,77,77,77,77,77,77,77,77,77,77,77,77,77,77,77,77,77,77,77,77,77,77,77],"card_choices":[{"not_picked":["Deflect","Dagger Throw","Sucker Punch"],"picked":"SKIP","floor":1.0},{"not_picked":["Distraction","Backflip"],"picked":"Catalyst","floor":2.0},{"not_picked":["Backflip","Flying Knee"],"picked":"Night Terror","floor":3.0},{"not_picked":["Bane","Outmaneuver"],"picked":"Poisoned Stab","floor":4.0},{"not_picked":["Masterful Stab","Blade Dance+1"],"picked":"Bane","floor":7.0},{"not_picked":["Well Laid Plans","Predator"],"picked":"Crippling Poison+1","floor":8.0},{"not_picked":["Endless Agony","Grand Finale"],"picked":"Well Laid Plans","floor":12.0},{"not_picked":["Flying Knee","Acrobatics+1","Poisoned Stab"],"picked":"SKIP","floor":14},{"not_picked":["Flying Knee","Acrobatics+1"],"picked":"Poisoned Stab","floor":14},{"not_picked":["Night Terror+1","Grand Finale"],"picked":"Venomology+1","floor":16},{"not_picked":["Distraction+1","Finisher+1"],"picked":"Backflip+1","floor":18},{"not_picked":["Blade Dance+1","Backflip+1","Skewer+1"],"picked":"SKIP","floor":22}],"player_experience":97933,"relics_obtained":[{"floor":5.0,"key":"Toxic Egg 2"},{"floor":9.0,"key":"Smiling Mask"},{"floor":12.0,"key":"Gremlin Horn"},{"floor":14,"key":"Bottled Lightning"}],"event_choices":[{"damage_healed":0.0,"max_hp_gain":0.0,"max_hp_loss":0.0,"gold_gain":0.0,"event_name":"Dead Adventurer","player_choice":"Searched \u00271\u0027 times","floor":10.0,"gold_loss":0.0,"damage_taken":0.0},{"damage_healed":0,"gold_gain":0,"player_choice":"Cursed","damage_taken":0,"max_hp_gain":0,"max_hp_loss":0,"event_name":"Wheel of Change","floor":19,"gold_loss":0,"cards_obtained":["Decay"]}],"is_beta":false,"boss_relics":[{"not_picked":["Pandora\u0027s Box","Runic Dome"],"picked":"Ring of the Serpent"}],"items_purged_floors":[20],"is_endless":false,"potions_floor_spawned":[2,8,12,16],"killed_by":"Slavers","ascension_level":13}}