{"host":"f0gpob8hq9vgebej","time":1611836217,"event":{"mods":["AchievementEnabler","BaseMod","Minty Spire (QoL Compilation)","Quick Restart","SuperFastMode"],"gold_per_floor":[114,132,148,167,183,183,216,216,216,232,232,258,104,114,114,216,216,231,231,247,266,266,295,394,411,438,438,438,438,473,74,74,176,176,189,202,214,214,46,46,76,76,76,76,111,111,130,140,140,140],"floor_reached":51,"language":"KOR","playtime":1190,"items_purged":["Strike_P","Strike_P","Defend_P"],"score":993,"play_id":"4e5b98c4-0802-4696-8488-2d75f7ce3a8f","local_time":"20210128211657","is_ascension_mode":true,"campfire_choices":[{"data":"Eruption","floor":6.0,"key":"SMITH"},{"data":"MentalFortress","floor":8.0,"key":"SMITH"},{"data":"WheelKick","floor":15.0,"key":"SMITH"},{"data":"Ragnarok","floor":27.0,"key":"SMITH"},{"data":"Adaptation","floor":32.0,"key":"SMITH"},{"floor":40,"key":"REST"},{"floor":42,"key":"REST"},{"data":"Vigilance","floor":44,"key":"SMITH"},{"floor":46,"key":"REST"},{"floor":49,"key":"REST"}],"circlet_count":0,"master_deck":["Strike_P","Defend_P+1","Eruption+1","Vigilance+1","Crescendo+1","WheelKick+1","SandsOfTime","MentalFortress+1","EmptyBody","MentalFortress","EmptyFist","DevaForm","CurseOfTheBell","CarveReality","Ragnarok+1","Adaptation+1","Indignation","BowlingBash+1","ForeignInfluence+1","Flash of Steel","Halt+1","Meditate"],"relics":["PureWater","Gremlin Horn","Shuriken","TungstenRod","Calling Bell","War Paint","Matryoshka","Du-Vu Doll","Nilry\u0027s Codex","The Courier","Bronze Scales","Bag of Marbles","Blood Vial","Lizard Tail","Empty Cage","Bottled Tornado","HornCleat","Dead Branch","Vajra"],"acts_visited":["Exordium","TheCity","TheBeyond"],"potions_floor_usage":[],"damage_taken":[{"damage":0.0,"enemies":"Cultist","floor":1.0,"turns":3.0},{"damage":9.0,"enemies":"Small Slimes","floor":2.0,"turns":7.0},{"damage":0.0,"enemies":"2 Louse","floor":3.0,"turns":2.0},{"damage":1.0,"enemies":"2 Fungi Beasts","floor":4.0,"turns":3.0},{"damage":0.0,"enemies":"Large Slime","floor":5.0,"turns":5.0},{"damage":44.0,"enemies":"Lagavulin","floor":7.0,"turns":4.0},{"damage":10.0,"enemies":"Gremlin Gang","floor":10.0,"turns":3.0},{"damage":16.0,"enemies":"Gremlin Nob","floor":12.0,"turns":3.0},{"damage":3.0,"enemies":"Exordium Thugs","floor":14.0,"turns":4.0},{"damage":27.0,"enemies":"Hexaghost","floor":16.0,"turns":10.0},{"damage":3.0,"enemies":"Chosen","floor":18.0,"turns":4.0},{"damage":19.0,"enemies":"Shell Parasite","floor":20.0,"turns":4.0},{"damage":0.0,"enemies":"3 Cultists","floor":21.0,"turns":4.0},{"damage":11.0,"enemies":"Book of Stabbing","floor":23.0,"turns":5.0},{"damage":9.0,"enemies":"Snecko","floor":25.0,"turns":3.0},{"damage":0.0,"enemies":"Centurion and Healer","floor":29.0,"turns":1.0},{"damage":0.0,"enemies":"Slavers","floor":30.0,"turns":4.0},{"damage":21.0,"enemies":"Automaton","floor":33.0,"turns":9.0},{"damage":0.0,"enemies":"3 Darklings","floor":35.0,"turns":1.0},{"damage":15.0,"enemies":"Orb Walker","floor":36.0,"turns":4.0},{"damage":51,"enemies":"Writhing Mass","floor":37,"turns":6},{"damage":63,"enemies":"Nemesis","floor":41,"turns":5},{"damage":38,"enemies":"Reptomancer","floor":45,"turns":4},{"damage":4,"enemies":"3 Darklings","floor":47,"turns":3},{"damage":6,"enemies":"4 Shapes","floor":48,"turns":1},{"damage":19,"enemies":"Awakened One","floor":50,"turns":5}],"seed_played":"-7401154345706819137","potions_obtained":[{"floor":3.0,"key":"Strength Potion"},{"floor":7.0,"key":"BottledMiracle"},{"floor":10.0,"key":"Dexterity Potion"},{"floor":16.0,"key":"LiquidMemories"},{"floor":20.0,"key":"Regen Potion"},{"floor":23.0,"key":"SmokeBomb"},{"floor":37,"key":"LiquidBronze"},{"floor":41,"key":"FearPotion"},{"floor":48,"key":"AttackPotion"}],"is_trial":false,"path_per_floor":["M","M","M","M","M","R","E","R","T","M","?","E","$","M","R","B",null,"M","?","M","M","?","E","?","M","T","R","?","M","E","$","R","B",null,"M","M","M","?","$","R","E","R","T","R","E","R","M","M","R","B",null],"character_chosen":"WATCHER","items_purchased":["MentalFortress","Lizard Tail","Indignation","PowerPotion","Flash of Steel"],"campfire_rested":4,"item_purchase_floors":[13,31,31,31,39],"current_hp_per_floor":[79,70,70,69,69,69,25,25,25,15,89,73,73,70,70,43,78,75,75,56,56,44,33,33,24,24,24,24,24,24,24,24,10,69,71,58,9,9,9,35,33,59,59,59,23,49,47,43,69,52],"gold":140,"neow_bonus":"TEN_PERCENT_HP_BONUS","is_daily":false,"chose_seed":false,"campfire_upgraded":6,"win_rate":0.0,"timestamp":1611836217,"path_taken":["M","M","M","M","M","R","E","R","T","?","?","E","$","?","R","BOSS","M","?","M","M","?","E","?","M","T","R","?","M","E","$","R","BOSS","M","M","?","?","$","R","E","R","T","R","E","R","M","M","R","BOSS"],"items_purchased_type":["Card","Relic","Card","Potion","Card"],"build_version":"2020-12-22","purchased_purges":3,"victory":true,"max_hp_per_floor":[79,79,79,79,79,79,79,79,79,79,89,89,89,89,89,89,89,89,89,89,89,89,89,89,89,89,89,89,89,89,89,89,89,89,89,89,89,89,89,89,89,89,89,89,89,89,89,89,89,89],"card_choices":[{"not_picked":["SandsOfTime","EmptyBody"],"picked":"Crescendo","floor":1.0},{"not_picked":["SashWhip","PathToVictory"],"picked":"WheelKick","floor":2.0},{"not_picked":["Consecrate","FollowUp"],"picked":"SandsOfTime","floor":3.0},{"not_picked":["CrushJoints","EmptyFist"],"picked":"MentalFortress","floor":4.0},{"not_picked":["SignatureMove","SashWhip","CrushJoints"],"picked":"SKIP","floor":5.0},{"not_picked":["Consecrate","Halt"],"picked":"Judgement","floor":7.0},{"not_picked":["JustLucky","Indignation"],"picked":"EmptyBody","floor":10.0},{"not_picked":["Prostrate","MasterReality"],"picked":"BowlingBash","floor":12.0},{"not_picked":["EmptyBody","Perseverance"],"picked":"EmptyFist","floor":14.0},{"not_picked":["Wish","Brilliance"],"picked":"DevaForm","floor":16.0},{"not_picked":["FollowUp","Evaluate+1","BowlingBash"],"picked":"SKIP","floor":18.0},{"not_picked":["Crescendo","Protect+1"],"picked":"CarveReality","floor":20.0},{"not_picked":["PathToVictory","Fasting2","Study"],"picked":"SKIP","floor":21.0},{"not_picked":["LikeWater+1","Evaluate"],"picked":"Ragnarok","floor":23.0},{"not_picked":["LikeWater","Prostrate","Sanctity+1"],"picked":"SKIP","floor":25.0},{"not_picked":["ThirdEye","Omniscience","FlyingSleeves+1"],"picked":"SKIP","floor":30.0},{"not_picked":["FlyingSleeves+1","Consecrate"],"picked":"BowlingBash+1","floor":35.0},{"not_picked":["BowlingBash+1","BattleHymn"],"picked":"ForeignInfluence+1","floor":36.0},{"not_picked":["Collect+1","JustLucky","FlurryOfBlows+1"],"picked":"SKIP","floor":37},{"not_picked":["Adaptation","Prostrate+1","Wallop"],"picked":"SKIP","floor":41},{"not_picked":["JustLucky","DeusExMachina","CrushJoints"],"picked":"SKIP","floor":45},{"not_picked":["FlurryOfBlows+1","CrushJoints"],"picked":"Halt+1","floor":47},{"not_picked":["FlurryOfBlows","Vengeance+1"],"picked":"Meditate","floor":48}],"player_experience":282057,"relics_obtained":[{"floor":7.0,"key":"Gremlin Horn"},{"floor":9.0,"key":"Shuriken"},{"floor":12.0,"key":"TungstenRod"},{"floor":17.0,"key":"War Paint"},{"floor":17.0,"key":"Matryoshka"},{"floor":17.0,"key":"Du-Vu Doll"},{"floor":22.0,"key":"Nilry\u0027s Codex"},{"floor":23.0,"key":"The Courier"},{"floor":26.0,"key":"Bronze Scales"},{"floor":26.0,"key":"Bag of Marbles"},{"floor":30.0,"key":"Blood Vial"},{"floor":41,"key":"Bottled Tornado"},{"floor":43,"key":"HornCleat"},{"floor":43,"key":"Dead Branch"},{"floor":45,"key":"Vajra"}],"event_choices":[{"cards_removed":["Judgement"],"damage_healed":64.0,"max_hp_gain":10.0,"max_hp_loss":0.0,"gold_gain":0.0,"event_name":"Bonfire Elementals","player_choice":"Offered Rare","floor":11.0,"gold_loss":0.0,"damage_taken":0.0},{"damage_healed":0.0,"max_hp_gain":0.0,"max_hp_loss":0.0,"gold_gain":0.0,"event_name":"Vampires","player_choice":"Ignored","floor":19.0,"gold_loss":0.0,"damage_taken":0.0},{"damage_healed":0.0,"max_hp_gain":0.0,"max_hp_loss":0.0,"gold_gain":0.0,"event_name":"Cursed Tome","player_choice":"Obtained Book","floor":22.0,"gold_loss":0.0,"damage_taken":16.0},{"damage_healed":0.0,"max_hp_gain":0.0,"max_hp_loss":0.0,"gold_gain":99.0,"event_name":"Nest","player_choice":"Stole From Cult","floor":24.0,"gold_loss":0.0,"damage_taken":0.0},{"damage_healed":0.0,"max_hp_gain":0.0,"max_hp_loss":0.0,"gold_gain":0.0,"cards_transformed":["Defend_P"],"event_name":"Transmorgrifier","player_choice":"Transformed","floor":28.0,"gold_loss":0.0,"damage_taken":0.0,"cards_obtained":["Adaptation"]},{"cards_removed":["BowlingBash"],"damage_healed":0,"gold_gain":0,"player_choice":"Removed Attack","damage_taken":0,"max_hp_gain":0,"max_hp_loss":0,"event_name":"Falling","floor":38,"gold_loss":0}],"is_beta":false,"boss_relics":[{"not_picked":["Sozu","Runic Dome"],"picked":"Calling Bell"},{"not_picked":["Coffee Dripper","Runic Pyramid"],"picked":"Empty Cage"}],"items_purged_floors":[13,31,39],"is_endless":false,"potions_floor_spawned":[3,7,10,12,14,16,20,23,29,37,41,48],"ascension_level":5}}