{"host":"ubyp1yuphwcqvn8x","time":1611877808,"event":{"mods":["BaseMod","Colored Map","Minty Spire (QoL Compilation)","Permanent Neow","Replay The Spire","StSLib","SuperFastMode","The Construct"],"gold_per_floor":[115,115,115,131,56,56,112,122,146,146,146,177,30,49,49,148,148,166,166,81,98,131,131,31,46,92,21,21,52,64,94,94,199,199,209,209,228,242,259,259,272,42,69,69,83,11,42,58,58,58,58,58,8,39,39,39],"floor_reached":55,"language":"ENG","playtime":4817,"items_purged":["Decay","Defend_B","Strike_B"],"score":798,"play_id":"df2512c1-91b5-45fa-b11f-136d77d4d3cd","local_time":"20210128185008","is_ascension_mode":true,"campfire_choices":[{"data":"Sweeping Beam","floor":6.0,"key":"SMITH"},{"floor":11.0,"key":"REST"},{"data":"Skim","floor":23.0,"key":"SMITH"},{"floor":32.0,"key":"REST"},{"floor":40.0,"key":"RECALL"},{"data":"Meteor Strike","floor":49,"key":"SMITH"},{"data":"Capacitor","floor":52,"key":"SMITH"}],"circlet_count":0,"master_deck":["Defend_B","Defend_B","Defend_B","Zap+1","Dualcast","Sweeping Beam+1","Streamline+1","ReplayTheSpireMod:GoodbyeWorld","FTL+1","Meteor Strike+1","Skim+1","Crystallizer","Loop","Seek","Core Surge","ReplayTheSpireMod:System Scan+1","Reboot+1","Capacitor+1","Reprogram+1"],"relics":["construct:ClawGrip","CaptainsWheel","Centennial Puzzle","ReplayTheSpireMod:TigerMarble","OrangePellets","Painkiller Herb","Omamori","Calipers","Thread and Needle","White Beast Statue","Coffee Dripper","Art of War","Mummified Hand","Solar Panel"],"acts_visited":["Exordium","TheCity","TheBeyond","TheEnding"],"potions_floor_usage":[48,50,55,55,55],"damage_taken":[{"damage":0.0,"enemies":"Small Slimes","floor":1.0,"turns":2.0},{"damage":9.0,"enemies":"2 Louse","floor":4.0,"turns":2.0},{"damage":16.0,"enemies":"Gremlin Nob","floor":7.0,"turns":4.0},{"damage":1.0,"enemies":"Cultist","floor":8.0,"turns":3.0},{"damage":26.0,"enemies":"Lagavulin","floor":12.0,"turns":6.0},{"damage":21.0,"enemies":"Exordium Wildlife","floor":14.0,"turns":2.0},{"damage":14.0,"enemies":"Slime Boss","floor":16.0,"turns":8.0},{"damage":0.0,"enemies":"Spheric Guardian","floor":18.0,"turns":3.0},{"damage":8.0,"enemies":"Shell Parasite","floor":21.0,"turns":3.0},{"damage":3.0,"enemies":"Chosen and Byrds","floor":25.0,"turns":4.0},{"damage":25.0,"enemies":"Slavers","floor":29.0,"turns":3.0},{"damage":25.0,"enemies":"Shelled Parasite and Fungi","floor":30.0,"turns":3.0},{"damage":0.0,"enemies":"Book of Stabbing","floor":31.0,"turns":3.0},{"damage":25.0,"enemies":"Pondfish","floor":33.0,"turns":12.0},{"damage":0.0,"enemies":"3 Shapes","floor":35.0,"turns":4.0},{"damage":0.0,"enemies":"3 Darklings","floor":37.0,"turns":4.0},{"damage":6.0,"enemies":"Writhing Mass","floor":38.0,"turns":5.0},{"damage":8.0,"enemies":"4 Shapes","floor":39.0,"turns":4.0},{"damage":18.0,"enemies":"Spire Growth","floor":41.0,"turns":4.0},{"damage":0,"enemies":"Transient","floor":45,"turns":5},{"damage":0,"enemies":"Reptomancer","floor":47,"turns":6},{"damage":2,"enemies":"Maw","floor":48,"turns":4},{"damage":40,"enemies":"Donu and Deca","floor":50,"turns":7},{"damage":29,"enemies":"Shield and Spear","floor":54,"turns":4},{"damage":46,"enemies":"The Heart","floor":55,"turns":5}],"seed_played":"6854589798627183957","potions_obtained":[{"floor":4.0,"key":"PotionOfCapacity"},{"floor":8.0,"key":"Venom Potion"},{"floor":21.0,"key":"Flashbang"},{"floor":25.0,"key":"SteroidPotion"},{"floor":33.0,"key":"EssenceOfSteel"},{"floor":35.0,"key":"FearPotion"},{"floor":37.0,"key":"Strength Potion"},{"floor":38.0,"key":"Adrenaline Potion"},{"floor":41.0,"key":"Elixir"},{"floor":48,"key":"Adrenaline Potion"},{"floor":54,"key":"SkillPotion"}],"is_trial":false,"path_per_floor":["M","?","?","M","$","R","?","M","T","?","R","E","$","M","R_BF","B",null,"?","?","?","?","?","T","T","?","T","T","?","E","?","E","T","B",null,"?","?","?","?","?","T","?","T","T","T","?","T","E","?","T","B",null,"T","T","E","B"],"character_chosen":"DEFECT","items_purchased":["OrangePellets","Crystallizer","Reboot+1","Capacitor","Swift Potion"],"campfire_rested":2,"item_purchase_floors":[13,27,42,46,53],"current_hp_per_floor":[75,75,75,66,66,66,50,49,49,34,56,30,30,9,31,17,75,75,75,75,67,67,67,67,64,64,64,64,39,14,14,36,11,75,75,75,75,69,61,61,43,43,43,43,43,43,43,45,45,5,75,75,75,46,0,0],"gold":39,"neow_bonus":"BOSS_RELIC","is_daily":false,"chose_seed":false,"campfire_upgraded":4,"win_rate":0.0,"timestamp":1611877808,"path_taken":["M","?","?","?","$","R","?","M","T","?","R","E","$","M","R_BF","BOSS","?","?","?","?","?","T","T","?","T","T","?","E","?","E","T","BOSS","?","?","?","?","?","T","?","T","T","T","?","T","E","?","T","BOSS","T","T","E","BOSS"],"items_purchased_type":["Relic","Card","Card","Card","Potion"],"build_version":"2020-12-22","purchased_purges":3,"victory":false,"max_hp_per_floor":[75,75,75,75,75,75,75,75,75,75,75,75,75,75,75,75,75,75,75,75,75,75,75,75,75,75,75,75,75,75,75,75,75,75,75,75,75,75,75,75,75,75,75,75,75,75,75,75,75,75,75,75,75,75,75,75],"card_choices":[{"not_picked":["Rip and Tear","BasicCrystalCard"],"picked":"Sweeping Beam","floor":1.0},{"not_picked":["Redo","Rebound","BasicCrystalCard"],"picked":"SKIP","floor":4.0},{"not_picked":["Rip and Tear","Compile Driver"],"picked":"Streamline","floor":7.0},{"not_picked":["Cold Snap","Streamline"],"picked":"ReplayTheSpireMod:GoodbyeWorld","floor":8.0},{"not_picked":["Compile Driver","Capacitor","Melter"],"picked":"SKIP","floor":12.0},{"not_picked":["ReplayTheSpireMod:Repulse","Barrage"],"picked":"FTL","floor":14.0},{"not_picked":["ReplayTheSpireMod:Omega Cannon","Core Surge"],"picked":"Meteor Strike","floor":16.0},{"not_picked":["Panic Button","Stack","Ball Lightning"],"picked":"SKIP","floor":18.0},{"not_picked":["Sweeping Beam","Turbo"],"picked":"Skim","floor":21.0},{"not_picked":["ReplaySolidLightProjector","FIFO Queue+1","Sweeping Beam"],"picked":"SKIP","floor":25.0},{"not_picked":["Blizzard","Rebound","Coolheaded"],"picked":"SKIP","floor":29.0},{"not_picked":["Turbo","Cold Snap"],"picked":"Seek","floor":30.0},{"not_picked":["ReplaySolidLightProjector","Storm","Blizzard"],"picked":"SKIP","floor":31.0},{"not_picked":["Creative AI","Multi-Cast"],"picked":"Core Surge","floor":33.0},{"not_picked":["Time Bomb+1","Turbo","Beam Cell"],"picked":"SKIP","floor":35.0},{"not_picked":["Turbo","Compile Driver","Rebound"],"picked":"SKIP","floor":37.0},{"not_picked":["Ball Lightning","Go for the Eyes","Leap+1"],"picked":"SKIP","floor":38.0},{"not_picked":["Static Discharge","Barrage"],"picked":"ReplayTheSpireMod:System Scan+1","floor":39.0},{"not_picked":["Coolheaded","Cold Snap+1","Turbo"],"picked":"SKIP","floor":41.0},{"not_picked":["Sweeping Beam+1","Reboot","Coolheaded+1"],"picked":"SKIP","floor":45},{"not_picked":["Coolheaded+1","Fusion+1","Stack"],"picked":"SKIP","floor":47},{"not_picked":["BasicCrystalCard+1","Redo","FTL+1"],"picked":"SKIP","floor":48},{"not_picked":["Blizzard","Reboot"],"picked":"Reprogram+1","floor":54}],"player_experience":1103081,"relics_obtained":[{"floor":7.0,"key":"CaptainsWheel"},{"floor":9.0,"key":"Centennial Puzzle"},{"floor":12.0,"key":"ReplayTheSpireMod:TigerMarble"},{"floor":22.0,"key":"Calipers"},{"floor":29.0,"key":"Thread and Needle"},{"floor":31.0,"key":"White Beast Statue"},{"floor":43.0,"key":"Art of War"},{"floor":47,"key":"Mummified Hand"},{"floor":54,"key":"Solar Panel"}],"event_choices":[{"cards_removed":["Strike_B"],"damage_healed":0.0,"max_hp_gain":0.0,"max_hp_loss":0.0,"gold_gain":0.0,"event_name":"Living Wall","player_choice":"Forget","floor":2.0,"gold_loss":0.0,"damage_taken":0.0},{"damage_healed":0.0,"max_hp_gain":0.0,"max_hp_loss":0.0,"gold_gain":0.0,"event_name":"Wheel of Change","player_choice":"Cursed","floor":3.0,"gold_loss":0.0,"damage_taken":0.0,"cards_obtained":["Decay"]},{"damage_healed":0.0,"max_hp_gain":0.0,"max_hp_loss":0.0,"gold_gain":0.0,"event_name":"Dead Adventurer","player_choice":"Searched \u00271\u0027 times","floor":7.0,"gold_loss":0.0,"damage_taken":0.0},{"damage_healed":0.0,"max_hp_gain":0.0,"max_hp_loss":0.0,"gold_gain":0.0,"event_name":"Shining Light","player_choice":"Entered Light","floor":10.0,"gold_loss":0.0,"damage_taken":15.0,"cards_upgraded":["Streamline","Zap"]},{"cards_removed":["Strike_B"],"damage_healed":0.0,"max_hp_gain":0.0,"max_hp_loss":0.0,"gold_gain":0.0,"event_name":"Back to Basics","player_choice":"Elegance","floor":19.0,"gold_loss":0.0,"damage_taken":0.0},{"damage_healed":0.0,"max_hp_gain":0.0,"max_hp_loss":0.0,"gold_gain":0.0,"event_name":"Addict","player_choice":"Obtained Relic","floor":20.0,"gold_loss":85.0,"damage_taken":0.0,"relics_obtained":["Omamori"]},{"damage_healed":0.0,"max_hp_gain":0.0,"max_hp_loss":0.0,"gold_gain":0.0,"cards_transformed":["Strike_B"],"event_name":"Transmorgrifier","player_choice":"Transformed","floor":28.0,"gold_loss":0.0,"damage_taken":0.0,"cards_obtained":["Loop"]},{"damage_healed":0.0,"max_hp_gain":0.0,"max_hp_loss":0.0,"gold_gain":0.0,"event_name":"SecretPortal","player_choice":"Ignored","floor":36.0,"gold_loss":0.0,"damage_taken":0.0}],"is_beta":false,"boss_relics":[{"not_picked":["ChewingGum","Velvet Choker"],"picked":"Painkiller Herb"},{"not_picked":["Astrolabe","Cursed Key"],"picked":"Coffee Dripper"}],"items_purged_floors":[5,24,42],"is_endless":false,"potions_floor_spawned":[4,8,21,25,33,35,37,38,39,41,45,47,48,54],"killed_by":"The Heart","ascension_level":1}}