{"host":"v9ordiuf4xzdpttp","time":1611795877,"event":{"mods":["AchievementEnabler","Act Like it!","AlwaysNeverKeys","BaseMod","Better Third Choice","Better Vampires","BetterRewards","CCEM2","Colored Map","Gold Saver","Halation","Infinite Spire","Jedi Mod","Marked Mod","Minty Spire (QoL Compilation)","Pale of the Ancients","Remove Card Discount Mod","Shop Mod","Spicy Shops","StSLib","The Bug Knight","The Runesmith"],"gold_per_floor":[148,165,165,181,181,181,181,214,214,247,247,247,259,270,270,270,270],"floor_reached":16,"language":"ENG","playtime":792,"items_purged":[],"score":196,"play_id":"81aa3066-c73b-4dba-bc45-e2da7cbdadb7","local_time":"20210127200437","is_ascension_mode":true,"campfire_choices":[{"floor":6,"key":"REST"},{"floor":11,"key":"REST"},{"floor":15,"key":"REST"}],"circlet_count":0,"master_deck":["Strike_R","Strike_R","Strike_R","Strike_R","Strike_R","Defend_R","Defend_R","Defend_R","Defend_R","Bash","Combust","Cleave","Intimidate","infinitespire:NeuralNetwork","jedi:strikingstrike","jedi:controlledanger","Rampage"],"relics":["Burning Blood","jedi:gremlinknob","CCEMRelics:Francisca","Gremlin Horn"],"acts_visited":["Exordium"],"potions_floor_usage":[16],"damage_taken":[{"damage":20,"enemies":"2 Louse","floor":1,"turns":3},{"damage":1,"enemies":"Small Slimes","floor":2,"turns":3},{"damage":12,"enemies":"Cultist","floor":4,"turns":4},{"damage":34,"enemies":"3 Sentries","floor":8,"turns":6},{"damage":18,"enemies":"Lagavulin","floor":10,"turns":3},{"damage":15,"enemies":"Exordium Wildlife","floor":13,"turns":2},{"damage":0,"enemies":"Looter","floor":14,"turns":1},{"damage":75,"enemies":"The Guardian","floor":16,"turns":7}],"seed_played":"3337997809796070113","potions_obtained":[{"floor":1,"key":"SteroidPotion"},{"floor":4,"key":"jedi:holywater"}],"is_trial":false,"path_per_floor":["M","M","?","M","?","R","?","E","T","E","R","?","M","M","R","B"],"character_chosen":"IRONCLAD","items_purchased":["Combust"],"campfire_rested":3,"item_purchase_floors":[0],"current_hp_per_floor":[58,63,44,38,38,62,67,39,39,27,52,52,43,49,74,0,0],"gold":270,"neow_bonus":"","is_daily":false,"chose_seed":false,"campfire_upgraded":0,"win_rate":0.0,"timestamp":1611795877,"path_taken":["M","M","?","M","?","R","?","E","T","E","R","?","M","M","R","BOSS"],"items_purchased_type":["Card"],"build_version":"2020-12-22","purchased_purges":0,"victory":false,"max_hp_per_floor":[80,80,80,80,80,80,85,85,85,85,85,85,85,85,85,85,85],"card_choices":[{"not_picked":["Sword Boomerang","Wild Strike"],"picked":"Cleave","floor":1},{"not_picked":["Headbutt","Burning Pact"],"picked":"Intimidate","floor":2},{"not_picked":["infinitespire:DeathsTouch","infinitespire:Menacing"],"picked":"infinitespire:NeuralNetwork","floor":3},{"not_picked":["Perfected Strike","Wild Strike"],"picked":"jedi:strikingstrike","floor":4},{"not_picked":["Clothesline","Twin Strike","Carnage"],"picked":"SKIP","floor":8},{"not_picked":["Clash","Wild Strike","jedi:suffering"],"picked":"SKIP","floor":10},{"not_picked":["Bloodletting","Intimidate"],"picked":"Rampage","floor":13},{"not_picked":["Perfected Strike","Twin Strike","Iron Wave"],"picked":"SKIP","floor":14}],"player_experience":208791,"relics_obtained":[{"floor":8,"key":"jedi:gremlinknob"},{"floor":9,"key":"CCEMRelics:Francisca"},{"floor":10,"key":"Gremlin Horn"}],"event_choices":[{"damage_healed":0,"gold_gain":0,"player_choice":"Donut","damage_taken":0,"max_hp_gain":5,"max_hp_loss":0,"event_name":"Big Fish","floor":7,"gold_loss":0},{"damage_healed":0,"gold_gain":0,"player_choice":"1 cards matched","damage_taken":0,"max_hp_gain":0,"max_hp_loss":0,"event_name":"Match and Keep!","floor":12,"gold_loss":0,"cards_obtained":["jedi:controlledanger"]}],"is_beta":false,"boss_relics":[],"items_purged_floors":[],"is_endless":false,"potions_floor_spawned":[1,4],"killed_by":"The Guardian","ascension_level":9}}