{"host":"r3islh0l1a1ykxfu","time":1611874094,"event":{"mods":["BaseMod","Bestiary","Colored Map","Colored Powertips","Highlight Path","Minty Spire (QoL Compilation)","Relic Stats","Slay-I"],"gold_per_floor":[118,80,95,95,106,132,132,163,163,163,179,179,196,121,121,223,223,237,255,266,5,25,51,68,87,387,402,195,195,210,226,226,327,327,337,94,0,19,19,48,61,111,138,138,138,13,13,26,26,26],"floor_reached":51,"language":"ENG","playtime":9808,"items_purged":["Parasite","Defend_R","Pain"],"score":814,"play_id":"73b01058-8a96-43ce-ae08-5e6f79ad2b1a","local_time":"20210128164814","is_ascension_mode":true,"campfire_choices":[{"data":"Twin Strike","floor":12.0,"key":"SMITH"},{"data":"Seeing Red","floor":15.0,"key":"SMITH"},{"data":"Offering","floor":29.0,"key":"SMITH"},{"floor":32.0,"key":"REST"},{"data":"Bludgeon","floor":44.0,"key":"SMITH"},{"data":"Whirlwind","floor":49,"key":"SMITH"}],"circlet_count":0,"master_deck":["Strike_R","Strike_R","Strike_R","Strike_R","Strike_R","Defend_R+1","Defend_R+1","Defend_R","Bash+1","Shrug It Off","Flex","Twin Strike+1","Perfected Strike+1","Twin Strike","Shrug It Off","Seeing Red+1","Bludgeon+1","CurseOfTheBell","Carnage","Shockwave+1","True Grit","Shrug It Off","Offering+1","Wild Strike","Wild Strike","Pommel Strike","Perfected Strike+1","Flex","Madness","Madness","Whirlwind+1","Pommel Strike+1","Doubt"],"relics":["Burning Blood","War Paint","Gremlin Horn","StrikeDummy","Calling Bell","Oddly Smooth Stone","Meat on the Bone","Incense Burner","Paper Frog","Blood Vial","Old Coin","Akabeko","Cursed Key","DollysMirror","Red Mask","Vajra","Thread and Needle","Strawberry","Bag of Marbles"],"acts_visited":["Exordium","TheCity","TheBeyond"],"potions_floor_usage":[],"damage_taken":[{"damage":10.0,"enemies":"2 Louse","floor":1.0,"turns":2.0},{"damage":0.0,"enemies":"Small Slimes","floor":3.0,"turns":3.0},{"damage":0.0,"enemies":"Cultist","floor":5.0,"turns":3.0},{"damage":32.0,"enemies":"3 Sentries","floor":6.0,"turns":8.0},{"damage":24.0,"enemies":"Lagavulin","floor":8.0,"turns":5.0},{"damage":2.0,"enemies":"Large Slime","floor":11.0,"turns":3.0},{"damage":1.0,"enemies":"2 Fungi Beasts","floor":13.0,"turns":2.0},{"damage":38.0,"enemies":"Hexaghost","floor":16.0,"turns":6.0},{"damage":0.0,"enemies":"Spheric Guardian","floor":18.0,"turns":2.0},{"damage":2.0,"enemies":"2 Thieves","floor":19.0,"turns":3.0},{"damage":2.0,"enemies":"Cultist and Chosen","floor":20.0,"turns":4.0},{"damage":0.0,"enemies":"Snecko","floor":22.0,"turns":2.0},{"damage":21.0,"enemies":"Gremlin Leader","floor":23.0,"turns":5.0},{"damage":2.0,"enemies":"Centurion and Healer","floor":24.0,"turns":4.0},{"damage":18.0,"enemies":"Snake Plant","floor":25.0,"turns":3.0},{"damage":8.0,"enemies":"Chosen and Byrds","floor":27.0,"turns":3.0},{"damage":37.0,"enemies":"Snecko","floor":30.0,"turns":4.0},{"damage":12.0,"enemies":"Cultist and Chosen","floor":31.0,"turns":3.0},{"damage":71.0,"enemies":"Champ","floor":33.0,"turns":10.0},{"damage":8.0,"enemies":"3 Darklings","floor":35.0,"turns":5.0},{"damage":0.0,"enemies":"3 Shapes","floor":38.0,"turns":2.0},{"damage":0.0,"enemies":"Reptomancer","floor":40.0,"turns":3.0},{"damage":7.0,"enemies":"Transient","floor":41.0,"turns":5.0},{"damage":0.0,"enemies":"Mind Bloom Boss Battle","floor":42.0,"turns":2.0},{"damage":6,"enemies":"Sphere and 2 Shapes","floor":48,"turns":1},{"damage":66,"enemies":"Awakened One","floor":50,"turns":13}],"seed_played":"-1020063547278739810","potions_obtained":[{"floor":1.0,"key":"AttackPotion"},{"floor":4.0,"key":"SkillPotion"},{"floor":4.0,"key":"SteroidPotion"},{"floor":8.0,"key":"FearPotion"},{"floor":16.0,"key":"Strength Potion"},{"floor":22.0,"key":"SmokeBomb"},{"floor":23.0,"key":"Energy Potion"},{"floor":25.0,"key":"EssenceOfSteel"},{"floor":30.0,"key":"AttackPotion"},{"floor":31.0,"key":"Block Potion"},{"floor":35.0,"key":"EssenceOfSteel"},{"floor":41.0,"key":"Strength Potion"}],"is_trial":false,"path_per_floor":["M","?","M","?","M","E","?","E","T","?","M","R","M","$","R","B",null,"M","M","M","$","M","E","M","M","T","M","$","R","M","M","R","B",null,"M","$","?","M","?","E","M","?","T","R","T","$","?","M","R","B",null],"character_chosen":"IRONCLAD","items_purchased":["Paper Frog","Wild Strike","Akabeko","DollysMirror"],"campfire_rested":1,"item_purchase_floors":[21,28,28,36],"current_hp_per_floor":[76,76,80,80,80,54,74,56,56,56,60,60,65,65,65,33,77,77,77,77,77,77,62,68,58,58,58,58,58,41,49,72,21,77,75,75,75,77,67,75,76,77,84,84,84,84,84,84,84,36],"gold":26,"neow_bonus":"UPGRADE_CARD","is_daily":false,"chose_seed":false,"campfire_upgraded":5,"win_rate":0.0,"timestamp":1611874094,"path_taken":["M","?","M","?","?","E","?","E","T","?","M","R","M","$","R","BOSS","M","?","M","?","M","E","M","M","T","M","$","R","M","M","R","BOSS","M","$","?","M","?","E","M","?","T","R","?","$","?","M","R","BOSS"],"items_purchased_type":["Relic","Card","Relic","Relic"],"build_version":"2020-12-22","purchased_purges":3,"victory":true,"max_hp_per_floor":[80,80,80,80,80,80,80,80,80,80,80,80,80,77,77,77,77,77,77,77,77,77,77,77,77,77,77,77,77,77,77,77,77,77,77,77,77,77,77,77,77,77,84,84,84,84,84,84,84,84],"relic_stats":{"Blood Vial":19,"Gremlin Horn":[26,26],"counters":[26,106],"War Paint":["Defend_R","Defend_R"],"Cursed Key":2,"obtain_stats":[{"Gremlin Horn":8,"Oddly Smooth Stone":17,"Vajra":40,"Thread and Needle":42,"Incense Burner":17,"War Paint":6,"Cursed Key":34,"Burning Blood":0,"Akabeko":28,"Old Coin":26,"Calling Bell":17,"Blood Vial":23,"DollysMirror":36,"Strawberry":43,"Red Mask":37,"Bag of Marbles":45,"StrikeDummy":9,"Meat on the Bone":17,"Paper Frog":21},{"Gremlin Horn":5,"Oddly Smooth Stone":8,"Vajra":22,"Thread and Needle":24,"Incense Burner":8,"War Paint":4,"Cursed Key":19,"Burning Blood":0,"Akabeko":16,"Old Coin":15,"Calling Bell":8,"Blood Vial":13,"DollysMirror":20,"Strawberry":24,"Red Mask":20,"Bag of Marbles":24,"StrikeDummy":5,"Meat on the Bone":8,"Paper Frog":11},{"Gremlin Horn":21,"Oddly Smooth Stone":32,"Vajra":85,"Thread and Needle":92,"Incense Burner":32,"War Paint":16,"Cursed Key":75,"Burning Blood":0,"Akabeko":58,"Old Coin":55,"Calling Bell":32,"Blood Vial":48,"DollysMirror":80,"Strawberry":92,"Red Mask":80,"Bag of Marbles":92,"StrikeDummy":21,"Meat on the Bone":32,"Paper Frog":41}],"Burning Blood":116,"Meat on the Bone":48},"card_choices":[{"not_picked":["Inflame","Feel No Pain"],"picked":"Shrug It Off","floor":1.0},{"not_picked":["Havoc","Blood for Blood"],"picked":"Flex","floor":3.0},{"not_picked":["Entrench","Clash"],"picked":"Twin Strike","floor":5.0},{"not_picked":["True Grit","Clothesline"],"picked":"Perfected Strike","floor":6.0},{"not_picked":["Rampage","Clothesline"],"picked":"Twin Strike","floor":8.0},{"not_picked":["Headbutt","Pummel"],"picked":"Shrug It Off","floor":11.0},{"not_picked":["Burning Pact","Uppercut"],"picked":"Seeing Red","floor":13.0},{"not_picked":["Brutality","Barricade"],"picked":"Bludgeon","floor":16.0},{"not_picked":["Clothesline","Entrench"],"picked":"Carnage","floor":18.0},{"not_picked":["Rupture","Metallicize"],"picked":"Shockwave+1","floor":19.0},{"not_picked":["Warcry","Body Slam","Anger"],"picked":"SKIP","floor":20.0},{"not_picked":["Body Slam","Bludgeon","Clash+1"],"picked":"SKIP","floor":22.0},{"not_picked":["Havoc","Heavy Blade"],"picked":"True Grit","floor":23.0},{"not_picked":["Rupture","Entrench+1"],"picked":"Shrug It Off","floor":24.0},{"not_picked":["Wild Strike+1","Cleave"],"picked":"Offering","floor":25.0},{"not_picked":["Clash+1","True Grit"],"picked":"Wild Strike","floor":27.0},{"not_picked":["Headbutt","Dual Wield"],"picked":"Cleave","floor":30.0},{"not_picked":["Clash","Power Through","Pummel"],"picked":"SKIP","floor":31.0},{"not_picked":["Warcry","Burning Pact+1"],"picked":"Pommel Strike","floor":35.0},{"not_picked":["Evolve+1","Havoc"],"picked":"Flex","floor":38.0},{"not_picked":["True Grit+1","Thunderclap+1","Carnage"],"picked":"SKIP","floor":40.0},{"not_picked":["Body Slam+1","Cleave+1"],"picked":"Whirlwind","floor":41.0},{"not_picked":["Double Tap","Rage"],"picked":"Pommel Strike+1","floor":42.0},{"not_picked":["Uppercut+1","Entrench","Iron Wave"],"picked":"SKIP","floor":48}],"player_experience":1165567,"relics_obtained":[{"floor":6.0,"key":"War Paint"},{"floor":8.0,"key":"Gremlin Horn"},{"floor":9.0,"key":"StrikeDummy"},{"floor":17.0,"key":"Oddly Smooth Stone"},{"floor":17.0,"key":"Meat on the Bone"},{"floor":17.0,"key":"Incense Burner"},{"floor":23.0,"key":"Blood Vial"},{"floor":26.0,"key":"Old Coin"},{"floor":40.0,"key":"Vajra"},{"floor":42.0,"key":"Thread and Needle"},{"floor":43.0,"key":"Strawberry"},{"floor":45.0,"key":"Bag of Marbles"}],"event_choices":[{"damage_healed":0.0,"max_hp_gain":0.0,"max_hp_loss":0.0,"gold_gain":0.0,"event_name":"World of Goop","player_choice":"Left Gold","floor":2.0,"gold_loss":38.0,"damage_taken":0.0},{"damage_healed":0.0,"max_hp_gain":0.0,"max_hp_loss":0.0,"gold_gain":0.0,"event_name":"Lab","player_choice":"Got Potions","floor":4.0,"gold_loss":0.0,"damage_taken":0.0},{"damage_healed":20.0,"max_hp_gain":0.0,"max_hp_loss":0.0,"gold_gain":0.0,"event_name":"Mushrooms","player_choice":"Healed and dodged fight","floor":7.0,"gold_loss":0.0,"damage_taken":0.0,"cards_obtained":["Parasite"]},{"damage_healed":0.0,"max_hp_gain":0.0,"max_hp_loss":0.0,"gold_gain":0.0,"event_name":"Upgrade Shrine","player_choice":"Upgraded","floor":10.0,"gold_loss":0.0,"damage_taken":0.0,"cards_upgraded":["Perfected Strike"]},{"damage_healed":0.0,"max_hp_gain":0.0,"max_hp_loss":0.0,"gold_gain":0.0,"event_name":"Tomb of Lord Red Mask","player_choice":"Paid","floor":37.0,"gold_loss":94.0,"damage_taken":0.0,"relics_obtained":["Red Mask"]},{"damage_healed":0.0,"max_hp_gain":0.0,"max_hp_loss":0.0,"gold_gain":0.0,"event_name":"Winding Halls","player_choice":"Embrace Madness","floor":39.0,"gold_loss":0.0,"damage_taken":10.0,"cards_obtained":["Madness","Madness"]},{"damage_healed":0.0,"max_hp_gain":0.0,"max_hp_loss":0.0,"gold_gain":0.0,"event_name":"MindBloom","player_choice":"Fight","floor":42.0,"gold_loss":0.0,"damage_taken":0.0},{"cards_removed":["Cleave"],"damage_healed":0.0,"max_hp_gain":0.0,"max_hp_loss":0.0,"gold_gain":0.0,"event_name":"Falling","player_choice":"Removed Attack","floor":47.0,"gold_loss":0.0,"damage_taken":0.0}],"is_beta":false,"boss_relics":[{"not_picked":["Runic Dome","Runic Pyramid"],"picked":"Calling Bell"},{"not_picked":["Mark of Pain","Tiny House"],"picked":"Cursed Key"}],"items_purged_floors":[14,36,46],"is_endless":false,"potions_floor_spawned":[1,5,8,16,22,23,25,30,31,35,41],"ascension_level":3}}