{"host":"mmro3auxcbu5pwad","time":1611833860,"event":{"mods":["Aspiration","BaseMod","Conspire","Energized Spire","Halation","Hubris","Infinite Spire","Minty Spire (QoL Compilation)","Permanent Neow","Replay The Spire","StSLib"],"gold_per_floor":[118,132,132,151,151,151,162,180,258,258,277,277,50,69,69,172,172,172],"floor_reached":17,"language":"ENG","playtime":678,"items_purged":["Delirium"],"score":164,"play_id":"5d714786-d857-42f1-afbc-b2b11ba02578","local_time":"20210128123740","is_ascension_mode":true,"campfire_choices":[{"data":"Prepared","floor":6,"key":"SMITH"},{"data":"Distraction","floor":10,"key":"SMITH"},{"floor":15,"key":"DIG"}],"circlet_count":0,"master_deck":["Strike_G","Strike_G","Strike_G","Strike_G","Defend_G","Defend_G","Defend_G","Defend_G","Survivor","Neutralize","Underhanded Strike","Prepared+1","Neutralize","Backstab","Tactician","Distraction+1","Heel Hook","Underhanded Strike","Backflip","Venomology"],"relics":["Ring of the Snake","Orichalcum","Onion Ring","Bag of Preparation","Anchor","Bag of Marbles"],"acts_visited":["Exordium","TheCity"],"potions_floor_usage":[16,16],"damage_taken":[{"damage":0,"enemies":"Small Slimes","floor":1,"turns":4},{"damage":0,"enemies":"Cultist","floor":2,"turns":3},{"damage":0,"enemies":"Jaw Worm","floor":4,"turns":2},{"damage":3,"enemies":"Looter","floor":7,"turns":3},{"damage":0,"enemies":"2 Fungi Beasts","floor":8,"turns":4},{"damage":0,"enemies":"Large Slime","floor":11,"turns":3},{"damage":0,"enemies":"Red Slaver","floor":14,"turns":2},{"damage":24,"enemies":"Hexaghost","floor":16,"turns":11}],"seed_played":"1436994713642284536","potions_obtained":[{"floor":1,"key":"Poison Potion"},{"floor":8,"key":"FearPotion"},{"floor":11,"key":"Poison Potion"}],"is_trial":false,"path_per_floor":["M","M","?","M","?","R","M","M","T","R","M","?","$","M","R","B",null],"character_chosen":"THE_SILENT","items_purchased":["Anchor"],"campfire_rested":0,"item_purchase_floors":[13],"current_hp_per_floor":[63,63,63,63,56,56,53,53,53,53,53,53,53,53,53,29,63,63],"gold":172,"neow_bonus":"REMOVE_TWO","is_daily":false,"chose_seed":false,"campfire_upgraded":2,"win_rate":0.0,"timestamp":1611833860,"path_taken":["M","M","?","?","?","R","M","M","T","R","M","?","$","M","R","BOSS"],"items_purchased_type":["Relic"],"build_version":"2020-12-22","purchased_purges":1,"victory":false,"max_hp_per_floor":[63,63,63,63,63,63,63,63,63,63,63,63,63,63,63,63,63,63],"card_choices":[{"not_picked":["Well Laid Plans","Bane"],"picked":"Underhanded Strike","floor":1},{"not_picked":["Deadly Poison","Sucker Punch"],"picked":"Prepared","floor":2},{"not_picked":["Backflip","Toxin Wave"],"picked":"Tactician","floor":4},{"not_picked":["hubris:TrickCloak","Deadly Poison"],"picked":"Distraction","floor":7},{"not_picked":["Blur","conspire:PoisonWeapons"],"picked":"Heel Hook","floor":8},{"not_picked":["Doppelganger","Terror"],"picked":"Underhanded Strike","floor":11},{"not_picked":["conspire:DoublingDagger","Prepared"],"picked":"Backflip","floor":14},{"not_picked":["Malaise","Tools of the Trade"],"picked":"Venomology","floor":16}],"player_experience":68371,"relics_obtained":[{"floor":9,"key":"Onion Ring"},{"floor":15,"key":"Bag of Marbles"}],"event_choices":[{"damage_healed":0,"gold_gain":0,"player_choice":"3 cards matched","damage_taken":0,"max_hp_gain":0,"max_hp_loss":0,"event_name":"Match and Keep!","floor":3,"gold_loss":0,"cards_obtained":["Delirium","Neutralize","Backstab"]},{"damage_healed":0,"gold_gain":0,"player_choice":"Success","damage_taken":7,"relics_obtained":["Orichalcum"],"max_hp_gain":0,"max_hp_loss":0,"event_name":"Scrap Ooze","floor":5,"gold_loss":0},{"damage_healed":0,"gold_gain":0,"player_choice":"Searched \u00271\u0027 times","damage_taken":0,"relics_obtained":["Bag of Preparation"],"max_hp_gain":0,"max_hp_loss":0,"event_name":"Dead Adventurer","floor":12,"gold_loss":0}],"is_beta":false,"boss_relics":[{"not_picked":["conspire:SlowCooker","Replay:Wanted Poster","Coffee Dripper"]}],"items_purged_floors":[13],"is_endless":false,"potions_floor_spawned":[1,8,11],"ascension_level":2}}