{"host":"kw4o7b3ro2ktmmbe","time":1611817485,"event":{"mods":["BaseMod","Evolution","Minty Spire (QoL Compilation)","Robot Space Explorer","StSLib"],"gold_per_floor":[116,128,143,218,218,243,243,243,243],"floor_reached":8,"language":"ENG","playtime":490,"items_purged":[],"score":81,"play_id":"db3303bb-5a19-40a8-9e3a-a09cd790fa7a","local_time":"20210128200445","is_ascension_mode":true,"campfire_choices":[{"floor":7,"key":"REST"}],"circlet_count":0,"master_deck":["RobotSpaceExplorer:ShockKick","RobotSpaceExplorer:Scan","RobotSpaceExplorer:MiniLasers","RobotSpaceExplorer:GlueShot","RobotSpaceExplorer:Blitz","RobotSpaceExplorer:Blaster","RobotSpaceExplorer:StarDust","RobotSpaceExplorer:Explosion","RobotSpaceExplorer:GlueSpray","RobotSpaceExplorer:SelfCleaning","RobotSpaceExplorer:PlasmaMissile","RobotSpaceExplorer:Blitz","RobotSpaceExplorer:SelfCleaning","RobotSpaceExplorer:ExhaustFan"],"relics":["EVO:Axolotl","Pandora\u0027s Box","Strawberry","Molten Egg 2"],"acts_visited":["Exordium"],"potions_floor_usage":[],"damage_taken":[{"damage":9.0,"enemies":"2 Louse","floor":1.0,"turns":4.0},{"damage":2.0,"enemies":"Jaw Worm","floor":2.0,"turns":2.0},{"damage":1.0,"enemies":"Cultist","floor":3.0,"turns":4.0},{"damage":37.0,"enemies":"Lagavulin","floor":6.0,"turns":7.0},{"damage":0,"enemies":"3 Sentries","floor":8,"turns":1}],"seed_played":"-2645548234633406967","potions_obtained":[{"floor":1.0,"key":"Weak Potion"}],"is_trial":false,"path_per_floor":["M","M","M","?","?","E","R","E"],"character_chosen":"RobotSpaceExplorer","items_purchased":[],"campfire_rested":1,"item_purchase_floors":[],"current_hp_per_floor":[59,57,56,45,45,8,32,32,32],"gold":243,"neow_bonus":"BOSS_RELIC","is_daily":false,"chose_seed":false,"campfire_upgraded":0,"win_rate":0.0,"timestamp":1611817485,"path_taken":["M","M","M","?","?","E","R","E"],"items_purchased_type":[],"build_version":"2020-12-22","purchased_purges":0,"victory":false,"max_hp_per_floor":[75,75,75,75,82,82,82,82,82],"card_choices":[{"not_picked":["RobotSpaceExplorer:Smokescreen","RobotSpaceExplorer:SurgingStrike"],"picked":"RobotSpaceExplorer:PlasmaMissile","floor":1.0},{"not_picked":["RobotSpaceExplorer:ToxicBomb","RobotSpaceExplorer:SwiftStep"],"picked":"RobotSpaceExplorer:Blitz","floor":2.0},{"not_picked":["RobotSpaceExplorer:Probe","RobotSpaceExplorer:SurgingShield"],"picked":"RobotSpaceExplorer:SelfCleaning","floor":3.0},{"not_picked":["RobotSpaceExplorer:Calculate","RobotSpaceExplorer:PowerGlove"],"picked":"RobotSpaceExplorer:ExhaustFan","floor":6.0}],"player_experience":1899978,"relics_obtained":[{"floor":6.0,"key":"Molten Egg 2"}],"event_choices":[{"damage_healed":0.0,"max_hp_gain":0.0,"max_hp_loss":0.0,"gold_gain":75.0,"event_name":"World of Goop","player_choice":"Gather Gold","floor":4.0,"gold_loss":0.0,"damage_taken":11.0},{"damage_healed":0.0,"max_hp_gain":0.0,"max_hp_loss":0.0,"gold_gain":0.0,"event_name":"Scrap Ooze","player_choice":"Success","floor":5.0,"gold_loss":0.0,"damage_taken":7.0,"relics_obtained":["Strawberry"]}],"is_beta":false,"boss_relics":[],"items_purged_floors":[],"is_endless":false,"potions_floor_spawned":[1],"killed_by":"3 Sentries","ascension_level":9}}