{"host":"sav7uxregyirlf69","time":1611832686,"event":{"mods":["AchievementEnabler","BaseMod","Colored Map","DeckTracker","Keyboard Shortcuts","Minty Spire (QoL Compilation)","READ ME - Guardian Mod","StSLib","SuperFastMode"],"gold_per_floor":[215,140,140,6,20,53,53,53,106,106,131,162,185,198,198,293,293,318,38,38,54,75,75,75,75],"floor_reached":24,"language":"KOR","playtime":532,"items_purged":[],"score":412,"play_id":"5388a6e9-704d-4bbe-8091-1517f81f4c7b","local_time":"20210128201806","is_ascension_mode":true,"campfire_choices":[{"data":"Tactician","floor":8,"key":"SMITH"},{"floor":10,"key":"REST"},{"data":"Neutralize","floor":15,"key":"SMITH"},{"data":"Prepared","floor":23,"key":"SMITH"}],"circlet_count":0,"master_deck":["AscendersBane","Strike_G","Strike_G","Strike_G","Defend_G","Defend_G","Defend_G","Defend_G","Defend_G","Survivor","Neutralize+1","Predator","Tactician+1","Dagger Throw","Dagger Throw","Backstab","Catalyst","Burst","Acrobatics","Well Laid Plans","Prepared+1"],"relics":["Ring of the Snake","Golden Idol","The Courier","Bag of Preparation","Bag of Marbles","Busted Crown","ClockworkSouvenir"],"acts_visited":["Exordium","TheCity"],"potions_floor_usage":[6,16,16,24],"damage_taken":[{"damage":0,"enemies":"2 Louse","floor":1,"turns":4},{"damage":8,"enemies":"Small Slimes","floor":5,"turns":3},{"damage":26,"enemies":"Gremlin Nob","floor":6,"turns":4},{"damage":0,"enemies":"Cultist","floor":11,"turns":2},{"damage":17,"enemies":"3 Sentries","floor":12,"turns":8},{"damage":0,"enemies":"Blue Slaver","floor":13,"turns":1},{"damage":0,"enemies":"3 Louse","floor":14,"turns":1},{"damage":25,"enemies":"The Guardian","floor":16,"turns":9},{"damage":10,"enemies":"Shell Parasite","floor":18,"turns":9},{"damage":1,"enemies":"2 Thieves","floor":21,"turns":4},{"damage":0,"enemies":"Centurion and Healer","floor":22,"turns":7},{"damage":36,"enemies":"Book of Stabbing","floor":24,"turns":5}],"seed_played":"-7015051979417726566","potions_obtained":[{"floor":1,"key":"AttackPotion"},{"floor":6,"key":"Poison Potion"},{"floor":12,"key":"SneckoOil"},{"floor":13,"key":"CunningPotion"},{"floor":22,"key":"Dexterity Potion"}],"is_trial":false,"path_per_floor":["M","?","?","$","M","E","?","R","T","R","M","E","M","M","R","B",null,"M","$","?","M","M","R","E"],"character_chosen":"THE_SILENT","items_purchased":["Tactician","Dagger Throw","ClockworkSouvenir","Acrobatics","Well Laid Plans","AttackPotion"],"campfire_rested":1,"item_purchase_floors":[4,4,19,19,19,19],"current_hp_per_floor":[59,59,59,59,51,25,25,25,25,43,43,26,26,26,26,1,45,35,35,35,34,34,34,0,0],"gold":75,"neow_bonus":"HUNDRED_GOLD","is_daily":false,"chose_seed":false,"campfire_upgraded":3,"win_rate":0.0,"timestamp":1611832686,"path_taken":["M","?","?","$","M","E","?","R","T","R","M","E","?","M","R","BOSS","M","$","?","M","M","R","E"],"items_purchased_type":["Card","Card","Relic","Card","Card","Potion"],"build_version":"2020-12-22","purchased_purges":0,"victory":false,"max_hp_per_floor":[66,66,60,60,60,60,60,60,60,60,60,60,60,60,60,60,60,60,60,60,60,60,60,60,60],"card_choices":[{"not_picked":["Calculated Gamble","Deflect"],"picked":"Predator","floor":1},{"not_picked":["Deflect","Quick Slash"],"picked":"Dagger Throw","floor":5},{"not_picked":["Calculated Gamble","Burst"],"picked":"Backstab","floor":6},{"not_picked":["Sucker Punch","Flechettes","Slice"],"picked":"SKIP","floor":11},{"not_picked":["Sucker Punch","Flechettes","Slice"],"picked":"SKIP","floor":11},{"not_picked":["Setup","Distraction","Skewer"],"picked":"SKIP","floor":12},{"not_picked":["Dagger Throw","Dagger Spray","Cloak And Dagger"],"picked":"SKIP","floor":13},{"not_picked":["Blade Dance","PiercingWail","Sucker Punch"],"picked":"SKIP","floor":14},{"not_picked":["Envenom","Night Terror"],"picked":"Burst","floor":16},{"not_picked":["Bane"],"picked":"SKIP","floor":18},{"not_picked":["Bane"],"picked":"SKIP","floor":21},{"not_picked":[],"picked":"Prepared","floor":22}],"player_experience":1419764,"relics_obtained":[{"floor":6,"key":"The Courier"},{"floor":9,"key":"Bag of Preparation"},{"floor":12,"key":"Bag of Marbles"}],"event_choices":[{"cards_removed":["Strike_G"],"damage_healed":0,"gold_gain":0,"player_choice":"Card Removal","damage_taken":0,"max_hp_gain":0,"max_hp_loss":0,"event_name":"The Cleric","floor":2,"gold_loss":75},{"damage_healed":0,"gold_gain":0,"player_choice":"Lose Max HP","damage_taken":0,"relics_obtained":["Golden Idol"],"max_hp_gain":0,"max_hp_loss":6,"event_name":"Golden Idol","floor":3,"gold_loss":0},{"damage_healed":0,"gold_gain":0,"cards_transformed":["Strike_G"],"player_choice":"Transformed","damage_taken":0,"max_hp_gain":0,"max_hp_loss":0,"event_name":"Transmorgrifier","floor":7,"gold_loss":0,"cards_obtained":["Catalyst"]},{"damage_healed":0,"gold_gain":0,"player_choice":"Ignored","damage_taken":0,"max_hp_gain":0,"max_hp_loss":0,"event_name":"Vampires","floor":20,"gold_loss":0}],"is_beta":false,"boss_relics":[{"not_picked":["Velvet Choker","Black Star"],"picked":"Busted Crown"}],"items_purged_floors":[],"is_endless":false,"potions_floor_spawned":[1,6,12,13,22],"killed_by":"Book of Stabbing","ascension_level":20}}