{"host":"xgnmnr8f8w1a0eo3","time":1611850250,"event":{"mods":["BaseMod","Downfall","Highlight Path","Minty Spire (QoL Compilation)","Permanent Neow","Relic Stats","StSLib","everything is the same but u backflip on backflip"],"gold_per_floor":[0,19,34,47,147,166,166,166,177,207,207,42,42,72,83,181,181,181,191,191,191,176,176,244,255,255,255,280,292,321,571,584,687,687,687,697,697,714,767,173,173,199,218,318,335,368,368,192,206,206],"floor_reached":51,"language":"ENG","playtime":24010,"items_purged":["Regret","downfall:Aged","champ:Strike"],"score":780,"play_id":"a20243e2-eb75-453d-a4bc-ae9f2167e315","local_time":"20210128081050","is_ascension_mode":false,"campfire_choices":[{"data":"Master of Strategy","floor":1.0,"key":"SMITH"},{"data":"champ:SwordSigil","floor":13.0,"key":"SMITH"},{"data":"champ:TripleStrike","floor":18.0,"key":"SMITH"},{"data":"champ:SwordSigil","floor":23.0,"key":"SMITH"},{"data":"champ:Taunt","floor":35.0,"key":"SMITH"},{"data":"champ:Duel","floor":47.0,"key":"SMITH"}],"circlet_count":0,"master_deck":["champ:Strike","champ:Strike","champ:Strike","champ:Defend","champ:Defend","champ:Defend","champ:Defend","champ:Execute","champ:Taunt+1","Master of Strategy+1","champ:TornadoPunch","champ:FalseCounter","champ:RapidStrikes","champ:FlashCut","champ:SwordSigil+1","champ:Duel+1","champ:PreciseThrust","champ:GutPunch","champ:Circumvent","champ:FocusedDefense","champ:SwordSigil+1","champ:TripleStrike+1","champ:StanceDance+1","champ:DefensiveShout+1","champ:ShieldWall+1","champ:FocusedDefense","champ:EnragedBash+1","champ:BringItOn","champ:DancingMaster+1","champ:RageSigil+1","Injury","champ:Backstep+1","champ:Circumvent+1","Parasite"],"relics":["champ:ChampionCrown","Ice Cream","Frozen Egg 2","Pantograph","Boot","Cursed Key","Darkstone Periapt","StrikeDummy","The Courier","bronze:MakeshiftBattery","FossilizedHelix","Torii","StoneCalendar","Bronze Scales","Guardian:PocketSentry","Blood Vial","Toy Ornithopter","Happy Flower","hexamod:BolsterEngine","PreservedInsect"],"acts_visited":["Exordium","TheCity","TheBeyond"],"potions_floor_usage":[],"damage_taken":[{"damage":10.0,"enemies":"2 Louse","floor":2.0,"turns":2.0},{"damage":0.0,"enemies":"Small Slimes","floor":3.0,"turns":3.0},{"damage":18.0,"enemies":"Cultist","floor":4.0,"turns":5.0},{"damage":5.0,"enemies":"Lots of Slimes","floor":6.0,"turns":2.0},{"damage":5.0,"enemies":"2 Fungi Beasts","floor":9.0,"turns":3.0},{"damage":25.0,"enemies":"3 Sentries","floor":10.0,"turns":5.0},{"damage":37.0,"enemies":"downfall:FleeingMerchant","floor":12.0,"turns":4.0},{"damage":39.0,"enemies":"Gremlin Nob","floor":14.0,"turns":6.0},{"damage":5.0,"enemies":"Large Slime","floor":15.0,"turns":4.0},{"damage":42.0,"enemies":"IC_STATUS_ARCHETYPE","floor":16.0,"turns":8.0},{"damage":10.0,"enemies":"Spheric Guardian","floor":19.0,"turns":3.0},{"damage":0.0,"enemies":"Chosen","floor":21.0,"turns":1.0},{"damage":45.0,"enemies":"downfall:FleeingMerchant","floor":22.0,"turns":4.0},{"damage":33.0,"enemies":"Shelled Parasite and Fungi","floor":25.0,"turns":3.0},{"damage":59.0,"enemies":"Book of Stabbing","floor":28.0,"turns":4.0},{"damage":5.0,"enemies":"Snecko","floor":29.0,"turns":2.0},{"damage":35.0,"enemies":"Slavers","floor":30.0,"turns":4.0},{"damage":12.0,"enemies":"downfall:FleeingMerchant","floor":31.0,"turns":3.0},{"damage":15.0,"enemies":"Cultist and Chosen","floor":32.0,"turns":3.0},{"damage":78.0,"enemies":"SI_MIRROR_ARCHETYPE","floor":33.0,"turns":7.0},{"damage":8.0,"enemies":"Orb Walker","floor":36.0,"turns":3.0},{"damage":21.0,"enemies":"3 Shapes","floor":38.0,"turns":4.0},{"damage":27.0,"enemies":"2 Orb Walkers","floor":39.0,"turns":5.0},{"damage":1.0,"enemies":"Reptomancer","floor":42.0,"turns":5.0},{"damage":41.0,"enemies":"3 Darklings","floor":43.0,"turns":5.0},{"damage":10.0,"enemies":"downfall:LadyInBlue","floor":44.0,"turns":6.0},{"damage":25.0,"enemies":"Maw","floor":45.0,"turns":5.0},{"damage":20.0,"enemies":"Nemesis","floor":46.0,"turns":6.0},{"damage":15.0,"enemies":"Writhing Mass","floor":49.0,"turns":3.0},{"damage":106,"enemies":"WA_ARCHETYPE_DIVINITY","floor":50,"turns":10}],"seed_played":"-4467858493482491594","potions_obtained":[{"floor":4.0,"key":"Weak Potion"},{"floor":9.0,"key":"AttackPotion"},{"floor":14.0,"key":"champ:OpenerPotion"},{"floor":16.0,"key":"EssenceOfSteel"},{"floor":28.0,"key":"DistilledChaos"},{"floor":30.0,"key":"LiquidMemories"},{"floor":33.0,"key":"SpeedPotion"},{"floor":39.0,"key":"Ancient Potion"},{"floor":44.0,"key":"Ancient Potion"},{"floor":44.0,"key":"FairyPotion"}],"is_trial":false,"path_per_floor":["R","M","M","M","?","M","T","?","M","E","?","$","R","E","M","B",null,"R","M","?","M","$","R","T","M","?","?","E","M","E","$","M","B",null,"R","M","?","M","?","$","T","E","M","?","M","E","R","$","M","B",null],"character_chosen":"THE_CHAMP","items_purchased":["champ:GutPunch","champ:Circumvent","Torii","StoneCalendar","Bronze Scales","hexamod:BolsterEngine","PreservedInsect"],"campfire_rested":0,"item_purchase_floors":[12,12,40,40,40,48,48],"current_hp_per_floor":[90,90,90,82,82,77,77,77,72,57,57,55,55,41,41,49,90,90,90,90,90,90,90,90,82,82,82,68,68,48,41,41,48,90,90,87,87,76,59,59,65,74,55,62,54,61,61,61,74,35],"gold":206,"neow_bonus":"RANDOM_COLORLESS_2","is_daily":false,"chose_seed":false,"campfire_upgraded":6,"win_rate":0.0,"timestamp":1611850250,"path_taken":["R","M","M","M","?","M","T","?","M","E","?","$","R","E","M","BOSS","R","M","?","M","$","R","T","M","?","?","E","?","E","?","M","BOSS","R","M","?","M","?","$","T","E","M","?","M","E","R","$","M","BOSS"],"items_purchased_type":["Card","Card","Relic","Relic","Relic","Relic","Relic"],"build_version":"2020-12-22","purchased_purges":3,"victory":true,"max_hp_per_floor":[90,90,90,90,90,90,90,90,90,90,90,90,90,90,90,90,90,90,90,90,90,90,90,90,90,90,90,90,90,90,90,90,90,90,90,90,90,90,90,90,96,96,96,96,96,96,96,96,102,102],"relic_stats":{"Darkstone Periapt":12,"Torii":4,"Happy Flower":[4],"counters":[30,127],"StoneCalendar":[52],"PreservedInsect":0,"Boot":[118],"Cursed Key":2,"Blood Vial":12,"Pantograph":75,"Bronze Scales":[94],"obtain_stats":[{"Ice Cream":7,"Darkstone Periapt":24,"Torii":40,"Happy Flower":46,"champ:ChampionCrown":0,"StoneCalendar":40,"The Courier":30,"PreservedInsect":48,"Guardian:PocketSentry":41,"Frozen Egg 2":8,"Boot":14,"Cursed Key":17,"Blood Vial":42,"downfall:BrokenWingStatue":11,"Pantograph":10,"Bronze Scales":40,"hexamod:BolsterEngine":48,"StrikeDummy":28,"bronze:MakeshiftBattery":34,"FossilizedHelix":39,"Toy Ornithopter":44},{"Ice Cream":4,"Darkstone Periapt":13,"Torii":23,"Happy Flower":28,"champ:ChampionCrown":0,"StoneCalendar":23,"The Courier":17,"PreservedInsect":28,"Guardian:PocketSentry":23,"Frozen Egg 2":4,"Boot":8,"Cursed Key":10,"Blood Vial":24,"downfall:BrokenWingStatue":6,"Pantograph":6,"Bronze Scales":23,"hexamod:BolsterEngine":28,"StrikeDummy":15,"bronze:MakeshiftBattery":20,"FossilizedHelix":23,"Toy Ornithopter":26},{"Ice Cream":12,"Darkstone Periapt":50,"Torii":88,"Happy Flower":115,"champ:ChampionCrown":0,"StoneCalendar":88,"The Courier":63,"PreservedInsect":115,"Guardian:PocketSentry":88,"Frozen Egg 2":12,"Boot":30,"Cursed Key":42,"Blood Vial":93,"downfall:BrokenWingStatue":20,"Pantograph":20,"Bronze Scales":88,"hexamod:BolsterEngine":115,"StrikeDummy":57,"bronze:MakeshiftBattery":76,"FossilizedHelix":88,"Toy Ornithopter":104}],"Toy Ornithopter":0},"card_choices":[{"not_picked":["Mayhem","Transmutation"],"picked":"Master of Strategy","floor":0.0},{"not_picked":["champ:Circumvent","champ:FocusedDefense"],"picked":"champ:TornadoPunch","floor":2.0},{"not_picked":["champ:BringItOn","champ:Backstep"],"picked":"champ:FalseCounter","floor":3.0},{"not_picked":["champ:EnGarde","champ:PreciseThrust"],"picked":"champ:RapidStrikes","floor":4.0},{"not_picked":["champ:BladeFlurry","champ:ArenaPreparation"],"picked":"champ:FlashCut","floor":6.0},{"not_picked":["champ:IgnorePain","champ:GutPunch"],"picked":"champ:SwordSigil","floor":9.0},{"not_picked":["champ:EnragedBash","champ:AdrenalArmor"],"picked":"champ:Duel","floor":10.0},{"not_picked":["champ:BladeFlurry","champ:AdrenalArmor"],"picked":"champ:PreciseThrust","floor":12.0},{"not_picked":["champ:ArenaPreparation","champ:AdrenalArmor"],"picked":"champ:FocusedDefense","floor":14.0},{"not_picked":["champ:PreemptiveStrike","champ:CalledShot"],"picked":"champ:SwordSigil","floor":15.0},{"not_picked":["champ:EnchantShield","champ:Improvising+1"],"picked":"champ:TripleStrike","floor":16.0},{"not_picked":["champ:Parry+1","champ:Backstep"],"picked":"champ:StanceDance+1","floor":19.0},{"not_picked":["champ:RecklessLeap","champ:Shatter"],"picked":"champ:DefensiveShout+1","floor":21.0},{"not_picked":["champ:CrownThrow","champ:ViciousMockery+1"],"picked":"champ:ShieldWall+1","floor":22.0},{"not_picked":["champ:FanOfKnives","champ:Endure"],"picked":"champ:FocusedDefense","floor":25.0},{"not_picked":["champ:Parry","champ:DancingMaster+1","champ:DeathBlow+1"],"picked":"SKIP","floor":28.0},{"not_picked":["champ:ShieldSlam+1","champ:StanceDance","champ:EnragedBash+1"],"picked":"SKIP","floor":29.0},{"not_picked":["champ:ShieldSlam+1","champ:StanceDance"],"picked":"champ:EnragedBash+1","floor":29.0},{"not_picked":["champ:CalledShot","champ:DefensiveShout","champ:PreciseThrust"],"picked":"SKIP","floor":30.0},{"not_picked":["champ:EndlessRage+1","champ:CalledShot+1","champ:ShieldWall+1"],"picked":"SKIP","floor":31.0},{"not_picked":["champ:EnragedBash","champ:CrownThrow"],"picked":"champ:BringItOn","floor":32.0},{"not_picked":["champ:UltimateStance","champ:SwordThrow"],"picked":"champ:DancingMaster+1","floor":33.0},{"not_picked":["champ:SetATrap+1","champ:DefensiveShout"],"picked":"champ:RageSigil+1","floor":36.0},{"not_picked":["champ:CrownThrow","champ:EnGarde+1","champ:BringItOn+1"],"picked":"SKIP","floor":38.0},{"not_picked":["champ:FlashCut","champ:StanceDance","champ:Endure"],"picked":"SKIP","floor":42.0},{"not_picked":["champ:PreciseThrust+1","champ:SetATrap","champ:StanceDance"],"picked":"SKIP","floor":43.0},{"not_picked":["champ:FanOfKnives+1","champ:GutPunch+1"],"picked":"champ:Backstep+1","floor":44.0},{"not_picked":["champ:Endure","champ:StanceDance"],"picked":"champ:Circumvent+1","floor":45.0},{"not_picked":["champ:PerfectedStrike+1","champ:GutPunch+1","champ:Devastate"],"picked":"SKIP","floor":46.0},{"not_picked":["champ:DefensiveStyle+1","champ:GutPunch","champ:AdrenalArmor+1"],"picked":"SKIP","floor":49.0}],"player_experience":1174303,"relics_obtained":[{"floor":7.0,"key":"Ice Cream"},{"floor":10.0,"key":"Pantograph"},{"floor":14.0,"key":"Boot"},{"floor":24.0,"key":"Darkstone Periapt"},{"floor":28.0,"key":"StrikeDummy"},{"floor":30.0,"key":"The Courier"},{"floor":39.0,"key":"FossilizedHelix"},{"floor":41.0,"key":"Guardian:PocketSentry"},{"floor":42.0,"key":"Blood Vial"},{"floor":44.0,"key":"Toy Ornithopter"},{"floor":46.0,"key":"Happy Flower"}],"event_choices":[{"damage_healed":0.0,"max_hp_gain":0.0,"max_hp_loss":0.0,"gold_gain":0.0,"event_name":"Big Fish","player_choice":"Box","floor":8.0,"gold_loss":0.0,"damage_taken":0.0,"relics_obtained":["Frozen Egg 2"],"cards_obtained":["Regret"]},{"damage_healed":0.0,"max_hp_gain":0.0,"max_hp_loss":0.0,"gold_gain":0.0,"event_name":"Ghosts","player_choice":"Ignored","floor":26.0,"gold_loss":0.0,"damage_taken":0.0},{"damage_healed":0.0,"max_hp_gain":0.0,"max_hp_loss":0.0,"gold_gain":0.0,"event_name":"Mysterious Sphere","player_choice":"Fight","floor":39.0,"gold_loss":0.0,"damage_taken":0.0}],"is_beta":false,"boss_relics":[{"not_picked":["Black Star","Busted Crown"],"picked":"Cursed Key"},{"not_picked":["Fusion Hammer","champ:PowerArmor"],"picked":"bronze:MakeshiftBattery"}],"items_purged_floors":[12,31,48],"is_endless":false,"potions_floor_spawned":[4,9,14,16,28,30,32,33,39,43,44,45,46],"ascension_level":0}}