{"host":"zw3x6hwkln2702ol","time":1611848737,"event":{"mods":["AchievementEnabler","BaseMod","Card Forge","Colored Map","Default Mod","Minty Spire (QoL Compilation)","StSLib","TestMod"],"gold_per_floor":[144,144,212,268,268,428,492,636,636,755,838,898,184,260,260,373,373,483,588,189,189,33,226,226,330,330,330,522,522,522,737,737,1255,1255,1387,1708,1148,1350,1350,1663,1850,1850,1924,2149,2198,3206,3206,2427,2427,2955,2955,2955,2550,2880,3679],"floor_reached":56,"language":"ZHS","playtime":2386,"items_purged":["Strike_P","Defend_P","Defend_P","Writhe"],"score":2943,"play_id":"69686bed-c498-461e-9cce-3fdca1746cc8","local_time":"20210128234537","is_ascension_mode":true,"campfire_choices":[{"floor":15.0,"key":"RECALL"},{"data":"Omniscience","floor":24.0,"key":"SMITH"},{"data":"Scrawl","floor":27.0,"key":"SMITH"},{"data":"Eruption","floor":30.0,"key":"SMITH"},{"data":"DeusExMachina","floor":32.0,"key":"SMITH"},{"data":"Devotion","floor":42,"key":"SMITH"},{"data":"Crescendo","floor":49,"key":"SMITH"},{"data":"TalkToTheHand","floor":52,"key":"SMITH"}],"circlet_count":0,"master_deck":["AscendersBane","Eruption+1","Vigilance","FollowUp","TalkToTheHand","Brilliance+1","FearNoEvil","Devotion+1","Omniscience+1","FlurryOfBlows+1","Wallop","DeusExMachina+1","Prostrate","Crescendo+1","Scrawl+1","Collect+1","Blasphemy+1","TalkToTheHand+1","ClearTheMind+1","EmptyMind+1","Madness+1","testmod-Wormhole+1"],"relics":["PureWater","Hammer of Thor","Seething Fire","Anvil of the Gods","zzy:PlaceholderRelic","testmod-TestBox","testmod-TimeTraveler","Boot","Bag of Marbles","Thread and Needle","HornCleat","Sling","Ornamental Fan","testmod-Temperance","testmod-AssaultLearning","Blood Vial","Pantograph","testmod-IndustrialRevolution","MealTicket","Dream Catcher","Toxic Egg 2","Whetstone","testmod-BatchProcessingSystem","Strawberry","Regal Pillow","testmod-Charity","testmod-ObsoleteBoomerang","Darkstone Periapt","Eternal Feather","Shuriken","testmod-Register","Bottled Tornado","Orichalcum","Bottled Flame","Oddly Smooth Stone"],"acts_visited":["Exordium","TheCity","TheBeyond","TheEnding"],"potions_floor_usage":[54],"damage_taken":[{"damage":0.0,"enemies":"2 Louse","floor":1.0,"turns":1.0},{"damage":0.0,"enemies":"Cultist","floor":3.0,"turns":2.0},{"damage":0.0,"enemies":"Small Slimes","floor":4.0,"turns":2.0},{"damage":0.0,"enemies":"3 Sentries","floor":6.0,"turns":5.0},{"damage":0.0,"enemies":"2 Fungi Beasts","floor":7.0,"turns":2.0},{"damage":0.0,"enemies":"Lagavulin","floor":8.0,"turns":4.0},{"damage":0.0,"enemies":"Gremlin Nob","floor":10.0,"turns":2.0},{"damage":0.0,"enemies":"Large Slime","floor":11.0,"turns":2.0},{"damage":0.0,"enemies":"3 Louse","floor":12.0,"turns":2.0},{"damage":0.0,"enemies":"Exordium Thugs","floor":14.0,"turns":2.0},{"damage":0.0,"enemies":"Slime Boss","floor":16.0,"turns":4.0},{"damage":0.0,"enemies":"Chosen","floor":18.0,"turns":2.0},{"damage":0.0,"enemies":"3 Byrds","floor":19.0,"turns":2.0},{"damage":0.0,"enemies":"Gremlin Leader","floor":23.0,"turns":2.0},{"damage":0.0,"enemies":"Snake Plant","floor":25.0,"turns":2.0},{"damage":0.0,"enemies":"Slavers","floor":28.0,"turns":3.0},{"damage":0.0,"enemies":"Gremlin Leader","floor":31.0,"turns":3.0},{"damage":0.0,"enemies":"Champ","floor":33.0,"turns":6.0},{"damage":0.0,"enemies":"3 Shapes","floor":35.0,"turns":2.0},{"damage":0.0,"enemies":"3 Darklings","floor":36.0,"turns":2.0},{"damage":0,"enemies":"Spire Growth","floor":38,"turns":3},{"damage":0,"enemies":"Reptomancer","floor":40,"turns":3},{"damage":0,"enemies":"Writhing Mass","floor":41,"turns":3},{"damage":0,"enemies":"Nemesis","floor":44,"turns":3},{"damage":0,"enemies":"Transient","floor":46,"turns":5},{"damage":0,"enemies":"Donu and Deca","floor":50,"turns":3},{"damage":18,"enemies":"Shield and Spear","floor":54,"turns":3},{"damage":1,"enemies":"The Heart","floor":55,"turns":4}],"seed_played":"-7367808275798000456","potions_obtained":[{"floor":3.0,"key":"SteroidPotion"},{"floor":4.0,"key":"FearPotion"},{"floor":10.0,"key":"testmod-SpacePotion"},{"floor":12.0,"key":"Fruit Juice"},{"floor":18.0,"key":"Fruit Juice"},{"floor":23.0,"key":"SteroidPotion"},{"floor":31.0,"key":"FearPotion"},{"floor":40,"key":"AttackPotion"}],"is_trial":false,"path_per_floor":["M","?","M","M","?","E","M","E","T","E","M","M","$","M","R","B",null,"M","M","$","?","$","E","R","M","T","R","E","?","R","E","R","B",null,"M","M","$","M","?","E","M","R","T","E","?","M","?","$","R","B",null,"R","$","E","B",null],"character_chosen":"WATCHER","items_purchased":["HornCleat","Sling","Ornamental Fan","testmod-AssaultLearning","Blood Vial","testmod-IndustrialRevolution","Strawberry","Regal Pillow","testmod-Charity","Shuriken","testmod-Register","Bottled Tornado","Orichalcum","Bottled Flame"],"campfire_rested":0,"item_purchase_floors":[13,13,13,20,20,22,37,37,37,48,48,48,53,53],"current_hp_per_floor":[63,63,63,63,60,60,60,60,60,60,60,65,65,65,65,65,82,87,87,87,87,87,89,89,91,91,91,92,92,92,92,92,92,92,92,92,99,101,101,107,116,116,117,119,120,122,113,123,123,126,126,126,126,114,133],"gold":3679,"neow_bonus":"TWENTY_PERCENT_HP_BONUS","is_daily":false,"chose_seed":false,"campfire_upgraded":7,"win_rate":0.0,"timestamp":1611848737,"path_taken":["M","?","?","?","?","E","M","E","T","E","M","M","$","M","R","BOSS","M","M","$","?","$","E","R","M","T","R","E","?","R","E","R","BOSS","M","M","$","M","?","E","M","R","T","E","?","?","?","$","R","BOSS","R","$","E","BOSS"],"items_purchased_type":["Relic","Relic","Relic","Relic","Relic","Relic","Relic","Relic","Relic","Relic","Relic","Relic","Relic","Relic"],"build_version":"2020-12-22","purchased_purges":4,"victory":true,"max_hp_per_floor":[81,81,81,81,82,82,82,82,82,82,82,87,87,87,87,87,87,92,92,92,92,92,92,92,92,92,92,92,92,92,92,92,92,92,92,92,99,101,101,107,116,116,117,119,120,122,123,123,123,126,126,126,126,132,134],"card_choices":[{"not_picked":["Perseverance","Evaluate"],"picked":"FollowUp","floor":1.0},{"not_picked":["Evaluate","SandsOfTime","EmptyBody"],"picked":"SKIP","floor":3.0},{"not_picked":["Evaluate","FlurryOfBlows"],"picked":"TalkToTheHand","floor":4.0},{"not_picked":["ThirdEye","JustLucky"],"picked":"Brilliance","floor":6.0},{"not_picked":["SashWhip","ReachHeaven"],"picked":"FearNoEvil","floor":7.0},{"not_picked":["EmptyBody","Protect"],"picked":"Devotion","floor":8.0},{"not_picked":["Protect","Wireheading"],"picked":"Omniscience","floor":10.0},{"not_picked":["SashWhip","BowlingBash"],"picked":"FlurryOfBlows","floor":11.0},{"not_picked":["CutThroughFate","EmptyFist","SashWhip"],"picked":"SKIP","floor":12.0},{"not_picked":["JustLucky","Consecrate"],"picked":"Wallop","floor":14.0},{"not_picked":["Alpha","Brilliance"],"picked":"DeusExMachina","floor":16.0},{"not_picked":["Crescendo","ThirdEye"],"picked":"Prostrate","floor":18.0},{"not_picked":["WheelKick","FollowUp"],"picked":"Crescendo","floor":19.0},{"not_picked":["CutThroughFate+1","SandsOfTime","Perseverance"],"picked":"SKIP","floor":23.0},{"not_picked":["ThirdEye","Wallop"],"picked":"Scrawl","floor":25.0},{"not_picked":["ThirdEye+1","Conclude","EmptyFist"],"picked":"SKIP","floor":28.0},{"not_picked":["Meditate+1","FlurryOfBlows"],"picked":"Collect+1","floor":31.0},{"not_picked":["SpiritShield+1","Wish+1"],"picked":"Blasphemy+1","floor":33.0},{"not_picked":["SashWhip","Halt+1","Weave"],"picked":"SKIP","floor":35.0},{"not_picked":["Evaluate+1","FollowUp+1","ThirdEye+1"],"picked":"SKIP","floor":36.0},{"not_picked":["Evaluate+1","CutThroughFate"],"picked":"TalkToTheHand","floor":38},{"not_picked":["WheelKick+1","Evaluate+1"],"picked":"ClearTheMind+1","floor":40},{"not_picked":["Wish+1","Meditate+1","JustLucky"],"picked":"SKIP","floor":41},{"not_picked":["CutThroughFate","Consecrate+1"],"picked":"EmptyMind+1","floor":44},{"not_picked":["Sanctity+1","Nirvana","FlurryOfBlows"],"picked":"SKIP","floor":46},{"not_picked":["Mayhem","testmod-ComboMaster"],"picked":"Madness+1","floor":47},{"not_picked":["Mind Blast","Discovery+1"],"picked":"testmod-Wormhole+1","floor":47},{"not_picked":["SashWhip+1","JustLucky","ClearTheMind+1"],"picked":"SKIP","floor":54}],"player_experience":359806,"relics_obtained":[{"floor":6.0,"key":"Boot"},{"floor":8.0,"key":"Bag of Marbles"},{"floor":10.0,"key":"Thread and Needle"},{"floor":23.0,"key":"MealTicket"},{"floor":26.0,"key":"Dream Catcher"},{"floor":28.0,"key":"Toxic Egg 2"},{"floor":31.0,"key":"Whetstone"},{"floor":40,"key":"testmod-ObsoleteBoomerang"},{"floor":43,"key":"Darkstone Periapt"},{"floor":44,"key":"Eternal Feather"},{"floor":54,"key":"Oddly Smooth Stone"}],"event_choices":[{"cards_removed":["Strike_P"],"damage_healed":0.0,"max_hp_gain":0.0,"max_hp_loss":0.0,"gold_gain":0.0,"event_name":"Bonfire Elementals","player_choice":"Offered Basic","floor":2.0,"gold_loss":0.0,"damage_taken":0.0},{"cards_removed":["Defend_P"],"damage_healed":0.0,"max_hp_gain":0.0,"max_hp_loss":0.0,"gold_gain":0.0,"event_name":"Golden Wing","player_choice":"Card Removal","floor":5.0,"gold_loss":0.0,"damage_taken":7.0},{"damage_healed":0.0,"max_hp_gain":0.0,"max_hp_loss":0.0,"gold_gain":0.0,"event_name":"The Mausoleum","player_choice":"Opened","floor":21.0,"gold_loss":0.0,"damage_taken":0.0,"relics_obtained":["Pantograph"],"cards_obtained":["Writhe"]},{"damage_healed":0.0,"max_hp_gain":0.0,"max_hp_loss":0.0,"gold_gain":0.0,"event_name":"Vampires","player_choice":"Ignored","floor":29.0,"gold_loss":0.0,"damage_taken":0.0},{"damage_healed":0,"gold_gain":0,"player_choice":"Ignored","damage_taken":0,"max_hp_gain":0,"max_hp_loss":0,"event_name":"Tomb of Lord Red Mask","floor":39,"gold_loss":0},{"damage_healed":0,"gold_gain":50,"player_choice":"Pray","damage_taken":0,"max_hp_gain":0,"max_hp_loss":0,"event_name":"Golden Shrine","floor":45,"gold_loss":0},{"damage_healed":0,"gold_gain":0,"player_choice":"Memory 3","damage_taken":10,"max_hp_gain":0,"max_hp_loss":0,"event_name":"SensoryStone","floor":47,"gold_loss":0}],"is_beta":false,"boss_relics":[{"not_picked":["Velvet Choker","testmod-BloodSacrificeSpiritualization"],"picked":"testmod-Temperance"},{"not_picked":["testmod-EnergyCheck","testmod-IncinerationGenerator"],"picked":"testmod-BatchProcessingSystem"}],"items_purged_floors":[13,20,37,48],"is_endless":false,"potions_floor_spawned":[3,4,8,10,12,18,23,31,36,40,44],"ascension_level":15}}