{"host":"491vyvchqhlfizue","time":1611828309,"event":{"mods":["AchievementEnabler","BaseMod","BetterRewards","Colored Map","Conspire","Downfall","Infinite Spire","Minty Spire (QoL Compilation)","Reliquary","Replay The Spire","Shop Mod","Spikes Relics","StSLib","The Forsaken","The Runesmith"],"gold_per_floor":[112,192,267,267,279,279,305,305,377,168,186,220,70,88,88,184,184,198,17,17,35,87,112,112,137,137,176,176,201,300,333,333,435,435,454,456,468,487,487,514,514,552,552,552,24,24,45,76,76,100],"floor_reached":51,"language":"ENG","playtime":4461,"items_purged":["theForsaken:TheForsaken_Strike","theForsaken:TheForsaken_Defend","Delirium","theForsaken:TheForsaken_Strike"],"score":978,"play_id":"41c6bc61-ff14-4473-a02d-ff0e136679fa","local_time":"20210128050509","is_ascension_mode":true,"campfire_choices":[{"data":"Enlightenment","floor":6.0,"key":"SMITH"},{"floor":15.0,"key":"DIG"},{"floor":28.0,"key":"REST"},{"floor":32.0,"key":"REST"},{"floor":41,"key":"REST"},{"floor":44,"key":"REST"},{"floor":49,"key":"REST"}],"circlet_count":0,"master_deck":["theForsaken:TheForsaken_Strike","theForsaken:TheForsaken_Strike+1","theForsaken:TheForsaken_Defend","theForsaken:TheForsaken_Defend","theForsaken:Smite","theForsaken:Penitence","Magnetism","Enlightenment+1","theForsaken:WordsOfMight","theForsaken:StoreUp","theForsaken:DesperatePlea","theForsaken:Prudence","theForsaken:NobleSacrifice+1","theForsaken:ShieldBash","theForsaken:BountifulSunlight","theForsaken:QuickAttack","theForsaken:DarkBargain","theForsaken:Purification","infinitespire:DeathsTouch","theForsaken:AncientWords+1","theForsaken:Preservation+1"],"relics":["theForsaken:JudgementScales","Replay:Mystery Machine","infinitespire:FocusingShard","reliquary:JackalopeAntler","Ring of Fury","Shuriken","MerchantsRug","conspire:BottledYoYo","reliquary:TridentHead","Fusion Hammer","Replay:Bronze Core","Black Star","Kunai","Bag of Preparation","MiniBlackHole","Question Card","Onion Ring","infinitespire:Midas Blood","Iron Hammer","conspire:Flyswatter","infinitespire:ShieldingShard","conspire:DeflatedDodgeball","Blood Vial","Mummified Hand","infinitespire:EmpoweringShard","StoneCalendar","theForsaken:ArmorOfThorns","infinitespire:Golems Mask","Pen Nib","reliquary:QuartzCube","Replay:Bandana","Torii","conspire:GlowingRock","reliquary:ExpiredCoupon"],"acts_visited":["Exordium","TheCity","TheBeyond"],"potions_floor_usage":[42,42,42,45,50],"damage_taken":[{"damage":1.0,"enemies":"2 Louse","floor":1.0,"turns":3.0},{"damage":1.0,"enemies":"Jaw Worm","floor":5.0,"turns":5.0},{"damage":0.0,"enemies":"Lagavulin","floor":7.0,"turns":7.0},{"damage":10.0,"enemies":"Cultist","floor":11.0,"turns":4.0},{"damage":12.0,"enemies":"3 Sentries","floor":12.0,"turns":7.0},{"damage":0.0,"enemies":"Exordium Thugs","floor":14.0,"turns":4.0},{"damage":10.0,"enemies":"Hexaghost","floor":16.0,"turns":9.0},{"damage":18.0,"enemies":"3 Byrds","floor":18.0,"turns":7.0},{"damage":29.0,"enemies":"2 Thieves","floor":21.0,"turns":4.0},{"damage":44.0,"enemies":"Book of Stabbing","floor":23.0,"turns":8.0},{"damage":0.0,"enemies":"Gremlin Leader","floor":25.0,"turns":7.0},{"damage":39.0,"enemies":"Slavers","floor":27.0,"turns":10.0},{"damage":0.0,"enemies":"Nightmare","floor":29.0,"turns":7.0},{"damage":3.0,"enemies":"Gremlin Leader","floor":31.0,"turns":6.0},{"damage":12.0,"enemies":"Collector","floor":33.0,"turns":7.0},{"damage":0.0,"enemies":"3 Darklings","floor":35.0,"turns":3.0},{"damage":2.0,"enemies":"3 Shapes","floor":37.0,"turns":1.0},{"damage":0,"enemies":"Writhing Mass","floor":38,"turns":4},{"damage":4,"enemies":"R_Hoarder","floor":40,"turns":5},{"damage":78,"enemies":"Nemesis","floor":42,"turns":7},{"damage":0,"enemies":"Jaw Worm Horde","floor":47,"turns":1},{"damage":0,"enemies":"Spire Growth","floor":48,"turns":4},{"damage":18,"enemies":"Replay:Hell Engine","floor":50,"turns":5}],"seed_played":"5829644858915050409","potions_obtained":[{"floor":1.0,"key":"Swift Potion"},{"floor":11.0,"key":"FairyPotion"},{"floor":12.0,"key":"theForsaken:FearPotion"},{"floor":22.0,"key":"Explosive Potion"},{"floor":22.0,"key":"conspire:TimeTravelPotion"},{"floor":23.0,"key":"AttackPotion"},{"floor":29.0,"key":"Milkshake"},{"floor":40,"key":"Explosive Potion"},{"floor":47,"key":"sneckomod:MuddlingPotion"}],"is_trial":false,"path_per_floor":["M","?","?","?","M","R","E","?","T","$","M","E","$","M","R_BF","B",null,"M","$","?","M","?","E","T","E","T","E","R","NM","?","E","R","B",null,"M","?","M","M","?","E","R","E","T","R","$","?","M","M","R","B",null],"character_chosen":"THE_FORSAKEN","items_purchased":["Replay:Mystery Machine","BargainBundle","Magnetism","Enlightenment","theForsaken:WordsOfMight","infinitespire:FocusingShard","Fire Potion","Elixir","MerchantsRug","Kunai","theForsaken:ShieldBash","conspire:GlowingRock","reliquary:ExpiredCoupon","Fruit Juice"],"campfire_rested":5,"item_purchase_floors":[0,0,0,0,0,0,0,0,10,19,19,45,45,45],"current_hp_per_floor":[64,64,53,40,39,39,41,41,41,41,31,22,22,22,22,19,65,49,49,38,20,3,28,28,70,70,70,70,70,70,70,70,58,70,70,53,53,70,70,66,70,13,13,34,39,39,41,60,72,57],"gold":100,"neow_bonus":"","is_daily":false,"chose_seed":false,"campfire_upgraded":1,"win_rate":0.0,"timestamp":1611828309,"path_taken":["M","?","?","?","?","R","E","?","T","?","M","E","$","?","R_BF","BOSS","M","$","?","M","?","E","?","E","T","E","R","NM","?","E","R","BOSS","M","?","M","M","?","E","R","E","T","R","$","?","?","M","R","BOSS"],"items_purchased_type":["Relic","Relic","Card","Card","Card","Relic","Potion","Potion","Relic","Relic","Card","Relic","Relic","Potion"],"build_version":"2020-12-22","purchased_purges":4,"victory":true,"max_hp_per_floor":[65,65,65,65,65,65,65,65,65,65,65,65,65,65,65,65,65,65,65,70,70,70,70,70,70,70,70,70,70,70,70,70,70,70,70,70,70,70,70,70,70,70,70,70,75,72,72,72,72,72],"card_choices":[{"not_picked":["theForsaken:LightRoll","theForsaken:PanicDive","theForsaken:Bolster"],"picked":"SKIP","floor":1.0},{"not_picked":["theForsaken:ChargeAttack","theForsaken:NobleSacrifice"],"picked":"theForsaken:StoreUp","floor":5.0},{"not_picked":["theForsaken:Backlash","theForsaken:PanicDive","theForsaken:Terrorize"],"picked":"SKIP","floor":7.0},{"not_picked":["theForsaken:ShieldCharge","theForsaken:MagicWeapon"],"picked":"theForsaken:DesperatePlea","floor":11.0},{"not_picked":["theForsaken:StoreUp","theForsaken:HymnOfRest","theForsaken:CreepingInfection"],"picked":"SKIP","floor":12.0},{"not_picked":["theForsaken:PowerUp","theForsaken:HealingLight","theForsaken:Parry"],"picked":"SKIP","floor":14.0},{"not_picked":["theForsaken:Purification","theForsaken:SpreadingPlague"],"picked":"theForsaken:Prudence","floor":16.0},{"not_picked":["theForsaken:BattleHymn+1","theForsaken:CorruptedWord"],"picked":"theForsaken:NobleSacrifice+1","floor":18.0},{"not_picked":["theForsaken:HymnOfPatience","theForsaken:NobleSacrifice","theForsaken:Eulogy"],"picked":"SKIP","floor":21.0},{"not_picked":["theForsaken:BattleHymn+1","theForsaken:FuryStrikes"],"picked":"theForsaken:BountifulSunlight","floor":22.0},{"not_picked":["theForsaken:StoreUp","theForsaken:WardingHymn","theForsaken:BountifulSunlight"],"picked":"SKIP","floor":23.0},{"not_picked":["theForsaken:ShieldCharge","theForsaken:HymnOfPatience","theForsaken:Thunderbolt+1","theForsaken:ChargeAttack"],"picked":"SKIP","floor":25.0},{"not_picked":["theForsaken:SiphonStrike","theForsaken:SolarFlare","theForsaken:BlightOfFamine"],"picked":"theForsaken:QuickAttack","floor":27.0},{"not_picked":["theForsaken:Thunderbolt","theForsaken:NobleSacrifice","theForsaken:BlindFaith","theForsaken:ChargeAttack"],"picked":"SKIP","floor":29.0},{"not_picked":["theForsaken:PowerUp+1","theForsaken:HorrifyingStrike","theForsaken:BottledPlague+1"],"picked":"theForsaken:DarkBargain","floor":31.0},{"not_picked":["theForsaken:CorruptedForm","theForsaken:Horror","theForsaken:DesperatePlea"],"picked":"theForsaken:Purification","floor":33.0},{"not_picked":["theForsaken:PowerUp","theForsaken:StoreUp","theForsaken:BlessedWeapon+1","theForsaken:BlindFaith+1"],"picked":"SKIP","floor":35.0},{"not_picked":["ReplayTheSpireMod:??????????????????????","infinitespire:SealOfDarkness+"],"picked":"infinitespire:DeathsTouch","floor":36.0},{"not_picked":["theForsaken:FatRoll+1","theForsaken:CreepingInfection+1","theForsaken:FuryStrikes+1"],"picked":"theForsaken:AncientWords+1","floor":37.0},{"not_picked":["theForsaken:WordOfPower","theForsaken:Riposte","theForsaken:CleansingLight+1","theForsaken:BattleHymn+1"],"picked":"SKIP","floor":38},{"not_picked":["theForsaken:Thunderbolt","theForsaken:BountifulSunlight+1","theForsaken:Riposte","theForsaken:FatRoll"],"picked":"SKIP","floor":40},{"not_picked":["theForsaken:ChargeAttack+1","theForsaken:CreepingInfection+1","theForsaken:SacredOath"],"picked":"theForsaken:Preservation+1","floor":42},{"not_picked":["theForsaken:QuickAttack+1","theForsaken:StoreUp+1","theForsaken:Parry","theForsaken:WardingHymn"],"picked":"SKIP","floor":47},{"not_picked":["theForsaken:CorruptDeck","theForsaken:ScorchingSunlight","theForsaken:WardingHymn","theForsaken:QuickAttack"],"picked":"SKIP","floor":48}],"player_experience":13474,"relics_obtained":[{"floor":7.0,"key":"reliquary:JackalopeAntler"},{"floor":8.0,"key":"Ring of Fury"},{"floor":9.0,"key":"Shuriken"},{"floor":12.0,"key":"conspire:BottledYoYo"},{"floor":15.0,"key":"reliquary:TridentHead"},{"floor":22.0,"key":"Bag of Preparation"},{"floor":23.0,"key":"MiniBlackHole"},{"floor":23.0,"key":"Question Card"},{"floor":24.0,"key":"Onion Ring"},{"floor":25.0,"key":"infinitespire:Midas Blood"},{"floor":25.0,"key":"Iron Hammer"},{"floor":26.0,"key":"conspire:Flyswatter"},{"floor":27.0,"key":"infinitespire:ShieldingShard"},{"floor":27.0,"key":"conspire:DeflatedDodgeball"},{"floor":29.0,"key":"Blood Vial"},{"floor":29.0,"key":"Mummified Hand"},{"floor":31.0,"key":"infinitespire:EmpoweringShard"},{"floor":31.0,"key":"StoneCalendar"},{"floor":40,"key":"infinitespire:Golems Mask"},{"floor":40,"key":"Pen Nib"},{"floor":42,"key":"reliquary:QuartzCube"},{"floor":42,"key":"Replay:Bandana"},{"floor":43,"key":"Torii"}],"event_choices":[{"damage_healed":0.0,"max_hp_gain":0.0,"max_hp_loss":0.0,"gold_gain":75.0,"event_name":"World of Goop","player_choice":"Gather Gold","floor":3.0,"gold_loss":0.0,"damage_taken":11.0},{"damage_healed":0.0,"max_hp_gain":0.0,"max_hp_loss":0.0,"gold_gain":0.0,"event_name":"Shining Light","player_choice":"Entered Light","floor":4.0,"gold_loss":0.0,"damage_taken":13.0,"cards_upgraded":["theForsaken:TheForsaken_Strike","theForsaken:TheForsaken_Defend"]},{"damage_healed":0.0,"max_hp_gain":5.0,"max_hp_loss":0.0,"gold_gain":0.0,"event_name":"Forgotten Altar","player_choice":"Shed Blood","floor":20.0,"gold_loss":0.0,"damage_taken":16.0},{"damage_healed":0.0,"max_hp_gain":0.0,"max_hp_loss":0.0,"gold_gain":99.0,"event_name":"Nest","player_choice":"Stole From Cult","floor":30.0,"gold_loss":0.0,"damage_taken":0.0},{"cards_removed":["theForsaken:TheForsaken_Defend"],"damage_healed":0,"gold_gain":0,"player_choice":"Removed Skill","damage_taken":0,"max_hp_gain":0,"max_hp_loss":0,"event_name":"Falling","floor":39,"gold_loss":0},{"cards_removed":["Parasite"],"damage_healed":0,"gold_gain":0,"player_choice":"Removed Curses","damage_taken":0,"max_hp_gain":0,"max_hp_loss":0,"event_name":"Fountain of Cleansing","floor":46,"gold_loss":0}],"is_beta":false,"boss_relics":[{"not_picked":["Busted Crown","conspire:SpecialSausage"],"picked":"Replay:Grab Bag"},{"not_picked":["Painkiller Herb","bronze:MakeshiftBattery"],"picked":"Fusion Hammer"},{"not_picked":["reliquary:Ember","reliquary:RedPaperclip"],"picked":"Replay:Bronze Core"},{"not_picked":["Runic Pyramid","Snecko Heart"],"picked":"Black Star"},{"not_picked":["SacredBark","Tiny House"],"picked":"theForsaken:ArmorOfThorns"}],"items_purged_floors":[0,0,10,13],"is_endless":false,"potions_floor_spawned":[1,11,12,23,29,40,47],"ascension_level":2}}