{"host":"ga4s3hj9m6nkn6gp","time":1611853323,"event":{"mods":["AchievementEnabler","BaseMod","Bestiary","Colored Powertips","Highlight Path","Minty Spire (QoL Compilation)","Relic Stats","everything is the same but u backflip on backflip"],"gold_per_floor":[117,117,31,45,45,76,76,89,89,108,131,131,131,162,162,237,237,248,278,278,553,138,138,138],"floor_reached":23,"language":"ENG","playtime":747,"items_purged":["Regret"],"score":440,"play_id":"aac4b76e-ecc1-4e18-921f-641a83d6a2d6","local_time":"20210128180203","is_ascension_mode":true,"campfire_choices":[{"data":"Dash","floor":7.0,"key":"SMITH"},{"data":"All Out Attack","floor":12.0,"key":"SMITH"},{"data":"Neutralize","floor":15.0,"key":"SMITH"}],"circlet_count":0,"master_deck":["AscendersBane","Strike_G+1","Defend_G+1","Defend_G+1","Defend_G+1","Defend_G+1","Survivor","Neutralize+1","Deadly Poison","Dash+1","Endless Agony","Dagger Spray+1","All Out Attack+1","After Image+1","Noxious Fumes+1","Wraith Form v2+1","After Image+1","Reflex+1","Setup+1","Deflect+1"],"relics":["Ring of the Snake","NeowsBlessing","Frozen Egg 2","Singing Bowl","Odd Mushroom","HornCleat","Astrolabe","Red Mask","TungstenRod"],"acts_visited":["Exordium","TheCity"],"potions_floor_usage":[],"damage_taken":[{"damage":0.0,"enemies":"2 Louse","floor":1.0,"turns":1.0},{"damage":0.0,"enemies":"Cultist","floor":4.0,"turns":1.0},{"damage":0.0,"enemies":"3 Sentries","floor":6.0,"turns":1.0},{"damage":4.0,"enemies":"Jaw Worm","floor":8.0,"turns":4.0},{"damage":4.0,"enemies":"Looter","floor":10.0,"turns":3.0},{"damage":5.0,"enemies":"The Mushroom Lair","floor":11.0,"turns":4.0},{"damage":6.0,"enemies":"Lagavulin","floor":14.0,"turns":6.0},{"damage":2.0,"enemies":"Slime Boss","floor":16.0,"turns":6.0},{"damage":16.0,"enemies":"2 Thieves","floor":18.0,"turns":4.0},{"damage":5.0,"enemies":"Masked Bandits","floor":19.0,"turns":5.0},{"damage":45,"enemies":"Gremlin Leader","floor":23,"turns":7}],"seed_played":"-7708646440829645813","potions_obtained":[{"floor":1.0,"key":"DistilledChaos"},{"floor":4.0,"key":"ColorlessPotion"},{"floor":18.0,"key":"Fire Potion"}],"is_trial":false,"path_per_floor":["M","?","$","M","?","E","R","M","T","M","?","R","?","E","R","B",null,"M","?","?","?","$","E"],"character_chosen":"THE_SILENT","items_purchased":["Dash","TungstenRod"],"campfire_rested":0,"item_purchase_floors":[3,22],"current_hp_per_floor":[59,52,52,52,52,52,52,48,48,44,39,39,39,33,33,31,57,43,40,40,40,40,0,0],"gold":138,"neow_bonus":"THREE_ENEMY_KILL","is_daily":false,"chose_seed":false,"campfire_upgraded":3,"win_rate":0.0,"timestamp":1611853323,"path_taken":["M","?","$","M","?","E","R","M","T","?","?","R","?","E","R","BOSS","M","?","?","?","$","E"],"items_purchased_type":["Card","Relic"],"build_version":"2020-12-22","purchased_purges":1,"victory":false,"max_hp_per_floor":[66,66,66,66,66,66,66,66,66,66,66,66,66,66,66,66,66,68,70,70,70,70,70,70],"relic_stats":{"Singing Bowl":4,"counters":[11,42],"Astrolabe":["Reflex","Setup","Deflect"],"obtain_stats":[{"HornCleat":14,"NeowsBlessing":0,"Singing Bowl":9,"Astrolabe":17,"Red Mask":19,"Frozen Egg 2":6,"Odd Mushroom":11,"TungstenRod":22,"Ring of the Snake":0},{"HornCleat":7,"NeowsBlessing":0,"Singing Bowl":4,"Astrolabe":8,"Red Mask":10,"Frozen Egg 2":3,"Odd Mushroom":6,"TungstenRod":10,"Ring of the Snake":0},{"HornCleat":20,"NeowsBlessing":0,"Singing Bowl":7,"Astrolabe":26,"Red Mask":35,"Frozen Egg 2":3,"Odd Mushroom":14,"TungstenRod":35,"Ring of the Snake":0}],"TungstenRod":6,"Ring of the Snake":[22]},"card_choices":[{"not_picked":["Flechettes","Backflip"],"picked":"Deadly Poison","floor":1.0},{"not_picked":["Setup","Backflip"],"picked":"Endless Agony","floor":4.0},{"not_picked":["PiercingWail","Expertise"],"picked":"Dagger Spray","floor":6.0},{"not_picked":["Quick Slash","Prepared"],"picked":"All Out Attack","floor":8.0},{"not_picked":["Predator","Prepared"],"picked":"After Image+1","floor":10.0},{"not_picked":["Catalyst","Deflect"],"picked":"Noxious Fumes+1","floor":11.0},{"not_picked":["Skewer","Backflip"],"picked":"Wraith Form v2+1","floor":14.0},{"not_picked":["Unload","Envenom+1"],"picked":"After Image+1","floor":16.0},{"not_picked":["Dodge and Roll","Flying Knee","Deflect"],"picked":"Singing Bowl","floor":18.0},{"not_picked":["Flechettes","Bane","Eviscerate"],"picked":"Singing Bowl","floor":19.0}],"player_experience":705749,"relics_obtained":[{"floor":6.0,"key":"Frozen Egg 2"},{"floor":9.0,"key":"Singing Bowl"},{"floor":11.0,"key":"Odd Mushroom"},{"floor":14.0,"key":"HornCleat"},{"floor":19.0,"key":"Red Mask"}],"event_choices":[{"cards_removed":["Strike_G"],"damage_healed":0.0,"max_hp_gain":0.0,"max_hp_loss":0.0,"gold_gain":0.0,"event_name":"Golden Wing","player_choice":"Card Removal","floor":2.0,"gold_loss":0.0,"damage_taken":7.0},{"cards_removed":["Defend_G"],"damage_healed":0.0,"max_hp_gain":0.0,"max_hp_loss":0.0,"gold_gain":0.0,"event_name":"Purifier","player_choice":"Purged","floor":5.0,"gold_loss":0.0,"damage_taken":0.0},{"damage_healed":0.0,"max_hp_gain":0.0,"max_hp_loss":0.0,"gold_gain":0.0,"event_name":"Mushrooms","player_choice":"Fought Mushrooms","floor":11.0,"gold_loss":0.0,"damage_taken":0.0},{"damage_healed":0.0,"max_hp_gain":0.0,"max_hp_loss":0.0,"gold_gain":0.0,"event_name":"Living Wall","player_choice":"Grow","floor":13.0,"gold_loss":0.0,"damage_taken":0.0,"cards_upgraded":["Dagger Spray"]},{"damage_healed":0.0,"max_hp_gain":0.0,"max_hp_loss":0.0,"gold_gain":0.0,"event_name":"Masked Bandits","player_choice":"Fought Bandits","floor":19.0,"gold_loss":0.0,"damage_taken":0.0},{"damage_healed":0.0,"max_hp_gain":0.0,"max_hp_loss":0.0,"gold_gain":0.0,"event_name":"Back to Basics","player_choice":"Simplicity","floor":20.0,"gold_loss":0.0,"damage_taken":0.0,"cards_upgraded":["Strike_G","Defend_G","Defend_G","Defend_G","Defend_G"]},{"damage_healed":0.0,"max_hp_gain":0.0,"max_hp_loss":0.0,"gold_gain":275.0,"event_name":"Golden Shrine","player_choice":"Desecrate","floor":21.0,"gold_loss":0.0,"damage_taken":0.0,"cards_obtained":["Regret"]}],"is_beta":false,"boss_relics":[{"not_picked":["Pandora\u0027s Box","Snecko Eye"],"picked":"Astrolabe"}],"items_purged_floors":[22],"is_endless":false,"potions_floor_spawned":[1,4,8,18],"killed_by":"Gremlin Leader","ascension_level":20}}