{"host":"za9ilm1uiwmpmin1","time":1611848171,"event":{"mods":["AchievementEnabler","Act Like it!","BaseMod","CapriCore","Dota2Spire","Downfall","Friendly Minions","KomeijiMod","Lobotomy","LobotomyExtend","Marisa£¨ìFÓê¡¡Ä§ÀíÉ³£©","Minty Spire (QoL Compilation)","MostiFishMod","Reorder Act Four","RumiaBox-Â¶Ã×æ«µÄÉñÃØºÐ×Ó","StSLib","TestMod","The Alterego","The Immortal","Waifu the Spire","[IsaacMod]ÒÔÈö¼âËþ","¡¾¹¦ÄÜMod¡¿»ìãçÖ®»·ÐÞ¸´²¹¶¡"],"gold_per_floor":[13,29,29,52,52,92,92,135,135,179,191,228,278,309,321,463,475,502,532,544,556,584,658,595,643,736,758,811,823,868,921,933,1097,1109,1160,1192,1244,1289,1383,1440,1487,1534,1571,1633,1645,1657,1718,1800,1812,1829,1841,1853,1790,1790,1835,1848],"floor_reached":57,"language":"ZHS","playtime":2094,"items_purged":["sneckomod:UnknownRarePower","sneckomod:Strike","sneckomod:Transmogrify+1"],"score":2269,"play_id":"8a4a5922-2e10-4547-9b67-b3066061d09e","local_time":"20210128233611","is_ascension_mode":true,"campfire_choices":[{"floor":7.0,"key":"RECALL"},{"data":"sneckomod:GlitteringGambit","floor":29.0,"key":"SMITH"},{"data":"Madness","floor":32,"key":"SMITH"},{"data":"sneckomod:SoulDraw","floor":46,"key":"SMITH"},{"data":"sneckomod:Transmogrify","floor":49,"key":"SMITH"},{"data":"sneckomod:TailWhip","floor":54,"key":"SMITH"}],"circlet_count":0,"master_deck":["sneckomod:Defend","sneckomod:Defend","sneckomod:TailWhip+1","sneckomod:SnekBite+1","sneckomod:TrashToTreasure+1","Diffraction","Madness+1","VanishingEverything+1","sneckomod:GlitteringGambit+1","sneckomod:SoulDraw+1"],"relics":["sneckomod:SneckoSoul","DaveBox","HushsDoor","testmod-TestBox","DoctorsRemote","PatriotShield","Golden Idol","BelialBook","Transparent","Orichalcum","sneckomod:UnknownEgg","MoneyPower","Void","GodSword6","testmod-IndustrialRevolution","testmod-CardMagician","Dota2Spire:MonkeyKingBar","MawBank","Dota2Spire:LotusOrb","BionicSphere","FossilizedHelix","Oddly Smooth Stone","Art of War","Darkstone Periapt","Du-Vu Doll","testmod-IntensifyImprint","AnarchistCookbook"],"acts_visited":["Exordium","TheCity","TheBeyond","TheEnding"],"potions_floor_usage":[33,56,56,56,56],"damage_taken":[{"damage":0.0,"enemies":"Cultist","floor":1.0,"turns":1.0},{"damage":0.0,"enemies":"Small Slimes","floor":2.0,"turns":1.0},{"damage":0.0,"enemies":"2 Louse","floor":4.0,"turns":1.0},{"damage":0.0,"enemies":"Gremlin Nob","floor":6.0,"turns":2.0},{"damage":0.0,"enemies":"Lagavulin","floor":8.0,"turns":3.0},{"damage":0.0,"enemies":"3 Sentries","floor":10.0,"turns":1.0},{"damage":0.0,"enemies":"Exordium Wildlife","floor":12.0,"turns":2.0},{"damage":0.0,"enemies":"Gremlin Nob","floor":13.0,"turns":1.0},{"damage":0.0,"enemies":"2 Fungi Beasts","floor":14.0,"turns":1.0},{"damage":5.0,"enemies":"Hexaghost","floor":16.0,"turns":6.0},{"damage":17.0,"enemies":"Spheric Guardian","floor":18.0,"turns":1.0},{"damage":0.0,"enemies":"2 Thieves","floor":19.0,"turns":1.0},{"damage":0.0,"enemies":"Shelled Parasite and Fungi","floor":22.0,"turns":1.0},{"damage":5.0,"enemies":"Slavers","floor":23.0,"turns":1.0},{"damage":0.0,"enemies":"Book of Stabbing","floor":25.0,"turns":2.0},{"damage":17.0,"enemies":"Snake Plant","floor":27.0,"turns":2.0},{"damage":22.0,"enemies":"Slavers","floor":28.0,"turns":3.0},{"damage":22,"enemies":"Book of Stabbing","floor":30,"turns":2},{"damage":22,"enemies":"Cultist and Chosen","floor":31,"turns":2},{"damage":5,"enemies":"Champ","floor":33,"turns":2},{"damage":20,"enemies":"3 Shapes","floor":35,"turns":2},{"damage":0,"enemies":"Orb Walker","floor":36,"turns":1},{"damage":5,"enemies":"4 Shapes","floor":37,"turns":2},{"damage":20,"enemies":"Spire Growth","floor":38,"turns":2},{"damage":5,"enemies":"Hiden Room Battle","floor":39,"turns":2},{"damage":5,"enemies":"Reptomancer","floor":40,"turns":2},{"damage":5,"enemies":"Jaw Worm Horde","floor":41,"turns":2},{"damage":5,"enemies":"4 Shapes","floor":42,"turns":2},{"damage":5,"enemies":"Giant Head","floor":44,"turns":2},{"damage":5,"enemies":"Writhing Mass","floor":47,"turns":1},{"damage":0,"enemies":"Mind Bloom Boss Battle","floor":48,"turns":2},{"damage":5,"enemies":"Time Eater","floor":50,"turns":3},{"damage":5,"enemies":"Shield and Spear","floor":55,"turns":1},{"damage":20,"enemies":"The Heart","floor":56,"turns":3}],"seed_played":"5780427311486302298","potions_obtained":[{"floor":1.0,"key":"champ:CounterPotion"},{"floor":8.0,"key":"Dexterity Potion"},{"floor":10.0,"key":"SteroidPotion"},{"floor":22.0,"key":"LiquidMemories"},{"floor":23.0,"key":"testmod-TestPotion"},{"floor":28.0,"key":"CultistPotion"},{"floor":33,"key":"testmod-SpacePotion"},{"floor":35,"key":"Regen Potion"},{"floor":36,"key":"FearPotion"},{"floor":38,"key":"Block Potion"},{"floor":55,"key":"CultistPotion"}],"is_trial":false,"path_per_floor":["M","M","?","M","?","E","R","E","T","E","R","M","E","M","R","B",null,"M","M","?","?","M","E","?","E","T","M","E","R","E","M","R","B",null,"M","M","M","M","?","E","M","M","T","E","?","R","M","?","R","B",null,null,"$","R","E","B",null],"character_chosen":"THE_SNECKO","items_purchased":[],"campfire_rested":0,"item_purchase_floors":[],"current_hp_per_floor":[90,90,68,68,50,50,50,50,50,50,50,50,50,50,50,45,85,85,85,85,85,85,85,85,85,85,85,85,85,85,85,85,85,78,78,78,78,78,78,78,78,78,78,78,78,78,78,78,78,78,78,78,78,78,78,78],"gold":1848,"neow_bonus":"REMOVE_TWO","is_daily":false,"chose_seed":false,"campfire_upgraded":5,"win_rate":0.0,"timestamp":1611848171,"path_taken":["M","?","?","?","?","E","R","E","T","E","R","M","E","M","R","BOSS","M","M","?","?","M","E","?","E","T","M","E","R","E","M","R","BOSS","M","M","M","M","?","E","M","M","T","E","?","R","M","?","R","BOSS","$","R","E","BOSS"],"items_purchased_type":[],"build_version":"2020-12-22","purchased_purges":3,"victory":true,"max_hp_per_floor":[90,90,90,90,90,90,90,90,90,90,90,90,90,90,90,90,85,85,85,85,85,85,85,85,85,85,85,85,85,85,85,85,85,78,78,78,78,78,78,78,78,78,78,78,78,78,78,78,78,78,78,78,78,78,78,78],"card_choices":[{"not_picked":["sneckomod:DiceBlock","sneckomod:ImprovisedAttack","sneckomod:UnknownBlock"],"picked":"SKIP","floor":1.0},{"not_picked":["Bomb","sneckomod:QuickBite"],"picked":"sneckomod:TrashToTreasure","floor":2.0},{"not_picked":["Bomb","sneckomod:WideSting"],"picked":"sneckomod:UnknownDraw","floor":4.0},{"not_picked":["sneckomod:Unknown1Cost","sneckomod:UnknownUncommonSkill","sneckomod:SoulDraw"],"picked":"SKIP","floor":6.0},{"not_picked":["sneckomod:UnknownClassSp·û¿¨","sneckomod:Unknown0Cost"],"picked":"sneckomod:UnknownRarePower","floor":8.0},{"not_picked":["sneckomod:RainOfDice","sneckomod:QuickMove","sneckomod:QuickBite"],"picked":"SKIP","floor":10.0},{"not_picked":["sneckomod:CheapStock","sneckomod:MixItUp","sneckomod:WideSting"],"picked":"SKIP","floor":12.0},{"not_picked":["sneckomod:Nope","sneckomod:UnknownDexterity","sneckomod:UnknownDraw"],"picked":"SKIP","floor":13.0},{"not_picked":["sneckomod:QuickBite","sneckomod:CheapStock","sneckomod:DiceCrush"],"picked":"SKIP","floor":14.0},{"not_picked":["sneckomod:Cheat","sneckomod:MorePower"],"picked":"sneckomod:Transmogrify","floor":16.0},{"not_picked":["sneckomod:SoulDraw","sneckomod:SoulCleanse+1","sneckomod:UnknownCommonAttack+1"],"picked":"SKIP","floor":18.0},{"not_picked":["sneckomod:SlitherStrike","sneckomod:UnknownExhaust+1","sneckomod:MasterEye"],"picked":"SKIP","floor":19.0},{"not_picked":["sneckomod:SoulDraw","sneckomod:Unknown1Cost"],"picked":"sneckomod:GlitteringGambit","floor":22.0},{"not_picked":["sneckomod:QuickBite","sneckomod:UnknownBlock","sneckomod:DiceBlock+1"],"picked":"SKIP","floor":23.0},{"not_picked":["sneckomod:SerpentIdol","sneckomod:DefensiveFlair","sneckomod:UnknownRareSkill+1"],"picked":"SKIP","floor":25.0},{"not_picked":["sneckomod:QuickBite","sneckomod:RainOfDice","sneckomod:DiceBoulder"],"picked":"SKIP","floor":27.0},{"not_picked":["sneckomod:UnknownUncommonPower+1","sneckomod:SlitherStrike+1","sneckomod:UnknownCommonAttack+1"],"picked":"SKIP","floor":28.0},{"not_picked":["sneckomod:PureSnecko","sneckomod:WideSting","sneckomod:DiceBoulder"],"picked":"SKIP","floor":30},{"not_picked":["sneckomod:UnknownBlock+1","sneckomod:SerpentIdol+1","sneckomod:UnknownCommonAttack+1"],"picked":"SKIP","floor":31},{"not_picked":["sneckomod:UnknownUncommonPower+1","sneckomod:SoulRoll","sneckomod:UnknownCommonAttack+1"],"picked":"SKIP","floor":35},{"not_picked":["sneckomod:Memorize+1","sneckomod:DiceCrush","sneckomod:UnknownCommonAttack+1"],"picked":"SKIP","floor":36},{"not_picked":["sneckomod:PureSnecko","sneckomod:UnknownExhaust+1","sneckomod:CheapStock+1"],"picked":"SKIP","floor":37},{"not_picked":["sneckomod:UnknownDexterity+1","sneckomod:QuickBite+1","sneckomod:UnknownDraw+1"],"picked":"SKIP","floor":38},{"not_picked":["sneckomod:RainOfDice","sneckomod:UnknownRarePower+1","sneckomod:SoulCleanse+1"],"picked":"SKIP","floor":40},{"not_picked":["sneckomod:RainOfDice+1","sneckomod:MixItUp","sneckomod:DiceCrush"],"picked":"SKIP","floor":41},{"not_picked":["sneckomod:MasterEye","sneckomod:UnknownCommonAttack+1","sneckomod:WideSting+1"],"picked":"SKIP","floor":42},{"not_picked":["sneckomod:UnknownBoss+1","sneckomod:UnknownDexterity+1","sneckomod:UnknownDraw+1"],"picked":"SKIP","floor":44},{"not_picked":["sneckomod:Rotation","sneckomod:RainOfDice+1","sneckomod:UnknownUncommonSkill+1"],"picked":"SKIP","floor":47},{"not_picked":["sneckomod:SoulDraw","sneckomod:WideSting+1","sneckomod:DiceBlock+1"],"picked":"SKIP","floor":55}],"player_experience":1227365,"relics_obtained":[{"floor":1.0,"key":"LetterFromLob"},{"floor":6.0,"key":"Girya"},{"floor":8.0,"key":"BelialBook"},{"floor":10.0,"key":"MawBank"},{"floor":13.0,"key":"testmod-IndustrialRevolution"},{"floor":18.0,"key":"FossilizedHelix"},{"floor":19.0,"key":"MawBank"},{"floor":22.0,"key":"BionicSphere"},{"floor":22.0,"key":"testmod-Brilliant"},{"floor":23.0,"key":"FossilizedHelix"},{"floor":23.0,"key":"Orichalcum"},{"floor":25.0,"key":"testmod-IntensifyImprint"},{"floor":25.0,"key":"sneckomod:UnknownEgg"},{"floor":26.0,"key":"Shuriken"},{"floor":27.0,"key":"MoneyPower"},{"floor":28.0,"key":"BionicSphere"},{"floor":28.0,"key":"Void"},{"floor":30,"key":"testmod-IndustrialRevolution"},{"floor":30,"key":"GodSword6"},{"floor":31,"key":"testmod-IntensifyImprint"},{"floor":33,"key":"testmod-IndustrialRevolution"},{"floor":35,"key":"Shuriken"},{"floor":36,"key":"MawBank"},{"floor":37,"key":"Dota2Spire:MonkeyKingBar"},{"floor":38,"key":"MawBank"},{"floor":39,"key":"DeadEye"},{"floor":39,"key":"Dota2Spire:LotusOrb"},{"floor":39,"key":"BionicSphere"},{"floor":40,"key":"DeadEye"},{"floor":40,"key":"Toy Ornithopter"},{"floor":41,"key":"FossilizedHelix"},{"floor":42,"key":"Oddly Smooth Stone"},{"floor":43,"key":"GuppysTail"},{"floor":44,"key":"Oddly Smooth Stone"},{"floor":44,"key":"Art of War"},{"floor":47,"key":"Darkstone Periapt"},{"floor":48,"key":"Du-Vu Doll"},{"floor":48,"key":"testmod-IntensifyImprint"},{"floor":55,"key":"AnarchistCookbook"}],"event_choices":[{"damage_healed":0.0,"max_hp_gain":0.0,"max_hp_loss":0.0,"gold_gain":0.0,"event_name":"Golden Idol","player_choice":"Take Damage","floor":3.0,"gold_loss":0.0,"damage_taken":22.0,"relics_obtained":["Golden Idol"]},{"damage_healed":0.0,"max_hp_gain":0.0,"max_hp_loss":0.0,"gold_gain":0.0,"event_name":"Shining Light","player_choice":"Entered Light","floor":5.0,"gold_loss":0.0,"damage_taken":18.0,"cards_upgraded":["sneckomod:SnekBite","sneckomod:TrashToTreasure"]},{"damage_healed":0.0,"max_hp_gain":0.0,"max_hp_loss":0.0,"gold_gain":0.0,"event_name":"The Mausoleum","player_choice":"Opened","floor":20.0,"gold_loss":0.0,"damage_taken":0.0,"relics_obtained":["MoneyPower"]},{"cards_removed":["sneckomod:UnknownDraw"],"damage_healed":0.0,"max_hp_gain":0.0,"max_hp_loss":0.0,"gold_gain":0.0,"event_name":"Beggar","player_choice":"Gave Gold","floor":24.0,"gold_loss":75.0,"damage_taken":0.0},{"damage_healed":0,"gold_gain":0,"player_choice":"Fight","damage_taken":0,"max_hp_gain":0,"max_hp_loss":0,"event_name":"HidenRoomEvent","floor":39,"gold_loss":0},{"damage_healed":0,"gold_gain":0,"cards_transformed":["sneckomod:Defend"],"player_choice":"Transformed","damage_taken":0,"max_hp_gain":0,"max_hp_loss":0,"event_name":"Transmorgrifier","floor":45,"gold_loss":0,"cards_obtained":["sneckomod:SoulDraw"]},{"damage_healed":0,"gold_gain":0,"player_choice":"Fight","damage_taken":0,"max_hp_gain":0,"max_hp_loss":0,"event_name":"MindBloom","floor":48,"gold_loss":0}],"is_beta":false,"boss_relics":[{"not_picked":["Calling Bell","GreenFoldingFan"],"picked":"Transparent"},{"not_picked":[]},{"not_picked":["SlaversCollar","SacredBark"],"picked":"testmod-CardMagician"},{"not_picked":[]}],"items_purged_floors":[17,34,53],"is_endless":false,"potions_floor_spawned":[1,8,10,12,13,22,23,28,30,31,33,35,36,38,44,48,55],"ascension_level":4}}