{"host":"9tzam4717zt8ei1o","time":1611848985,"event":{"mods":["BaseMod","Colored Map","Keyboard Shortcuts","Minty Spire (QoL Compilation)","Quick Restart","StSLib","SuperFastMode"],"gold_per_floor":[110,110,110,35,50,82,82,82,106,181,33,56,83,95,95,95,95],"floor_reached":16,"language":"KOR","playtime":260,"items_purged":["Strike_G","Strike_G"],"score":175,"play_id":"e36e49af-5d49-43e7-b4ea-8591c03eba08","local_time":"20210129004945","is_ascension_mode":true,"campfire_choices":[{"floor":7.0,"key":"REST"},{"floor":15.0,"key":"REST"}],"circlet_count":0,"master_deck":["AscendersBane","Strike_G","Strike_G","Strike_G","Defend_G","Defend_G","Defend_G","Defend_G","Defend_G","Survivor","Neutralize","Grand Finale","Backflip","Dagger Throw"],"relics":["Ring of the Snake","Girya","Regal Pillow","PreservedInsect","Bag of Preparation","Bag of Marbles"],"acts_visited":[],"potions_floor_usage":[16],"damage_taken":[{"damage":2.0,"enemies":"2 Louse","floor":1.0,"turns":4.0},{"damage":1.0,"enemies":"Small Slimes","floor":5.0,"turns":4.0},{"damage":64.0,"enemies":"Gremlin Nob","floor":6.0,"turns":7.0},{"damage":25.0,"enemies":"Lagavulin","floor":13.0,"turns":5.0},{"damage":1.0,"enemies":"Cultist","floor":14.0,"turns":5.0},{"damage":63,"enemies":"The Guardian","floor":16,"turns":12}],"seed_played":"-7009909639215413304","potions_obtained":[{"floor":6.0,"key":"AttackPotion"},{"floor":13.0,"key":"EssenceOfSteel"}],"is_trial":false,"path_per_floor":["M","?","?","$","M","E","R","?","T","?","$","T","E","M","R","B"],"character_chosen":"THE_SILENT","items_purchased":["Backflip"],"campfire_rested":2,"item_purchase_floors":[11],"current_hp_per_floor":[61,66,66,66,65,1,38,38,38,27,27,27,2,1,38,0,0],"gold":95,"neow_bonus":"ONE_RANDOM_RARE_CARD","is_daily":false,"chose_seed":false,"campfire_upgraded":0,"win_rate":0.0,"timestamp":1611848985,"path_taken":["M","?","?","$","?","E","R","?","T","?","?","?","E","M","R","BOSS"],"items_purchased_type":["Card"],"build_version":"2020-12-22","purchased_purges":2,"victory":false,"max_hp_per_floor":[70,75,75,75,75,75,75,75,75,75,75,75,75,75,75,75,75],"card_choices":[{"not_picked":["Blade Dance","Footwork","Cloak And Dagger"],"picked":"SKIP","floor":1.0},{"not_picked":["Accuracy","Dagger Spray","Quick Slash"],"picked":"SKIP","floor":5.0},{"not_picked":["Leg Sweep","Malaise","Flechettes"],"picked":"SKIP","floor":6.0},{"not_picked":["Deadly Poison","Poisoned Stab","Deflect"],"picked":"SKIP","floor":13.0},{"not_picked":["Flechettes","Eviscerate"],"picked":"Dagger Throw","floor":14.0}],"player_experience":105957,"relics_obtained":[{"floor":3.0,"key":"Girya"},{"floor":6.0,"key":"Regal Pillow"},{"floor":9.0,"key":"PreservedInsect"},{"floor":12.0,"key":"Bag of Preparation"},{"floor":13.0,"key":"Bag of Marbles"}],"event_choices":[{"damage_healed":0.0,"max_hp_gain":5.0,"max_hp_loss":0.0,"gold_gain":0.0,"event_name":"Big Fish","player_choice":"Donut","floor":2.0,"gold_loss":0.0,"damage_taken":0.0},{"damage_healed":0.0,"max_hp_gain":0.0,"max_hp_loss":0.0,"gold_gain":0.0,"event_name":"Wheel of Change","player_choice":"Relic","floor":3.0,"gold_loss":0.0,"damage_taken":0.0},{"damage_healed":0.0,"max_hp_gain":0.0,"max_hp_loss":0.0,"gold_gain":0.0,"event_name":"Liars Game","player_choice":"Ignored","floor":8.0,"gold_loss":0.0,"damage_taken":0.0},{"damage_healed":0.0,"max_hp_gain":0.0,"max_hp_loss":0.0,"gold_gain":75.0,"event_name":"World of Goop","player_choice":"Gather Gold","floor":10.0,"gold_loss":0.0,"damage_taken":11.0}],"is_beta":false,"boss_relics":[],"items_purged_floors":[4,11],"is_endless":false,"potions_floor_spawned":[6,13],"killed_by":"The Guardian","ascension_level":13}}