{"host":"w7o06k3e8uel8euj","time":1611848253,"event":{"mods":["AchievementEnabler","BaseMod","Colored Powertips","Custom Start","DeckTracker","Keyboard Shortcuts","Minty Spire (QoL Compilation)","Quick Restart","Relic Stats","StSLib","SuperFastMode","everything is the same but u backflip on backflip"],"gold_per_floor":[369,381,431,449,51,51,79,79,79,89,116,116,116,129,129,203,203,215,89,102,27,46,46,76,76,76,351,364,378,160,160,160,232,232,248,262,277,67,82,82,115,125,125,125,158,158,185,203,203,203,203,203,203,37,62,62],"floor_reached":57,"language":"KOR","playtime":2006,"items_purged":["Strike_R","Regret","Headbutt","Bash"],"score":3174,"play_id":"e3824467-15ea-4f7c-829a-b2d2441276ed","local_time":"20210129003733","is_ascension_mode":true,"campfire_choices":[{"data":"Feed","floor":6.0,"key":"SMITH"},{"data":"Infernal Blade","floor":8.0,"key":"SMITH"},{"floor":12.0,"key":"REST"},{"data":"Burning Pact","floor":15.0,"key":"SMITH"},{"data":"Corruption","floor":23.0,"key":"SMITH"},{"data":"Offering","floor":25.0,"key":"SMITH"},{"data":"Sentinel","floor":32.0,"key":"SMITH"},{"data":"Feel No Pain","floor":40,"key":"SMITH"},{"data":"Offering","floor":44,"key":"SMITH"},{"floor":49,"key":"RECALL"},{"floor":53,"key":"REST"}],"circlet_count":0,"master_deck":["AscendersBane","Pommel Strike","Infernal Blade+1","Shrug It Off","Feed+1","Disarm+1","Reckless Charge","Burning Pact+1","Metallicize","Corruption+1","Sentinel+1","Sentinel+1","Intimidate","Offering+1","Seeing Red","Impervious","Offering+1","Intimidate","Sever Soul","Dropkick","Limit Break","Intimidate+1","Searing Blow","Feel No Pain+1","Second Wind+1","Sentinel+1","Sentinel","Disarm"],"relics":["Burning Blood","Dead Branch","Question Card","Smiling Mask","Odd Mushroom","SlaversCollar","Singing Bowl","Gremlin Horn","Pandora\u0027s Box","Lee\u0027s Waffle","Bag of Preparation","War Paint","PreservedInsect","StoneCalendar"],"acts_visited":["Exordium","TheCity","TheBeyond","TheEnding"],"potions_floor_usage":[50,56],"damage_taken":[{"damage":17.0,"enemies":"Small Slimes","floor":1.0,"turns":5.0},{"damage":6.0,"enemies":"Cultist","floor":2.0,"turns":3.0},{"damage":10.0,"enemies":"2 Louse","floor":4.0,"turns":2.0},{"damage":22.0,"enemies":"3 Sentries","floor":7.0,"turns":5.0},{"damage":7.0,"enemies":"Gremlin Gang","floor":10.0,"turns":6.0},{"damage":56.0,"enemies":"The Mushroom Lair","floor":11.0,"turns":6.0},{"damage":21.0,"enemies":"Exordium Thugs","floor":14.0,"turns":5.0},{"damage":20.0,"enemies":"The Guardian","floor":16.0,"turns":11.0},{"damage":13.0,"enemies":"Shell Parasite","floor":18.0,"turns":4.0},{"damage":1.0,"enemies":"Spheric Guardian","floor":20.0,"turns":5.0},{"damage":24.0,"enemies":"Centurion and Healer","floor":22.0,"turns":7.0},{"damage":6.0,"enemies":"Gremlin Leader","floor":24.0,"turns":5.0},{"damage":6.0,"enemies":"Cultist and Chosen","floor":28.0,"turns":2.0},{"damage":24.0,"enemies":"3 Cultists","floor":29.0,"turns":3.0},{"damage":44.0,"enemies":"Automaton","floor":33.0,"turns":6.0},{"damage":8,"enemies":"Orb Walker","floor":35,"turns":3},{"damage":12,"enemies":"3 Shapes","floor":36,"turns":1},{"damage":35,"enemies":"Writhing Mass","floor":37,"turns":5},{"damage":56,"enemies":"3 Darklings","floor":39,"turns":5},{"damage":12,"enemies":"Giant Head","floor":41,"turns":2},{"damage":18,"enemies":"Transient","floor":42,"turns":5},{"damage":12,"enemies":"Nemesis","floor":45,"turns":7},{"damage":12,"enemies":"Reptomancer","floor":47,"turns":1},{"damage":13,"enemies":"Writhing Mass","floor":48,"turns":3},{"damage":27,"enemies":"Donu and Deca","floor":50,"turns":5},{"damage":12,"enemies":"Awakened One","floor":51,"turns":2},{"damage":0,"enemies":"Shield and Spear","floor":55,"turns":3},{"damage":120,"enemies":"The Heart","floor":56,"turns":9}],"seed_played":"4521441301472247565","potions_obtained":[{"floor":2.0,"key":"Fruit Juice"},{"floor":10.0,"key":"GamblersBrew"},{"floor":16.0,"key":"Strength Potion"},{"floor":20.0,"key":"BloodPotion"},{"floor":28.0,"key":"DuplicationPotion"},{"floor":36,"key":"HeartOfIron"}],"is_trial":false,"path_per_floor":["M","M","?","M","$","R","E","R","T","M","?","R","?","M","R","B",null,"M","$","M","?","M","R","E","R","T","?","M","M","$","?","R","B",null,"M","M","M","$","M","R","E","M","T","R","E","?","E","M","R","B","B",null,"R","$","E","B",null],"character_chosen":"IRONCLAD","items_purchased":["Dead Branch","Feed","Sentinel","Impervious","Lee\u0027s Waffle","Sentinel","Disarm"],"campfire_rested":2,"item_purchase_floors":[5,5,19,30,38,54,54],"current_hp_per_floor":[57,57,51,47,47,47,35,35,35,38,12,42,42,31,31,21,75,72,72,81,81,67,67,88,88,88,88,88,76,76,76,76,38,93,95,93,64,126,78,78,74,64,64,64,60,60,56,51,51,30,24,104,131,131,133,19],"gold":62,"neow_bonus":"TWO_FIFTY_GOLD","is_daily":false,"chose_seed":true,"campfire_upgraded":8,"win_rate":0.0,"timestamp":1611848253,"path_taken":["M","M","?","?","$","R","E","R","T","M","?","R","?","?","R","BOSS","M","$","M","?","M","R","E","R","T","?","?","M","$","?","R","BOSS","M","M","?","$","M","R","E","M","T","R","E","?","E","M","R","BOSS","BOSS","R","$","E","BOSS"],"items_purchased_type":["Relic","Card","Card","Card","Relic","Card","Card"],"build_version":"2020-12-22","purchased_purges":4,"victory":true,"max_hp_per_floor":[68,68,68,68,68,68,72,72,72,76,80,85,85,89,89,93,93,97,97,101,101,105,105,105,105,105,105,105,111,111,111,111,111,111,115,119,119,126,128,128,130,132,132,132,134,127,129,131,131,131,131,131,131,131,133,133],"relic_stats":{"Lee\u0027s Waffle":62,"Singing Bowl":16,"Gremlin Horn":[15,17],"counters":[28,126],"Dead Branch":[701],"StoneCalendar":[52],"PreservedInsect":77,"Bag of Preparation":[16],"War Paint":["Second Wind","Intimidate"],"Question Card":21,"Smiling Mask":250,"Burning Blood":162,"Pandora\u0027s Box":["Intimidate","Headbutt","Sever Soul","Dropkick","Limit Break","Intimidate","Searing Blow"],"obtain_stats":[{"Lee\u0027s Waffle":38,"Singing Bowl":24,"Gremlin Horn":26,"Dead Branch":5,"StoneCalendar":55,"PreservedInsect":47,"Bag of Preparation":41,"Odd Mushroom":11,"War Paint":45,"Question Card":7,"Smiling Mask":9,"Burning Blood":0,"SlaversCollar":17,"Pandora\u0027s Box":34},{"Lee\u0027s Waffle":18,"Singing Bowl":12,"Gremlin Horn":12,"Dead Branch":3,"StoneCalendar":27,"PreservedInsect":23,"Bag of Preparation":20,"Odd Mushroom":6,"War Paint":22,"Question Card":4,"Smiling Mask":4,"Burning Blood":0,"SlaversCollar":8,"Pandora\u0027s Box":15},{"Lee\u0027s Waffle":84,"Singing Bowl":64,"Gremlin Horn":64,"Dead Branch":10,"StoneCalendar":117,"PreservedInsect":104,"Bag of Preparation":91,"Odd Mushroom":27,"War Paint":103,"Question Card":15,"Smiling Mask":15,"Burning Blood":0,"SlaversCollar":43,"Pandora\u0027s Box":75}]},"card_choices":[{"not_picked":["Warcry","Flex"],"picked":"Pommel Strike","floor":1.0},{"not_picked":["Battle Trance","Headbutt"],"picked":"Infernal Blade","floor":2.0},{"not_picked":["Perfected Strike","Anger"],"picked":"Shrug It Off","floor":4.0},{"not_picked":["Uppercut","Fire Breathing"],"picked":"Disarm","floor":7.0},{"not_picked":["Heavy Blade","Iron Wave","Pommel Strike"],"picked":"Reckless Charge","floor":10.0},{"not_picked":["Iron Wave","Anger","Double Tap"],"picked":"Burning Pact","floor":11.0},{"not_picked":["Twin Strike","Anger","Warcry"],"picked":"Metallicize","floor":14.0},{"not_picked":["Impervious","Demon Form","Exhume"],"picked":"Corruption","floor":16.0},{"not_picked":["Pommel Strike","True Grit","Havoc"],"picked":"Sentinel+1","floor":18.0},{"not_picked":["Twin Strike","Wild Strike","Rampage"],"picked":"Intimidate","floor":20.0},{"not_picked":["Uppercut","Headbutt","Perfected Strike+1","Flex"],"picked":"SKIP","floor":22.0},{"not_picked":["Pommel Strike","Uppercut","Flame Barrier"],"picked":"Offering","floor":24.0},{"not_picked":["Havoc","Perfected Strike+1","True Grit"],"picked":"Seeing Red","floor":28.0},{"not_picked":["Flex+1","Sever Soul+1","Heavy Blade","Combust"],"picked":"Singing Bowl","floor":29.0},{"not_picked":["Limit Break","Exhume","Fiend Fire"],"picked":"Offering","floor":33.0},{"not_picked":["Sword Boomerang+1","Rupture+1","Pommel Strike"],"picked":"Feel No Pain","floor":35},{"not_picked":["Bloodletting+1","Flex","Sword Boomerang+1"],"picked":"Second Wind","floor":36},{"not_picked":["Ghostly Armor+1","Combust","Armaments"],"picked":"Sentinel+1","floor":37},{"not_picked":["Second Wind","Twin Strike","Iron Wave","Clothesline"],"picked":"Singing Bowl","floor":39},{"not_picked":["Bludgeon","Flex","Rage","Perfected Strike+1"],"picked":"Singing Bowl","floor":41},{"not_picked":["Thunderclap","Wild Strike+1","Flex","Intimidate+1"],"picked":"Singing Bowl","floor":42},{"not_picked":["Inflame","Sever Soul","Pommel Strike+1","True Grit"],"picked":"Singing Bowl","floor":45},{"not_picked":["Exhume","Pommel Strike","Armaments","Flex"],"picked":"Singing Bowl","floor":47},{"not_picked":["Iron Wave","Rupture","Armaments","Body Slam"],"picked":"Singing Bowl","floor":48},{"not_picked":["Flex","Metallicize","Uppercut","Pommel Strike+1"],"picked":"Singing Bowl","floor":55}],"player_experience":514726,"relics_obtained":[{"floor":7.0,"key":"Question Card"},{"floor":9.0,"key":"Smiling Mask"},{"floor":11.0,"key":"Odd Mushroom"},{"floor":24.0,"key":"Singing Bowl"},{"floor":26.0,"key":"Gremlin Horn"},{"floor":41,"key":"Bag of Preparation"},{"floor":45,"key":"War Paint"},{"floor":47,"key":"PreservedInsect"},{"floor":55,"key":"StoneCalendar"}],"event_choices":[{"damage_healed":0.0,"max_hp_gain":0.0,"max_hp_loss":0.0,"gold_gain":50.0,"event_name":"FaceTrader","player_choice":"Touch","floor":3.0,"gold_loss":0.0,"damage_taken":6.0},{"damage_healed":0.0,"max_hp_gain":0.0,"max_hp_loss":0.0,"gold_gain":0.0,"event_name":"Mushrooms","player_choice":"Fought Mushrooms","floor":11.0,"gold_loss":0.0,"damage_taken":0.0},{"damage_healed":0.0,"max_hp_gain":0.0,"max_hp_loss":0.0,"gold_gain":0.0,"event_name":"Accursed Blacksmith","player_choice":"Forge","floor":13.0,"gold_loss":0.0,"damage_taken":0.0,"cards_upgraded":["Disarm"]},{"cards_removed":["Strike_R"],"damage_healed":0.0,"max_hp_gain":0.0,"max_hp_loss":0.0,"gold_gain":0.0,"event_name":"Beggar","player_choice":"Gave Gold","floor":21.0,"gold_loss":75.0,"damage_taken":0.0},{"damage_healed":0.0,"max_hp_gain":0.0,"max_hp_loss":0.0,"gold_gain":275.0,"event_name":"Golden Shrine","player_choice":"Desecrate","floor":27.0,"gold_loss":0.0,"damage_taken":0.0,"cards_obtained":["Regret"]},{"damage_healed":0.0,"max_hp_gain":0.0,"max_hp_loss":0.0,"gold_gain":0.0,"event_name":"N\u0027loth","player_choice":"Ignored","floor":31.0,"gold_loss":0.0,"damage_taken":0.0},{"damage_healed":0,"gold_gain":0,"player_choice":"Max HP","damage_taken":0,"max_hp_gain":0,"max_hp_loss":7,"event_name":"Winding Halls","floor":46,"gold_loss":0}],"is_beta":false,"boss_relics":[{"not_picked":["Coffee Dripper","Velvet Choker"],"picked":"SlaversCollar"},{"not_picked":["Calling Bell","Runic Dome"],"picked":"Pandora\u0027s Box"}],"items_purged_floors":[19,30,38,54],"is_endless":false,"potions_floor_spawned":[2,10,16,20,28,36,41,42,45],"ascension_level":20}}