{"host":"nia1zwr35jsu5y7h","time":1611802503,"event":{"mods":["2.2 Compatiblity","Abigail Mod","Bard","BaseMod","Colored Map","Conspire","Downfall","Friendly Minions","Hermit","Highlight Path","Hubris","Infinite Spire","Kiyohime????","Koishi","Marisa????????","Minty Spire (QoL Compilation)","Quick Restart","Replay The Spire","Shade Mod","Shop Mod","StSLib","The Administrix","The Animator","The Construct","The Cursed","The Disciple","The Mystic","The Necromancer","The Servant 0.9.4"],"gold_per_floor":[116,136,66,66,66,66,85,127,127,173,173,201,201,211,211,222,222,321,321,340,340,110,124,140,140,164,176,202,202,237,254,254,289,289,403,403,416,326,344,399,410,410,442,33,33,33,44,44,44,44,44],"floor_reached":50,"language":"ENG","playtime":2791,"items_purged":["animator:Strike","animator:Strike+1"],"score":642,"play_id":"fc1fe512-2221-4605-9025-75b23a4f633f","local_time":"20210127185503","is_ascension_mode":true,"campfire_choices":[{"data":"animator:NagisaMomoe","floor":9,"key":"SMITH"},{"floor":13,"key":"REST"},{"data":"animator:ElricAlphonse","floor":17,"key":"SMITH"},{"data":"animator:DolaStephanie","floor":25,"key":"SMITH"},{"data":"animator:NagisaMomoe","floor":29,"key":"SMITH"},{"data":"animator:ChlammyZell","floor":32,"key":"SMITH"},{"floor":34,"key":"REST"},{"data":"animator:YachiyoNanami","floor":42,"key":"SMITH"},{"data":"animator:HigakiRinne","floor":48,"key":"SMITH"}],"circlet_count":0,"master_deck":["animator:Strike_MadokaMagica","animator:Defend_MadokaMagica","animator:Defend","animator:Defend","animator:IrohaTamaki","animator:YuiTsuruno+1","animator:Benimaru","animator:CowGirl","animator:GazelDwargon+1","animator:RoyMustang","animator:NagisaMomoe+1","animator:Biyorigo","animator:ElricAlphonse+1","animator:Pride","animator:WinryRockbell","animator:HigakiRinne+1","animator:DolaStephanie+1","animator:Shalltear+1","animator:ChlammyZell+1","Parasite","animator:NagisaMomoe+1","ReplayTheSpireMod:Restless Dread","animator:Megumin+8","animator:DolaSchwi","animator:ChaikaTrabant","animator:Aqua","animator:YachiyoNanami+1","animator:ElricAlphonse","animator:HigakiRinne+1","animator:FielNirvalen","animator:Magilou","Parasite"],"relics":["animator:LivingPicture","animator:TheMissingPiece","animator:PurgingStone","NeowsBlessing","Du-Vu Doll","ReplayTheSpireMod:Shallot","Mercury Hourglass","Torii","Cursed Key","Sling","Akabeko","Centennial Puzzle","infinitespire:FocusingShard","Whetstone","hubris:Backtick","infinitespire:Bottled Soul","hubris:BundleOfHerbs","conspire:DecoderRing","Omamori","Meat on the Bone"],"acts_visited":["Exordium","TheCity","TheBeyond"],"potions_floor_usage":[10,12,18,24,33,33,33,40,40,43,47],"damage_taken":[{"damage":0,"enemies":"Jaw Worm","floor":1,"turns":1},{"damage":0,"enemies":"Cultist","floor":2,"turns":1},{"damage":0,"enemies":"2 Louse","floor":7,"turns":1},{"damage":30,"enemies":"Lagavulin","floor":8,"turns":11},{"damage":22,"enemies":"3 Sentries","floor":10,"turns":6},{"damage":5,"enemies":"Replay:BlueRogue","floor":12,"turns":5},{"damage":0,"enemies":"Looter","floor":14,"turns":4},{"damage":0,"enemies":"Gremlin Gang","floor":16,"turns":3},{"damage":1,"enemies":"The Guardian","floor":18,"turns":13},{"damage":2,"enemies":"Shell Parasite","floor":20,"turns":4},{"damage":2,"enemies":"Spheric Guardian","floor":23,"turns":6},{"damage":8,"enemies":"Snecko","floor":24,"turns":6},{"damage":1,"enemies":"Chosen and Byrds","floor":27,"turns":5},{"damage":0,"enemies":"Gremlin Leader","floor":30,"turns":6},{"damage":1,"enemies":"Cultist and Chosen","floor":31,"turns":4},{"damage":37,"enemies":"conspire:MimicChest","floor":33,"turns":5},{"damage":2,"enemies":"Champ","floor":35,"turns":7},{"damage":7,"enemies":"Orb Walker","floor":37,"turns":4},{"damage":0,"enemies":"3 Shapes","floor":39,"turns":2},{"damage":41,"enemies":"2 Orb Walkers","floor":40,"turns":6},{"damage":0,"enemies":"Jaw Worm Horde","floor":41,"turns":1},{"damage":59,"enemies":"Nightmare","floor":43,"turns":7},{"damage":1,"enemies":"Writhing Mass","floor":47,"turns":4},{"damage":57,"enemies":"4 Shapes","floor":50,"turns":3}],"seed_played":"7265267072080085244","potions_obtained":[{"floor":8,"key":"Block Potion"},{"floor":10,"key":"hexamod:SoulburnPotion"},{"floor":14,"key":"Adrenaline Potion"},{"floor":16,"key":"DistilledChaos"},{"floor":18,"key":"Swift Potion"},{"floor":23,"key":"Slimebound:ThreeZeroPotion"},{"floor":24,"key":"animator:FalseLifePotion"},{"floor":33,"key":"Regen Potion"},{"floor":35,"key":"Block Potion"},{"floor":37,"key":"SkillPotion"},{"floor":40,"key":"AttackPotion"},{"floor":43,"key":"Languid Potion"},{"floor":47,"key":"Elixir"}],"is_trial":false,"path_per_floor":["M","M","$","?","PTL","PTL","M","E","R","E","T","E","R","M","?","M","R","B",null,"M","?","$","M","M","R","T","M","T","R","E","M","R","?","R","B",null,"M","?","M","?","M","R","NM","$","T","?","M","R","$","M"],"character_chosen":"THE_ANIMATOR","items_purchased":["animator:GazelDwargon","Sling","animator:FielNirvalen","animator:Magilou","Omamori"],"campfire_rested":2,"item_purchase_floors":[3,22,44,44,44],"current_hp_per_floor":[66,66,66,66,66,66,66,36,36,14,14,9,28,28,28,28,28,28,67,65,65,65,63,55,55,55,54,54,54,54,53,53,18,38,36,67,60,60,63,24,26,26,34,34,34,51,52,52,52,0,0],"gold":44,"neow_bonus":"THREE_ENEMY_KILL","is_daily":false,"chose_seed":false,"campfire_upgraded":7,"win_rate":0.0,"timestamp":1611802503,"path_taken":["M","M","$","?","PTL","PTL","M","E","R","E","T","E","R","?","?","M","R","BOSS","M","?","$","M","?","R","?","M","T","R","E","?","R","?","R","BOSS","M","?","?","?","M","R","NM","$","T","?","M","R","?","M"],"items_purchased_type":["Card","Relic","Card","Card","Relic"],"build_version":"2020-12-22","purchased_purges":2,"victory":false,"max_hp_per_floor":[66,66,66,66,66,66,66,66,66,66,66,66,66,66,66,66,66,67,67,67,67,67,67,67,67,67,67,67,67,67,67,67,67,67,67,67,67,67,68,68,68,68,68,68,68,68,68,68,68,68,68],"card_choices":[{"not_picked":["animator:Gluttony","animator:Chris"],"picked":"animator:Benimaru","floor":1},{"not_picked":["animator:Emonzaemon","animator:MaesHughes"],"picked":"animator:CowGirl","floor":2},{"not_picked":["animator:Azekura","animator:Konayuki"],"picked":"animator:RoyMustang","floor":7},{"not_picked":["animator:MamiTomoe","animator:IrohaTamaki"],"picked":"animator:NagisaMomoe","floor":8},{"not_picked":["animator:MamiTomoe","animator:DwarfShaman"],"picked":"animator:Biyorigo","floor":10},{"not_picked":["animator:Jibril","animator:YunYun"],"picked":"animator:ElricAlphonse","floor":12},{"not_picked":["animator:Chris","animator:Konayuki"],"picked":"animator:Pride","floor":14},{"not_picked":["animator:ElricEdward","animator:Gluttony"],"picked":"animator:WinryRockbell","floor":16},{"not_picked":["animator:Eris","animator:AcuraShin"],"picked":"animator:HigakiRinne","floor":18},{"not_picked":["animator:Sebas","animator:Chris"],"picked":"animator:DolaStephanie","floor":20},{"not_picked":["animator:WinryRockbell","animator:GazelDwargon+1"],"picked":"animator:Shalltear","floor":23},{"not_picked":["animator:DolaRiku","animator:ElricEdward"],"picked":"animator:ChlammyZell","floor":24},{"not_picked":["animator:YuiTsuruno","animator:KyokoSakura"],"picked":"animator:NagisaMomoe","floor":27},{"not_picked":["animator:YunYun","animator:DwarfShaman"],"picked":"animator:Megumin","floor":30},{"not_picked":["animator:ZankiKiguchi","animator:ChaikaBohdan","animator:Sebas"],"picked":"SKIP","floor":31},{"not_picked":["animator:GuildGirl","animator:Benimaru+1"],"picked":"animator:DolaSchwi","floor":33},{"not_picked":["animator:AcuraShin","animator:Father"],"picked":"animator:ChaikaTrabant","floor":35},{"not_picked":["animator:DolaSchwi","animator:AcuraTooru"],"picked":"animator:Aqua","floor":37},{"not_picked":["animator:KyokoSakura","animator:IrohaTamaki"],"picked":"animator:YachiyoNanami","floor":39},{"not_picked":["animator:MaesHughes+1","animator:Mitsurugi"],"picked":"animator:ElricAlphonse","floor":41},{"not_picked":["animator:Shichika","animator:IrohaTamaki"],"picked":"animator:HigakiRinne","floor":43},{"not_picked":["animator:TsurugaMeisai","animator:Witch","animator:Sebas"],"picked":"SKIP","floor":47}],"player_experience":2270395,"relics_obtained":[{"floor":8,"key":"Du-Vu Doll"},{"floor":10,"key":"ReplayTheSpireMod:Shallot"},{"floor":11,"key":"Mercury Hourglass"},{"floor":12,"key":"Torii"},{"floor":26,"key":"Akabeko"},{"floor":28,"key":"Centennial Puzzle"},{"floor":30,"key":"infinitespire:FocusingShard"},{"floor":33,"key":"Whetstone"},{"floor":40,"key":"hubris:BundleOfHerbs"},{"floor":43,"key":"conspire:DecoderRing"},{"floor":45,"key":"Meat on the Bone"}],"event_choices":[{"cards_removed":["animator:Defend"],"damage_healed":0,"gold_gain":0,"player_choice":"Purged","damage_taken":0,"max_hp_gain":0,"max_hp_loss":0,"event_name":"Purifier","floor":4,"gold_loss":0},{"damage_healed":0,"gold_gain":0,"player_choice":"Forge","damage_taken":0,"max_hp_gain":0,"max_hp_loss":0,"event_name":"Accursed Blacksmith","floor":21,"gold_loss":0,"cards_upgraded":["animator:HigakiRinne"]},{"cards_removed":["animator:Strike"],"damage_healed":0,"gold_gain":0,"player_choice":"Upgrade and Remove","damage_taken":0,"max_hp_gain":0,"max_hp_loss":0,"event_name":"Designer","floor":38,"gold_loss":90,"cards_upgraded":["animator:Strike"]},{"damage_healed":0,"gold_gain":0,"player_choice":"Fight","damage_taken":0,"max_hp_gain":0,"max_hp_loss":0,"event_name":"Mysterious Sphere","floor":40,"gold_loss":0},{"damage_healed":17,"gold_gain":0,"player_choice":"Writhe","damage_taken":0,"max_hp_gain":0,"max_hp_loss":0,"event_name":"Winding Halls","floor":46,"gold_loss":0,"cards_obtained":["Writhe"]}],"is_beta":false,"boss_relics":[{"not_picked":["Snecko Heart","Tiny House"],"picked":"Cursed Key"},{"not_picked":["conspire:SlowCooker","Black Star"],"picked":"hubris:Backtick"}],"items_purged_floors":[22,44],"is_endless":false,"potions_floor_spawned":[8,10,14,16,18,23,24,31,33,35,37,40,43,47],"killed_by":"4 Shapes","ascension_level":3}}