{"host":"htqwg582tjjtn9p7","time":1611865432,"event":{"mods":["2.2 Compatiblity","AchievementEnabler","Act Like it!","Aspiration","BaseMod","Better Third Choice","Colored Map","Conspire","Curses Come First","Displayed Cursed Tome","Energized Spire","Force Act Four","Fox Events","GifTheSpireLib","Hermit","Highlight Path","JesterMod","Mad Scientist","Minty Spire (QoL Compilation)","Pale of the Ancients","Permanent Neow","Random Character Button","Relic Stats","Replay The Spire","Robot Space Explorer","Somnambulant","Spicy Shops","Spikes Relics","StSLib","Stuff the Spire","The Blue Laboratory","The Bug Knight","The Forsaken","The Gatherer","The Judge","The Jungle","The Marked","The Runesmith","The Servant 0.9.4","Uncapped"],"gold_per_floor":[111,111,129,149,149,149,178,178,201,212,212,237,249,249,249,322,322,342,342,116,134,154,154,154,154],"floor_reached":24,"language":"ENG","playtime":863,"items_purged":["Pride"],"score":361,"play_id":"ce79a536-abf0-4eb5-9a85-32fc6d0a3ed2","local_time":"20210128212352","is_ascension_mode":true,"campfire_choices":[{"data":"Eviscerate","floor":6,"key":"SMITH"},{"floor":8,"key":"REST"},{"floor":11,"key":"REST"},{"floor":15,"key":"REST"},{"floor":23,"key":"REST"}],"circlet_count":0,"master_deck":["AscendersBane","Strike_G","Strike_G","Strike_G","Strike_G","Strike_G","Defend_G","Defend_G","Defend_G","Defend_G","Defend_G","Survivor","Neutralize","ReplayTheSpireMod:Private Reserves","Eviscerate+1","Poisoned Stab","Footwork","Deflect","Acrobatics","Dagger Throw","StuffTheSpire:Injection","Tools of the Trade","Footwork","Backstab","Concentrate","Noxious Fumes"],"relics":["Ring of the Snake","Replay:Bottled Steam","Bag of Marbles","Counterbalance","HoveringKite"],"acts_visited":["Exordium","TheCity"],"potions_floor_usage":[12,18],"damage_taken":[{"damage":1,"enemies":"2 Louse","floor":1,"turns":3},{"damage":0,"enemies":"conspire:RoseBush","floor":3,"turns":5},{"damage":0,"enemies":"Jaw Worm","floor":4,"turns":4},{"damage":49,"enemies":"3 Sentries","floor":7,"turns":13},{"damage":8,"enemies":"3 Louse","floor":10,"turns":4},{"damage":16,"enemies":"Gremlin Nob","floor":12,"turns":3},{"damage":1,"enemies":"Looter","floor":13,"turns":3},{"damage":36,"enemies":"Hexaghost","floor":16,"turns":12},{"damage":11,"enemies":"3 Byrds","floor":18,"turns":4},{"damage":20,"enemies":"Shelled Parasite and Fungi","floor":21,"turns":7},{"damage":10,"enemies":"Snake Plant","floor":22,"turns":3},{"damage":7,"enemies":"Cultist and Chosen","floor":24,"turns":4}],"seed_played":"729467424073791857","potions_obtained":[{"floor":4,"key":"Doom Potion"},{"floor":10,"key":"AttackPotion"},{"floor":13,"key":"blueLaboratory:ExaltedPotion"},{"floor":16,"key":"Strength Potion"},{"floor":22,"key":"blueLaboratory:HorrorPotion"}],"is_trial":false,"path_per_floor":["M","?","M","M","?","R","E","R","T","M","R","E","M","?","R","B",null,"M","?","$","M","M","R","M"],"character_chosen":"THE_SILENT","items_purchased":["Backstab","Concentrate"],"campfire_rested":4,"item_purchase_floors":[20,20],"current_hp_per_floor":[58,58,58,58,58,58,9,28,28,20,39,23,22,22,41,5,51,40,40,40,20,10,29,22,22],"gold":154,"neow_bonus":"RANDOM_COLORLESS","is_daily":false,"chose_seed":false,"campfire_upgraded":1,"win_rate":0.0,"timestamp":1611865432,"path_taken":["M","?","M","M","?","R","E","R","T","?","R","E","M","?","R","BOSS","M","?","$","M","M","R","M"],"items_purchased_type":["Card","Card"],"build_version":"2020-12-22","purchased_purges":1,"victory":false,"max_hp_per_floor":[66,66,66,66,66,66,66,66,66,66,66,66,66,66,66,66,66,66,66,66,66,66,66,66,66],"relic_stats":{"counters":[12,65],"HoveringKite":[8],"obtain_stats":[{"Counterbalance":12,"HoveringKite":17,"Bag of Marbles":9,"Ring of the Snake":0,"Replay:Bottled Steam":7},{"Counterbalance":6,"HoveringKite":8,"Bag of Marbles":4,"Ring of the Snake":0,"Replay:Bottled Steam":4},{"Counterbalance":32,"HoveringKite":47,"Bag of Marbles":25,"Ring of the Snake":0,"Replay:Bottled Steam":25}],"Ring of the Snake":[24]},"card_choices":[{"not_picked":["Jack Of All Trades","PanicButton"],"picked":"ReplayTheSpireMod:Private Reserves","floor":0},{"not_picked":["Hidden Blade","Pace"],"picked":"Eviscerate","floor":1},{"not_picked":["StuffTheSpire:Incursion","StuffTheSpire:Shiver"],"picked":"Poisoned Stab","floor":3},{"not_picked":["conspire:PoisonWeapons","Deadly Poison"],"picked":"Footwork","floor":4},{"not_picked":["StuffTheSpire:Python","Dagger Spray"],"picked":"Deflect","floor":7},{"not_picked":["Draining Mist","Dagger Spray"],"picked":"Acrobatics","floor":10},{"not_picked":["StuffTheSpire:Incursion","Acrobatics"],"picked":"Dagger Throw","floor":12},{"not_picked":["Dagger Throw","ReplayTheSpireMod:Speed Training"],"picked":"StuffTheSpire:Injection","floor":13},{"not_picked":["Doppelganger","Atom Bomb"],"picked":"Tools of the Trade","floor":16},{"not_picked":["StuffTheSpire:Python","StuffTheSpire:Injection","StuffTheSpire:BumpUp"],"picked":"SKIP","floor":18},{"not_picked":["StuffTheSpire:BrimstoneBlast","PiercingWail+1"],"picked":"Noxious Fumes","floor":21},{"not_picked":["PiercingWail","Escape Plan","Draining Mist"],"picked":"SKIP","floor":22}],"player_experience":1964093,"relics_obtained":[{"floor":7,"key":"Replay:Bottled Steam"},{"floor":9,"key":"Bag of Marbles"},{"floor":12,"key":"Counterbalance"}],"event_choices":[{"damage_healed":0,"gold_gain":0,"player_choice":"Ignored","damage_taken":0,"max_hp_gain":0,"max_hp_loss":0,"event_name":"Golden Wing","floor":2,"gold_loss":0},{"damage_healed":0,"gold_gain":0,"player_choice":"0 cards matched","damage_taken":0,"max_hp_gain":0,"max_hp_loss":0,"event_name":"Match and Keep!","floor":5,"gold_loss":0,"cards_obtained":[]},{"damage_healed":0,"gold_gain":0,"player_choice":"Copied","damage_taken":0,"max_hp_gain":0,"max_hp_loss":0,"event_name":"Duplicator","floor":19,"gold_loss":0,"cards_obtained":["Footwork"]}],"is_beta":false,"boss_relics":[{"not_picked":["Runic Dome","StuffTheSpire:Kangaroo"],"picked":"HoveringKite"}],"items_purged_floors":[20],"is_endless":false,"potions_floor_spawned":[4,10,13,16,22],"killed_by":"Cultist and Chosen","ascension_level":15}}