{"host":"Oniwa","time":1611822578,"event":{"mods":["BaseMod","Colored Map","Colored Powertips","Minty Spire (QoL Compilation)","Relic Stats","Slay the Relics Exporter","SpireBot","StSLib","ojb\u0027s Better Paths Mod","ojb\u0027s Info Mod"],"gold_per_floor":[109,121,139,139,159,159,1,30,112,112,126,126,136,163,163,237,237,253,114,127,144,94,94,94],"floor_reached":23,"language":"JPN","playtime":1493,"items_purged":[],"score":556,"play_id":"42094c55-1dab-409d-a3bb-f33da3f63672","local_time":"20210128172938","is_ascension_mode":true,"campfire_choices":[{"data":"TalkToTheHand","floor":6.0,"key":"SMITH"},{"floor":10.0,"key":"REST"},{"data":"CutThroughFate","floor":12.0,"key":"SMITH"},{"data":"Ragnarok","floor":15.0,"key":"SMITH"}],"circlet_count":0,"master_deck":["AscendersBane","Strike_P","Strike_P","Strike_P","Strike_P","Defend_P+1","Defend_P","Defend_P","Defend_P","Eruption","Vigilance","CutThroughFate+1","TalkToTheHand+1","Weave","JustLucky","TalkToTheHand+1","Wireheading+1","Scrawl","SashWhip","Ragnarok+1","LessonLearned+1","EmptyMind","InnerPeace"],"relics":["Sozu","Calipers","DollysMirror","Lantern","Question Card","Bronze Scales","Cursed Key","Kunai"],"acts_visited":["Exordium","TheCity"],"potions_floor_usage":[],"damage_taken":[{"damage":1.0,"enemies":"Cultist","floor":1.0,"turns":4.0},{"damage":2.0,"enemies":"Jaw Worm","floor":2.0,"turns":3.0},{"damage":0.0,"enemies":"Small Slimes","floor":3.0,"turns":2.0},{"damage":2.0,"enemies":"2 Fungi Beasts","floor":5.0,"turns":4.0},{"damage":36.0,"enemies":"3 Sentries","floor":8.0,"turns":13.0},{"damage":0.0,"enemies":"Large Slime","floor":11.0,"turns":4.0},{"damage":5.0,"enemies":"Gremlin Gang","floor":13.0,"turns":3.0},{"damage":0.0,"enemies":"Gremlin Nob","floor":14.0,"turns":4.0},{"damage":0.0,"enemies":"Slime Boss","floor":16.0,"turns":5.0},{"damage":0.0,"enemies":"2 Thieves","floor":18.0,"turns":3.0},{"damage":0.0,"enemies":"Shell Parasite","floor":20.0,"turns":2.0},{"damage":18.0,"enemies":"Shelled Parasite and Fungi","floor":21.0,"turns":4.0},{"damage":51,"enemies":"Slavers","floor":23,"turns":7}],"seed_played":"5340732356804610900","potions_obtained":[],"is_trial":false,"path_per_floor":["M","M","M","?","M","R","$","E","T","R","M","R","M","E","R","B",null,"M","?","M","M","?","E"],"character_chosen":"WATCHER","items_purchased":["DollysMirror"],"campfire_rested":1,"item_purchase_floors":[7],"current_hp_per_floor":[60,58,58,47,45,45,45,9,9,29,29,29,24,24,24,24,57,57,57,57,39,39,0,0],"gold":94,"neow_bonus":"BOSS_RELIC","is_daily":false,"chose_seed":false,"campfire_upgraded":3,"win_rate":0.0,"timestamp":1611822578,"path_taken":["M","M","?","?","M","R","$","E","T","R","M","R","M","E","R","BOSS","M","?","M","?","?","E"],"items_purchased_type":["Relic"],"build_version":"2020-12-18","purchased_purges":0,"victory":false,"max_hp_per_floor":[68,68,68,68,68,68,68,68,68,68,68,68,68,68,68,68,68,68,68,68,68,68,68,68],"relic_stats":{"Sozu":5,"counters":[13,58],"Bronze Scales":[66],"Kunai":[7],"Question Card":7,"Cursed Key":0,"obtain_stats":[{"Sozu":0,"Lantern":8,"Calipers":4,"DollysMirror":7,"Bronze Scales":14,"Kunai":19,"PureWater":0,"Question Card":9,"Cursed Key":17},{"Sozu":0,"Lantern":5,"Calipers":3,"DollysMirror":4,"Bronze Scales":8,"Kunai":10,"PureWater":0,"Question Card":5,"Cursed Key":9},{"Sozu":0,"Lantern":26,"Calipers":9,"DollysMirror":13,"Bronze Scales":37,"Kunai":45,"PureWater":0,"Question Card":26,"Cursed Key":42}]},"card_choices":[{"not_picked":["Halt","SashWhip"],"picked":"CutThroughFate","floor":1.0},{"not_picked":["Collect","EmptyBody"],"picked":"TalkToTheHand","floor":2.0},{"not_picked":["Protect","Evaluate"],"picked":"Weave","floor":3.0},{"not_picked":["Consecrate","PathToVictory"],"picked":"JustLucky","floor":5.0},{"not_picked":["EmptyBody","Evaluate"],"picked":"Wireheading","floor":8.0},{"not_picked":["Halt","EmptyMind","EmptyFist"],"picked":"Scrawl","floor":11.0},{"not_picked":["Crescendo","EmptyBody","ThirdEye"],"picked":"SashWhip","floor":13.0},{"not_picked":["TalkToTheHand","FlurryOfBlows","CutThroughFate"],"picked":"Ragnarok","floor":14.0},{"not_picked":["ConjureBlade","Ragnarok","MasterReality"],"picked":"LessonLearned","floor":16.0},{"not_picked":["CarveReality+1","ClearTheMind","Crescendo","SandsOfTime"],"picked":"SKIP","floor":18.0},{"not_picked":["BattleHymn","FlyingSleeves","CarveReality"],"picked":"EmptyMind","floor":20.0},{"not_picked":["SandsOfTime","Swivel","ClearTheMind"],"picked":"InnerPeace","floor":21.0}],"player_experience":2617318,"relics_obtained":[{"floor":8.0,"key":"Lantern"},{"floor":9.0,"key":"Question Card"},{"floor":14.0,"key":"Bronze Scales"}],"event_choices":[{"damage_healed":0.0,"max_hp_gain":0.0,"max_hp_loss":0.0,"gold_gain":0.0,"event_name":"Scrap Ooze","player_choice":"Success","floor":4.0,"gold_loss":0.0,"damage_taken":11.0,"relics_obtained":["Calipers"]},{"damage_healed":0.0,"max_hp_gain":0.0,"max_hp_loss":0.0,"gold_gain":0.0,"event_name":"WeMeetAgain","player_choice":"Paid Gold","floor":19.0,"gold_loss":139.0,"damage_taken":0.0,"relics_obtained":["Kunai"]},{"damage_healed":0.0,"max_hp_gain":0.0,"max_hp_loss":0.0,"gold_gain":0.0,"event_name":"The Joust","player_choice":"Bet on Murderer","floor":22.0,"gold_loss":50.0,"damage_taken":0.0}],"is_beta":true,"boss_relics":[{"not_picked":["SlaversCollar","Fusion Hammer"],"picked":"Cursed Key"}],"items_purged_floors":[],"is_endless":false,"potions_floor_spawned":[2,8,11,13,20],"killed_by":"Slavers","ascension_level":20}}