{"host":"hfxahm4y1ssattqc","time":1611808604,"event":{"mods":["2.2 Compatiblity","Act Like it!","Aspiration","BaseMod","Beaked The Cultist","Better Third Choice","BetterRewards","Colored Map","Colored Powertips","Custom Start","Googly Eyes","Halation","Hallownest","Hermit","Highlight Path","Hubris","Mimic Mod","Minty Spire (QoL Compilation)","Reorder Act Four","Replay The Spire","Shop Mod","Spikes Relics","StSLib","The Bug Knight","The IronCluck","The Jungle","Unknown Chances","slay the spire mod where everything is the same but ironclad has a cowboy hat"],"gold_per_floor":[111,122,122,122,41,41,68,68,92,109,124,139,139,150,150,253,253,267,267,281,299,299,299,226,226,226,226,226,118,118,137,137,235,235,253,268,268,318,337,337,347,347,371,228,247,257,257,276,276,276,276,176,176,206,206],"floor_reached":56,"language":"ENG","playtime":2997,"items_purged":["Strike_B","Defend_B"],"score":1449,"play_id":"d5eb710a-7186-4203-8697-b4a15d9eecdf","local_time":"20210127203644","is_ascension_mode":false,"campfire_choices":[{"floor":6,"key":"RECALL"},{"data":"Amplify","floor":8,"key":"SMITH"},{"data":"Pot Of Greed","floor":15,"key":"SMITH"},{"data":"Pot Of Greed","floor":23,"key":"SMITH"},{"data":"Glacier","floor":25,"key":"SMITH"},{"floor":27,"key":"REST"},{"data":"Conserve Battery","floor":30,"key":"SMITH"},{"floor":40,"key":"REST"},{"floor":42,"key":"REST"},{"data":"Zap","floor":47,"key":"SMITH"},{"floor":49,"key":"REST"},{"data":"Strike_B","floor":53,"key":"SMITH"}],"circlet_count":0,"master_deck":["Strike_B","Strike_B","Strike_B+1","Defend_B+1","Defend_B","Defend_B","Zap+1","Dualcast","Buffer+1","Apotheosis+1","Defragment+1","Conserve Battery+1","Defragment+1","Amplify+1","Pot Of Greed+1","Pot Of Greed+1","FIFO Queue+1","Glacier+1","Machine Learning+1","Defragment+1","Heatsinks+1","beaked:Foresight+1"],"relics":["Cracked Core","aspiration:HatOfInfinitePower","Frozen Egg 2","hubris:MysteriousPyramids","Grinning Jar","Nuclear Battery","MutagenicStrength","Vajra","PrismaticShard","halation:PeacePiece","hubris:ScarierMask","Mango","aspiration:HiddenCompartment","ReplayTheSpireMod:Shallot"],"acts_visited":["Exordium","TheCity","TheBeyond","TheEnding"],"potions_floor_usage":[54,55],"damage_taken":[{"damage":3,"enemies":"Small Slimes","floor":1,"turns":3},{"damage":0,"enemies":"Jaw Worm","floor":2,"turns":4},{"damage":5,"enemies":"HollowMod:MossKnight","floor":7,"turns":7},{"damage":0,"enemies":"2 Louse","floor":10,"turns":3},{"damage":0,"enemies":"Large Slime","floor":11,"turns":5},{"damage":3,"enemies":"Exordium Thugs","floor":12,"turns":5},{"damage":0,"enemies":"2 Fungi Beasts","floor":14,"turns":4},{"damage":0,"enemies":"The Guardian","floor":16,"turns":9},{"damage":2,"enemies":"Chosen","floor":18,"turns":7},{"damage":15,"enemies":"2 Thieves","floor":20,"turns":5},{"damage":10,"enemies":"Cultist and Chosen","floor":21,"turns":6},{"damage":2,"enemies":"3 Cultists","floor":31,"turns":6},{"damage":35,"enemies":"Pondfish","floor":33,"turns":18},{"damage":7,"enemies":"Orb Walker","floor":35,"turns":6},{"damage":0,"enemies":"3 Shapes","floor":36,"turns":5},{"damage":4,"enemies":"Mind Bloom Boss Battle","floor":38,"turns":11},{"damage":27,"enemies":"Jaw Worm Horde","floor":39,"turns":6},{"damage":6,"enemies":"Spire Growth","floor":41,"turns":6},{"damage":14,"enemies":"Transient","floor":45,"turns":5},{"damage":0,"enemies":"Sphere and 2 Shapes","floor":46,"turns":6},{"damage":5,"enemies":"3 Darklings","floor":48,"turns":6},{"damage":8,"enemies":"Replay:Hell Engine","floor":50,"turns":19},{"damage":0,"enemies":"Shield and Spear","floor":54,"turns":7},{"damage":60,"enemies":"The Heart","floor":55,"turns":17}],"seed_played":"-7382583077119959632","potions_obtained":[{"floor":1,"key":"Strength Potion"},{"floor":10,"key":"SkillPotion"},{"floor":31,"key":"Fruit Juice"},{"floor":54,"key":"Swift Potion"}],"is_trial":false,"path_per_floor":["M","M","?","?","$","R","E","R","T","M","M","M","?","M","R_BF","B",null,"M","?","M","M","?","R","$","R","T","R","?","$","R","M","R_BF","B",null,"M","M","?","?","M","R","M","R","T","$","M","M","R","M","R","B",null,"$","R","E","B",null],"character_chosen":"DEFECT","items_purchased":["aspiration:HatOfInfinitePower","Frozen Egg 2","Buffer+1","Apotheosis","Defragment+1","hubris:MysteriousPyramids","Defragment+1","Defragment+1","halation:PeacePiece","Heatsinks+1"],"campfire_rested":4,"item_purchase_floors":[0,0,0,0,0,0,5,24,29,44],"current_hp_per_floor":[72,72,72,72,72,72,67,67,67,67,67,64,69,69,69,69,80,78,78,63,53,53,53,53,53,53,77,69,69,69,67,80,45,80,73,73,73,83,56,83,77,90,90,90,76,76,76,71,90,82,90,90,90,95,35],"gold":206,"neow_bonus":"","is_daily":false,"chose_seed":false,"campfire_upgraded":7,"win_rate":0.0,"timestamp":1611808604,"path_taken":["M","M","?","?","$","R","E","R","T","M","?","M","?","M","R_BF","BOSS","M","?","M","M","?","R","$","R","T","R","?","$","R","M","R_BF","BOSS","M","M","?","?","M","R","M","R","T","$","M","M","R","M","R","BOSS","$","R","E","BOSS"],"items_purchased_type":["Relic","Relic","Card","Card","Card","Relic","Card","Card","Relic","Card"],"build_version":"2020-12-22","purchased_purges":2,"victory":true,"max_hp_per_floor":[75,75,75,75,75,75,75,75,75,75,75,75,80,80,80,80,80,80,80,80,80,80,80,80,80,80,80,80,80,80,80,80,80,80,80,80,76,90,90,90,90,90,90,90,90,90,90,90,90,90,90,90,90,95,95],"card_choices":[{"not_picked":["Beam Cell","Blizzard"],"picked":"Conserve Battery","floor":1},{"not_picked":["Hologram","Sweeping Beam","BasicCrystalCard"],"picked":"SKIP","floor":2},{"not_picked":["Recycle","Redo"],"picked":"Amplify","floor":7},{"not_picked":["Hologram","Turbo","Rebound"],"picked":"SKIP","floor":10},{"not_picked":["Sweeping Beam","Redo"],"picked":"FIFO Queue+1","floor":11},{"not_picked":["Reinforced Body","Chaos"],"picked":"Glacier","floor":12},{"not_picked":["ReplaySolidLightProjector","Melter","Lockon"],"picked":"SKIP","floor":14},{"not_picked":["ReplayTheSpireMod:Omega Cannon","Rainbow"],"picked":"Machine Learning+1","floor":16},{"not_picked":["Panic Button","ReplayTheSpireMod:Reroute Power","Steam"],"picked":"SKIP","floor":18},{"not_picked":["Storm+1","Barrage+1","Beam Cell"],"picked":"SKIP","floor":20},{"not_picked":["Hologram","Sunder","Lockon"],"picked":"SKIP","floor":21},{"not_picked":["hermit:Desperado","hubris:ReadiedAction+1","Replay:BluntJabs"],"picked":"SKIP","floor":31},{"not_picked":["Twin Strike+1","hermit:Glare+1","hermit:PistolWhip+1"],"picked":"SKIP","floor":35},{"not_picked":["Replay:Sssssssssstrike+1","Rip and Tear+1","Hemokinesis+1"],"picked":"SKIP","floor":36},{"not_picked":["HollowMod:QuirrelsAssistance+1","Indignation","FlyingSleeves"],"picked":"SKIP","floor":39},{"not_picked":["Iron Wave+1","Backflip","Prostrate+1"],"picked":"SKIP","floor":41},{"not_picked":["beaked:Overexert+1","beaked:Cower","PathToVictory"],"picked":"SKIP","floor":45},{"not_picked":["hermit:Quickdraw","Dagger Throw","Dodge and Roll+1"],"picked":"SKIP","floor":46},{"not_picked":["HollowMod:ShadowDash","aspiration:Polymerization+1","ReplayTheSpireMod:Tripwire"],"picked":"SKIP","floor":48},{"not_picked":["Thinking Ahead","FollowUp+1"],"picked":"beaked:Foresight+1","floor":54}],"player_experience":937223,"relics_obtained":[{"floor":7,"key":"Grinning Jar"},{"floor":26,"key":"Vajra"},{"floor":28,"key":"PrismaticShard"},{"floor":38,"key":"Mango"},{"floor":43,"key":"aspiration:HiddenCompartment"},{"floor":54,"key":"ReplayTheSpireMod:Shallot"}],"event_choices":[{"damage_healed":0,"gold_gain":0,"player_choice":"Donut","damage_taken":0,"max_hp_gain":5,"max_hp_loss":0,"event_name":"Big Fish","floor":13,"gold_loss":0},{"damage_healed":0,"gold_gain":0,"player_choice":"Inject Mutagens","damage_taken":0,"relics_obtained":["MutagenicStrength"],"max_hp_gain":0,"max_hp_loss":0,"event_name":"Drug Dealer","floor":19,"gold_loss":0},{"damage_healed":0,"gold_gain":0,"player_choice":"Ignored","damage_taken":0,"max_hp_gain":0,"max_hp_loss":0,"event_name":"Ghosts","floor":22,"gold_loss":0},{"damage_healed":0,"gold_gain":0,"player_choice":"Max HP","damage_taken":0,"max_hp_gain":0,"max_hp_loss":4,"event_name":"Winding Halls","floor":37,"gold_loss":0},{"damage_healed":0,"gold_gain":0,"player_choice":"Fight","damage_taken":0,"max_hp_gain":0,"max_hp_loss":0,"event_name":"MindBloom","floor":38,"gold_loss":0}],"is_beta":false,"boss_relics":[{"not_picked":["Runic Pyramid","halation:Risk"],"picked":"Nuclear Battery"},{"not_picked":["aspiration:BeakedSkillbook","Philosopher\u0027s Stone"],"picked":"hubris:ScarierMask"}],"items_purged_floors":[44,52],"is_endless":false,"potions_floor_spawned":[1,10,31,33,39,41,46,48,54],"ascension_level":0}}