{"host":"h1qktzcccqnez8tx","time":1611792475,"event":{"mods":["AchievementEnabler","BaseMod","Bestiary","Better Note","Block Reminder","Colored Map","Colored Powertips","Curses Come First","Highlight Path","Minty Spire (QoL Compilation)","Permanent Neow","Quick Restart","Relic Stats","StSLib","UnlockEverythingMod"],"gold_per_floor":[109,122,122,133,145,175,175,187,187,217,229,246,278,165,165,267,267,286,303,17,40,52,64,76,100,137,184,207,236,248,260,272,379,391,422,69,69,81,96,130,130,130,130],"floor_reached":42,"language":"ENG","playtime":2057,"items_purged":[],"score":800,"play_id":"d46ed8ec-1fd1-4cb5-ad95-daa29c309bfb","local_time":"20210128010755","daily_mods":["Draft","Blue Cards","Purple Cards"],"is_ascension_mode":true,"campfire_choices":[{"data":"Wallop","floor":7,"key":"SMITH"},{"floor":15,"key":"REST"},{"data":"Wallop","floor":23,"key":"SMITH"},{"data":"TalkToTheHand","floor":30,"key":"SMITH"},{"floor":32,"key":"REST"}],"circlet_count":0,"master_deck":["Auto Shields","InnerPeace","EmptyBody","Adaptation+1","PathToVictory","Steam","BootSequence+1","Steam","FlurryOfBlows","FlyingSleeves+1","Cold Snap","EmptyFist","PathToVictory","CutThroughFate","Gash","Wallop+1","ThirdEye+1","SandsOfTime","LessonLearned","Wallop+1","PathToVictory","BowlingBash+1","TalkToTheHand+1","Core Surge","Beam Cell+1","TalkToTheHand+1","Whirlwind+1","WaveOfTheHand","PathToVictory","BowlingBash+1"],"relics":["PureWater","Damaru","Kunai","StoneCalendar","Yang","Turnip","Philosopher\u0027s Stone","Incense Burner","MawBank","Blood Vial","Calipers","Cursed Key","TungstenRod","Eternal Feather"],"acts_visited":["Exordium","TheCity","TheBeyond"],"potions_floor_usage":[8,10,27,42,42,42],"damage_taken":[{"damage":0,"enemies":"Cultist","floor":1,"turns":3},{"damage":1,"enemies":"Jaw Worm","floor":2,"turns":2},{"damage":0,"enemies":"Small Slimes","floor":4,"turns":3},{"damage":0,"enemies":"Blue Slaver","floor":5,"turns":3},{"damage":21,"enemies":"Lagavulin","floor":6,"turns":5},{"damage":3,"enemies":"Red Slaver","floor":8,"turns":4},{"damage":19,"enemies":"Gremlin Nob","floor":10,"turns":4},{"damage":0,"enemies":"2 Fungi Beasts","floor":11,"turns":4},{"damage":0,"enemies":"Lots of Slimes","floor":12,"turns":4},{"damage":18,"enemies":"3 Sentries","floor":13,"turns":7},{"damage":17,"enemies":"The Guardian","floor":16,"turns":7},{"damage":0,"enemies":"Chosen","floor":18,"turns":4},{"damage":10,"enemies":"2 Thieves","floor":19,"turns":5},{"damage":8,"enemies":"Snecko","floor":25,"turns":4},{"damage":5,"enemies":"Book of Stabbing","floor":27,"turns":5},{"damage":0,"enemies":"Centurion and Healer","floor":28,"turns":6},{"damage":10,"enemies":"Chosen and Byrds","floor":29,"turns":6},{"damage":10,"enemies":"Champ","floor":33,"turns":9},{"damage":3,"enemies":"3 Shapes","floor":35,"turns":3},{"damage":9,"enemies":"Orb Walker","floor":38,"turns":3},{"damage":17,"enemies":"3 Darklings","floor":39,"turns":5},{"damage":20,"enemies":"Giant Head","floor":40,"turns":9},{"damage":60,"enemies":"Reptomancer","floor":42,"turns":2}],"seed_played":"-7340550370551197783","potions_obtained":[{"floor":1,"key":"DuplicationPotion"},{"floor":4,"key":"SmokeBomb"},{"floor":6,"key":"SpeedPotion"},{"floor":8,"key":"Explosive Potion"},{"floor":19,"key":"Weak Potion"},{"floor":24,"key":"StancePotion"},{"floor":27,"key":"BottledMiracle"}],"is_trial":true,"path_per_floor":["M","M","?","M","M","E","R","M","T","E","M","M","E","?","R","B",null,"M","M","$","T","?","R","?","M","T","E","M","M","R","?","R","B",null,"M","$","?","M","M","E","?","E"],"character_chosen":"WATCHER","items_purchased":["Incense Burner","TungstenRod","WaveOfTheHand"],"campfire_rested":2,"item_purchase_floors":[20,36,36],"current_hp_per_floor":[72,71,71,71,71,50,50,47,47,28,28,28,10,10,31,14,58,58,48,48,48,48,48,48,40,40,37,39,31,31,31,52,44,65,64,64,82,73,58,40,40,0,0],"gold":130,"neow_bonus":"","is_daily":false,"chose_seed":false,"campfire_upgraded":3,"win_rate":0.0,"timestamp":1611792475,"path_taken":["M","M","?","M","M","E","R","M","T","E","M","M","E","?","R","BOSS","M","M","$","?","?","R","?","?","T","E","M","M","R","?","R","BOSS","M","$","?","M","?","E","?","E"],"items_purchased_type":["Relic","Relic","Card"],"build_version":"2020-12-22","purchased_purges":0,"victory":false,"max_hp_per_floor":[72,72,72,72,72,72,72,72,72,72,72,72,72,72,72,72,72,72,72,72,72,72,72,72,72,72,72,72,72,72,72,72,72,72,72,72,82,82,82,82,82,82,82],"relic_stats":{"Blood Vial":16,"counters":[23,107],"StoneCalendar":[138],"Yang":[149],"Eternal Feather":0,"Turnip":[6],"Kunai":[30],"MawBank":180,"Cursed Key":0,"obtain_stats":[{"Calipers":27,"Damaru":6,"StoneCalendar":10,"Yang":13,"Eternal Feather":40,"Incense Burner":20,"MawBank":21,"Cursed Key":34,"Blood Vial":26,"Philosopher\u0027s Stone":17,"Turnip":14,"Kunai":9,"PureWater":0,"TungstenRod":36},{"Calipers":15,"Damaru":5,"StoneCalendar":7,"Yang":10,"Eternal Feather":22,"Incense Burner":13,"MawBank":13,"Cursed Key":18,"Blood Vial":14,"Philosopher\u0027s Stone":11,"Turnip":10,"Kunai":6,"PureWater":0,"TungstenRod":19},{"Calipers":64,"Damaru":16,"StoneCalendar":24,"Yang":39,"Eternal Feather":105,"Incense Burner":55,"MawBank":55,"Cursed Key":85,"Blood Vial":59,"Philosopher\u0027s Stone":46,"Turnip":39,"Kunai":20,"PureWater":0,"TungstenRod":88}],"TungstenRod":6},"card_choices":[{"not_picked":["ClearTheMind","Streamline"],"picked":"Auto Shields","floor":0},{"not_picked":["Stack","Perseverance"],"picked":"InnerPeace","floor":0},{"not_picked":["Ball Lightning","Leap"],"picked":"EmptyBody","floor":0},{"not_picked":["ClearTheMind","Streamline"],"picked":"Adaptation","floor":0},{"not_picked":["Hello World","Aggregate"],"picked":"PathToVictory","floor":0},{"not_picked":["ForeignInfluence","Conclude"],"picked":"Steam","floor":0},{"not_picked":["Protect","Coolheaded"],"picked":"BootSequence","floor":0},{"not_picked":["Protect","FollowUp"],"picked":"Steam","floor":0},{"not_picked":["CrushJoints","Adaptation"],"picked":"FlurryOfBlows","floor":0},{"not_picked":["CutThroughFate","Loop"],"picked":"FlyingSleeves","floor":0},{"not_picked":["Evaluate","SignatureMove"],"picked":"Cold Snap","floor":0},{"not_picked":["Tempest","ReachHeaven"],"picked":"EmptyFist","floor":0},{"not_picked":["Static Discharge","Worship"],"picked":"PathToVictory","floor":0},{"not_picked":["EmptyBody","Coolheaded"],"picked":"CutThroughFate","floor":0},{"not_picked":["Prostrate","Streamline"],"picked":"Gash","floor":0},{"not_picked":["ClearTheMind","Sanctity"],"picked":"Wallop","floor":1},{"not_picked":["Steam","Halt"],"picked":"ThirdEye","floor":2},{"not_picked":["Stack","ForeignInfluence","CrushJoints"],"picked":"SKIP","floor":4},{"not_picked":["DeceiveReality","ThirdEye"],"picked":"SandsOfTime","floor":5},{"not_picked":["ForeignInfluence","FlurryOfBlows"],"picked":"LessonLearned","floor":6},{"not_picked":["Protect","FollowUp"],"picked":"Wallop","floor":8},{"not_picked":["Beam Cell","ClearTheMind"],"picked":"PathToVictory","floor":10},{"not_picked":["Gash","Study"],"picked":"BowlingBash","floor":11},{"not_picked":["Redo","Evaluate"],"picked":"TalkToTheHand","floor":12},{"not_picked":["MentalFortress","FlurryOfBlows","SashWhip"],"picked":"SKIP","floor":13},{"not_picked":["SpiritShield","LessonLearned"],"picked":"Core Surge","floor":16},{"not_picked":["Aggregate+1","FollowUp"],"picked":"Beam Cell+1","floor":18},{"not_picked":["MentalFortress","Evaluate","Go for the Eyes"],"picked":"SKIP","floor":19},{"not_picked":["ClearTheMind","Leap","Worship"],"picked":"SKIP","floor":25},{"not_picked":["Lockon+1","Study+1","EmptyFist"],"picked":"SKIP","floor":27},{"not_picked":["LikeWater+1","Prostrate"],"picked":"TalkToTheHand","floor":28},{"not_picked":["SignatureMove","Rebound","Ball Lightning"],"picked":"SKIP","floor":29},{"not_picked":["Establishment","Blasphemy"],"picked":"Devotion","floor":33},{"not_picked":["FlurryOfBlows+1","Compile Driver+1","CrushJoints"],"picked":"SKIP","floor":35},{"not_picked":["Redo","Halt"],"picked":"PathToVictory","floor":38},{"not_picked":["Study","Adaptation"],"picked":"BowlingBash+1","floor":39},{"not_picked":["Fusion+1","JustLucky","Recycle"],"picked":"SKIP","floor":40}],"player_experience":196232,"relics_obtained":[{"floor":6,"key":"Damaru"},{"floor":9,"key":"Kunai"},{"floor":10,"key":"StoneCalendar"},{"floor":13,"key":"Yang"},{"floor":21,"key":"MawBank"},{"floor":26,"key":"Blood Vial"},{"floor":27,"key":"Calipers"},{"floor":40,"key":"Eternal Feather"}],"event_choices":[{"damage_healed":0,"gold_gain":0,"player_choice":"Ignored","damage_taken":0,"max_hp_gain":0,"max_hp_loss":0,"event_name":"Golden Wing","floor":3,"gold_loss":0},{"damage_healed":0,"gold_gain":0,"player_choice":"Paid Gold","damage_taken":0,"relics_obtained":["Turnip"],"max_hp_gain":0,"max_hp_loss":0,"event_name":"WeMeetAgain","floor":14,"gold_loss":113},{"damage_healed":0,"gold_gain":0,"player_choice":"Forge","damage_taken":0,"max_hp_gain":0,"max_hp_loss":0,"event_name":"Accursed Blacksmith","floor":22,"gold_loss":0,"cards_upgraded":["TalkToTheHand"]},{"damage_healed":0,"gold_gain":0,"player_choice":"Got Potions","damage_taken":0,"max_hp_gain":0,"max_hp_loss":0,"event_name":"Lab","floor":24,"gold_loss":0},{"cards_removed":["TalkToTheHand"],"damage_healed":0,"gold_gain":0,"player_choice":"Take \u0026 Give","damage_taken":0,"max_hp_gain":0,"max_hp_loss":0,"event_name":"betterNote:BetterNote","floor":31,"gold_loss":0,"cards_obtained":["Whirlwind"]},{"cards_removed":["Devotion"],"damage_healed":8,"gold_gain":0,"player_choice":"Offered Rare","damage_taken":0,"max_hp_gain":10,"max_hp_loss":0,"event_name":"Bonfire Elementals","floor":37,"gold_loss":0},{"damage_healed":0,"gold_gain":0,"player_choice":"Ignored","damage_taken":0,"max_hp_gain":0,"max_hp_loss":0,"event_name":"The Moai Head","floor":41,"gold_loss":0}],"is_beta":false,"boss_relics":[{"not_picked":["Tiny House","Ectoplasm"],"picked":"Philosopher\u0027s Stone"},{"not_picked":["Velvet Choker","Calling Bell"],"picked":"Cursed Key"}],"items_purged_floors":[],"is_endless":true,"potions_floor_spawned":[1,4,6,8,19,25,27,39,40],"killed_by":"Reptomancer","ascension_level":5}}