{"host":"ttx8tv95o5vka1nm","time":1611794777,"event":{"mods":["AchievementEnabler","BaseMod","Colored Map","Downfall","Infinite Spire","Minty Spire (QoL Compilation)","Replay The Spire","Shop Mod","StSLib","The Jungle"],"gold_per_floor":[111,128,8,22,42,42,74,74,74,74,6,36,52,52],"floor_reached":13,"language":"ENG","playtime":783,"items_purged":[],"score":115,"play_id":"adfc9558-e11b-4827-bf73-c6d4967a93b1","local_time":"20210128104617","is_ascension_mode":true,"campfire_choices":[{"data":"ReplayTheSpireMod:Muscle Training","floor":6,"key":"SMITH"},{"floor":8,"key":"REST"},{"data":"ReplayTheSpireMod:LeadingStrike","floor":10,"key":"SMITH"}],"circlet_count":0,"master_deck":["Strike_R","Strike_R","Strike_R","Strike_R","Strike_R","Defend_R","Defend_R","Defend_R","Defend_R","Bash","ReplayTheSpireMod:Uncanny Aura","Rampage","Twin Strike","ReplayTheSpireMod:Muscle Training+1","ReplayTheSpireMod:LeadingStrike+1","Reckless Charge","infinitespire:OneForAll","Parasite","Bandage Up","Sever Soul"],"relics":["Burning Blood","Replay:Bandana","Replay:WaspNest","ReplayTheSpireMod:CursedCoin","MerchantsRug"],"acts_visited":["Exordium"],"potions_floor_usage":[],"damage_taken":[{"damage":18,"enemies":"Jaw Worm","floor":1,"turns":4},{"damage":4,"enemies":"Small Slimes","floor":2,"turns":3},{"damage":11,"enemies":"Cultist","floor":4,"turns":4},{"damage":20,"enemies":"Exordium Wildlife","floor":5,"turns":5},{"damage":38,"enemies":"Replay:BlueRogue","floor":7,"turns":5},{"damage":23,"enemies":"Large Slime","floor":12,"turns":5},{"damage":26,"enemies":"3 Sentries","floor":13,"turns":3}],"seed_played":"-8046516724557243217","potions_obtained":[{"floor":2,"key":"sneckomod:MuddlingPotion"}],"is_trial":false,"path_per_floor":["M","M","$","M","M","R","E","R","T","R","$","M","E"],"character_chosen":"IRONCLAD","items_purchased":["ReplayTheSpireMod:Muscle Training","ReplayTheSpireMod:LeadingStrike","ReplayTheSpireMod:CursedCoin","MerchantsRug","Bandage Up"],"campfire_rested":1,"item_purchase_floors":[3,3,11,11,11],"current_hp_per_floor":[60,62,62,57,43,43,11,35,35,35,35,22,0,0],"gold":52,"neow_bonus":"RANDOM_COLORLESS","is_daily":false,"chose_seed":false,"campfire_upgraded":2,"win_rate":0.0,"timestamp":1611794777,"path_taken":["M","M","$","M","M","R","E","R","T","R","$","M","E"],"items_purchased_type":["Card","Card","Relic","Relic","Card"],"build_version":"2020-12-22","purchased_purges":0,"victory":false,"max_hp_per_floor":[80,80,80,80,80,80,80,80,80,80,80,80,80,80],"card_choices":[{"not_picked":["Forethought","Specialist"],"picked":"ReplayTheSpireMod:Uncanny Aura","floor":0},{"not_picked":["Headbutt","ReplayTheSpireMod:Strike From Hell"],"picked":"Rampage","floor":1},{"not_picked":["ReplayTheSpireMod:Strike From Hell","Clash"],"picked":"Twin Strike","floor":2},{"not_picked":["Entrench","True Grit","Abandon"],"picked":"SKIP","floor":4},{"not_picked":["Twin Strike","Pommel Strike"],"picked":"Reckless Charge","floor":5},{"not_picked":["ReplayTheSpireMod:Strike From Hell","Sword Boomerang"],"picked":"infinitespire:OneForAll","floor":7},{"not_picked":["Evolve","Havoc"],"picked":"Sever Soul","floor":12}],"player_experience":935715,"relics_obtained":[{"floor":7,"key":"Replay:Bandana"},{"floor":9,"key":"Replay:WaspNest"}],"event_choices":[],"is_beta":false,"boss_relics":[],"items_purged_floors":[],"is_endless":false,"potions_floor_spawned":[2],"killed_by":"3 Sentries","ascension_level":7}}