{"host":"6p0attdrtjqaih7v","time":1611858742,"event":{"mods":["2.2 Compatiblity","AchievementEnabler","Bard","BaseMod","Beaked The Cultist","Better Skull","Better Third Choice","Colored Powertips","Hermit","Highlight Path","Key Reminder","Mad Scientist","Minty Spire (QoL Compilation)","Permanent Neow","Quick Restart","Random Character Button","Relic Stats","Replay The Spire","Robot Space Explorer","StSLib","The Runesmith"],"gold_per_floor":[109,119,69,144,94,94,110,110,136,162,190,190,226,254,254,359,359,383,383,398,300,399,399,442,466,466,486,486,524,548,617,617,629,629],"floor_reached":33,"language":"ENG","playtime":2039,"items_purged":["Bite"],"score":322,"play_id":"19b1ed8c-3692-4b27-8701-ba7a20d1254f","local_time":"20210128133222","is_ascension_mode":false,"campfire_choices":[{"data":"beaked:HuntressSpirit","floor":6,"key":"SMITH"},{"data":"beaked:Daydream","floor":8,"key":"SMITH"},{"data":"beaked:StickSmack","floor":12,"key":"SMITH"},{"data":"beaked:BraceForImpact","floor":15,"key":"SMITH"},{"floor":23,"key":"REST"}],"circlet_count":0,"master_deck":["beaked:Defend_Y","beaked:Defend_Y","beaked:Defend_Y","beaked:Defend_Y","beaked:Ceremony","beaked:Ceremony","beaked:Daydream+1","beaked:MaddeningMurmurs","beaked:HuntressSpirit+1","beaked:BloodRitual","beaked:StickSmack+1","beaked:WarriorEssence","beaked:BraceForImpact+1","beaked:FullHouse","beaked:BloodRitual","Bite","Bite","Bite","Bite","beaked:Windmill","beaked:Insight","beaked:Evade","beaked:Recite","beaked:BraceForImpact","beaked:HuntressSpirit"],"relics":["beaked:MendingPlumage","Replay:Bandana","Unceasing Top","beaked:ThroatLozenge","keyreminder:keyreminder","Fusion Hammer","Shuriken","Chameleon Ring","Nilry\u0027s Codex","Boot"],"acts_visited":["Exordium","TheCity"],"potions_floor_usage":[24,25,27,33],"damage_taken":[{"damage":16,"enemies":"2 Louse","floor":1,"turns":7},{"damage":7,"enemies":"Cultist","floor":2,"turns":6},{"damage":8,"enemies":"Small Slimes","floor":7,"turns":5},{"damage":25,"enemies":"Exordium Thugs","floor":10,"turns":11},{"damage":28,"enemies":"Lagavulin","floor":11,"turns":7},{"damage":33,"enemies":"Replay:BlueRogue","floor":13,"turns":8},{"damage":30,"enemies":"Gremlin Gang","floor":14,"turns":12},{"damage":45,"enemies":"Slime Boss","floor":16,"turns":7},{"damage":48,"enemies":"2 Thieves","floor":18,"turns":5},{"damage":30,"enemies":"Spheric Guardian","floor":20,"turns":5},{"damage":57,"enemies":"Slavers","floor":24,"turns":5},{"damage":31,"enemies":"Snake Plant","floor":25,"turns":6},{"damage":42,"enemies":"Shelled Parasite and Fungi","floor":27,"turns":5},{"damage":44,"enemies":"Centurion and Healer","floor":29,"turns":8},{"damage":37,"enemies":"Snecko","floor":30,"turns":7},{"damage":45,"enemies":"Gremlin Leader","floor":31,"turns":6},{"damage":81,"enemies":"Collector","floor":33,"turns":6}],"seed_played":"5593719537932128857","potions_obtained":[{"floor":1,"key":"Block Potion"},{"floor":7,"key":"Reflective Coating"},{"floor":10,"key":"FairyPotion"},{"floor":13,"key":"Flashbang"},{"floor":24,"key":"Fire Potion"},{"floor":29,"key":"LiquidBronze"},{"floor":31,"key":"Adrenaline Potion"},{"floor":32,"key":"FearPotion"}],"is_trial":false,"path_per_floor":["M","M","?","?","$","R","M","R","T","M","E","R","E","M","R","B",null,"M","?","M","$","?","R","E","M","T","M","?","M","M","E","R","B"],"character_chosen":"BEAKED_THE_CULTIST","items_purchased":["ColorlessPotion","beaked:Insight"],"campfire_rested":1,"item_purchase_floors":[5,21],"current_hp_per_floor":[50,50,50,45,45,45,50,50,50,50,42,42,34,48,48,30,50,25,25,33,33,33,34,9,24,24,18,2,34,25,32,32,0,0],"gold":629,"neow_bonus":"THREE_CARDS","is_daily":false,"chose_seed":false,"campfire_upgraded":4,"win_rate":0.0,"timestamp":1611858742,"path_taken":["M","M","?","?","$","R","M","R","T","?","E","R","E","M","R","BOSS","M","?","M","$","?","R","E","M","T","M","?","M","?","E","R","BOSS"],"items_purchased_type":["Potion","Card"],"build_version":"2020-12-22","purchased_purges":1,"victory":false,"max_hp_per_floor":[50,50,50,50,50,50,50,50,50,50,50,50,50,50,50,50,50,50,34,34,34,34,34,34,34,34,34,34,34,37,37,37,37,37],"relic_stats":{"counters":[17,116],"Shuriken":[14],"Boot":[4],"obtain_stats":[{"keyreminder:keyreminder":13,"Replay:Bandana":9,"beaked:ThroatLozenge":13,"Chameleon Ring":26,"Shuriken":24,"Nilry\u0027s Codex":28,"Fusion Hammer":17,"beaked:MendingPlumage":0,"Boot":31,"Unceasing Top":11},{"keyreminder:keyreminder":6,"Replay:Bandana":3,"beaked:ThroatLozenge":6,"Chameleon Ring":12,"Shuriken":11,"Nilry\u0027s Codex":13,"Fusion Hammer":8,"beaked:MendingPlumage":0,"Boot":16,"Unceasing Top":5},{"keyreminder:keyreminder":44,"Replay:Bandana":18,"beaked:ThroatLozenge":44,"Chameleon Ring":84,"Shuriken":78,"Nilry\u0027s Codex":89,"Fusion Hammer":63,"beaked:MendingPlumage":0,"Boot":110,"Unceasing Top":36}],"Unceasing Top":[9]},"card_choices":[{"not_picked":["beaked:MimicHuntress","beaked:Pecker"],"picked":"beaked:Daydream","floor":0},{"not_picked":["beaked:Tradeoff","beaked:BounceBack"],"picked":"beaked:MaddeningMurmurs","floor":1},{"not_picked":["beaked:SurvivalInstinct","beaked:Cower"],"picked":"beaked:HuntressSpirit","floor":2},{"not_picked":["beaked:TuckingFeathers","beaked:SacrificialDive","beaked:Flinch"],"picked":"SKIP","floor":7},{"not_picked":["beaked:Foresight","beaked:FeelMyPain"],"picked":"beaked:BloodRitual","floor":10},{"not_picked":["beaked:BraceForImpact","beaked:SacrificialScars"],"picked":"beaked:StickSmack","floor":11},{"not_picked":["beaked:Redirect","beaked:DigDeeper"],"picked":"beaked:WarriorEssence","floor":13},{"not_picked":["beaked:Resilience","beaked:SurvivalInstinct"],"picked":"beaked:BraceForImpact","floor":14},{"not_picked":["beaked:FakeOut","beaked:DarkTribute"],"picked":"beaked:FullHouse","floor":16},{"not_picked":["beaked:Overexert","beaked:Cower"],"picked":"beaked:BloodRitual","floor":18},{"not_picked":["beaked:Tweet+1","beaked:Foresight"],"picked":"beaked:Windmill","floor":20},{"not_picked":["beaked:Devastation","beaked:Poke"],"picked":"beaked:Evade","floor":24},{"not_picked":["beaked:BloodForTheGods","ReplayTheSpireMod:RavenHex"],"picked":"beaked:Recite","floor":25},{"not_picked":["beaked:Resilience","beaked:Cower","beaked:Poke"],"picked":"SKIP","floor":27},{"not_picked":["ReplayTheSpireMod:Wings of Steel","beaked:Poke","beaked:Replenish+1"],"picked":"SKIP","floor":29},{"not_picked":["beaked:Foresight","beaked:ScreechingChant"],"picked":"beaked:BraceForImpact","floor":30},{"not_picked":["beaked:Cower","beaked:SacrificialDive+1"],"picked":"beaked:HuntressSpirit","floor":31}],"player_experience":922740,"relics_obtained":[{"floor":9,"key":"Replay:Bandana"},{"floor":11,"key":"Unceasing Top"},{"floor":13,"key":"beaked:ThroatLozenge"},{"floor":24,"key":"Shuriken"},{"floor":26,"key":"Chameleon Ring"},{"floor":28,"key":"Nilry\u0027s Codex"},{"floor":31,"key":"Boot"}],"event_choices":[{"cards_removed":["beaked:Ceremony"],"damage_healed":0,"gold_gain":0,"player_choice":"Card Removal","damage_taken":0,"max_hp_gain":0,"max_hp_loss":0,"event_name":"The Cleric","floor":3,"gold_loss":50},{"damage_healed":0,"gold_gain":75,"player_choice":"Touch","damage_taken":5,"max_hp_gain":0,"max_hp_loss":0,"event_name":"FaceTrader","floor":4,"gold_loss":0},{"damage_healed":0,"gold_gain":0,"player_choice":"Became a vampire","damage_taken":0,"max_hp_gain":0,"max_hp_loss":16,"event_name":"Vampires","floor":19,"gold_loss":0,"cards_obtained":["Bite","Bite","Bite","Bite","Bite"]},{"damage_healed":0,"gold_gain":99,"player_choice":"Stole From Cult","damage_taken":0,"max_hp_gain":0,"max_hp_loss":0,"event_name":"Nest","floor":22,"gold_loss":0},{"damage_healed":0,"gold_gain":0,"player_choice":"Obtained Book","damage_taken":16,"max_hp_gain":0,"max_hp_loss":0,"event_name":"Cursed Tome","floor":28,"gold_loss":0}],"is_beta":false,"boss_relics":[{"not_picked":["Empty Cage","beaked:FlawlessSticks"],"picked":"Fusion Hammer"}],"items_purged_floors":[21],"is_endless":false,"potions_floor_spawned":[1,7,10,13,14,16,18,20,24,29,31],"killed_by":"Collector","ascension_level":0}}