{"host":"Jedit","time":1611797987,"event":{"mods":["BaseMod","Minty Spire (QoL Compilation)","Relic Stats","StSLib"],"gold_per_floor":[114,114,39,49,62,87,87,87,87,104,131,131,149,181,181,258,258,271,299,316,316,316,316,316,316,316,331,361,375,375,427,427,504,504,523,523,523,535,550,550,570,570,570,570,792,792,805,228,228,228,228,228],"floor_reached":51,"language":"ENG","playtime":2172,"items_purged":["Defend_G","Poisoned Stab"],"score":1320,"play_id":"4440396c-addd-4b00-83e3-2b216a1f8192","local_time":"20210128013947","is_ascension_mode":true,"campfire_choices":[{"data":"Bouncing Flask","floor":8,"key":"SMITH"},{"floor":12,"key":"REST"},{"floor":15,"key":"REST"},{"floor":23,"key":"REST"},{"data":"Catalyst","floor":25,"key":"SMITH"},{"floor":30,"key":"REST"},{"data":"Corpse Explosion","floor":32,"key":"SMITH"},{"floor":40,"key":"RECALL"},{"data":"Venomology","floor":42,"key":"SMITH"},{"data":"Corpse Explosion","floor":44,"key":"SMITH"},{"data":"Malaise","floor":46,"key":"SMITH"},{"floor":49,"key":"REST"}],"circlet_count":0,"master_deck":["AscendersBane","Survivor","Neutralize","Crippling Poison","Bouncing Flask+1","Leg Sweep","Venomology+1","Deadly Poison","Corpse Explosion+1","Catalyst+1","Backflip","Infinite Blades+1","Distraction","Backstab","Dash+1","Malaise+1","Deflect","Corpse Explosion+1","Deadly Poison","Backflip","Catalyst","Well Laid Plans+1"],"relics":["Ring of the Snake","NeowsBlessing","Frozen Egg 2","Sundial","Question Card","Smiling Mask","Dead Branch","Pandora\u0027s Box","Red Mask","Regal Pillow","Bronze Scales","Snecko Eye","Pear","PreservedInsect","Toolbox"],"acts_visited":["Exordium","TheCity","TheBeyond"],"potions_floor_usage":[6,6,11,14,14,16,16,18,19,21,21,28,28,33,33,41,41,50,50,50],"damage_taken":[{"damage":0,"enemies":"Jaw Worm","floor":1,"turns":1},{"damage":0,"enemies":"Cultist","floor":4,"turns":1},{"damage":0,"enemies":"2 Louse","floor":5,"turns":1},{"damage":22,"enemies":"Lagavulin","floor":6,"turns":6},{"damage":7,"enemies":"Exordium Wildlife","floor":10,"turns":4},{"damage":22,"enemies":"3 Sentries","floor":11,"turns":8},{"damage":6,"enemies":"Blue Slaver","floor":13,"turns":4},{"damage":8,"enemies":"Lagavulin","floor":14,"turns":7},{"damage":26,"enemies":"Slime Boss","floor":16,"turns":10},{"damage":9,"enemies":"2 Thieves","floor":18,"turns":4},{"damage":8,"enemies":"Masked Bandits","floor":19,"turns":2},{"damage":10,"enemies":"Chosen","floor":20,"turns":4},{"damage":7,"enemies":"Snake Plant","floor":21,"turns":3},{"damage":2,"enemies":"Centurion and Healer","floor":27,"turns":3},{"damage":28,"enemies":"Slavers","floor":28,"turns":3},{"damage":0,"enemies":"3 Cultists","floor":29,"turns":2},{"damage":22,"enemies":"Champ","floor":33,"turns":14},{"damage":0,"enemies":"3 Shapes","floor":35,"turns":2},{"damage":2,"enemies":"Orb Walker","floor":38,"turns":3},{"damage":13,"enemies":"Jaw Worm Horde","floor":39,"turns":2},{"damage":3,"enemies":"3 Darklings","floor":41,"turns":2},{"damage":19,"enemies":"4 Shapes","floor":47,"turns":3},{"damage":62,"enemies":"Awakened One","floor":50,"turns":11},{"damage":10,"enemies":"Time Eater","floor":51,"turns":2}],"seed_played":"-1622554588895751231","potions_obtained":[{"floor":1,"key":"EntropicBrew"},{"floor":5,"key":"SteroidPotion"},{"floor":18,"key":"Energy Potion"},{"floor":29,"key":"CunningPotion"},{"floor":33,"key":"Dexterity Potion"},{"floor":39,"key":"Fruit Juice"},{"floor":47,"key":"BlessingOfTheForge"}],"is_trial":false,"path_per_floor":["M","?","$","M","M","E","T","R","T","M","E","R","M","E","R","B",null,"M","?","M","M","?","R","?","R","T","M","E","M","R","T","R","B",null,"M","?","?","M","M","R","M","R","T","R","?","R","M","$","R","B","B"],"character_chosen":"THE_SILENT","items_purchased":["PreservedInsect","Catalyst","Well Laid Plans+1","Toolbox","Block Potion"],"campfire_rested":5,"item_purchase_floors":[48,48,48,48,48],"current_hp_per_floor":[59,59,59,59,59,37,37,37,37,30,8,27,21,13,32,6,51,42,34,24,17,17,36,36,36,36,34,6,6,40,40,40,18,54,54,54,54,52,39,39,41,41,51,51,51,51,32,32,71,9,0,0],"gold":228,"neow_bonus":"THREE_ENEMY_KILL","is_daily":false,"chose_seed":false,"campfire_upgraded":6,"win_rate":0.0,"timestamp":1611797987,"path_taken":["M","?","$","M","?","E","?","R","T","M","E","R","M","E","R","BOSS","M","?","M","M","?","R","?","R","T","M","E","M","R","?","R","BOSS","M","?","?","?","M","R","?","R","T","R","?","R","M","?","R","BOSS","BOSS"],"items_purchased_type":["Relic","Card","Card","Relic","Potion"],"build_version":"2020-12-18","purchased_purges":2,"victory":false,"max_hp_per_floor":[66,66,66,66,66,66,66,66,66,66,66,66,66,66,66,66,66,66,66,66,66,66,66,66,66,66,66,66,66,66,66,66,66,66,66,66,66,66,66,66,71,71,81,81,81,81,81,81,81,81,81,81],"relic_stats":{"Regal Pillow":30,"counters":[24,102],"Sundial":[14],"Dead Branch":[157],"Bronze Scales":[105],"Snecko Eye":[38,46,54,46],"Pandora\u0027s Box":["Acrobatics","Flechettes","Infinite Blades","Outmaneuver","Bane","Backstab","Eviscerate","Dodge and Roll"],"PreservedInsect":0,"Question Card":17,"Smiling Mask":50,"obtain_stats":[{"Regal Pillow":28,"Pear":43,"NeowsBlessing":0,"Dead Branch":14,"PreservedInsect":48,"Frozen Egg 2":6,"Question Card":9,"Smiling Mask":11,"Sundial":7,"Bronze Scales":31,"Snecko Eye":34,"Toolbox":48,"Pandora\u0027s Box":17,"Red Mask":19,"Ring of the Snake":0},{"Regal Pillow":15,"Pear":21,"NeowsBlessing":0,"Dead Branch":8,"PreservedInsect":22,"Frozen Egg 2":4,"Question Card":4,"Smiling Mask":6,"Sundial":4,"Bronze Scales":16,"Snecko Eye":17,"Toolbox":22,"Pandora\u0027s Box":9,"Red Mask":11,"Ring of the Snake":0},{"Regal Pillow":61,"Pear":86,"NeowsBlessing":0,"Dead Branch":32,"PreservedInsect":89,"Frozen Egg 2":9,"Question Card":9,"Smiling Mask":21,"Sundial":9,"Bronze Scales":63,"Snecko Eye":77,"Toolbox":89,"Pandora\u0027s Box":42,"Red Mask":48,"Ring of the Snake":0}],"Ring of the Snake":[48]},"card_choices":[{"not_picked":["Deadly Poison","Poisoned Stab"],"picked":"Crippling Poison","floor":1},{"not_picked":["Escape Plan","Quick Slash"],"picked":"Bouncing Flask","floor":4},{"not_picked":["Choke","Riddle With Holes"],"picked":"Leg Sweep","floor":5},{"not_picked":["Endless Agony","Underhanded Strike"],"picked":"Dagger Throw","floor":6},{"not_picked":["Prepared","Bane","Flechettes"],"picked":"Poisoned Stab","floor":10},{"not_picked":["Dash","Flying Knee","Prepared"],"picked":"Venomology","floor":11},{"not_picked":["Poisoned Stab","Predator","Sucker Punch"],"picked":"Deflect","floor":13},{"not_picked":["Finisher","Blade Dance","Setup"],"picked":"Deadly Poison","floor":14},{"not_picked":["Venomology","Storm of Steel","A Thousand Cuts+1"],"picked":"Corpse Explosion","floor":16},{"not_picked":["Poisoned Stab","Dagger Spray","Sucker Punch"],"picked":"Catalyst","floor":18},{"not_picked":["Acrobatics","Bane","Outmaneuver+1"],"picked":"Backflip","floor":19},{"not_picked":["Sucker Punch","Phantasmal Killer","Flying Knee"],"picked":"Infinite Blades+1","floor":20},{"not_picked":["Escape Plan","Predator","Acrobatics"],"picked":"Dash+1","floor":27},{"not_picked":["Dodge and Roll","Acrobatics+1","Bane"],"picked":"Malaise","floor":28},{"not_picked":["Bane","Poisoned Stab","Choke"],"picked":"Deflect","floor":29},{"not_picked":["Doppelganger","Tools of the Trade+1","Venomology"],"picked":"Corpse Explosion","floor":33},{"not_picked":["Deflect+1","Eviscerate+1","Poisoned Stab"],"picked":"Deadly Poison","floor":35},{"not_picked":["Bane","Slice","Dagger Spray","Prepared"],"picked":"SKIP","floor":38},{"not_picked":["Slice","Sucker Punch","Terror","Quick Slash"],"picked":"SKIP","floor":39},{"not_picked":["Dagger Throw","Riddle With Holes","Sucker Punch","Backflip"],"picked":"SKIP","floor":41},{"not_picked":["Dagger Spray","Poisoned Stab","Quick Slash+1"],"picked":"Backflip","floor":47}],"player_experience":3455589,"relics_obtained":[{"floor":6,"key":"Frozen Egg 2"},{"floor":7,"key":"Sundial"},{"floor":9,"key":"Question Card"},{"floor":11,"key":"Smiling Mask"},{"floor":14,"key":"Dead Branch"},{"floor":19,"key":"Red Mask"},{"floor":28,"key":"Regal Pillow"},{"floor":31,"key":"Bronze Scales"},{"floor":43,"key":"Pear"}],"event_choices":[{"damage_healed":0,"gold_gain":0,"cards_transformed":["Strike_G"],"player_choice":"Transformed","damage_taken":0,"max_hp_gain":0,"max_hp_loss":0,"event_name":"Transmorgrifier","floor":2,"gold_loss":0,"cards_obtained":["Underhanded Strike"]},{"damage_healed":0,"gold_gain":0,"player_choice":"Fought Bandits","damage_taken":0,"max_hp_gain":0,"max_hp_loss":0,"event_name":"Masked Bandits","floor":19,"gold_loss":0},{"damage_healed":0,"gold_gain":0,"cards_transformed":["Dagger Throw","Underhanded Strike"],"player_choice":"Became Test Subject","damage_taken":0,"max_hp_gain":0,"max_hp_loss":0,"event_name":"Drug Dealer","floor":22,"gold_loss":0,"cards_obtained":["Distraction","Backstab"]},{"damage_healed":0,"gold_gain":0,"player_choice":"Ignored","damage_taken":0,"max_hp_gain":0,"max_hp_loss":0,"event_name":"Cursed Tome","floor":24,"gold_loss":0},{"damage_healed":0,"gold_gain":0,"player_choice":"Ignored","damage_taken":0,"max_hp_gain":0,"max_hp_loss":0,"event_name":"Mysterious Sphere","floor":36,"gold_loss":0},{"cards_removed":["Deflect"],"damage_healed":0,"gold_gain":0,"player_choice":"Purged","damage_taken":0,"max_hp_gain":0,"max_hp_loss":0,"event_name":"Purifier","floor":37,"gold_loss":0},{"damage_healed":0,"gold_gain":222,"player_choice":"Wore Mask","damage_taken":0,"max_hp_gain":0,"max_hp_loss":0,"event_name":"Tomb of Lord Red Mask","floor":45,"gold_loss":0}],"is_beta":true,"boss_relics":[{"not_picked":["Cursed Key","HoveringKite"],"picked":"Pandora\u0027s Box"},{"not_picked":["WristBlade","Astrolabe"],"picked":"Snecko Eye"}],"items_purged_floors":[3,48],"is_endless":false,"potions_floor_spawned":[1,5,10,18,21,29,33,39,47],"killed_by":"Time Eater","ascension_level":20}}