{"host":"5h6e4l6hpn0p5lap","time":1611877231,"event":{"mods":["AchievementEnabler","BaseMod","Better Altar","Better Match","Better Sensory Stone","Better Skull","Better Third Choice","Filter the Spire","Highlight Path","Minty Spire (QoL Compilation)","StSLib"],"gold_per_floor":[16,30,47,47,67,67,78,108,182,11,11,29,104,119,119,215,215,233,148,159,159,179,179,179,179],"floor_reached":24,"language":"ENG","playtime":1119,"items_purged":["Strike_P"],"score":225,"play_id":"1b95d24f-8a0a-40b8-a989-9954e127d5d2","local_time":"20210128184031","is_ascension_mode":false,"campfire_choices":[{"data":"Consecrate","floor":6,"key":"SMITH"},{"floor":15,"key":"REST"},{"floor":23,"key":"REST"}],"circlet_count":0,"master_deck":["Strike_P+1","Strike_P+1","Strike_P+1","Defend_P","Defend_P","Defend_P","Defend_P","Eruption","Vigilance","FollowUp","FlyingSleeves","Consecrate+1","LessonLearned","Protect","Wallop","ThirdEye","Adaptation","Tantrum","ClearTheMind","DevaForm","CurseOfTheBell","EmptyMind+1","CutThroughFate","FlurryOfBlows+1","Writhe","BattleHymn+1"],"relics":["PureWater","Girya","Boot","TeardropLocket","Calling Bell","Happy Flower","Pear","Peace Pipe","Prayer Wheel","Regal Pillow"],"acts_visited":["Exordium","TheCity"],"potions_floor_usage":[8,16,22,22],"damage_taken":[{"damage":2,"enemies":"Cultist","floor":1,"turns":3},{"damage":0,"enemies":"Small Slimes","floor":2,"turns":2},{"damage":1,"enemies":"Jaw Worm","floor":3,"turns":4},{"damage":10,"enemies":"Large Slime","floor":5,"turns":5},{"damage":0,"enemies":"Exordium Wildlife","floor":7,"turns":2},{"damage":0,"enemies":"Lagavulin","floor":8,"turns":4},{"damage":5,"enemies":"Exordium Thugs","floor":12,"turns":6},{"damage":0,"enemies":"Looter","floor":14,"turns":3},{"damage":21,"enemies":"Hexaghost","floor":16,"turns":7},{"damage":3,"enemies":"Spheric Guardian","floor":18,"turns":3},{"damage":5,"enemies":"Chosen","floor":20,"turns":6},{"damage":27,"enemies":"Sentry and Sphere","floor":22,"turns":7},{"damage":0,"enemies":"Gremlin Leader","floor":24,"turns":1}],"seed_played":"-3611260204122415364","potions_obtained":[{"floor":2,"key":"GamblersBrew"},{"floor":3,"key":"BlessingOfTheForge"},{"floor":8,"key":"Block Potion"},{"floor":16,"key":"AttackPotion"},{"floor":20,"key":"Block Potion"}],"is_trial":false,"path_per_floor":["M","M","M","?","M","R","M","E","T","$","?","M","?","M","R","B",null,"M","?","M","?","M","R","E"],"character_chosen":"WATCHER","items_purchased":["ThirdEye","Adaptation"],"campfire_rested":2,"item_purchase_floors":[10,10],"current_hp_per_floor":[70,70,69,69,59,59,59,59,59,59,59,54,43,43,64,43,82,79,79,74,74,47,82,82,82],"gold":179,"neow_bonus":"ONE_RARE_RELIC","is_daily":false,"chose_seed":false,"campfire_upgraded":1,"win_rate":0.0,"timestamp":1611877231,"path_taken":["M","M","?","?","M","R","M","E","T","$","?","M","?","M","R","BOSS","M","?","M","?","M","R","E"],"items_purchased_type":["Card","Card"],"build_version":"2020-12-22","purchased_purges":1,"victory":false,"max_hp_per_floor":[72,72,72,72,72,72,72,72,72,72,72,72,72,72,72,72,82,82,82,82,82,82,82,82,82],"card_choices":[{"not_picked":["BowlingBash","FlyingSleeves"],"picked":"FollowUp","floor":1},{"not_picked":["ClearTheMind","FlurryOfBlows"],"picked":"FlyingSleeves","floor":2},{"not_picked":["MentalFortress","ThirdEye"],"picked":"Consecrate","floor":3},{"not_picked":["Weave","Perseverance"],"picked":"LessonLearned","floor":5},{"not_picked":["ClearTheMind","SashWhip"],"picked":"Protect","floor":7},{"not_picked":["Wireheading","BowlingBash"],"picked":"Wallop","floor":8},{"not_picked":["PathToVictory","Halt"],"picked":"Tantrum","floor":12},{"not_picked":["PathToVictory","Establishment"],"picked":"ClearTheMind","floor":14},{"not_picked":["Judgement","MasterReality"],"picked":"DevaForm","floor":16},{"not_picked":["Halt","Vengeance"],"picked":"EmptyMind+1","floor":18},{"not_picked":["EmptyBody","Crescendo"],"picked":"CutThroughFate","floor":20},{"not_picked":["BowlingBash","Consecrate"],"picked":"FlurryOfBlows+1","floor":20},{"not_picked":["Worship+1","FollowUp"],"picked":"BattleHymn+1","floor":22},{"not_picked":["WindmillStrike","ThirdEye","Meditate"],"picked":"SKIP","floor":22}],"player_experience":1007175,"relics_obtained":[{"floor":8,"key":"Boot"},{"floor":9,"key":"TeardropLocket"},{"floor":17,"key":"Happy Flower"},{"floor":17,"key":"Pear"},{"floor":17,"key":"Peace Pipe"}],"event_choices":[{"damage_healed":69,"gold_gain":0,"player_choice":"Leave","damage_taken":0,"max_hp_gain":0,"max_hp_loss":72,"event_name":"betterThird:BetterShining","floor":4,"gold_loss":0},{"damage_healed":0,"gold_gain":0,"player_choice":"Ignored","damage_taken":11,"max_hp_gain":0,"max_hp_loss":0,"event_name":"betterThird:BetterSerpent","floor":11,"gold_loss":0},{"damage_healed":0,"gold_gain":75,"player_choice":"Gold","damage_taken":11,"max_hp_gain":0,"max_hp_loss":0,"event_name":"betterThird:BetterGoop","floor":13,"gold_loss":0},{"damage_healed":0,"gold_gain":0,"player_choice":"Obtained Relic","damage_taken":0,"relics_obtained":["Prayer Wheel"],"max_hp_gain":0,"max_hp_loss":0,"event_name":"Addict","floor":19,"gold_loss":85},{"damage_healed":0,"gold_gain":0,"player_choice":"Opened","damage_taken":0,"relics_obtained":["Regal Pillow"],"max_hp_gain":0,"max_hp_loss":0,"event_name":"The Mausoleum","floor":21,"gold_loss":0,"cards_obtained":["Writhe"]}],"is_beta":false,"boss_relics":[{"not_picked":["Black Star","SacredBark"],"picked":"Calling Bell"}],"items_purged_floors":[10],"is_endless":false,"potions_floor_spawned":[2,3,8,16,20],"killed_by":"Gremlin Leader","ascension_level":0}}