{"host":"xmrw7jl1ir2912vf","time":1611794133,"event":{"mods":["BaseMod","Minty Spire (QoL Compilation)","Relic Stats"],"gold_per_floor":[110,1,11,31,44,73,73,101,101,116,142,142,169,180,180,284,284,302,322,335,181,181,181,216,216,216,243,48,48,60,93,93,192,192,206,206,219,219,233,268,268,303,327,352,377,377,377,387,387,387,387,387,0,33,33],"floor_reached":56,"language":"ENG","playtime":4105,"items_purged":["Strike_B","Cold Snap"],"score":1997,"play_id":"725dd6b0-8f0d-4943-94b9-16db95359375","local_time":"20210127193533","is_ascension_mode":true,"campfire_choices":[{"data":"Redo","floor":12,"key":"SMITH"},{"data":"Biased Cognition","floor":15,"key":"SMITH"},{"data":"Consume","floor":23,"key":"SMITH"},{"data":"Loop","floor":25,"key":"SMITH"},{"data":"Strike_B+1","floor":32,"key":"PURGE"},{"data":"Strike_B+1","floor":41,"key":"PURGE"},{"data":"Zap","floor":47,"key":"SMITH"},{"floor":49,"key":"RECALL"},{"data":"Parasite","floor":52,"key":"PURGE"}],"circlet_count":0,"master_deck":["Defend_B+1","Defend_B+1","Defend_B+1","Defend_B+1","Zap+1","Dualcast","Biased Cognition+1","Ball Lightning","Doom and Gloom","Ball Lightning","Lockon","Self Repair","BootSequence","Redo+1","Leap","Core Surge","Loop+1","Consume+1","Self Repair+1","Go for the Eyes","Glacier","Amplify","Capacitor+1","Steam Power+1","Defragment+1"],"relics":["FrozenCore","Peace Pipe","Bottled Tornado","Ginger","Lizard Tail","Mummified Hand","Runic Pyramid","Runic Capacitor","MealTicket","Strawberry","HornCleat","Anchor","Oddly Smooth Stone","WingedGreaves","Symbiotic Virus","Bird Faced Urn","Regal Pillow","DataDisk","Art of War","Blood Vial"],"acts_visited":["Exordium","TheCity","TheBeyond","TheEnding"],"potions_floor_usage":[8,14,27,27,30,30,38,54,55,55],"damage_taken":[{"damage":0,"enemies":"Cultist","floor":1,"turns":2},{"damage":0,"enemies":"2 Louse","floor":3,"turns":1},{"damage":3,"enemies":"Small Slimes","floor":4,"turns":2},{"damage":0,"enemies":"2 Fungi Beasts","floor":5,"turns":2},{"damage":13,"enemies":"Gremlin Nob","floor":6,"turns":3},{"damage":19,"enemies":"3 Sentries","floor":8,"turns":5},{"damage":1,"enemies":"Lots of Slimes","floor":10,"turns":3},{"damage":16,"enemies":"Gremlin Nob","floor":11,"turns":3},{"damage":15,"enemies":"3 Sentries","floor":13,"turns":4},{"damage":1,"enemies":"3 Louse","floor":14,"turns":4},{"damage":10,"enemies":"The Guardian","floor":16,"turns":9},{"damage":9,"enemies":"Shell Parasite","floor":18,"turns":3},{"damage":10,"enemies":"3 Byrds","floor":19,"turns":4},{"damage":1,"enemies":"3 Cultists","floor":20,"turns":4},{"damage":0,"enemies":"Gremlin Leader","floor":24,"turns":4},{"damage":29,"enemies":"Slavers","floor":27,"turns":5},{"damage":4,"enemies":"Snake Plant","floor":30,"turns":3},{"damage":0,"enemies":"Book of Stabbing","floor":31,"turns":5},{"damage":0,"enemies":"Champ","floor":33,"turns":7},{"damage":0,"enemies":"Orb Walker","floor":35,"turns":4},{"damage":5,"enemies":"3 Darklings","floor":37,"turns":7},{"damage":0,"enemies":"Transient","floor":38,"turns":1},{"damage":10,"enemies":"Spire Growth","floor":39,"turns":7},{"damage":9,"enemies":"Nemesis","floor":40,"turns":9},{"damage":1,"enemies":"Reptomancer","floor":42,"turns":6},{"damage":0,"enemies":"Nemesis","floor":44,"turns":5},{"damage":0,"enemies":"Reptomancer","floor":45,"turns":6},{"damage":0,"enemies":"Writhing Mass","floor":48,"turns":4},{"damage":6,"enemies":"Time Eater","floor":50,"turns":6},{"damage":71,"enemies":"Shield and Spear","floor":54,"turns":9},{"damage":54,"enemies":"The Heart","floor":55,"turns":13}],"seed_played":"2397823099079887771","potions_obtained":[{"floor":1,"key":"EntropicBrew"},{"floor":3,"key":"Dexterity Potion"},{"floor":5,"key":"ColorlessPotion"},{"floor":13,"key":"Regen Potion"},{"floor":19,"key":"CultistPotion"},{"floor":24,"key":"Fruit Juice"},{"floor":27,"key":"EntropicBrew"},{"floor":37,"key":"SpeedPotion"},{"floor":39,"key":"Weak Potion"}],"is_trial":false,"path_per_floor":["M","$","M","M","M","E","?","E","T","M","E","R","E","M","R","B",null,"M","M","M","$","?","R","E","R","T","E","$","?","M","E","R","B",null,"M","?","M","M","M","E","R","E","T","E","E","$","R","M","R","B",null,"R","$","E","B",null],"character_chosen":"DEFECT","items_purchased":["Doom and Gloom","Runic Capacitor","Anchor","Go for the Eyes","DataDisk","Art of War"],"campfire_rested":0,"item_purchase_floors":[2,21,28,28,53,53],"current_hp_per_floor":[68,68,68,65,65,52,45,33,33,39,30,30,22,40,40,37,60,58,55,61,61,61,61,61,61,68,51,66,66,69,80,80,80,80,80,80,80,80,80,80,80,80,80,80,80,80,80,80,80,76,79,77,77,38,55],"gold":33,"neow_bonus":"THREE_RARE_CARDS","is_daily":false,"chose_seed":false,"campfire_upgraded":5,"win_rate":0.0,"timestamp":1611794133,"path_taken":["M","?","M","M","?","E","?","E","T","M","E","R","E","M","R","BOSS","M","M","M","$","?","R","E","R","T","E","$","?","M","E","R","BOSS","M","?","M","M","M","E","R","E","T","E","E","$","R","M","R","BOSS","R","$","E","BOSS"],"items_purchased_type":["Card","Relic","Relic","Card","Relic","Relic"],"build_version":"2020-12-22","purchased_purges":2,"victory":true,"max_hp_per_floor":[68,68,68,68,68,68,68,68,68,68,68,68,68,68,68,68,68,68,68,68,68,68,68,68,68,75,80,80,80,80,80,80,80,80,80,80,80,80,80,80,80,80,80,80,80,80,80,80,80,80,80,77,77,77,77],"relic_stats":{"Peace Pipe":3,"Blood Vial":2,"Lizard Tail":38,"Regal Pillow":0,"counters":[31,148],"Mummified Hand":[93],"Bird Faced Urn":[24],"MealTicket":15,"Art of War":[5],"Ginger":[19],"obtain_stats":[{"Regal Pillow":45,"Oddly Smooth Stone":31,"Runic Capacitor":21,"Ginger":9,"Bottled Tornado":8,"FrozenCore":34,"Peace Pipe":6,"Blood Vial":54,"Lizard Tail":11,"Anchor":28,"DataDisk":53,"HornCleat":27,"Mummified Hand":13,"Strawberry":26,"Bird Faced Urn":44,"MealTicket":24,"WingedGreaves":40,"Art of War":53,"Cracked Core":0,"Symbiotic Virus":42,"Runic Pyramid":17},{"Regal Pillow":27,"Oddly Smooth Stone":18,"Runic Capacitor":14,"Ginger":6,"Bottled Tornado":6,"FrozenCore":19,"Peace Pipe":5,"Blood Vial":30,"Lizard Tail":8,"Anchor":16,"DataDisk":29,"HornCleat":16,"Mummified Hand":9,"Strawberry":15,"Bird Faced Urn":26,"MealTicket":15,"WingedGreaves":24,"Art of War":29,"Cracked Core":0,"Symbiotic Virus":25,"Runic Pyramid":11},{"Regal Pillow":116,"Oddly Smooth Stone":65,"Runic Capacitor":49,"Ginger":15,"Bottled Tornado":15,"FrozenCore":72,"Peace Pipe":10,"Blood Vial":135,"Lizard Tail":21,"Anchor":58,"DataDisk":126,"HornCleat":58,"Mummified Hand":25,"Strawberry":53,"Bird Faced Urn":110,"MealTicket":53,"WingedGreaves":99,"Art of War":126,"Cracked Core":0,"Symbiotic Virus":105,"Runic Pyramid":38}],"FrozenCore":[36]},"card_choices":[{"not_picked":["All For One","Hyperbeam"],"picked":"Biased Cognition","floor":0},{"not_picked":["Fusion","Leap"],"picked":"Ball Lightning","floor":1},{"not_picked":["Turbo","Leap"],"picked":"Cold Snap","floor":3},{"not_picked":["Coolheaded","Aggregate"],"picked":"Ball Lightning","floor":4},{"not_picked":["Stack","Rebound"],"picked":"Lockon","floor":5},{"not_picked":["Turbo","Go for the Eyes"],"picked":"Self Repair","floor":6},{"not_picked":["Turbo","Ball Lightning"],"picked":"BootSequence","floor":8},{"not_picked":["Barrage","Leap"],"picked":"Redo","floor":10},{"not_picked":["Gash","Sunder"],"picked":"Leap","floor":11},{"not_picked":["Rebound","Conserve Battery","Stack"],"picked":"SKIP","floor":13},{"not_picked":["Gash","Recycle","White Noise"],"picked":"SKIP","floor":14},{"not_picked":["Amplify","Rainbow"],"picked":"Core Surge","floor":16},{"not_picked":["Compile Driver","Beam Cell"],"picked":"Loop","floor":18},{"not_picked":["Fusion","Storm"],"picked":"Consume","floor":19},{"not_picked":["Undo+1","Streamline","Ball Lightning"],"picked":"SKIP","floor":20},{"not_picked":["Sunder","Turbo"],"picked":"Compile Driver+1","floor":24},{"not_picked":["Force Field+1","Gash"],"picked":"Self Repair+1","floor":27},{"not_picked":["Melter","Hologram+1"],"picked":"Glacier","floor":30},{"not_picked":["Meteor Strike","Steam","Coolheaded"],"picked":"SKIP","floor":31},{"not_picked":["Thunder Strike","Fission"],"picked":"Amplify","floor":33},{"not_picked":["Melter+1","Sunder+1"],"picked":"Capacitor+1","floor":35},{"not_picked":["Compile Driver+1","Darkness","Leap+1"],"picked":"SKIP","floor":37},{"not_picked":["Go for the Eyes","Turbo","Static Discharge+1"],"picked":"SKIP","floor":39},{"not_picked":["Rip and Tear+1","Glacier","Biased Cognition"],"picked":"SKIP","floor":40},{"not_picked":["Stack","Turbo"],"picked":"Steam Power+1","floor":42},{"not_picked":["Buffer","Beam Cell+1"],"picked":"Defragment+1","floor":44},{"not_picked":["Conserve Battery+1","Capacitor","Hologram"],"picked":"SKIP","floor":45},{"not_picked":["Stack+1","Rebound","Go for the Eyes"],"picked":"SKIP","floor":48},{"not_picked":["Storm+1","FTL+1","Gash"],"picked":"SKIP","floor":54}],"player_experience":529489,"relics_obtained":[{"floor":6,"key":"Peace Pipe"},{"floor":8,"key":"Bottled Tornado"},{"floor":9,"key":"Ginger"},{"floor":11,"key":"Lizard Tail"},{"floor":13,"key":"Mummified Hand"},{"floor":24,"key":"MealTicket"},{"floor":26,"key":"Strawberry"},{"floor":27,"key":"HornCleat"},{"floor":31,"key":"Oddly Smooth Stone"},{"floor":40,"key":"WingedGreaves"},{"floor":42,"key":"Symbiotic Virus"},{"floor":44,"key":"Bird Faced Urn"},{"floor":45,"key":"Regal Pillow"},{"floor":54,"key":"Blood Vial"}],"event_choices":[{"cards_removed":["Strike_B"],"damage_healed":0,"gold_gain":0,"player_choice":"Card Removal","damage_taken":7,"max_hp_gain":0,"max_hp_loss":0,"event_name":"Golden Wing","floor":7,"gold_loss":0},{"damage_healed":0,"gold_gain":0,"player_choice":"Simplicity","damage_taken":0,"max_hp_gain":0,"max_hp_loss":0,"event_name":"Back to Basics","floor":22,"gold_loss":0,"cards_upgraded":["Strike_B","Strike_B","Defend_B","Defend_B","Defend_B","Defend_B"]},{"damage_healed":0,"gold_gain":0,"player_choice":"Ignored","damage_taken":0,"max_hp_gain":0,"max_hp_loss":0,"event_name":"Ghosts","floor":29,"gold_loss":0},{"cards_removed":["Compile Driver"],"damage_healed":0,"gold_gain":0,"player_choice":"Removed Attack","damage_taken":0,"max_hp_gain":0,"max_hp_loss":0,"event_name":"Falling","floor":36,"gold_loss":0}],"is_beta":false,"boss_relics":[{"not_picked":["Velvet Choker","Runic Dome"],"picked":"Runic Pyramid"},{"not_picked":["Pandora\u0027s Box","Empty Cage"],"picked":"FrozenCore"}],"items_purged_floors":[2,53],"is_endless":false,"potions_floor_spawned":[1,3,5,6,13,19,24,27,37,39,45,48],"ascension_level":9}}