{"host":"j4g6ia6asvpyu2b0","time":1611863075,"event":{"mods":["BaseMod","Colored Map","Minty Spire (QoL Compilation)","Permanent Neow","Quick Restart","Relic Stats","StSLib","Unceasing Turn Reminder"],"gold_per_floor":[13,24,34,54,34,67,85,85,85,85,120,120,145,158,158,257,257,276,276,23,38,38,65,65,96,96,107,125,158,178,178,178,276,276,292,302,302,1301,1320,1320,1320,1320],"floor_reached":41,"language":"ENG","playtime":1106,"items_purged":["Defend_R"],"score":640,"play_id":"bd6c267f-21a8-4d30-954c-4b938c103cee","local_time":"20210128124435","is_ascension_mode":true,"campfire_choices":[{"data":"Apotheosis","floor":8.0,"key":"SMITH"},{"floor":10.0,"key":"REST"},{"floor":12.0,"key":"RECALL"},{"floor":15.0,"key":"DIG"},{"floor":24,"key":"DIG"},{"floor":32,"key":"DIG"},{"floor":40,"key":"REST"}],"circlet_count":0,"master_deck":["Strike_R","Strike_R","Strike_R","Strike_R","Strike_R","Defend_R","Defend_R","Defend_R","Bash","Apotheosis+1","Feel No Pain","Perfected Strike","Iron Wave","Flex","Clothesline","Pommel Strike","Flex","Headbutt","Limit Break","Fiend Fire","Battle Trance","Shrug It Off","J.A.X.","Sword Boomerang","Sword Boomerang","Feed","Sword Boomerang","Demon Form","Headbutt+1","Inflame","Normality","Normality","Parasite"],"relics":["Burning Blood","MealTicket","StrikeDummy","Blood Vial","Shovel","Smiling Mask","Busted Crown","Sling","PreservedInsect","Question Card","Torii","Bag of Marbles","Potion Belt","Ornamental Fan","Pear","Runic Dome"],"acts_visited":["Exordium","TheCity","TheBeyond"],"potions_floor_usage":[23,25,29,33,33,41],"damage_taken":[{"damage":0.0,"enemies":"Small Slimes","floor":1.0,"turns":4.0},{"damage":7.0,"enemies":"Cultist","floor":2.0,"turns":5.0},{"damage":7.0,"enemies":"2 Louse","floor":3.0,"turns":3.0},{"damage":14.0,"enemies":"Blue Slaver","floor":4.0,"turns":4.0},{"damage":31.0,"enemies":"Gremlin Nob","floor":6.0,"turns":4.0},{"damage":26.0,"enemies":"Exordium Wildlife","floor":7.0,"turns":6.0},{"damage":13.0,"enemies":"3 Sentries","floor":11.0,"turns":4.0},{"damage":15.0,"enemies":"Lagavulin","floor":13.0,"turns":6.0},{"damage":2.0,"enemies":"3 Louse","floor":14.0,"turns":3.0},{"damage":47.0,"enemies":"Hexaghost","floor":16.0,"turns":8.0},{"damage":16.0,"enemies":"3 Byrds","floor":18.0,"turns":5.0},{"damage":22.0,"enemies":"Shell Parasite","floor":21.0,"turns":4.0},{"damage":28,"enemies":"Slavers","floor":23,"turns":4},{"damage":17,"enemies":"Book of Stabbing","floor":25,"turns":3},{"damage":8,"enemies":"Snecko","floor":27,"turns":4},{"damage":22,"enemies":"Cultist and Chosen","floor":28,"turns":6},{"damage":4,"enemies":"Slavers","floor":29,"turns":2},{"damage":6,"enemies":"Snake Plant","floor":30,"turns":2},{"damage":17,"enemies":"Collector","floor":33,"turns":5},{"damage":19,"enemies":"3 Shapes","floor":35,"turns":5},{"damage":9,"enemies":"Orb Walker","floor":36,"turns":3},{"damage":57,"enemies":"Writhing Mass","floor":39,"turns":5},{"damage":68,"enemies":"Giant Head","floor":41,"turns":6}],"seed_played":"2773610628123982750","potions_obtained":[{"floor":2.0,"key":"LiquidBronze"},{"floor":4.0,"key":"BloodPotion"},{"floor":5.0,"key":"EntropicBrew"},{"floor":6.0,"key":"Ancient Potion"},{"floor":13.0,"key":"FearPotion"},{"floor":14.0,"key":"BloodPotion"},{"floor":16.0,"key":"BloodPotion"},{"floor":18.0,"key":"Energy Potion"},{"floor":23,"key":"DistilledChaos"},{"floor":29,"key":"SteroidPotion"},{"floor":30,"key":"SteroidPotion"}],"is_trial":false,"path_per_floor":["M","M","M","M","?","E","M","R","T","R","E","R","E","M","R","B",null,"M","?","$","M","?","E","R","E","T","M","M","E","M","T","R","B",null,"M","M","?","?","M","R","E"],"character_chosen":"IRONCLAD","items_purchased":["Sling","Shrug It Off"],"campfire_rested":2,"item_purchase_floors":[20,20],"current_hp_per_floor":[78,77,76,68,68,59,39,39,39,63,56,56,49,55,55,16,64,72,72,80,64,64,44,44,35,35,35,21,25,27,27,37,28,75,67,66,66,66,17,44,0,0],"gold":1320,"neow_bonus":"RANDOM_COLORLESS_2","is_daily":false,"chose_seed":false,"campfire_upgraded":1,"win_rate":0.0,"timestamp":1611863075,"path_taken":["M","M","M","M","?","E","?","R","T","R","E","R","E","M","R","BOSS","M","?","$","M","?","E","R","E","T","M","M","E","M","?","R","BOSS","M","M","?","?","M","R","E"],"items_purchased_type":["Relic","Card"],"build_version":"2020-12-22","purchased_purges":1,"victory":false,"max_hp_per_floor":[80,80,80,80,80,80,80,80,80,80,80,80,80,80,80,80,80,80,80,80,80,80,80,80,80,80,80,80,80,80,80,90,90,90,93,93,93,93,93,93,93,93],"relic_stats":{"Blood Vial":30,"Shovel":3,"Busted Crown":24,"Torii":10,"counters":[23,101],"Ornamental Fan":[28],"MealTicket":8,"PreservedInsect":205,"Smiling Mask":25,"Question Card":9,"obtain_stats":[{"Potion Belt":29,"Pear":32,"Torii":25,"PreservedInsect":23,"Smiling Mask":15,"Sling":20,"Question Card":24,"Burning Blood":0,"Blood Vial":11,"Runic Dome":34,"Shovel":13,"Busted Crown":17,"Ornamental Fan":31,"MealTicket":6,"Bag of Marbles":26,"StrikeDummy":9},{"Potion Belt":17,"Pear":18,"Torii":14,"PreservedInsect":13,"Smiling Mask":9,"Sling":11,"Question Card":13,"Burning Blood":0,"Blood Vial":7,"Runic Dome":19,"Shovel":8,"Busted Crown":10,"Ornamental Fan":18,"MealTicket":5,"Bag of Marbles":14,"StrikeDummy":6},{"Potion Belt":75,"Pear":77,"Torii":63,"PreservedInsect":60,"Smiling Mask":39,"Sling":52,"Question Card":60,"Burning Blood":0,"Blood Vial":30,"Runic Dome":82,"Shovel":36,"Busted Crown":47,"Ornamental Fan":77,"MealTicket":20,"Bag of Marbles":63,"StrikeDummy":26}],"Burning Blood":132},"card_choices":[{"not_picked":["Mayhem","Chrysalis"],"picked":"Apotheosis","floor":0.0},{"not_picked":["Entrench","Body Slam"],"picked":"Feel No Pain","floor":1.0},{"not_picked":["Flex","Iron Wave"],"picked":"Perfected Strike","floor":2.0},{"not_picked":["Clash","Ghostly Armor"],"picked":"Iron Wave","floor":3.0},{"not_picked":["Entrench","Heavy Blade"],"picked":"Flex","floor":4.0},{"not_picked":["Sword Boomerang","Combust"],"picked":"Clothesline","floor":6.0},{"not_picked":["Clash","Second Wind"],"picked":"Pommel Strike","floor":7.0},{"not_picked":["Carnage","Fire Breathing"],"picked":"Flex","floor":11.0},{"not_picked":["Heavy Blade","Seeing Red"],"picked":"Headbutt","floor":13.0},{"not_picked":["Flex","Sentinel"],"picked":"Limit Break","floor":14.0},{"not_picked":["Exhume","Brutality"],"picked":"Fiend Fire","floor":16.0},{"not_picked":[],"picked":"Body Slam","floor":18.0},{"not_picked":["Intimidate+1"],"picked":"SKIP","floor":21.0},{"not_picked":["Warcry"],"picked":"SKIP","floor":23},{"not_picked":["Body Slam+1"],"picked":"Sword Boomerang","floor":25},{"not_picked":["Body Slam"],"picked":"Sword Boomerang","floor":27},{"not_picked":["Fire Breathing","Thunderclap"],"picked":"SKIP","floor":28},{"not_picked":["Evolve"],"picked":"Feed","floor":29},{"not_picked":["Clash"],"picked":"Sword Boomerang","floor":30},{"not_picked":["Barricade"],"picked":"Demon Form","floor":33},{"not_picked":["Heavy Blade"],"picked":"Headbutt+1","floor":35},{"not_picked":["Body Slam"],"picked":"Inflame","floor":36},{"not_picked":["Clash+1","Iron Wave"],"picked":"SKIP","floor":39}],"player_experience":1062085,"relics_obtained":[{"floor":6.0,"key":"MealTicket"},{"floor":9.0,"key":"StrikeDummy"},{"floor":11.0,"key":"Blood Vial"},{"floor":13.0,"key":"Shovel"},{"floor":15.0,"key":"Smiling Mask"},{"floor":23,"key":"PreservedInsect"},{"floor":24,"key":"Question Card"},{"floor":25,"key":"Torii"},{"floor":26,"key":"Bag of Marbles"},{"floor":29,"key":"Potion Belt"},{"floor":31,"key":"Ornamental Fan"},{"floor":32,"key":"Pear"}],"event_choices":[{"damage_healed":0.0,"max_hp_gain":0.0,"max_hp_loss":0.0,"gold_gain":0.0,"event_name":"The Woman in Blue","player_choice":"Bought 1 Potion","floor":5.0,"gold_loss":0.0,"damage_taken":0.0},{"damage_healed":0.0,"max_hp_gain":0.0,"max_hp_loss":0.0,"gold_gain":0.0,"event_name":"The Library","player_choice":"Read","floor":19.0,"gold_loss":0.0,"damage_taken":0.0,"cards_obtained":["Battle Trance"]},{"damage_healed":0.0,"max_hp_gain":0.0,"max_hp_loss":0.0,"gold_gain":0.0,"event_name":"Drug Dealer","player_choice":"Obtain J.A.X.","floor":22.0,"gold_loss":0.0,"damage_taken":0.0,"cards_obtained":["J.A.X."]},{"cards_removed":["Body Slam"],"damage_healed":0,"gold_gain":0,"player_choice":"Removed Attack","damage_taken":0,"max_hp_gain":0,"max_hp_loss":0,"event_name":"Falling","floor":37,"gold_loss":0},{"damage_healed":0,"gold_gain":999,"player_choice":"Gold","damage_taken":0,"max_hp_gain":0,"max_hp_loss":0,"event_name":"MindBloom","floor":38,"gold_loss":0,"cards_obtained":["Normality","Normality"]}],"is_beta":false,"boss_relics":[{"not_picked":["Cursed Key","Snecko Eye"],"picked":"Busted Crown"},{"not_picked":["Calling Bell","Velvet Choker"],"picked":"Runic Dome"}],"items_purged_floors":[20],"is_endless":false,"potions_floor_spawned":[2,4,6,13,14,16,18,23,29,30],"killed_by":"Giant Head","ascension_level":6}}