{"host":"l2onoeb0kdqo1a9y","time":1611803773,"event":{"mods":["AchievementEnabler","BaseMod","Colored Powertips","Highlight Path","Minty Spire (QoL Compilation)","Quick Restart"],"gold_per_floor":[109,120,120,130,31,60,70,105,131,149,164,164,194,269,269,368,368,380,121,132,143,90,90,122,154,154,154,178,195,205,216,216,216,216],"floor_reached":33,"language":"ZHS","playtime":1175,"items_purged":["Strike_R"],"score":339,"play_id":"16dcbd27-91c4-44d8-a600-e44e12aef7eb","local_time":"20210128111613","is_ascension_mode":false,"campfire_choices":[{"floor":12.0,"key":"REST"},{"floor":15.0,"key":"RECALL"},{"data":"True Grit","floor":23.0,"key":"SMITH"},{"floor":32,"key":"REST"}],"circlet_count":0,"master_deck":["Strike_R","Strike_R","Strike_R+1","Strike_R+1","Defend_R","Defend_R","Defend_R","Defend_R","Bash","Whirlwind","Clash","Feed","Warcry","Flex","Clash","Inflame","Berserk","Cleave+1","Infernal Blade","True Grit+1","Armaments","Heavy Blade"],"relics":["Burning Blood","NeowsBlessing","Ancient Tea Set","Blood Vial","Omamori","Whetstone","Mark of Pain","Singing Bowl","Red Mask","Bottled Lightning","White Beast Statue","MealTicket"],"acts_visited":["Exordium","TheCity"],"potions_floor_usage":[30,30,33,33],"damage_taken":[{"damage":0.0,"enemies":"Jaw Worm","floor":1.0,"turns":1.0},{"damage":0.0,"enemies":"Small Slimes","floor":2.0,"turns":1.0},{"damage":0.0,"enemies":"Cultist","floor":4.0,"turns":1.0},{"damage":33.0,"enemies":"Gremlin Nob","floor":6.0,"turns":6.0},{"damage":24.0,"enemies":"Blue Slaver","floor":7.0,"turns":3.0},{"damage":31.0,"enemies":"Lagavulin","floor":8.0,"turns":6.0},{"damage":0.0,"enemies":"3 Louse","floor":10.0,"turns":2.0},{"damage":16.0,"enemies":"Large Slime","floor":11.0,"turns":4.0},{"damage":31.0,"enemies":"3 Sentries","floor":13.0,"turns":7.0},{"damage":50.0,"enemies":"The Guardian","floor":16.0,"turns":8.0},{"damage":33.0,"enemies":"Shell Parasite","floor":18.0,"turns":5.0},{"damage":0.0,"enemies":"Spheric Guardian","floor":20.0,"turns":2.0},{"damage":27.0,"enemies":"3 Cultists","floor":21.0,"turns":5.0},{"damage":0.0,"enemies":"Masked Bandits","floor":24.0,"turns":3.0},{"damage":25.0,"enemies":"Book of Stabbing","floor":25.0,"turns":4.0},{"damage":28.0,"enemies":"Snake Plant","floor":29.0,"turns":4.0},{"damage":0,"enemies":"Cultist and Chosen","floor":30,"turns":4},{"damage":13,"enemies":"Snecko","floor":31,"turns":4},{"damage":87,"enemies":"Automaton","floor":33,"turns":8}],"seed_played":"7545749454945999172","potions_obtained":[{"floor":2.0,"key":"Dexterity Potion"},{"floor":7.0,"key":"FairyPotion"},{"floor":11.0,"key":"FearPotion"},{"floor":16.0,"key":"Energy Potion"},{"floor":18.0,"key":"BlessingOfTheForge"},{"floor":21.0,"key":"AttackPotion"},{"floor":24.0,"key":"CultistPotion"},{"floor":29.0,"key":"GamblersBrew"},{"floor":30,"key":"Fire Potion"},{"floor":31,"key":"Dexterity Potion"}],"is_trial":false,"path_per_floor":["M","M","?","M","$","E","M","E","T","M","M","R","E","?","R","B",null,"M","$","M","M","$","R","?","E","T","?","T","M","M","M","R","B"],"character_chosen":"IRONCLAD","items_purchased":["Warcry","Singing Bowl","True Grit"],"campfire_rested":2,"item_purchase_floors":[5,19,22],"current_hp_per_floor":[80,80,73,79,79,55,39,16,16,27,19,44,24,24,24,15,92,65,65,75,59,59,59,72,58,58,58,58,38,51,51,85,0,0],"gold":216,"neow_bonus":"THREE_ENEMY_KILL","is_daily":false,"chose_seed":false,"campfire_upgraded":1,"win_rate":0.0,"timestamp":1611803773,"path_taken":["M","M","?","M","$","E","M","E","T","M","M","R","E","?","R","BOSS","M","$","M","M","$","R","?","E","T","?","?","?","M","M","R","BOSS"],"items_purchased_type":["Card","Relic","Card"],"build_version":"2020-12-22","purchased_purges":1,"victory":false,"max_hp_per_floor":[80,80,80,80,80,83,83,83,83,86,86,86,89,89,89,92,92,92,92,94,97,97,97,102,105,105,105,105,105,110,115,115,115,115],"card_choices":[{"not_picked":["Thunderclap","Wild Strike"],"picked":"Whirlwind","floor":1.0},{"not_picked":["Headbutt","Entrench"],"picked":"Clash","floor":2.0},{"not_picked":["True Grit","Clash"],"picked":"Feed","floor":4.0},{"not_picked":["Pommel Strike","Havoc"],"picked":"Flex","floor":6.0},{"not_picked":["Sword Boomerang","Intimidate"],"picked":"Clash","floor":7.0},{"not_picked":["Second Wind","Corruption"],"picked":"Inflame","floor":8.0},{"not_picked":["Clash","Iron Wave","Pommel Strike"],"picked":"SKIP","floor":10.0},{"not_picked":["Pommel Strike","Feel No Pain","Evolve"],"picked":"SKIP","floor":11.0},{"not_picked":["Dark Embrace","Burning Pact","Clash"],"picked":"SKIP","floor":13.0},{"not_picked":["Exhume","Impervious"],"picked":"Berserk","floor":16.0},{"not_picked":["Seeing Red","Sword Boomerang+1"],"picked":"Cleave+1","floor":18.0},{"not_picked":["Havoc","Anger+1","Iron Wave"],"picked":"Singing Bowl","floor":20.0},{"not_picked":["Clash","Body Slam"],"picked":"Infernal Blade","floor":21.0},{"not_picked":["Body Slam","Ghostly Armor","Iron Wave"],"picked":"Singing Bowl","floor":24.0},{"not_picked":["Body Slam","Barricade"],"picked":"Armaments","floor":25.0},{"not_picked":["Body Slam","Twin Strike"],"picked":"Heavy Blade","floor":29.0},{"not_picked":["Anger","Iron Wave","Disarm"],"picked":"Singing Bowl","floor":30},{"not_picked":["Perfected Strike","Anger","Reckless Charge"],"picked":"Singing Bowl","floor":31}],"player_experience":126647,"relics_obtained":[{"floor":6.0,"key":"Blood Vial"},{"floor":8.0,"key":"Omamori"},{"floor":13.0,"key":"Whetstone"},{"floor":24.0,"key":"Red Mask"},{"floor":25.0,"key":"Bottled Lightning"},{"floor":26.0,"key":"White Beast Statue"},{"floor":28.0,"key":"MealTicket"}],"event_choices":[{"damage_healed":0.0,"max_hp_gain":0.0,"max_hp_loss":0.0,"gold_gain":0.0,"event_name":"Scrap Ooze","player_choice":"Success","floor":3.0,"gold_loss":0.0,"damage_taken":7.0,"relics_obtained":["Ancient Tea Set"]},{"damage_healed":0.0,"max_hp_gain":0.0,"max_hp_loss":0.0,"gold_gain":75.0,"event_name":"Golden Wing","player_choice":"Gained Gold","floor":14.0,"gold_loss":0.0,"damage_taken":0.0},{"damage_healed":0.0,"max_hp_gain":0.0,"max_hp_loss":0.0,"gold_gain":0.0,"event_name":"Masked Bandits","player_choice":"Fought Bandits","floor":24.0,"gold_loss":0.0,"damage_taken":0.0},{"damage_healed":0.0,"max_hp_gain":0.0,"max_hp_loss":0.0,"gold_gain":0.0,"event_name":"Cursed Tome","player_choice":"Ignored","floor":27.0,"gold_loss":0.0,"damage_taken":0.0}],"is_beta":false,"boss_relics":[{"not_picked":["Calling Bell","SacredBark"],"picked":"Mark of Pain"}],"items_purged_floors":[5],"is_endless":false,"potions_floor_spawned":[2,7,11,16,18,21,24,29,30,31],"killed_by":"Automaton","ascension_level":0}}