{"host":"n9lc5i44t98l6pio","time":1611812475,"event":{"mods":["BaseMod","Curses Come First","Downfall","Minty Spire (QoL Compilation)","Replay The Spire","Say the Spire","StSLib"],"gold_per_floor":[99,111,111,126,43,53,53,53,73,73,73,73,73],"floor_reached":11,"language":"ENG","playtime":378,"items_purged":[],"score":63,"play_id":"1735929b-8f32-4231-abe0-b9ff8fae384e","local_time":"20210128064115","is_ascension_mode":false,"campfire_choices":[{"floor":1,"key":"DIG"},{"floor":8,"key":"REST"}],"circlet_count":0,"master_deck":["hexamod:Strike","hexamod:Strike","hexamod:Strike","hexamod:Strike","hexamod:Defend","hexamod:Defend","hexamod:Defend","hexamod:Defend","hexamod:Sear","hexamod:Float","Pain","ReplayUltimateDefense","hexamod:Firestarter","hexamod:HeatMetal","hexamod:GhostOfSpirePresent","hexamod:ThirdSeal","hexamod:Firestarter","hexamod:RadiantFlame","Pain"],"relics":["hexamod:SpiritBrand","Simple Rune","Unceasing Top","WarpedTongs"],"acts_visited":["Exordium"],"potions_floor_usage":[],"damage_taken":[{"damage":5,"enemies":"Jaw Worm","floor":2,"turns":4},{"damage":5,"enemies":"Small Slimes","floor":4,"turns":3},{"damage":3,"enemies":"downfall:FleeingMerchant","floor":5,"turns":4},{"damage":3,"enemies":"Cultist","floor":6,"turns":3},{"damage":17,"enemies":"3 Louse","floor":9,"turns":4},{"damage":34,"enemies":"Gremlin Nob","floor":11,"turns":3}],"seed_played":"-5461621673323016462","potions_obtained":[{"floor":6,"key":"Slimebound:ThreeZeroPotion"}],"is_trial":false,"path_per_floor":["R","M","?","M","$","M","T","R","M","?","E"],"character_chosen":"THE_SPIRIT","items_purchased":["hexamod:ThirdSeal"],"campfire_rested":1,"item_purchase_floors":[5],"current_hp_per_floor":[70,65,32,27,24,21,21,42,25,25,0,0,0],"gold":73,"neow_bonus":"RANDOM_COLORLESS_2","is_daily":false,"chose_seed":false,"campfire_upgraded":0,"win_rate":0.0,"timestamp":1611812475,"path_taken":["R","M","?","M","$","M","T","R","M","?","E"],"items_purchased_type":["Card"],"build_version":"2020-12-22","purchased_purges":0,"victory":false,"max_hp_per_floor":[70,70,70,70,70,70,70,70,70,70,70,70,70],"card_choices":[{"not_picked":["Secret Technique","Secret Weapon"],"picked":"ReplayUltimateDefense","floor":0},{"not_picked":["hexamod:ThermalTransfer","hexamod:NecessarySacrifice"],"picked":"hexamod:Firestarter","floor":2},{"not_picked":["hexamod:FastForward","hexamod:GhostLash"],"picked":"hexamod:HeatMetal","floor":4},{"not_picked":["hexamod:HauntingEcho","hexamod:UnlimitedPower"],"picked":"hexamod:GhostOfSpirePresent","floor":5},{"not_picked":["hexamod:ShieldOfDarkness","hexamod:Again"],"picked":"hexamod:Firestarter","floor":6},{"not_picked":["hexamod:BacktrackSmack","hexamod:HeatCrush"],"picked":"hexamod:RadiantFlame","floor":9}],"player_experience":213899,"relics_obtained":[{"floor":1,"key":"Simple Rune"}],"event_choices":[{"damage_healed":0,"gold_gain":0,"player_choice":"Success","damage_taken":33,"relics_obtained":["Unceasing Top"],"max_hp_gain":0,"max_hp_loss":0,"event_name":"Scrap Ooze","floor":3,"gold_loss":0},{"damage_healed":0,"gold_gain":0,"player_choice":"Rummage","damage_taken":0,"relics_obtained":["WarpedTongs"],"max_hp_gain":0,"max_hp_loss":0,"event_name":"Accursed Blacksmith","floor":10,"gold_loss":0,"cards_obtained":["Pain"]}],"is_beta":false,"boss_relics":[],"items_purged_floors":[],"is_endless":false,"potions_floor_spawned":[6],"killed_by":"Gremlin Nob","ascension_level":0}}