{"host":"vumwfieg2b2mnrfl","time":1611860330,"event":{"mods":["AchievementEnabler","BaseMod","Minty Spire (QoL Compilation)","Rare Cards Sparkle","Relic Stats"],"gold_per_floor":[109,128,128,140,140,140,169,169,193,193,213,225,258,326,326,401,401,416,331,331,343,358,358,358],"floor_reached":23,"language":"ENG","playtime":581,"items_purged":[],"score":402,"play_id":"9d6316d4-b24e-48d1-8aea-390637000d2d","local_time":"20210128125850","is_ascension_mode":true,"campfire_choices":[{"data":"The Bomb","floor":6,"key":"SMITH"},{"floor":8,"key":"REST"},{"data":"Noxious Fumes","floor":10,"key":"SMITH"},{"data":"Bouncing Flask","floor":15,"key":"SMITH"}],"circlet_count":0,"master_deck":["AscendersBane","Strike_G","Strike_G","Strike_G","Strike_G","Strike_G","Defend_G","Defend_G","Defend_G","Defend_G","Defend_G","Survivor","Neutralize","The Bomb+1","Bouncing Flask+1","Noxious Fumes+1","Poisoned Stab+1","Flying Knee+1","Burst","Prepared","Well Laid Plans+1"],"relics":["Ring of the Snake","Molten Egg 2","Centennial Puzzle","Blood Vial","Bag of Preparation","SacredBark","Snake Skull"],"acts_visited":["Exordium","TheCity"],"potions_floor_usage":[11,13],"damage_taken":[{"damage":4,"enemies":"Jaw Worm","floor":1,"turns":3},{"damage":5,"enemies":"Cultist","floor":2,"turns":5},{"damage":8,"enemies":"Small Slimes","floor":4,"turns":3},{"damage":20,"enemies":"Lagavulin","floor":7,"turns":6},{"damage":4,"enemies":"2 Fungi Beasts","floor":11,"turns":3},{"damage":1,"enemies":"Exordium Wildlife","floor":12,"turns":3},{"damage":8,"enemies":"Gremlin Nob","floor":13,"turns":3},{"damage":30,"enemies":"Slime Boss","floor":16,"turns":5},{"damage":1,"enemies":"Chosen","floor":18,"turns":3},{"damage":19,"enemies":"Shell Parasite","floor":21,"turns":4},{"damage":15,"enemies":"Cultist and Chosen","floor":22,"turns":5},{"damage":24,"enemies":"Gremlin Leader","floor":23,"turns":3}],"seed_played":"-473696961658090764","potions_obtained":[{"floor":4,"key":"LiquidMemories"},{"floor":7,"key":"Swift Potion"},{"floor":12,"key":"Energy Potion"},{"floor":13,"key":"Ancient Potion"}],"is_trial":false,"path_per_floor":["M","M","?","M","T","R","E","R","T","R","M","M","E","?","R","B",null,"M","?","?","M","M","E"],"character_chosen":"THE_SILENT","items_purchased":[],"campfire_rested":1,"item_purchase_floors":[],"current_hp_per_floor":[55,50,50,42,42,42,22,41,41,41,39,40,34,34,34,6,51,52,52,46,29,16,0,0],"gold":358,"neow_bonus":"RANDOM_COLORLESS_2","is_daily":false,"chose_seed":false,"campfire_upgraded":3,"win_rate":0.0,"timestamp":1611860330,"path_taken":["M","M","?","?","?","R","E","R","T","R","M","M","E","?","R","BOSS","M","?","?","?","M","E"],"items_purchased_type":[],"build_version":"2020-12-22","purchased_purges":0,"victory":false,"max_hp_per_floor":[66,66,66,66,66,66,66,66,66,66,66,66,66,66,66,66,66,66,66,66,66,66,66,66],"relic_stats":{"Blood Vial":16,"Centennial Puzzle":[24],"counters":[12,46],"Snake Skull":[21],"Bag of Preparation":[10],"obtain_stats":[{"Blood Vial":9,"Centennial Puzzle":7,"SacredBark":17,"Molten Egg 2":5,"Snake Skull":19,"Bag of Preparation":13,"Ring of the Snake":0},{"Blood Vial":4,"Centennial Puzzle":4,"SacredBark":8,"Molten Egg 2":3,"Snake Skull":9,"Bag of Preparation":7,"Ring of the Snake":0},{"Blood Vial":17,"Centennial Puzzle":17,"SacredBark":31,"Molten Egg 2":11,"Snake Skull":34,"Bag of Preparation":26,"Ring of the Snake":0}],"Ring of the Snake":[24]},"card_choices":[{"not_picked":["Thinking Ahead","Secret Weapon"],"picked":"The Bomb","floor":0},{"not_picked":["Flying Knee","Eviscerate","Deadly Poison"],"picked":"SKIP","floor":1},{"not_picked":["Terror","Flying Knee"],"picked":"Bouncing Flask","floor":2},{"not_picked":["Terror","Dagger Spray","Dodge and Roll"],"picked":"SKIP","floor":4},{"not_picked":["Doppelganger","Infinite Blades"],"picked":"Noxious Fumes","floor":7},{"not_picked":["Dagger Spray+1","Outmaneuver"],"picked":"Poisoned Stab+1","floor":11},{"not_picked":["Acrobatics","Riddle With Holes+1","Sucker Punch+1"],"picked":"SKIP","floor":12},{"not_picked":["Quick Slash+1","Escape Plan"],"picked":"Flying Knee+1","floor":13},{"not_picked":["A Thousand Cuts","Tools of the Trade"],"picked":"Burst","floor":16},{"not_picked":["Deadly Poison","PiercingWail","Slice+1"],"picked":"SKIP","floor":18},{"not_picked":["Riddle With Holes+1","Blade Dance"],"picked":"Prepared","floor":21},{"not_picked":["Setup","Bouncing Flask"],"picked":"Well Laid Plans+1","floor":22}],"player_experience":485672,"relics_obtained":[{"floor":5,"key":"Molten Egg 2"},{"floor":7,"key":"Centennial Puzzle"},{"floor":9,"key":"Blood Vial"},{"floor":13,"key":"Bag of Preparation"}],"event_choices":[{"cards_removed":["Writhe"],"damage_healed":0,"gold_gain":0,"player_choice":"Removed Curses","damage_taken":0,"max_hp_gain":0,"max_hp_loss":0,"event_name":"Fountain of Cleansing","floor":3,"gold_loss":0},{"damage_healed":0,"gold_gain":68,"player_choice":"Gained Gold","damage_taken":0,"max_hp_gain":0,"max_hp_loss":0,"event_name":"Golden Wing","floor":14,"gold_loss":0},{"damage_healed":0,"gold_gain":0,"player_choice":"Obtained Relic","damage_taken":0,"relics_obtained":["Snake Skull"],"max_hp_gain":0,"max_hp_loss":0,"event_name":"Addict","floor":19,"gold_loss":85},{"damage_healed":0,"gold_gain":0,"player_choice":"","damage_taken":6,"max_hp_gain":0,"max_hp_loss":0,"event_name":"Knowing Skull","floor":20,"potions_obtained":[],"gold_loss":0,"cards_obtained":[]}],"is_beta":false,"boss_relics":[{"not_picked":["HoveringKite","Empty Cage"],"picked":"SacredBark"}],"items_purged_floors":[],"is_endless":false,"potions_floor_spawned":[4,7,12,13,22],"killed_by":"Gremlin Leader","ascension_level":20}}