{"host":"kmq7aw60w430zvtx","time":1611837385,"event":{"mods":["BaseMod","Downfall","GifTheSpireLib","Hermit","Hubris","Minty Spire (QoL Compilation)","Reliquary","StSLib","The Construct","The Cursed","The Hierophant","The Jungle","The Necromancer","The Runesmith"],"gold_per_floor":[114,126,35,35,54,88,99,118,145,145,176,15,32,46,46,144,144,157,182,182,281,116,116,149,149,173,187,202,202,1,29,29,125,125,143,143,89,89,100,100,100,100],"floor_reached":41,"language":"ENG","playtime":1905,"items_purged":["Strike_G"],"score":622,"play_id":"ffb0da53-34fa-4d2f-9a4d-b42e40bc0b66","local_time":"20210128133625","is_ascension_mode":true,"campfire_choices":[{"floor":10,"key":"REST"},{"floor":15,"key":"REST"},{"floor":23,"key":"RECALL"},{"data":"Tools of the Trade","floor":25,"key":"SMITH"},{"data":"hubris:SlightOfHand","floor":32,"key":"SMITH"},{"floor":40,"key":"REST"}],"circlet_count":0,"master_deck":["Strike_G","Strike_G","Defend_G","Defend_G","Defend_G","Survivor","Neutralize","Endless Agony","Underhanded Strike","Swift Strike","Blur","Dagger Spray","Acrobatics","Glass Knife","Underhanded Strike","Dagger Throw","Heel Hook","Tactician","Masterful Stab","Tools of the Trade+1","Deep Breath","Infinite Blades","hubris:SlightOfHand+1","Noxious Fumes","Deflect","Dagger Throw","Reflex","A Thousand Cuts","Tactician+1","hubris:TrickCloak+1","Flying Knee+1","Blade Dance","Prepared","Underhanded Strike"],"relics":["Ring of the Snake","reliquary:SharkskinSheath","Gremlin Horn","Pen Nib","SlaversCollar","hubris:ToyBattleship","Red Mask","Vajra","hubris:SlimyHat","Potion Belt","Astrolabe"],"acts_visited":["Exordium","TheCity","TheBeyond"],"potions_floor_usage":[6,6,6,11,16,24,24,31,41,41,41,41],"damage_taken":[{"damage":2,"enemies":"2 Louse","floor":1,"turns":3},{"damage":1,"enemies":"Cultist","floor":2,"turns":4},{"damage":0,"enemies":"Jaw Worm","floor":5,"turns":3},{"damage":42,"enemies":"Lagavulin","floor":6,"turns":10},{"damage":1,"enemies":"Looter","floor":7,"turns":4},{"damage":0,"enemies":"Blue Slaver","floor":8,"turns":2},{"damage":15,"enemies":"Gremlin Nob","floor":11,"turns":4},{"damage":0,"enemies":"3 Louse","floor":13,"turns":1},{"damage":0,"enemies":"Large Slime","floor":14,"turns":2},{"damage":2,"enemies":"Slime Boss","floor":16,"turns":6},{"damage":0,"enemies":"Spheric Guardian","floor":18,"turns":2},{"damage":2,"enemies":"Masked Bandits","floor":24,"turns":3},{"damage":0,"enemies":"3 Byrds","floor":27,"turns":3},{"damage":7,"enemies":"3 Cultists","floor":28,"turns":4},{"damage":0,"enemies":"Gremlin Leader","floor":31,"turns":6},{"damage":88,"enemies":"Champ","floor":33,"turns":10},{"damage":44,"enemies":"3 Darklings","floor":35,"turns":4},{"damage":0,"enemies":"3 Shapes","floor":39,"turns":2},{"damage":33,"enemies":"Giant Head","floor":41,"turns":5}],"seed_played":"-4526377342729368354","potions_obtained":[{"floor":2,"key":"ColorlessPotion"},{"floor":4,"key":"EntropicBrew"},{"floor":4,"key":"Energy Potion"},{"floor":8,"key":"Ancient Potion"},{"floor":14,"key":"sneckomod:MuddlingPotion"},{"floor":18,"key":"BlessingOfTheForge"},{"floor":28,"key":"bronze:BurnAndBuffPotion"},{"floor":31,"key":"Guardian:BlockOnCardUsePotion"},{"floor":33,"key":"Ancient Potion"},{"floor":35,"key":"SkillPotion"},{"floor":39,"key":"Dexterity Potion"}],"is_trial":false,"path_per_floor":["M","M","$","?","M","E","M","M","T","R","E","$","M","M","R","B",null,"M","T","?","?","$","R","?","R","T","M","M","T","$","E","R","B",null,"M","?","$","?","M","R","E"],"character_chosen":"THE_SILENT","items_purchased":["Swift Strike","Dagger Throw","Heel Hook","Deep Breath","Regen Potion","Deflect","Fruit Juice","Dagger Throw","Prepared"],"campfire_rested":3,"item_purchase_floors":[3,12,12,22,22,30,30,30,37],"current_hp_per_floor":[61,60,60,60,60,18,17,17,17,38,23,23,23,23,44,42,63,63,63,63,63,63,63,70,70,70,70,63,63,63,68,68,22,62,18,18,18,11,11,33,0,0],"gold":100,"neow_bonus":"RANDOM_COMMON_RELIC","is_daily":false,"chose_seed":false,"campfire_upgraded":2,"win_rate":0.0,"timestamp":1611837385,"path_taken":["M","M","$","?","?","E","M","M","T","R","E","$","?","M","R","BOSS","M","?","?","?","?","R","?","R","T","M","M","?","?","E","R","BOSS","M","?","$","?","?","R","E"],"items_purchased_type":["Card","Card","Card","Card","Potion","Card","Potion","Card","Card"],"build_version":"2020-12-22","purchased_purges":1,"victory":false,"max_hp_per_floor":[70,70,70,70,70,70,70,70,70,70,70,70,70,70,70,70,70,70,70,70,70,70,70,70,70,70,70,70,70,70,75,75,75,75,75,75,75,75,75,75,75,75],"card_choices":[{"not_picked":["Poisoned Stab","Backflip"],"picked":"Endless Agony","floor":1},{"not_picked":["Poisoned Stab","Infinite Blades"],"picked":"Underhanded Strike","floor":2},{"not_picked":["Blade Dance","Backflip"],"picked":"Blur","floor":5},{"not_picked":["Expertise","Finisher"],"picked":"Dagger Spray","floor":6},{"not_picked":["Leg Sweep","Blade Dance"],"picked":"Acrobatics","floor":7},{"not_picked":["Skewer","Crippling Poison"],"picked":"Glass Knife","floor":8},{"not_picked":["Endless Agony","Blade Dance"],"picked":"Underhanded Strike","floor":11},{"not_picked":["Flying Knee","Prepared"],"picked":"Tactician","floor":13},{"not_picked":["PiercingWail","Malaise"],"picked":"Masterful Stab","floor":14},{"not_picked":["Burst","Bullet Time"],"picked":"Tools of the Trade","floor":16},{"not_picked":["Outmaneuver","Bane","Quick Slash"],"picked":"SKIP","floor":18},{"not_picked":["Acrobatics+1","Underhanded Strike"],"picked":"Infinite Blades","floor":24},{"not_picked":["Backflip","PiercingWail+1"],"picked":"hubris:SlightOfHand","floor":27},{"not_picked":["Crippling Poison","Quick Slash"],"picked":"Noxious Fumes","floor":28},{"not_picked":["Backstab","Tactician"],"picked":"Reflex","floor":31},{"not_picked":["Glass Knife","Corpse Explosion"],"picked":"A Thousand Cuts","floor":33},{"not_picked":["Bane+1","Deflect"],"picked":"Blade Dance","floor":35},{"not_picked":["Poisoned Stab+1","Finisher+1"],"picked":"Underhanded Strike","floor":39}],"player_experience":315283,"relics_obtained":[{"floor":6,"key":"Gremlin Horn"},{"floor":11,"key":"Pen Nib"},{"floor":19,"key":"hubris:ToyBattleship"},{"floor":24,"key":"Red Mask"},{"floor":26,"key":"Vajra"},{"floor":29,"key":"hubris:SlimyHat"},{"floor":31,"key":"Potion Belt"}],"event_choices":[{"damage_healed":0,"gold_gain":0,"player_choice":"Got Potions","damage_taken":0,"max_hp_gain":0,"max_hp_loss":0,"event_name":"Lab","floor":4,"gold_loss":0},{"damage_healed":0,"gold_gain":99,"player_choice":"Stole From Cult","damage_taken":0,"max_hp_gain":0,"max_hp_loss":0,"event_name":"Nest","floor":21,"gold_loss":0},{"damage_healed":0,"gold_gain":0,"player_choice":"Fought Bandits","damage_taken":0,"max_hp_gain":0,"max_hp_loss":0,"event_name":"Masked Bandits","floor":24,"gold_loss":0},{"cards_removed":["Strike_G"],"damage_healed":0,"gold_gain":0,"player_choice":"Removed Attack","damage_taken":0,"max_hp_gain":0,"max_hp_loss":0,"event_name":"Falling","floor":36,"gold_loss":0},{"damage_healed":0,"gold_gain":0,"player_choice":"Damaged","damage_taken":7,"max_hp_gain":0,"max_hp_loss":0,"event_name":"Wheel of Change","floor":38,"gold_loss":0}],"is_beta":false,"boss_relics":[{"not_picked":["Calling Bell","reliquary:KinkedSpring"],"picked":"SlaversCollar"},{"not_picked":["construct:ClawGrip","Snecko Eye"],"picked":"Astrolabe"}],"items_purged_floors":[12],"is_endless":false,"potions_floor_spawned":[2,5,8,14,18,28,31,33,35,39],"killed_by":"Giant Head","ascension_level":8}}