{"host":"7qqg3hyzrz6apiso","time":1611862480,"event":{"mods":["AchievementEnabler","BaseMod","Better Debug","Colored Map","Keyboard Shortcuts","Minty Spire (QoL Compilation)","Permanent Neow","Quick Restart","StSLib","SuperFastMode"],"gold_per_floor":[212,229,247,247,124,124,156,156,182,198,210,65,77,96,96,195,195,214,214,231,88,163,191,191,8,54,76,88,116,128,153,165,177,177],"floor_reached":33,"language":"KOR","playtime":1034,"items_purged":["Defend_R"],"score":376,"play_id":"9e6f204c-e23b-4a7d-a507-d9fc23307990","local_time":"20210129043440","is_ascension_mode":true,"campfire_choices":[{"data":"Perfected Strike","floor":6.0,"key":"SMITH"},{"data":"Flex","floor":8.0,"key":"SMITH"},{"data":"Perfected Strike","floor":15.0,"key":"SMITH"},{"data":"Perfected Strike","floor":24,"key":"SMITH"},{"data":"Perfected Strike","floor":28,"key":"SMITH"},{"data":"Flex","floor":30,"key":"SMITH"},{"floor":32,"key":"REST"}],"circlet_count":0,"master_deck":["Strike_R","Strike_R","Strike_R","Strike_R","Strike_R","Defend_R","Defend_R","Bash","Iron Wave","Perfected Strike+1","Flex+1","Perfected Strike+1","Ghostly Armor","Perfected Strike+1","Double Tap","Flex+1","Perfected Strike+1","Pommel Strike","Metallicize","Metallicize+1"],"relics":["Black Blood","Bag of Marbles","Matryoshka","Ancient Tea Set","Regal Pillow","Anchor","Vajra","Darkstone Periapt","Potion Belt","MawBank"],"acts_visited":["Exordium","TheCity"],"potions_floor_usage":[23,31],"damage_taken":[{"damage":4.0,"enemies":"Small Slimes","floor":1.0,"turns":4.0},{"damage":2.0,"enemies":"Jaw Worm","floor":2.0,"turns":3.0},{"damage":6.0,"enemies":"Cultist","floor":3.0,"turns":3.0},{"damage":12.0,"enemies":"3 Sentries","floor":7.0,"turns":6.0},{"damage":4.0,"enemies":"3 Louse","floor":10.0,"turns":3.0},{"damage":6.0,"enemies":"Exordium Thugs","floor":11.0,"turns":3.0},{"damage":0.0,"enemies":"Large Slime","floor":13.0,"turns":3.0},{"damage":0.0,"enemies":"Red Slaver","floor":14.0,"turns":1.0},{"damage":0.0,"enemies":"Slime Boss","floor":16.0,"turns":2.0},{"damage":0.0,"enemies":"Chosen","floor":18.0,"turns":3.0},{"damage":13.0,"enemies":"2 Thieves","floor":20.0,"turns":4.0},{"damage":14,"enemies":"Book of Stabbing","floor":23,"turns":4},{"damage":0,"enemies":"Snecko","floor":27,"turns":2},{"damage":36,"enemies":"3 Cultists","floor":29,"turns":6},{"damage":15,"enemies":"Snake Plant","floor":31,"turns":3},{"damage":88,"enemies":"Champ","floor":33,"turns":10}],"seed_played":"-315285944089068387","potions_obtained":[{"floor":2.0,"key":"Fire Potion"},{"floor":3.0,"key":"SteroidPotion"},{"floor":7.0,"key":"Explosive Potion"},{"floor":11.0,"key":"ElixirPotion"},{"floor":14.0,"key":"Explosive Potion"},{"floor":20.0,"key":"Block Potion"},{"floor":23,"key":"EssenceOfSteel"}],"is_trial":false,"path_per_floor":["M","M","M","?","$","R","E","R","T","M","M","$","M","M","R","B",null,"M","?","M","$","?","E","R","$","T","M","R","M","R","M","R","B"],"character_chosen":"IRONCLAD","items_purchased":["Perfected Strike","Anchor","Vajra","Perfected Strike","Pommel Strike","Metallicize"],"campfire_rested":1,"item_purchase_floors":[5,12,21,25,25,25],"current_hp_per_floor":[80,80,80,73,73,73,67,67,67,69,69,69,75,80,80,80,80,80,80,79,79,71,69,69,69,69,80,80,56,56,53,80,0,0],"gold":177,"neow_bonus":"HUNDRED_GOLD","is_daily":false,"chose_seed":false,"campfire_upgraded":6,"win_rate":0.0,"timestamp":1611862480,"path_taken":["M","M","M","?","$","R","E","R","T","M","M","$","M","M","R","BOSS","M","?","M","$","?","E","R","$","T","M","R","M","R","?","R","BOSS"],"items_purchased_type":["Card","Relic","Relic","Card","Card","Card"],"build_version":"2020-12-22","purchased_purges":1,"victory":false,"max_hp_per_floor":[80,80,80,80,80,80,80,80,80,80,80,80,80,80,80,80,80,80,80,80,80,80,80,80,80,80,80,80,80,80,80,80,80,80],"card_choices":[{"not_picked":["Thunderclap","True Grit","Uppercut"],"picked":"SKIP","floor":1.0},{"not_picked":["True Grit","Clothesline"],"picked":"Iron Wave","floor":2.0},{"not_picked":["Rage","Rampage","Evolve"],"picked":"SKIP","floor":3.0},{"not_picked":["Ghostly Armor","Feel No Pain"],"picked":"Flex","floor":7.0},{"not_picked":["Exhume","Sever Soul","Cleave"],"picked":"SKIP","floor":10.0},{"not_picked":["Iron Wave","Pommel Strike"],"picked":"Perfected Strike","floor":11.0},{"not_picked":["Whirlwind","Clash"],"picked":"Ghostly Armor","floor":13.0},{"not_picked":["Fiend Fire","Power Through"],"picked":"Perfected Strike","floor":14.0},{"not_picked":["Juggernaut","Brutality"],"picked":"Double Tap","floor":16.0},{"not_picked":["Headbutt","Thunderclap+1"],"picked":"Flex","floor":18.0},{"not_picked":["Searing Blow","Wild Strike","Bloodletting"],"picked":"SKIP","floor":20.0},{"not_picked":["Wild Strike+1","Uppercut","Iron Wave"],"picked":"SKIP","floor":23},{"not_picked":["Ghostly Armor+1","Body Slam"],"picked":"Metallicize+1","floor":27},{"not_picked":["Fire Breathing+1","Wild Strike+1","Shockwave"],"picked":"SKIP","floor":29},{"not_picked":["Sword Boomerang","Clothesline","Uppercut"],"picked":"SKIP","floor":31}],"player_experience":166627,"relics_obtained":[{"floor":7.0,"key":"Matryoshka"},{"floor":9.0,"key":"Ancient Tea Set"},{"floor":9.0,"key":"Regal Pillow"},{"floor":23,"key":"Darkstone Periapt"},{"floor":26,"key":"Potion Belt"},{"floor":26,"key":"MawBank"}],"event_choices":[{"damage_healed":0.0,"max_hp_gain":0.0,"max_hp_loss":0.0,"gold_gain":0.0,"event_name":"Scrap Ooze","player_choice":"Success","floor":4.0,"gold_loss":0.0,"damage_taken":7.0,"relics_obtained":["Bag of Marbles"]},{"cards_removed":["Defend_R"],"damage_healed":0.0,"max_hp_gain":0.0,"max_hp_loss":0.0,"gold_gain":0.0,"event_name":"Back to Basics","player_choice":"Elegance","floor":19.0,"gold_loss":0.0,"damage_taken":0.0},{"damage_healed":0,"gold_gain":75,"player_choice":"Touch","damage_taken":8,"max_hp_gain":0,"max_hp_loss":0,"event_name":"FaceTrader","floor":22,"gold_loss":0}],"is_beta":false,"boss_relics":[{"not_picked":["Velvet Choker","Runic Pyramid"],"picked":"Black Blood"}],"items_purged_floors":[5],"is_endless":false,"potions_floor_spawned":[2,3,7,11,14,20,23],"killed_by":"Champ","ascension_level":2}}