{"host":"8u7tvcybuv0u72fd","time":1611813990,"event":{"mods":["BaseMod","BetterRewards","Colored Map","Colored Powertips","Minty Spire (QoL Compilation)","Quick Restart","Shop Mod"],"gold_per_floor":[112,127,127,138,150,185,185,185,185,185,185,205,220,240,240,339,339,355,52,66,76,76,76,76,76,121,138,138,158,187,199,199,302,302,314,115,132,150,150,150,180,200,251,251,264,314,324,343,343,343,343,343,92,120,120,120],"floor_reached":55,"language":"ENG","playtime":2881,"items_purged":["Strike_R","Strike_R+1"],"score":950,"play_id":"3eb4c8f7-87d9-4cea-8e15-48a82cc1f3d2","local_time":"20210128010629","is_ascension_mode":false,"campfire_choices":[{"data":"Body Slam","floor":8.0,"key":"SMITH"},{"data":"Rampage","floor":10.0,"key":"SMITH"},{"data":"Armaments","floor":15.0,"key":"SMITH"},{"data":"Barricade","floor":23.0,"key":"SMITH"},{"data":"Entrench","floor":28.0,"key":"SMITH"},{"data":"Shrug It Off","floor":32.0,"key":"SMITH"},{"data":"Bash","floor":40,"key":"SMITH"},{"data":"Heavy Blade","floor":44,"key":"SMITH"},{"floor":49,"key":"RECALL"},{"data":"Iron Wave","floor":52,"key":"SMITH"}],"circlet_count":0,"master_deck":["Strike_R+1","Strike_R+1","Defend_R+1","Defend_R+1","Defend_R+1","Bash+1","Shrug It Off+1","Rampage+1","Body Slam+1","Clash","Armaments+1","Barricade+1","Entrench+1","Cleave+1","Limit Break+1","True Grit+1","Iron Wave+1","Heavy Blade+1","Pommel Strike+1","Flex+1"],"relics":["Burning Blood","Happy Flower","Kunai","Vajra","Toy Ornithopter","SacredBark","CaptainsWheel","MutagenicStrength","Toxic Egg 2","Velvet Choker","Oddly Smooth Stone","Eternal Feather","Strawberry","Ginger","TheAbacus","Bronze Scales"],"acts_visited":["TheCity","TheBeyond","TheEnding"],"potions_floor_usage":[45,55,55,55],"damage_taken":[{"damage":0.0,"enemies":"2 Louse","floor":1.0,"turns":3.0},{"damage":1.0,"enemies":"Cultist","floor":2.0,"turns":3.0},{"damage":5.0,"enemies":"Small Slimes","floor":4.0,"turns":4.0},{"damage":4.0,"enemies":"Blue Slaver","floor":5.0,"turns":4.0},{"damage":6.0,"enemies":"Lagavulin","floor":6.0,"turns":4.0},{"damage":0.0,"enemies":"2 Fungi Beasts","floor":12.0,"turns":3.0},{"damage":0.0,"enemies":"Exordium Thugs","floor":13.0,"turns":3.0},{"damage":0.0,"enemies":"Large Slime","floor":14.0,"turns":6.0},{"damage":13.0,"enemies":"The Guardian","floor":16.0,"turns":8.0},{"damage":19.0,"enemies":"3 Byrds","floor":18.0,"turns":7.0},{"damage":2.0,"enemies":"Spheric Guardian","floor":20.0,"turns":4.0},{"damage":0.0,"enemies":"Centurion and Healer","floor":21.0,"turns":6.0},{"damage":10.0,"enemies":"Cultist and Chosen","floor":27.0,"turns":8.0},{"damage":0.0,"enemies":"Snake Plant","floor":29.0,"turns":4.0},{"damage":12.0,"enemies":"Gremlin Leader","floor":30.0,"turns":8.0},{"damage":0.0,"enemies":"Centurion and Healer","floor":31.0,"turns":4.0},{"damage":36.0,"enemies":"Champ","floor":33.0,"turns":11.0},{"damage":20.0,"enemies":"3 Darklings","floor":35.0,"turns":5.0},{"damage":0.0,"enemies":"3 Shapes","floor":37.0,"turns":5.0},{"damage":3.0,"enemies":"Sphere and 2 Shapes","floor":38.0,"turns":5.0},{"damage":0,"enemies":"Nemesis","floor":41,"turns":7},{"damage":9,"enemies":"Maw","floor":42,"turns":6},{"damage":0,"enemies":"4 Shapes","floor":45,"turns":4},{"damage":0,"enemies":"Mind Bloom Boss Battle","floor":46,"turns":6},{"damage":18,"enemies":"3 Darklings","floor":47,"turns":5},{"damage":0,"enemies":"Maw","floor":48,"turns":6},{"damage":41,"enemies":"Awakened One","floor":50,"turns":11},{"damage":23,"enemies":"Shield and Spear","floor":54,"turns":7},{"damage":104,"enemies":"The Heart","floor":55,"turns":6}],"seed_played":"-4021119886054048834","potions_obtained":[{"floor":1.0,"key":"Ancient Potion"},{"floor":4.0,"key":"ColorlessPotion"},{"floor":5.0,"key":"Strength Potion"},{"floor":18.0,"key":"HeartOfIron"},{"floor":27.0,"key":"Energy Potion"},{"floor":31.0,"key":"SteroidPotion"},{"floor":33.0,"key":"Fire Potion"},{"floor":41,"key":"LiquidBronze"},{"floor":46,"key":"Strength Potion"}],"is_trial":false,"path_per_floor":["M","M","?","M","M","E","?","R","T","R","$","M","M","M","R","B",null,"M","$","M","M","?","R","?","?","T","M","R","M","E","M","R","B",null,"M","$","M","M","?","R","E","M","T","R","M","?","M","M","R","B",null,"R","$","E","B"],"character_chosen":"IRONCLAD","items_purchased":["Shrug It Off","Rampage","Happy Flower","Body Slam","Kunai","CaptainsWheel","Oddly Smooth Stone","Explosive Potion","TheAbacus"],"campfire_rested":0,"item_purchase_floors":[0,0,0,0,0,19,36,36,53],"current_hp_per_floor":[52,57,50,51,53,53,53,53,53,53,53,59,65,71,71,64,80,67,67,71,80,80,80,65,65,65,61,61,67,66,80,80,54,92,78,78,87,93,93,93,98,95,102,105,105,105,93,99,105,70,105,105,105,88,0,0],"gold":120,"neow_bonus":"","is_daily":false,"chose_seed":false,"campfire_upgraded":9,"win_rate":0.0,"timestamp":1611813989,"path_taken":["M","M","?","M","M","E","?","R","T","R","$","M","?","M","R","BOSS","M","$","M","M","?","R","?","?","T","M","R","M","E","M","R","BOSS","M","$","M","M","?","R","E","M","T","R","M","?","M","?","R","BOSS","R","$","E","BOSS"],"items_purchased_type":["Card","Card","Relic","Card","Relic","Relic","Relic","Potion","Relic"],"build_version":"2020-12-22","purchased_purges":2,"victory":false,"max_hp_per_floor":[80,80,80,80,80,80,80,80,80,80,80,80,80,80,80,80,80,80,80,80,80,80,80,85,85,85,85,85,85,85,88,88,92,92,92,92,95,98,98,98,98,98,105,105,105,105,105,105,105,105,105,105,105,105,105,105],"card_choices":[{"not_picked":["Flex","Anger","Warcry"],"picked":"SKIP","floor":1.0},{"not_picked":["Armaments","True Grit","Anger"],"picked":"SKIP","floor":2.0},{"not_picked":["Dropkick","Dual Wield","Intimidate"],"picked":"SKIP","floor":4.0},{"not_picked":["Armaments","Sever Soul"],"picked":"Clash","floor":5.0},{"not_picked":["Sever Soul","Shockwave","Clothesline"],"picked":"SKIP","floor":6.0},{"not_picked":["Reckless Charge","Clothesline","Shockwave"],"picked":"SKIP","floor":12.0},{"not_picked":["Wild Strike","Cleave","Clash"],"picked":"SKIP","floor":13.0},{"not_picked":["Anger","Wild Strike","Sword Boomerang"],"picked":"SKIP","floor":14.0},{"not_picked":["Double Tap","Reaper"],"picked":"Barricade","floor":16.0},{"not_picked":["Clash","Twin Strike","Flex"],"picked":"SKIP","floor":18.0},{"not_picked":["Brutality","Headbutt"],"picked":"Entrench","floor":20.0},{"not_picked":["Wild Strike","Feel No Pain","Bloodletting"],"picked":"SKIP","floor":21.0},{"not_picked":["Wild Strike","Feel No Pain","Bloodletting"],"picked":"SKIP","floor":21.0},{"not_picked":["Perfected Strike","Pommel Strike","Heavy Blade"],"picked":"SKIP","floor":27.0},{"not_picked":["Reaper","Warcry"],"picked":"Cleave+1","floor":29.0},{"not_picked":["Thunderclap","Flex+1"],"picked":"Feed","floor":30.0},{"not_picked":["Fire Breathing","Body Slam+1","Rampage"],"picked":"SKIP","floor":31.0},{"not_picked":["Juggernaut","Feed"],"picked":"Limit Break+1","floor":33.0},{"not_picked":["Body Slam","Clothesline+1","Havoc+1"],"picked":"SKIP","floor":35.0},{"not_picked":["Body Slam","Clothesline+1","Havoc+1"],"picked":"SKIP","floor":35.0},{"not_picked":["Armaments+1","Perfected Strike"],"picked":"True Grit+1","floor":37.0},{"not_picked":["Body Slam+1","Rampage","Thunderclap"],"picked":"SKIP","floor":38},{"not_picked":["Blood for Blood","Offering+1"],"picked":"Iron Wave","floor":41},{"not_picked":["Shockwave+1","Cleave"],"picked":"Heavy Blade","floor":42},{"not_picked":["True Grit+1","Reckless Charge"],"picked":"Pommel Strike+1","floor":45},{"not_picked":["Hemokinesis+1","Body Slam+1"],"picked":"Flex+1","floor":47},{"not_picked":["Bloodletting+1","Combust","Warcry+1"],"picked":"SKIP","floor":48},{"not_picked":["Perfected Strike","Rampage+1","Wild Strike+1"],"picked":"SKIP","floor":54}],"player_experience":1440040,"relics_obtained":[{"floor":6.0,"key":"Vajra"},{"floor":9.0,"key":"Toy Ornithopter"},{"floor":30.0,"key":"Toxic Egg 2"},{"floor":41,"key":"Eternal Feather"},{"floor":43,"key":"Strawberry"},{"floor":46,"key":"Ginger"},{"floor":54,"key":"Bronze Scales"}],"event_choices":[{"cards_removed":["Strike_R"],"damage_healed":0.0,"max_hp_gain":0.0,"max_hp_loss":0.0,"gold_gain":0.0,"event_name":"Golden Wing","player_choice":"Card Removal","floor":3.0,"gold_loss":0.0,"damage_taken":7.0},{"damage_healed":0.0,"max_hp_gain":0.0,"max_hp_loss":0.0,"gold_gain":0.0,"cards_transformed":["Defend_R"],"event_name":"Transmorgrifier","player_choice":"Transformed","floor":7.0,"gold_loss":0.0,"damage_taken":0.0,"cards_obtained":["Armaments"]},{"damage_healed":0.0,"max_hp_gain":0.0,"max_hp_loss":0.0,"gold_gain":0.0,"event_name":"Drug Dealer","player_choice":"Inject Mutagens","floor":22.0,"gold_loss":0.0,"damage_taken":0.0,"relics_obtained":["MutagenicStrength"]},{"damage_healed":0.0,"max_hp_gain":5.0,"max_hp_loss":0.0,"gold_gain":0.0,"event_name":"Forgotten Altar","player_choice":"Shed Blood","floor":24.0,"gold_loss":0.0,"damage_taken":20.0},{"damage_healed":0.0,"max_hp_gain":0.0,"max_hp_loss":0.0,"gold_gain":0.0,"event_name":"Back to Basics","player_choice":"Simplicity","floor":25.0,"gold_loss":0.0,"damage_taken":0.0,"cards_upgraded":["Strike_R","Strike_R","Strike_R","Defend_R","Defend_R","Defend_R"]},{"cards_removed":["Feed"],"damage_healed":0,"gold_gain":0,"player_choice":"Removed Attack","damage_taken":0,"max_hp_gain":0,"max_hp_loss":0,"event_name":"Falling","floor":39,"gold_loss":0},{"damage_healed":0,"gold_gain":0,"player_choice":"Fight","damage_taken":0,"max_hp_gain":0,"max_hp_loss":0,"event_name":"MindBloom","floor":46,"gold_loss":0}],"is_beta":false,"boss_relics":[{"not_picked":["Calling Bell","Astrolabe"],"picked":"SacredBark"},{"not_picked":["Black Star","Cursed Key"],"picked":"Velvet Choker"}],"items_purged_floors":[0,53],"is_endless":false,"potions_floor_spawned":[1,4,5,18,27,31,33,38,41,46],"killed_by":"The Heart","ascension_level":0}}