{"host":"7k2a2omxz3voj5ax","time":1611846726,"event":{"mods":["BaseMod","Marisa£¨ìFÓê¡¡Ä§ÀíÉ³£©","Minty Spire (QoL Compilation)","Quick Restart","Spicy Shops","StSLib","Starting Relic: Pandora\u0027s Box","Yakumo Yukari mod","¡¾ÒÅÎï¿¨ÅÆ¡¿REMEMod","óô»ðÖ¸ÄÏ"],"gold_per_floor":[111,111,134,134,147,170,170,214,164,177,202,202,67,148,148,183,83,106,106,234,234,283,283,368,368,388,25,133,48,149,211,211,211,58,94,94,208,46,281,281,399,399,364,481,591,591,731,731],"floor_reached":47,"language":"ZHS","playtime":2001,"items_purged":["ChargeUpSpray","LuminesStrike","GalacticHalo","UpSweep","GrandCross"],"score":657,"play_id":"74ac260e-ec2f-4a15-9ffc-9cf027386cc6","local_time":"20210129001206","is_ascension_mode":true,"campfire_choices":[{"data":"Human_Monster_Realm_purple","floor":15.0,"key":"SMITH"},{"data":"Singularity","floor":19.0,"key":"SMITH"},{"floor":36.0,"key":"REST"}],"circlet_count":0,"master_deck":["MagicAbsorber","Human_Monster_Realm_purple+1","6A","Singularity+1","Robbery","EscapeVelocity","BlazeAway","Singularity"],"relics":["MiniHakkero","REME_ComplimentaryCards","NeowsBlessing","Golden Idol","Blood Vial","Strawberry","Nunchaku","Vajra","StrikeDummy","Black Star","Membership Card","Prayer Wheel","StoneCalendar","Bag of Marbles","MealTicket","Art of War","Lantern","Molten Egg 2","Tiny Chest","Medical Kit","Empty Cage"],"acts_visited":["Exordium","TheCity","TheBeyond"],"potions_floor_usage":[39,45,47],"damage_taken":[{"damage":0.0,"enemies":"Jaw Worm","floor":1.0,"turns":1.0},{"damage":0.0,"enemies":"Small Slimes","floor":3.0,"turns":1.0},{"damage":0.0,"enemies":"2 Louse","floor":5.0,"turns":1.0},{"damage":9.0,"enemies":"2 Fungi Beasts","floor":6.0,"turns":3.0},{"damage":24.0,"enemies":"Lagavulin","floor":8.0,"turns":5.0},{"damage":0.0,"enemies":"Blue Slaver","floor":10.0,"turns":2.0},{"damage":7.0,"enemies":"Gremlin Gang","floor":11.0,"turns":3.0},{"damage":11.0,"enemies":"Lagavulin Event","floor":14.0,"turns":4.0},{"damage":0.0,"enemies":"Gremlin Nob","floor":16.0,"turns":3.0},{"damage":5.0,"enemies":"Looter","floor":18.0,"turns":3.0},{"damage":0.0,"enemies":"Slime Boss","floor":20.0,"turns":3.0},{"damage":25.0,"enemies":"2 Thieves","floor":22.0,"turns":3.0},{"damage":11.0,"enemies":"Shell Parasite","floor":24.0,"turns":6.0},{"damage":0.0,"enemies":"Sentry and Sphere","floor":26.0,"turns":3.0},{"damage":18.0,"enemies":"Gremlin Leader","floor":28.0,"turns":5.0},{"damage":17.0,"enemies":"Cultist and Chosen","floor":30.0,"turns":5.0},{"damage":28.0,"enemies":"3 Cultists","floor":31.0,"turns":5.0},{"damage":31.0,"enemies":"Book of Stabbing","floor":35.0,"turns":5.0},{"damage":0.0,"enemies":"Centurion and Healer","floor":37.0,"turns":5.0},{"damage":0,"enemies":"Champ","floor":39,"turns":8},{"damage":7,"enemies":"3 Darklings","floor":41,"turns":5},{"damage":9,"enemies":"Orb Walker","floor":44,"turns":4},{"damage":28,"enemies":"Jaw Worm Horde","floor":45,"turns":5},{"damage":60,"enemies":"4 Shapes","floor":47,"turns":4}],"seed_played":"1875266213697087396","potions_obtained":[{"floor":1.0,"key":"Weak Potion"},{"floor":3.0,"key":"DuplicationPotion"},{"floor":5.0,"key":"SneckoOil"},{"floor":16.0,"key":"GamblersBrew"},{"floor":18.0,"key":"Dexterity Potion"},{"floor":20.0,"key":"Explosive Potion"},{"floor":22.0,"key":"LiquidMemories"},{"floor":37.0,"key":"DistilledChaos"},{"floor":41,"key":"PowerPotion"}],"is_trial":false,"path_per_floor":["M","?","M","?","M","M","?","E","?","M","M","T","$","?","R","E","$","M","R","B",null,"M","?","M","?","M","R","E","?","M","M","T","?","$","E","R","M","R","B",null,"M","?","$","M","M","?","M"],"character_chosen":"MARISA","items_purchased":["Singularity","Membership Card","Prayer Wheel","Lantern","Medical Kit","BlazeAway"],"campfire_rested":1,"item_purchase_floors":[13,27,27,34,38,43],"current_hp_per_floor":[75,57,57,45,47,40,45,30,30,32,27,27,27,18,18,20,20,17,17,19,87,62,87,76,76,78,78,62,62,47,21,21,21,36,7,33,35,35,37,87,80,80,87,78,52,52,0,0],"gold":731,"neow_bonus":"THREE_ENEMY_KILL","is_daily":false,"chose_seed":false,"campfire_upgraded":2,"win_rate":0.0,"timestamp":1611846726,"path_taken":["M","?","M","?","M","M","?","E","?","M","M","T","$","?","R","E","$","M","R","BOSS","M","?","?","?","M","R","E","?","M","M","T","?","$","E","R","?","R","BOSS","M","?","$","M","M","?","M"],"items_purchased_type":["Card","Relic","Relic","Relic","Relic","Card"],"build_version":"2020-12-22","purchased_purges":5,"victory":false,"max_hp_per_floor":[75,75,75,75,75,75,80,87,87,87,87,87,87,87,87,87,87,87,87,87,87,87,87,87,87,87,87,87,87,87,87,87,87,87,87,87,87,87,87,87,87,87,87,87,87,83,83,83],"card_choices":[{"not_picked":["GrandCross","GravityBeat","MeteoricShower"],"picked":"SKIP","floor":1.0},{"not_picked":["EnergyRecoil","DC","WitchLeyline"],"picked":"SKIP","floor":3.0},{"not_picked":["MilkyWay","Orbital","NonDirectionalLaser"],"picked":"SKIP","floor":5.0},{"not_picked":["SuperPerseids","ShootTheMoon"],"picked":"PowerUp","floor":6.0},{"not_picked":["RefractionSpark","PowerUp","GravityBeat"],"picked":"SKIP","floor":8.0},{"not_picked":["LuminesStrike","MaximisePower"],"picked":"6A","floor":10.0},{"not_picked":["ChargeUpSpray","Orbital","MagicAbsorber"],"picked":"SKIP","floor":11.0},{"not_picked":["Orbital","StarBarrage"],"picked":"Robbery","floor":14.0},{"not_picked":["ChargeUpSpray","UnstableBomb","MilkyWay"],"picked":"SKIP","floor":16.0},{"not_picked":["AsteroidBelt","PowerUp","IllusionStar"],"picked":"SKIP","floor":18.0},{"not_picked":["MagicChant","DC","Acceleration"],"picked":"SKIP","floor":22.0},{"not_picked":["UnstableBomb","MagicChant","MysteriousBeam"],"picked":"SKIP","floor":24.0},{"not_picked":["MilkyWay","AsteroidBelt","6A"],"picked":"SKIP","floor":26.0},{"not_picked":["DC","NonDirectionalLaser","PulseMagic"],"picked":"SKIP","floor":28.0},{"not_picked":["ShootTheMoon","StarBarrage","WitchOfGreed"],"picked":"SKIP","floor":30.0},{"not_picked":["DoubleSpark+1","StarBarrage","MilkyWay+1"],"picked":"SKIP","floor":30.0},{"not_picked":["PowerUp","OpenUniverse","UnstableBomb"],"picked":"SKIP","floor":31.0},{"not_picked":["WitchOfGreed","RefractionSpark","AsteroidBelt"],"picked":"SKIP","floor":31.0},{"not_picked":["BinaryStars","SprinkleStarSeal","ChargeUpSpray+1"],"picked":"SKIP","floor":35.0},{"not_picked":["WitchLeyline+1","GalacticHalo","MysteriousBeam+1"],"picked":"SKIP","floor":37.0},{"not_picked":["NonDirectionalLaser+1","Acceleration","Occultation+1"],"picked":"SKIP","floor":37.0},{"not_picked":["BigCrunch","BlazingStar+1"],"picked":"EscapeVelocity","floor":39},{"not_picked":["Acceleration","SporeBomb+1","Robbery+1"],"picked":"SKIP","floor":41},{"not_picked":["GalacticHalo","OneTimeOff","MilkyWay+1"],"picked":"SKIP","floor":41},{"not_picked":["MilkyWay","6A+1"],"picked":"Singularity","floor":44},{"not_picked":["LuminesStrike+1","DC+1","MilkyWay"],"picked":"SKIP","floor":44},{"not_picked":["StarBarrage+1","6A+1","MysteriousBeam+1"],"picked":"SKIP","floor":45},{"not_picked":["Robbery+1","WitchLeyline+1","DoubleSpark+1"],"picked":"SKIP","floor":45}],"player_experience":269304,"relics_obtained":[{"floor":8.0,"key":"Strawberry"},{"floor":12.0,"key":"Nunchaku"},{"floor":14.0,"key":"Vajra"},{"floor":16.0,"key":"StrikeDummy"},{"floor":28.0,"key":"StoneCalendar"},{"floor":28.0,"key":"Bag of Marbles"},{"floor":32.0,"key":"Art of War"},{"floor":35.0,"key":"Molten Egg 2"},{"floor":35.0,"key":"Tiny Chest"}],"event_choices":[{"damage_healed":0.0,"max_hp_gain":0.0,"max_hp_loss":0.0,"gold_gain":0.0,"event_name":"Golden Idol","player_choice":"Take Damage","floor":2.0,"gold_loss":0.0,"damage_taken":18.0,"relics_obtained":["Golden Idol"]},{"damage_healed":0.0,"max_hp_gain":0.0,"max_hp_loss":0.0,"gold_gain":0.0,"event_name":"Scrap Ooze","player_choice":"Success","floor":4.0,"gold_loss":0.0,"damage_taken":12.0,"relics_obtained":["Blood Vial"]},{"damage_healed":0.0,"max_hp_gain":5.0,"max_hp_loss":0.0,"gold_gain":0.0,"event_name":"Big Fish","player_choice":"Donut","floor":7.0,"gold_loss":0.0,"damage_taken":0.0},{"cards_removed":["DarkSpark"],"damage_healed":0.0,"max_hp_gain":0.0,"max_hp_loss":0.0,"gold_gain":0.0,"event_name":"The Cleric","player_choice":"Card Removal","floor":9.0,"gold_loss":50.0,"damage_taken":0.0},{"damage_healed":0.0,"max_hp_gain":0.0,"max_hp_loss":0.0,"gold_gain":0.0,"event_name":"Dead Adventurer","player_choice":"Searched \u00271\u0027 times","floor":14.0,"gold_loss":0.0,"damage_taken":0.0},{"cards_removed":["PulseMagic"],"damage_healed":25.0,"max_hp_gain":0.0,"max_hp_loss":0.0,"gold_gain":0.0,"event_name":"Bonfire Elementals","player_choice":"Offered Uncommon","floor":23.0,"gold_loss":0.0,"damage_taken":0.0},{"damage_healed":0.0,"max_hp_gain":0.0,"max_hp_loss":0.0,"gold_gain":0.0,"event_name":"Ghosts","player_choice":"Ignored","floor":25.0,"gold_loss":0.0,"damage_taken":0.0},{"damage_healed":0.0,"max_hp_gain":0.0,"max_hp_loss":0.0,"gold_gain":0.0,"event_name":"Addict","player_choice":"Obtained Relic","floor":29.0,"gold_loss":85.0,"damage_taken":0.0,"relics_obtained":["MealTicket"]},{"damage_healed":0.0,"max_hp_gain":0.0,"max_hp_loss":0.0,"gold_gain":0.0,"event_name":"The Woman in Blue","player_choice":"Bought 0 Potions","floor":33.0,"gold_loss":0.0,"damage_taken":0.0},{"cards_removed":["PowerUp"],"damage_healed":0,"gold_gain":0,"player_choice":"Removed Skill","damage_taken":0,"max_hp_gain":0,"max_hp_loss":0,"event_name":"Falling","floor":42,"gold_loss":0},{"damage_healed":0,"gold_gain":0,"player_choice":"Max HP","damage_taken":0,"max_hp_gain":0,"max_hp_loss":4,"event_name":"Winding Halls","floor":46,"gold_loss":0}],"is_beta":false,"boss_relics":[{"not_picked":["Ectoplasm","REME_DemonsWealth"],"picked":"Black Star"},{"not_picked":["REME_LowDesire","Philosopher\u0027s Stone"],"picked":"Empty Cage"}],"items_purged_floors":[13,17,27,34,38],"is_endless":false,"potions_floor_spawned":[1,3,5,8,16,18,20,22,26,37,41,44],"killed_by":"4 Shapes","ascension_level":1}}