{"host":"s41rn2jhghpwfrvz","time":1611835645,"event":{"mods":["BaseMod","Minty Spire (QoL Compilation)","Quick Restart","Relic Stats","SuperFastMode"],"gold_per_floor":[119,137,152,169,94,94,120,138,191,205,216,243,256,282,282,354,354,370,385,385,45,45,74,86,114,137,767,798,812,832,860,860,934,934,950,967,967,967,983,1008,1040,1074,1074,1101,1101,441,456,456,456,456,456,456,456,16,48,48],"floor_reached":57,"language":"ENG","playtime":1398,"items_purged":["BootSequence","Acrobatics"],"score":3998,"play_id":"051f3070-6df7-4925-8430-8ef94f1942c9","local_time":"20210128140725","daily_mods":["SealedDeck","Vintage","Diverse"],"is_ascension_mode":true,"campfire_choices":[{"data":"Pommel Strike","floor":6,"key":"SMITH"},{"data":"Prostrate","floor":15,"key":"SMITH"},{"data":"Pommel Strike","floor":32,"key":"SMITH"},{"floor":45,"key":"RECALL"},{"data":"Expertise","floor":49,"key":"SMITH"},{"data":"Beam Cell","floor":53,"key":"SMITH"}],"circlet_count":0,"master_deck":["AscendersBane","Escape Plan+1","Pommel Strike+1","Expertise+1","Pommel Strike+1","Seeing Red+1","Beam Cell+1","Prostrate+1","Scrawl+1","Madness+1","Recycle+1"],"relics":["Burning Blood","Gambling Chip","Ornamental Fan","Strawberry","Akabeko","Bottled Flame","Mango","Smiling Mask","Self Forming Clay","Meat on the Bone","WingedGreaves","Toxic Egg 2","White Beast Statue","Coffee Dripper","War Paint","PreservedInsect","Calipers","Regal Pillow","Boot","Pen Nib","Happy Flower","Ice Cream","Oddly Smooth Stone","Pocketwatch","Busted Crown","StoneCalendar","Art of War","Du-Vu Doll","Letter Opener","Ancient Tea Set","MealTicket","StrikeDummy","Mercury Hourglass","Sundial","Omamori","Pear","Medical Kit","InkBottle","HornCleat"],"acts_visited":["Exordium","TheCity","TheBeyond","TheEnding"],"potions_floor_usage":[56,56],"damage_taken":[{"damage":0,"enemies":"Small Slimes","floor":1,"turns":1},{"damage":0,"enemies":"2 Louse","floor":2,"turns":2},{"damage":0,"enemies":"Cultist","floor":3,"turns":2},{"damage":6,"enemies":"Gremlin Gang","floor":4,"turns":4},{"damage":22,"enemies":"3 Sentries","floor":7,"turns":5},{"damage":0,"enemies":"Looter","floor":8,"turns":1},{"damage":0,"enemies":"2 Fungi Beasts","floor":10,"turns":2},{"damage":0,"enemies":"Exordium Wildlife","floor":11,"turns":2},{"damage":0,"enemies":"Gremlin Nob","floor":12,"turns":2},{"damage":0,"enemies":"3 Louse","floor":13,"turns":2},{"damage":12,"enemies":"3 Sentries","floor":14,"turns":5},{"damage":17,"enemies":"Hexaghost","floor":16,"turns":3},{"damage":0,"enemies":"3 Byrds","floor":18,"turns":2},{"damage":0,"enemies":"2 Thieves","floor":19,"turns":2},{"damage":0,"enemies":"Gremlin Leader","floor":23,"turns":2},{"damage":0,"enemies":"Chosen and Byrds","floor":24,"turns":2},{"damage":0,"enemies":"Book of Stabbing","floor":25,"turns":2},{"damage":0,"enemies":"Gremlin Leader","floor":28,"turns":2},{"damage":0,"enemies":"Snecko","floor":29,"turns":1},{"damage":0,"enemies":"Centurion and Healer","floor":30,"turns":2},{"damage":0,"enemies":"Slavers","floor":31,"turns":2},{"damage":0,"enemies":"Automaton","floor":33,"turns":1},{"damage":0,"enemies":"3 Shapes","floor":35,"turns":1},{"damage":0,"enemies":"3 Darklings","floor":36,"turns":1},{"damage":0,"enemies":"Transient","floor":39,"turns":3},{"damage":0,"enemies":"Giant Head","floor":40,"turns":1},{"damage":0,"enemies":"Nemesis","floor":41,"turns":1},{"damage":0,"enemies":"Giant Head","floor":42,"turns":1},{"damage":0,"enemies":"Reptomancer","floor":44,"turns":1},{"damage":0,"enemies":"Jaw Worm Horde","floor":47,"turns":1},{"damage":0,"enemies":"Awakened One","floor":50,"turns":2},{"damage":13,"enemies":"Time Eater","floor":51,"turns":2},{"damage":0,"enemies":"Shield and Spear","floor":55,"turns":1},{"damage":0,"enemies":"The Heart","floor":56,"turns":5}],"seed_played":"8446814557600347236","potions_obtained":[{"floor":1,"key":"SteroidPotion"},{"floor":3,"key":"CultistPotion"},{"floor":4,"key":"Block Potion"},{"floor":12,"key":"PowerPotion"},{"floor":18,"key":"Dexterity Potion"},{"floor":25,"key":"Dexterity Potion"}],"is_trial":true,"path_per_floor":["M","M","M","M","$","R","E","M","T","M","M","E","M","E","R","B",null,"M","M","?","$","?","E","M","E","T","?","E","M","M","E","R","B",null,"M","M","?","$","M","E","E","E","T","E","R","$","M","?","R","B","B",null,"R","$","E","B",null],"character_chosen":"IRONCLAD","items_purchased":["Calipers","Sundial","Omamori","Madness+1","Recycle+1","Medical Kit","InkBottle"],"campfire_rested":0,"item_purchase_floors":[21,46,46,46,46,54,54],"current_hp_per_floor":[74,75,82,82,82,82,66,86,86,92,96,96,96,90,90,79,92,96,96,96,96,96,96,96,96,96,27,45,63,69,75,75,81,92,96,96,96,96,96,96,96,96,96,96,96,96,106,106,106,106,99,104,104,106,106,106],"gold":48,"neow_bonus":"","is_daily":false,"chose_seed":false,"campfire_upgraded":5,"win_rate":0.0,"timestamp":1611835645,"path_taken":["M","M","M","M","$","R","E","M","T","M","M","E","M","E","R","BOSS","M","M","?","$","?","E","M","E","T","?","E","?","?","E","R","BOSS","M","M","?","$","M","E","E","E","T","E","R","$","M","?","R","BOSS","BOSS","R","$","E","BOSS"],"items_purchased_type":["Relic","Relic","Relic","Card","Card","Relic","Relic"],"build_version":"2020-12-22","purchased_purges":2,"victory":true,"max_hp_per_floor":[75,75,82,82,82,82,82,96,96,96,96,96,96,96,96,96,96,96,96,96,96,96,96,96,96,96,96,96,96,96,96,96,96,96,96,96,96,96,96,96,96,96,96,96,96,96,106,106,106,106,106,106,106,106,106,106],"relic_stats":{"Regal Pillow":0,"Happy Flower":[8],"counters":[34,69],"Self Forming Clay":[18],"StoneCalendar":[0],"PreservedInsect":627,"Pen Nib":[21],"Letter Opener":[190],"War Paint":["Seeing Red","Escape Plan"],"Smiling Mask":50,"Boot":[27],"Medical Kit":[4],"Burning Blood":91,"Mercury Hourglass":[39],"Busted Crown":10,"Ornamental Fan":[404],"Sundial":[90],"Gambling Chip":[5],"MealTicket":2,"Art of War":[1],"obtain_stats":[{"Ice Cream":29,"Regal Pillow":23,"Calipers":21,"Mango":8,"StoneCalendar":35,"Smiling Mask":9,"Boot":24,"Ancient Tea Set":41,"Burning Blood":0,"HornCleat":55,"Sundial":46,"Gambling Chip":1,"Strawberry":3,"MealTicket":42,"WingedGreaves":12,"Toxic Egg 2":13,"InkBottle":54,"Pear":47,"Happy Flower":28,"Self Forming Clay":10,"Oddly Smooth Stone":30,"PreservedInsect":19,"Pen Nib":25,"Omamori":46,"Letter Opener":40,"War Paint":18,"Medical Kit":54,"Akabeko":4,"White Beast Statue":14,"Mercury Hourglass":44,"Du-Vu Doll":39,"Bottled Flame":7,"Busted Crown":34,"Ornamental Fan":2,"Coffee Dripper":17,"Art of War":36,"StrikeDummy":43,"Meat on the Bone":11,"Pocketwatch":31},{"Ice Cream":19,"Regal Pillow":15,"Calipers":14,"Mango":6,"StoneCalendar":23,"Smiling Mask":6,"Boot":16,"Ancient Tea Set":27,"Burning Blood":0,"HornCleat":33,"Sundial":29,"Gambling Chip":1,"Strawberry":3,"MealTicket":28,"WingedGreaves":9,"Toxic Egg 2":10,"InkBottle":32,"Pear":30,"Happy Flower":18,"Self Forming Clay":7,"Oddly Smooth Stone":20,"PreservedInsect":14,"Pen Nib":17,"Omamori":29,"Letter Opener":26,"War Paint":13,"Medical Kit":32,"Akabeko":4,"White Beast Statue":11,"Mercury Hourglass":29,"Du-Vu Doll":25,"Bottled Flame":5,"Busted Crown":22,"Ornamental Fan":2,"Coffee Dripper":12,"Art of War":24,"StrikeDummy":28,"Meat on the Bone":8,"Pocketwatch":21},{"Ice Cream":44,"Regal Pillow":37,"Calipers":35,"Mango":15,"StoneCalendar":50,"Smiling Mask":15,"Boot":39,"Ancient Tea Set":56,"Burning Blood":0,"HornCleat":64,"Sundial":58,"Gambling Chip":1,"Strawberry":5,"MealTicket":57,"WingedGreaves":21,"Toxic Egg 2":23,"InkBottle":63,"Pear":59,"Happy Flower":43,"Self Forming Clay":17,"Oddly Smooth Stone":46,"PreservedInsect":35,"Pen Nib":41,"Omamori":58,"Letter Opener":55,"War Paint":33,"Medical Kit":63,"Akabeko":9,"White Beast Statue":28,"Mercury Hourglass":58,"Du-Vu Doll":54,"Bottled Flame":14,"Busted Crown":49,"Ornamental Fan":3,"Coffee Dripper":31,"Art of War":51,"StrikeDummy":57,"Meat on the Bone":19,"Pocketwatch":48}],"InkBottle":[8],"Meat on the Bone":24,"Pocketwatch":[0]},"card_choices":[{"not_picked":["Dropkick","WindmillStrike"],"picked":"Prostrate","floor":7},{"not_picked":["JustLucky","Conserve Battery","Weave"],"picked":"SKIP","floor":12},{"not_picked":["Halt+1","Bane","Barrage"],"picked":"SKIP","floor":14},{"not_picked":["Swivel+1","All Out Attack","Sword Boomerang+1"],"picked":"SKIP","floor":23},{"not_picked":["True Grit+1","Fire Breathing","Berserk"],"picked":"SKIP","floor":25},{"not_picked":["Go for the Eyes","Thunderclap","FlyingSleeves"],"picked":"SKIP","floor":28},{"not_picked":["Self Repair","Adaptation"],"picked":"Scrawl+1","floor":31},{"not_picked":["Gash"],"picked":"SKIP","floor":40},{"not_picked":["Fasting2"],"picked":"SKIP","floor":41},{"not_picked":["Cleave+1"],"picked":"SKIP","floor":42},{"not_picked":["Thunderclap+1"],"picked":"SKIP","floor":44},{"not_picked":["Envenom"],"picked":"SKIP","floor":55}],"player_experience":1864624,"relics_obtained":[{"floor":1,"key":"Gambling Chip"},{"floor":2,"key":"Ornamental Fan"},{"floor":3,"key":"Strawberry"},{"floor":4,"key":"Akabeko"},{"floor":7,"key":"Bottled Flame"},{"floor":8,"key":"Mango"},{"floor":9,"key":"Smiling Mask"},{"floor":10,"key":"Self Forming Clay"},{"floor":11,"key":"Meat on the Bone"},{"floor":12,"key":"WingedGreaves"},{"floor":13,"key":"Toxic Egg 2"},{"floor":14,"key":"White Beast Statue"},{"floor":18,"key":"War Paint"},{"floor":19,"key":"PreservedInsect"},{"floor":23,"key":"Regal Pillow"},{"floor":24,"key":"Boot"},{"floor":25,"key":"Pen Nib"},{"floor":28,"key":"Happy Flower"},{"floor":29,"key":"Ice Cream"},{"floor":30,"key":"Oddly Smooth Stone"},{"floor":31,"key":"Pocketwatch"},{"floor":35,"key":"StoneCalendar"},{"floor":36,"key":"Art of War"},{"floor":39,"key":"Du-Vu Doll"},{"floor":40,"key":"Letter Opener"},{"floor":41,"key":"Ancient Tea Set"},{"floor":42,"key":"MealTicket"},{"floor":43,"key":"StrikeDummy"},{"floor":44,"key":"Mercury Hourglass"},{"floor":47,"key":"Pear"},{"floor":55,"key":"HornCleat"}],"event_choices":[{"cards_removed":["Melter"],"damage_healed":0,"gold_gain":0,"player_choice":"Elegance","damage_taken":0,"max_hp_gain":0,"max_hp_loss":0,"event_name":"Back to Basics","floor":20,"gold_loss":0},{"damage_healed":0,"gold_gain":630,"player_choice":"GOLD GOLD GOLD GOLD GOLD GOLD GOLD ","damage_taken":69,"max_hp_gain":0,"max_hp_loss":0,"event_name":"Knowing Skull","floor":27,"potions_obtained":[],"gold_loss":0,"cards_obtained":[]},{"cards_removed":["Caltrops"],"damage_healed":0,"gold_gain":0,"player_choice":"Removed Power","damage_taken":0,"max_hp_gain":0,"max_hp_loss":0,"event_name":"Falling","floor":37,"gold_loss":0},{"damage_healed":0,"gold_gain":0,"player_choice":"Ignored","damage_taken":0,"max_hp_gain":0,"max_hp_loss":0,"event_name":"Tomb of Lord Red Mask","floor":48,"gold_loss":0}],"is_beta":false,"boss_relics":[{"not_picked":["SlaversCollar","Philosopher\u0027s Stone"],"picked":"Coffee Dripper"},{"not_picked":["Sozu","Fusion Hammer"],"picked":"Busted Crown"}],"items_purged_floors":[5,46],"is_endless":false,"potions_floor_spawned":[1,3,4,12,13,16,18,19,23,24,25,28,29,30,31,33,35,36,39,40,41,42,44,47,55],"ascension_level":20}}