{"host":"vl29iwkwnyytuw8q","time":1611843150,"event":{"mods":["BaseMod","Minty Spire (QoL Compilation)","Permanent Neow","Relic Stats","StSLib"],"gold_per_floor":[114,189,204,204,220,246,246,93,93,128,145,110,110,120,120,120,120],"floor_reached":16,"language":"ENG","playtime":409,"items_purged":["Strike_R"],"score":204,"play_id":"8e5a126c-493a-4dba-8cf4-514b9069aff2","local_time":"20210128151230","is_ascension_mode":true,"campfire_choices":[{"floor":7,"key":"REST"},{"floor":13,"key":"REST"},{"data":"Bash","floor":15,"key":"SMITH"}],"circlet_count":0,"master_deck":["AscendersBane","Strike_R","Strike_R","Strike_R","Strike_R","Defend_R","Defend_R","Defend_R","Defend_R","Bash+1","Burning Pact","Thunderclap","Pommel Strike","Sever Soul","Limit Break","Brutality","Anger","Clothesline"],"relics":["Sozu","Sundial","Gremlin Horn","White Beast Statue"],"acts_visited":["Exordium"],"potions_floor_usage":[],"damage_taken":[{"damage":4,"enemies":"Jaw Worm","floor":1,"turns":4},{"damage":0,"enemies":"2 Louse","floor":3,"turns":2},{"damage":0,"enemies":"Cultist","floor":5,"turns":3},{"damage":32,"enemies":"Gremlin Nob","floor":6,"turns":4},{"damage":35,"enemies":"3 Sentries","floor":10,"turns":9},{"damage":6,"enemies":"2 Fungi Beasts","floor":11,"turns":4},{"damage":2,"enemies":"Gremlin Gang","floor":14,"turns":2},{"damage":40,"enemies":"Hexaghost","floor":16,"turns":9}],"seed_played":"-4684234472860373469","potions_obtained":[],"is_trial":false,"path_per_floor":["M","?","M","?","M","E","R","$","T","E","M","?","R","M","R","B"],"character_chosen":"IRONCLAD","items_purchased":["Limit Break"],"campfire_rested":2,"item_purchase_floors":[8],"current_hp_per_floor":[64,53,53,53,53,21,43,43,43,8,2,20,42,40,40,0,0],"gold":120,"neow_bonus":"BOSS_RELIC","is_daily":false,"chose_seed":false,"campfire_upgraded":1,"win_rate":0.0,"timestamp":1611843150,"path_taken":["M","?","M","?","M","E","R","$","T","E","?","?","R","M","R","BOSS"],"items_purchased_type":["Card"],"build_version":"2020-12-22","purchased_purges":1,"victory":false,"max_hp_per_floor":[75,75,75,75,75,75,75,75,75,75,75,75,75,75,75,75,75],"relic_stats":{"Sozu":4,"Gremlin Horn":[6,6],"counters":[8,37],"Sundial":[4],"obtain_stats":[{"Sozu":0,"Gremlin Horn":9,"Sundial":6,"Burning Blood":0,"White Beast Statue":10},{"Sozu":0,"Gremlin Horn":4,"Sundial":4,"Burning Blood":0,"White Beast Statue":5},{"Sozu":0,"Gremlin Horn":13,"Sundial":13,"Burning Blood":0,"White Beast Statue":22}]},"card_choices":[{"not_picked":["Sword Boomerang","Twin Strike"],"picked":"Burning Pact","floor":1},{"not_picked":["Infernal Blade","Heavy Blade"],"picked":"Thunderclap","floor":3},{"not_picked":["Clash","Sword Boomerang"],"picked":"Pommel Strike","floor":5},{"not_picked":["True Grit","Armaments"],"picked":"Sever Soul","floor":6},{"not_picked":["Fire Breathing","Second Wind"],"picked":"Brutality","floor":10},{"not_picked":["Sever Soul","Headbutt"],"picked":"Anger","floor":11},{"not_picked":["Seeing Red","Heavy Blade"],"picked":"Clothesline","floor":14}],"player_experience":641939,"relics_obtained":[{"floor":6,"key":"Sundial"},{"floor":9,"key":"Gremlin Horn"},{"floor":10,"key":"White Beast Statue"}],"event_choices":[{"damage_healed":0,"gold_gain":75,"player_choice":"Gather Gold","damage_taken":11,"max_hp_gain":0,"max_hp_loss":0,"event_name":"World of Goop","floor":2,"gold_loss":0},{"damage_healed":0,"gold_gain":0,"player_choice":"Ignored","damage_taken":0,"max_hp_gain":0,"max_hp_loss":0,"event_name":"Golden Wing","floor":4,"gold_loss":0},{"damage_healed":18,"gold_gain":0,"player_choice":"Healed","damage_taken":0,"max_hp_gain":0,"max_hp_loss":0,"event_name":"The Cleric","floor":12,"gold_loss":35}],"is_beta":false,"boss_relics":[],"items_purged_floors":[8],"is_endless":false,"potions_floor_spawned":[3,10,11,14],"killed_by":"Hexaghost","ascension_level":17}}