{"host":"dxb4eoww080epc4n","time":1611857974,"event":{"mods":["AchievementEnabler","BaseMod","Better Note","BetterRewards","Colored Powertips","Conspire","Energized Spire","GifTheSpireLib","Gremlin Skip","Hubris","KinomotoSakuraMod(????)","Minty Spire (QoL Compilation)","Permanent Neow","Quick Restart","Rare Cards Sparkle","Relic Sorter","Replay The Spire","Shop Mod","Spikes Relics","StSLib","The Animator"],"gold_per_floor":[117,145,2,2,2,42,42,42,67,94,94,112,112,143,143,143,143],"floor_reached":16,"language":"ENG","playtime":1466,"items_purged":[],"score":116,"play_id":"5444da4c-ee18-460a-b119-1fffa722b615","local_time":"20210128191934","is_ascension_mode":false,"campfire_choices":[{"floor":7,"key":"RECALL"},{"floor":13,"key":"REST"}],"circlet_count":0,"master_deck":["animator:Strike_Fate","animator:Defend_Fate","animator:Strike","animator:Strike","animator:Strike","animator:Defend","animator:Defend","animator:Defend","animator:Alexander","animator:Rider","animator:Entoma","animator:Illya","Regret","animator:Benimaru","animator:Berserker","animator:Berserker","animator:YaoHaDucy+1"],"relics":["animator:LivingPicture","animator:TheMissingPiece","Strange Spoon","Ring of Peace","Ring of Misfortune","Replay:Wax Seal","hubris:Zylophone","WizardHat","hubris:BottledRain"],"acts_visited":["Exordium"],"potions_floor_usage":[],"damage_taken":[{"damage":3,"enemies":"Cultist","floor":1,"turns":5},{"damage":0,"enemies":"conspire:RoseBush","floor":2,"turns":4},{"damage":18,"enemies":"3 Sentries","floor":6,"turns":16},{"damage":17,"enemies":"Gremlin Nob","floor":10,"turns":5},{"damage":0,"enemies":"2 Louse","floor":12,"turns":3},{"damage":38,"enemies":"Lagavulin","floor":14,"turns":7},{"damage":41,"enemies":"The Guardian","floor":16,"turns":5}],"seed_played":"1143677443666696753","potions_obtained":[{"floor":10,"key":"SteroidPotion"},{"floor":12,"key":"BlessingOfTheForge"}],"is_trial":false,"path_per_floor":["M","M","$","?","?","E","R","?","T","E","$","M","R","E","R","B"],"character_chosen":"THE_ANIMATOR","items_purchased":["Strange Spoon"],"campfire_rested":1,"item_purchase_floors":[3],"current_hp_per_floor":[69,69,69,69,69,51,51,51,51,35,35,35,56,18,39,0,0],"gold":143,"neow_bonus":"TEN_PERCENT_HP_BONUS","is_daily":false,"chose_seed":false,"campfire_upgraded":0,"win_rate":0.0,"timestamp":1611857974,"path_taken":["M","M","?","?","?","E","R","?","T","E","$","M","R","E","R","BOSS"],"items_purchased_type":["Relic"],"build_version":"2020-12-22","purchased_purges":0,"victory":false,"max_hp_per_floor":[72,72,72,72,72,72,72,72,72,73,73,73,73,73,73,73,73],"card_choices":[{"not_picked":["animator:CowGirl","animator:GuildGirl"],"picked":"animator:Entoma","floor":1},{"not_picked":["animator:Vanir","animator:Jibril"],"picked":"animator:Illya","floor":2},{"not_picked":["animator:Megumin","animator:Aqua"],"picked":"animator:Benimaru","floor":6},{"not_picked":["animator:Illya","animator:Archer"],"picked":"animator:Berserker","floor":10},{"not_picked":["animator:Shuna","animator:Souei"],"picked":"animator:Berserker","floor":12},{"not_picked":["animator:Evileye","animator:Shiro"],"picked":"animator:YaoHaDucy","floor":14}],"player_experience":167717,"relics_obtained":[{"floor":4,"key":"Ring of Peace"},{"floor":4,"key":"Ring of Misfortune"},{"floor":6,"key":"hubris:Zylophone"},{"floor":10,"key":"WizardHat"},{"floor":14,"key":"hubris:BottledRain"}],"event_choices":[{"damage_healed":0,"gold_gain":0,"player_choice":"Box","damage_taken":0,"relics_obtained":["Replay:Wax Seal"],"max_hp_gain":0,"max_hp_loss":0,"event_name":"Big Fish","floor":5,"gold_loss":0,"cards_obtained":["Regret"]}],"is_beta":false,"boss_relics":[],"items_purged_floors":[],"is_endless":false,"potions_floor_spawned":[10,12],"killed_by":"The Guardian","ascension_level":0}}