{"host":"w2kjv12xyhtt0cv2","time":1611852243,"event":{"mods":["Act Like it!","BaseMod","Colored Map","Friendly Minions","Gensokyo","GifTheSpireLib","Highlight Path","Hubris","Kiyohime（清姬）","Marisa（F雨　魔理沙）","Minty Spire (QoL Compilation)","Quick Restart","Reimu（博丽灵梦）","Relic Stats","Replay The Spire","RumiaBox-露米娅的神秘盒子","Shop Mod","Spicy Shops","StSLib","The Cursed","The Servant 0.9.4","UnlockEverythingMod","Waifu the Spire","[功能]功能增强和修复MOD","vexMod","【功能Mod】Neow奖励","【遗物卡牌】REMEMod","没有小屋子和绿帽子啦"],"gold_per_floor":[113,113,14,14,14,42,58,83,106,137,5,0,27,27,27,27,27],"floor_reached":16,"language":"ZHS","playtime":590,"items_purged":[],"score":216,"play_id":"ad7fbfb0-deef-4b17-b302-6c52e70c28c2","local_time":"20210129004403","is_ascension_mode":true,"campfire_choices":[{"data":"TheCursedMod:CursedStaff","floor":15,"key":"SMITH"}],"circlet_count":0,"master_deck":["TheCursedMod:Strike_TheCursed","TheCursedMod:Strike_TheCursed","TheCursedMod:Strike_TheCursed","TheCursedMod:Strike_TheCursed","TheCursedMod:Defend_TheCursed","TheCursedMod:Defend_TheCursed","TheCursedMod:Defend_TheCursed","TheCursedMod:Defend_TheCursed","TheCursedMod:CursedWand","TheCursedMod:CleanUpWorkshop","TheCursedMod:Dregs","Dark Embrace","Regret","TheCursedMod:CursedStaff+1","TheCursedMod:SpitefulStrike","TheCursedMod:AbyssShockwave","TheCursedMod:SpitefulPray","TheCursedMod:CursedSpellbook","TheCursedMod:SpitefulPlan","TheCursedMod:SurpriseAttack","TheCursedMod:SurpriseAttack"],"relics":["REME_ComplimentaryCards","RedLine:ReiMu","White Beast Statue","hubris:Towel","Juzu Bracelet","Ccalipers","Replay:Rubber Ducky","PreservedInsect","hubris:TenFootPole","Ancient Tea Set","Golden Idol"],"acts_visited":["Exordium"],"potions_floor_usage":[7,8,16],"damage_taken":[{"damage":7.0,"enemies":"Small Slimes","floor":1.0,"turns":6.0},{"damage":22.0,"enemies":"3 Sentries","floor":6.0,"turns":8.0},{"damage":0,"enemies":"Jaw Worm","floor":7,"turns":1},{"damage":29,"enemies":"Gremlin Nob","floor":8,"turns":4},{"damage":4,"enemies":"Lagavulin","floor":10,"turns":7},{"damage":0,"enemies":"Gremlin Nob","floor":13,"turns":2},{"damage":6,"enemies":"Fading Forest","floor":16,"turns":3}],"seed_played":"2016984233143879173","potions_obtained":[{"floor":6.0,"key":"FearPotion"},{"floor":7,"key":"SteroidPotion"},{"floor":8,"key":"GrandPatriotsElixir:ReiMu"},{"floor":10,"key":"ColorlessPotion"},{"floor":13,"key":"Fire Potion"}],"is_trial":false,"path_per_floor":["M","?","$","?","$","E","M","E","T","E","$","?","E","?","R","B"],"character_chosen":"THE_CURSED","items_purchased":["TheCursedMod:CursedStaff","TheCursedMod:SpitefulPlan","TheCursedMod:SurpriseAttack"],"campfire_rested":0,"item_purchase_floors":[3,11,11],"current_hp_per_floor":[61,61,61,61,61,39,39,10,10,6,6,6,6,6,6,0,0],"gold":27,"neow_bonus":"BOSS_RELIC","is_daily":false,"chose_seed":false,"campfire_upgraded":1,"win_rate":0.0,"timestamp":1611852243,"path_taken":["M","?","$","?","$","E","M","E","T","E","$","?","E","?","R","BOSS"],"items_purchased_type":["Card","Card","Card"],"build_version":"2020-12-22","purchased_purges":0,"victory":false,"max_hp_per_floor":[75,75,75,75,75,75,75,75,75,75,75,75,75,69,69,69,69],"relic_stats":{"counters":[7,31],"Golden Idol":0,"PreservedInsect":22,"Juzu Bracelet":1,"obtain_stats":[{"TheCursedMod:BlackMagic101":0,"Ccalipers":8,"Golden Idol":14,"PreservedInsect":10,"Juzu Bracelet":6,"hubris:TenFootPole":12,"hubris:Towel":4,"Ancient Tea Set":13,"White Beast Statue":2,"REME_ComplimentaryCards":0,"RedLine:ReiMu":0,"Replay:Rubber Ducky":9},{"TheCursedMod:BlackMagic101":0,"Ccalipers":4,"Golden Idol":6,"PreservedInsect":5,"Juzu Bracelet":2,"hubris:TenFootPole":5,"hubris:Towel":1,"Ancient Tea Set":6,"White Beast Statue":1,"REME_ComplimentaryCards":0,"RedLine:ReiMu":0,"Replay:Rubber Ducky":4},{"TheCursedMod:BlackMagic101":0,"Ccalipers":19,"Golden Idol":28,"PreservedInsect":26,"Juzu Bracelet":14,"hubris:TenFootPole":26,"hubris:Towel":6,"Ancient Tea Set":28,"White Beast Statue":6,"REME_ComplimentaryCards":0,"RedLine:ReiMu":0,"Replay:Rubber Ducky":19}]},"card_choices":[{"not_picked":["TheCursedMod:CursedShiv","TheCursedMod:CircleOfFlame","TheCursedMod:SmokeScreen"],"picked":"SKIP","floor":1.0},{"not_picked":["TheCursedMod:SaltUponWound","TheCursedMod:SmokeScreen"],"picked":"TheCursedMod:SpitefulStrike","floor":6.0},{"not_picked":["TheCursedMod:CursedAmulet","TheCursedMod:CursedArmor"],"picked":"TheCursedMod:AbyssShockwave","floor":7},{"not_picked":["TheCursedMod:ManaCirculation","TheCursedMod:Wield"],"picked":"TheCursedMod:SpitefulPray","floor":8},{"not_picked":["TheCursedMod:Torture","TheCursedMod:CursedShiv"],"picked":"TheCursedMod:CursedSpellbook","floor":10},{"not_picked":["TheCursedMod:CircleOfFocus","TheCursedMod:DoubleShield","TheCursedMod:FleshFromBone"],"picked":"SKIP","floor":13}],"player_experience":240731,"relics_obtained":[{"floor":6.0,"key":"Juzu Bracelet"},{"floor":8,"key":"Ccalipers"},{"floor":9,"key":"Replay:Rubber Ducky"},{"floor":10,"key":"PreservedInsect"},{"floor":13,"key":"Ancient Tea Set"}],"event_choices":[{"damage_healed":0.0,"max_hp_gain":0.0,"max_hp_loss":0.0,"gold_gain":0.0,"event_name":"Big Fish","player_choice":"Box","floor":2.0,"gold_loss":0.0,"damage_taken":0.0,"relics_obtained":["White Beast Statue"],"cards_obtained":["Regret"]},{"damage_healed":0,"gold_gain":0,"player_choice":"Lose Max HP","damage_taken":0,"relics_obtained":["Golden Idol"],"max_hp_gain":0,"max_hp_loss":6,"event_name":"Golden Idol","floor":14,"gold_loss":0}],"is_beta":false,"boss_relics":[],"items_purged_floors":[],"is_endless":false,"potions_floor_spawned":[6,7,8,10,13],"killed_by":"Fading Forest","ascension_level":9}}