{"host":"dt8tt9y5uobrbn6j","time":1611828959,"event":{"mods":["Act Like it!","BaseMod","Better Third Choice","BetterRewards","Card Forge","Colored Powertips","Conspire","Gensokyo","Mimic Mod","Minty Spire (QoL Compilation)","Quick Restart","Relic Stats","Retaliation","Shop Mod","StSLib","The Bug Knight","The Jungle","[IsaacMod]ÒÔÈö¼âËþ","óô»ðÖ¸ÄÏ"],"gold_per_floor":[113,124,124,135,185,241,256,291,315,340,366,377,412,426,515,589,589,609,609,534,371,371,389,389,404,438,468,482,550,463,483,439,511,511,537,568,568,504,529,589,589,589,589,589,617,648,558,591,591,591,591],"floor_reached":50,"language":"ZHS","playtime":2682,"items_purged":["Strike_P","Defend_P"],"score":2519,"play_id":"4369130b-785d-42b9-92d5-164b918275d7","local_time":"20210128181559","is_ascension_mode":true,"campfire_choices":[{"floor":41.0,"key":"RECALL"}],"circlet_count":0,"master_deck":["AscendersBane","Strike_P+1","Defend_P","Eruption","Vigilance","MentalFortress","Apotheosis","Adaptation","Sanctity","Ragnarok","WheelKick+1","Prostrate","Meditate","LikeWater+1","DevaForm","SignatureMove+1","SpiritShield","Judgement","Secret Technique+1","Adaptation+1","Gensokyo:CustomPotion"],"relics":["PureWater","Hammer of Thor","Seething Fire","Anvil of the Gods","HushsDoor","PokeGo","conspire:TreasureMap","HollowMod:StagPassRelic","Meat on the Bone","MealTicket","TheAbacus","Medical Kit","Matryoshka","Juzu Bracelet","OrangePellets","Membership Card","MerchantsRug","YumHeart","FossilizedHelix","D6","Mummified Hand","Akabeko","Vajra","Omamori","Odd Mushroom","Whetstone","Bag of Marbles","Coffee Dripper","White Beast Statue","Boot","Molten Egg 2","PreservedInsect","Frozen Eye","ChampionBelt","Ornamental Fan","Strawberry","SteamSale","Lizard Tail","Girya","BelialBook","conspire:DeflatedDodgeball","HollowMod:PaleOreRelic","Tiny Chest","BookofShadows","TeardropLocket"],"acts_visited":["Exordium","TheCity","Gensokyo:Gensokyoest"],"potions_floor_usage":[],"damage_taken":[{"damage":0.0,"enemies":"Jaw Worm","floor":1.0,"turns":1.0},{"damage":0.0,"enemies":"Cultist","floor":2.0,"turns":4.0},{"damage":0.0,"enemies":"conspire:RoseBush","floor":4.0,"turns":3.0},{"damage":22.0,"enemies":"Hiden Room Battle","floor":5.0,"turns":2.0},{"damage":15.0,"enemies":"3 Sentries","floor":6.0,"turns":5.0},{"damage":0.0,"enemies":"Lots of Slimes","floor":7.0,"turns":1.0},{"damage":0.0,"enemies":"Lagavulin","floor":8.0,"turns":4.0},{"damage":0.0,"enemies":"The Mushroom Lair","floor":10.0,"turns":2.0},{"damage":0.0,"enemies":"conspire:MimicChest","floor":11.0,"turns":3.0},{"damage":0.0,"enemies":"Large Slime","floor":12.0,"turns":4.0},{"damage":26.0,"enemies":"3 Sentries","floor":13.0,"turns":4.0},{"damage":0.0,"enemies":"Exordium Wildlife","floor":14.0,"turns":1.0},{"damage":8.0,"enemies":"Hexaghost","floor":16.0,"turns":8.0},{"damage":0.0,"enemies":"Spheric Guardian","floor":18.0,"turns":2.0},{"damage":0.0,"enemies":"2 Thieves","floor":23.0,"turns":2.0},{"damage":8.0,"enemies":"conspire:HollyBat","floor":25.0,"turns":4.0},{"damage":0.0,"enemies":"Centurion and Healer","floor":26.0,"turns":6.0},{"damage":0.0,"enemies":"HollowMod:Nosk","floor":27.0,"turns":3.0},{"damage":18.0,"enemies":"Centurion and Healer","floor":28.0,"turns":2.0},{"damage":0.0,"enemies":"Slavers","floor":29.0,"turns":3.0},{"damage":0.0,"enemies":"Shelled Parasite and Fungi","floor":31.0,"turns":2.0},{"damage":0.0,"enemies":"Champ","floor":33.0,"turns":5.0},{"damage":6.0,"enemies":"Gensokyo:Marisa","floor":35.0,"turns":3.0},{"damage":3.0,"enemies":"Gensokyo:Kasen","floor":36.0,"turns":3.0},{"damage":0.0,"enemies":"Gensokyo:Doremy","floor":39.0,"turns":3.0},{"damage":38.0,"enemies":"Gensokyo:Marisa","floor":40.0,"turns":4.0},{"damage":0.0,"enemies":"Gensokyo:Doremy","floor":45.0,"turns":3.0},{"damage":15.0,"enemies":"Gensokyo:Kasen","floor":46.0,"turns":3.0},{"damage":0,"enemies":"Gensokyo:Doremy","floor":48,"turns":3},{"damage":0,"enemies":"Gensokyo:Shinki","floor":50,"turns":18}],"seed_played":"-1035087813007159324","potions_obtained":[{"floor":2.0,"key":"DuplicationPotion"},{"floor":6.0,"key":"Explosive Potion"},{"floor":6.0,"key":"Explosive Potion"},{"floor":7.0,"key":"PowerPotion"},{"floor":18.0,"key":"Weak Potion"},{"floor":26.0,"key":"StancePotion"},{"floor":27.0,"key":"BlessingOfTheForge"},{"floor":29.0,"key":"Explosive Potion"},{"floor":33.0,"key":"SkillPotion"},{"floor":46.0,"key":"Ambrosia"}],"is_trial":false,"path_per_floor":["M","M","?","M","?","E","M","E","T","?","?","M","E","M","R","B",null,"M","?","?","$","?","M","?","M","MIM","E","M","E","$","M","R","B",null,"M","M","?","$","M","E","R","?","T","?","E","M","?","E","R","B"],"character_chosen":"WATCHER","items_purchased":["conspire:TreasureMap","HollowMod:StagPassRelic","Omniscience","Meat on the Bone","MealTicket","TheAbacus","MentalFortress","Medical Kit","Matryoshka","Apotheosis","Juzu Bracelet","OrangePellets","SuicideKing","Membership Card","MerchantsRug","White Beast Statue","WheelKick","Frozen Eye","SignatureMove+1","SteamSale","Lizard Tail","BottledMiracle","Girya","Secret Technique"],"campfire_rested":0,"item_purchase_floors":[0,0,0,0,0,0,0,0,0,0,0,0,0,0,0,21,21,30,32,38,38,38,38,38],"current_hp_per_floor":[31,43,43,43,18,40,40,40,40,40,40,40,26,38,38,42,62,62,62,62,68,49,49,45,37,37,37,31,43,58,58,58,58,69,63,67,67,80,80,42,42,42,42,42,42,39,39,51,51,51,51],"gold":591,"neow_bonus":"","is_daily":false,"chose_seed":false,"campfire_upgraded":0,"win_rate":0.0,"timestamp":1611828959,"path_taken":["M","M","?","M","?","E","M","E","T","?","?","M","E","M","R","BOSS","M","?","?","$","?","M","?","M","MIM","E","M","E","?","M","R","BOSS","M","M","?","$","M","E","R","?","T","?","E","M","?","E","R","BOSS"],"items_purchased_type":["Relic","Relic","Card","Relic","Relic","Relic","Card","Relic","Relic","Card","Relic","Relic","Card","Relic","Relic","Relic","Card","Relic","Card","Relic","Relic","Potion","Relic","Card"],"build_version":"2020-12-22","purchased_purges":2,"victory":false,"max_hp_per_floor":[68,68,68,68,68,68,68,68,68,68,68,68,68,68,68,68,68,68,68,68,68,73,73,73,73,73,73,73,73,73,73,73,73,73,73,80,80,80,80,80,80,80,80,80,80,80,80,80,80,80,80],"relic_stats":{"counters":[65,240],"PreservedInsect":1679,"Juzu Bracelet":4,"Whetstone":["Strike_P","Strike_P"],"Medical Kit":[16],"Boot":[2],"OrangePellets":[32],"Lizard Tail":0,"TheAbacus":[678],"Mummified Hand":[124],"Ornamental Fan":[184],"MealTicket":34,"Tiny Chest":2,"obtain_stats":[{"Ginger":14,"Whetstone":11,"Boot":26,"BFFS":37,"Leech":40,"conspire:GlowingRock":43,"TheBean":10,"MealTicket":21,"Fusion Hammer":25,"TuHaoJin":34,"Kunai":21,"HollowMod:PaleOreRelic":21,"KeepersGift":0,"MerchantsRug":12,"conspire:TreasureMap":0,"BookofShadows":21,"Pear":37,"PunchingBag":37,"Blue Candle":21,"BelialBook":29,"Velvet Choker":40,"Eternal Feather":21,"SteamSale":3,"BloodBag":32,"Akabeko":37,"conspire:BottledYoYo":37,"HushsDoor":0,"StrikeDummy":40,"conspire:Flyswatter":21,"BloodDonationMachine":32,"GuppysTail":28,"Lantern":0,"Regal Pillow":48,"Singing Bowl":0,"GnawedLeaf":37,"StoneCalendar":37,"Bag of Preparation":37,"Ancient Tea Set":37,"Cursed Key":37,"PokeGo":21,"Matryoshka":37,"Chemical X":0,"Potion Belt":0,"Lee\u0027s Waffle":29,"Circlet":46,"Damaru":45,"The Courier":17,"PreservedInsect":21,"Omamori":9,"Seething Fire":0,"GoldenEye":21,"Habit":21,"D4":40,"D6":21,"Busted Crown":21,"TheBible":21,"Ornamental Fan":21,"MagicMushroom":21,"Orrery":31,"Art of War":21,"Bottled Lightning":37,"conspire:DeflatedDodgeball":40,"Toy Ornithopter":0,"Chaos":15,"Calipers":31,"Tiny House":37,"NineVolt":12,"conspire:RoyalGoblet":21,"Gremlin Horn":42,"CeramicFish":6,"Vajra":9,"Hammer of Thor":0,"HollowMod:StagPassRelic":21,"conspire:SeveredTorchhead":21,"Lizard Tail":12,"theJungle:SneckoAutograph":30,"HornCleat":37,"conspire:DecoderRing":12,"Strawberry":37,"Philosopher\u0027s Stone":21,"Prayer Wheel":32,"Toxic Egg 2":37,"conspire:Dentures":25,"Girya":32,"Astrolabe":21,"Dead Branch":5,"BookOfRevelations":23,"Oddly Smooth Stone":37,"conspire:SlowCooker":21,"conspire:Boomerang":40,"Letter Opener":21,"War Paint":37,"Question Card":37,"Du-Vu Doll":37,"OrangePellets":0,"conspire:GiftBox":21,"YumHeart":0,"Anvil of the Gods":0,"Shuriken":21,"Bronze Scales":21,"ForgetMeNow":48,"Molten Egg 2":27,"Black Star":21,"EdensBlessing":21,"Pocketwatch":0,"Meat on the Bone":21,"SacredBark":42,"SharpPlug":21,"Mango":21,"conspire:SpecialSausage":40,"Yang":42,"Incense Burner":21,"Juzu Bracelet":42,"TeardropLocket":48,"PrismaticShard":0,"Empty Cage":21,"conspire:TopHat":21,"ClockworkSouvenir":21,"Frozen Eye":42,"Dream Catcher":29,"TheAbacus":37,"ChampionBelt":37,"Mummified Hand":6,"Pantograph":23,"PillsDrop":37,"Tiny Chest":9,"DoctorsRemote":21,"HollowMod:LifeEnderRelic":21,"Odd Mushroom":10,"Medical Kit":0,"White Beast Statue":37,"Calling Bell":21,"Peace Pipe":21,"Anchor":15,"CaptainsWheel":32,"HolyWater":21,"Bag of Marbles":35,"Coffee Dripper":17,"Membership Card":0,"PureWater":0,"TungstenRod":15,"FossilizedHelix":0},{"Ginger":10,"Whetstone":44,"Boot":52,"BFFS":19,"Leech":27,"conspire:GlowingRock":21,"TheBean":8,"MealTicket":13,"Fusion Hammer":16,"TuHaoJin":18,"Kunai":13,"HollowMod:PaleOreRelic":13,"KeepersGift":0,"MerchantsRug":9,"conspire:TreasureMap":0,"BookofShadows":13,"Pear":19,"PunchingBag":19,"Blue Candle":13,"BelialBook":16,"Velvet Choker":21,"Eternal Feather":13,"SteamSale":3,"BloodBag":17,"Akabeko":19,"conspire:BottledYoYo":19,"HushsDoor":0,"StrikeDummy":21,"conspire:Flyswatter":13,"BloodDonationMachine":17,"GuppysTail":16,"Lantern":0,"Regal Pillow":31,"Singing Bowl":0,"GnawedLeaf":19,"StoneCalendar":19,"Bag of Preparation":19,"Ancient Tea Set":19,"Cursed Key":19,"PokeGo":13,"Matryoshka":19,"Chemical X":0,"Potion Belt":0,"Lee\u0027s Waffle":16,"Circlet":21,"Damaru":29,"The Courier":11,"PreservedInsect":13,"Omamori":42,"Seething Fire":0,"GoldenEye":13,"Habit":13,"D4":21,"D6":13,"Busted Crown":13,"TheBible":13,"Ornamental Fan":13,"MagicMushroom":13,"Orrery":17,"Art of War":13,"Bottled Lightning":19,"conspire:DeflatedDodgeball":61,"Toy Ornithopter":0,"Chaos":10,"Calipers":17,"Tiny House":19,"NineVolt":9,"conspire:RoyalGoblet":13,"Gremlin Horn":21,"CeramicFish":5,"Vajra":42,"Hammer of Thor":0,"HollowMod:StagPassRelic":13,"conspire:SeveredTorchhead":13,"Lizard Tail":9,"theJungle:SneckoAutograph":16,"HornCleat":19,"conspire:DecoderRing":9,"Strawberry":19,"Philosopher\u0027s Stone":13,"Prayer Wheel":17,"Toxic Egg 2":19,"conspire:Dentures":16,"Girya":17,"Astrolabe":13,"Dead Branch":39,"BookOfRevelations":14,"Oddly Smooth Stone":19,"conspire:SlowCooker":13,"conspire:Boomerang":21,"Letter Opener":13,"War Paint":24,"Question Card":19,"Du-Vu Doll":19,"OrangePellets":0,"conspire:GiftBox":13,"YumHeart":35,"Anvil of the Gods":0,"Shuriken":13,"Bronze Scales":13,"ForgetMeNow":22,"Molten Egg 2":53,"Black Star":13,"EdensBlessing":13,"Pocketwatch":0,"Meat on the Bone":13,"SacredBark":21,"SharpPlug":13,"Mango":13,"conspire:SpecialSausage":21,"Yang":21,"Incense Burner":13,"Juzu Bracelet":21,"TeardropLocket":64,"PrismaticShard":0,"Empty Cage":13,"conspire:TopHat":13,"ClockworkSouvenir":13,"Frozen Eye":21,"Dream Catcher":16,"TheAbacus":19,"ChampionBelt":19,"Mummified Hand":40,"Pantograph":14,"PillsDrop":19,"Tiny Chest":7,"DoctorsRemote":13,"HollowMod:LifeEnderRelic":13,"Odd Mushroom":43,"Medical Kit":0,"White Beast Statue":19,"Calling Bell":13,"Peace Pipe":13,"Anchor":10,"CaptainsWheel":17,"HolyWater":13,"Bag of Marbles":23,"Coffee Dripper":48,"Membership Card":0,"PureWater":0,"TungstenRod":10,"FossilizedHelix":35},{"Ginger":38,"Whetstone":154,"Boot":185,"BFFS":71,"Leech":88,"conspire:GlowingRock":76,"TheBean":33,"MealTicket":55,"Fusion Hammer":64,"TuHaoJin":68,"Kunai":55,"HollowMod:PaleOreRelic":55,"KeepersGift":0,"MerchantsRug":36,"conspire:TreasureMap":0,"BookofShadows":55,"Pear":71,"PunchingBag":71,"Blue Candle":55,"BelialBook":64,"Velvet Choker":76,"Eternal Feather":55,"SteamSale":9,"BloodBag":66,"Akabeko":71,"conspire:BottledYoYo":71,"HushsDoor":0,"StrikeDummy":76,"conspire:Flyswatter":55,"BloodDonationMachine":66,"GuppysTail":64,"Lantern":0,"Regal Pillow":94,"Singing Bowl":0,"GnawedLeaf":71,"StoneCalendar":71,"Bag of Preparation":71,"Ancient Tea Set":71,"Cursed Key":71,"PokeGo":55,"Matryoshka":71,"Chemical X":0,"Potion Belt":0,"Lee\u0027s Waffle":64,"Circlet":76,"Damaru":91,"The Courier":43,"PreservedInsect":55,"Omamori":149,"Seething Fire":0,"GoldenEye":55,"Habit":55,"D4":76,"D6":55,"Busted Crown":55,"TheBible":55,"Ornamental Fan":55,"MagicMushroom":55,"Orrery":66,"Art of War":55,"Bottled Lightning":71,"conspire:DeflatedDodgeball":213,"Toy Ornithopter":0,"Chaos":38,"Calipers":66,"Tiny House":71,"NineVolt":36,"conspire:RoyalGoblet":55,"Gremlin Horn":76,"CeramicFish":16,"Vajra":149,"Hammer of Thor":0,"HollowMod:StagPassRelic":55,"conspire:SeveredTorchhead":55,"Lizard Tail":36,"theJungle:SneckoAutograph":64,"HornCleat":71,"conspire:DecoderRing":36,"Strawberry":71,"Philosopher\u0027s Stone":55,"Prayer Wheel":66,"Toxic Egg 2":71,"conspire:Dentures":64,"Girya":66,"Astrolabe":55,"Dead Branch":139,"BookOfRevelations":58,"Oddly Smooth Stone":71,"conspire:SlowCooker":55,"conspire:Boomerang":76,"Letter Opener":55,"War Paint":82,"Question Card":71,"Du-Vu Doll":71,"OrangePellets":0,"conspire:GiftBox":55,"YumHeart":129,"Anvil of the Gods":0,"Shuriken":55,"Bronze Scales":55,"ForgetMeNow":78,"Molten Egg 2":188,"Black Star":55,"EdensBlessing":55,"Pocketwatch":0,"Meat on the Bone":55,"SacredBark":76,"SharpPlug":55,"Mango":55,"conspire:SpecialSausage":76,"Yang":76,"Incense Burner":55,"Juzu Bracelet":76,"TeardropLocket":222,"PrismaticShard":0,"Empty Cage":55,"conspire:TopHat":55,"ClockworkSouvenir":55,"Frozen Eye":76,"Dream Catcher":64,"TheAbacus":71,"ChampionBelt":71,"Mummified Hand":144,"Pantograph":58,"PillsDrop":71,"Tiny Chest":30,"DoctorsRemote":55,"HollowMod:LifeEnderRelic":55,"Odd Mushroom":151,"Medical Kit":0,"White Beast Statue":71,"Calling Bell":55,"Peace Pipe":55,"Anchor":38,"CaptainsWheel":66,"HolyWater":55,"Bag of Marbles":81,"Coffee Dripper":171,"Membership Card":0,"PureWater":0,"TungstenRod":38,"FossilizedHelix":129}],"Meat on the Bone":132},"card_choices":[{"not_picked":[],"picked":"ChaosCard","floor":0.0},{"not_picked":["Prostrate","FollowUp"],"picked":"Bomb","floor":1.0},{"not_picked":["Evaluate","PathToVictory"],"picked":"Adaptation","floor":2.0},{"not_picked":["Prostrate","Evaluate","CutThroughFate"],"picked":"SKIP","floor":4.0},{"not_picked":["CrushJoints","Establishment"],"picked":"Ragnarok","floor":6.0},{"not_picked":["Prostrate","Evaluate","FollowUp"],"picked":"SKIP","floor":7.0},{"not_picked":["EmptyFist","DeceiveReality","Sanctity"],"picked":"SKIP","floor":8.0},{"not_picked":["Study","Consecrate","FlurryOfBlows"],"picked":"SKIP","floor":12.0},{"not_picked":["DeceiveReality","CutThroughFate","SandsOfTime"],"picked":"SKIP","floor":13.0},{"not_picked":["Crescendo","JustLucky","FearNoEvil"],"picked":"SKIP","floor":14.0},{"not_picked":["Protect","BowlingBash","Nirvana+1"],"picked":"SKIP","floor":18.0},{"not_picked":["WindmillStrike","Protect","CutThroughFate"],"picked":"SKIP","floor":23.0},{"not_picked":["Consecrate","ClearTheMind"],"picked":"Prostrate","floor":25.0},{"not_picked":["Nirvana","Consecrate"],"picked":"Meditate","floor":26.0},{"not_picked":["CrushJoints+1","Halt"],"picked":"EmptyMind","floor":27.0},{"not_picked":["Crescendo","CarveReality+1","CutThroughFate+1"],"picked":"SKIP","floor":28.0},{"not_picked":["Protect","EmptyFist+1"],"picked":"LikeWater+1","floor":29.0},{"not_picked":["PathToVictory","BowlingBash+1"],"picked":"DevaForm","floor":31.0},{"not_picked":["LessonLearned+1","Alpha"],"picked":"SpiritShield","floor":33.0},{"not_picked":["Wish","Prostrate"],"picked":"Study+1","floor":35.0},{"not_picked":["FlyingSleeves+1","Crescendo","JustLucky+1"],"picked":"SKIP","floor":36.0},{"not_picked":["Prostrate","Brilliance+1","Meditate"],"picked":"SKIP","floor":39.0},{"not_picked":["Tantrum+1","CrushJoints+1"],"picked":"Adaptation+1","floor":40.0},{"not_picked":["FollowUp+1","EmptyBody","ForeignInfluence"],"picked":"SKIP","floor":40.0},{"not_picked":["WaveOfTheHand","ClearTheMind","Study"],"picked":"SKIP","floor":45.0},{"not_picked":["Brilliance+1","Perseverance","MentalFortress"],"picked":"SKIP","floor":46.0},{"not_picked":["Adaptation","CarveReality+1","Prostrate+1"],"picked":"SKIP","floor":48}],"player_experience":867647,"relics_obtained":[{"floor":5.0,"key":"Dead Branch"},{"floor":5.0,"key":"PillsDrop"},{"floor":6.0,"key":"Mummified Hand"},{"floor":8.0,"key":"Akabeko"},{"floor":9.0,"key":"Vajra"},{"floor":9.0,"key":"Omamori"},{"floor":10.0,"key":"Odd Mushroom"},{"floor":11.0,"key":"Whetstone"},{"floor":13.0,"key":"Bag of Marbles"},{"floor":26.0,"key":"Boot"},{"floor":27.0,"key":"Molten Egg 2"},{"floor":29.0,"key":"PreservedInsect"},{"floor":35.0,"key":"Ornamental Fan"},{"floor":36.0,"key":"Strawberry"},{"floor":39.0,"key":"BelialBook"},{"floor":40.0,"key":"conspire:DeflatedDodgeball"},{"floor":43.0,"key":"HollowMod:PaleOreRelic"},{"floor":45.0,"key":"Tiny Chest"},{"floor":46.0,"key":"BookofShadows"},{"floor":48,"key":"TeardropLocket"}],"event_choices":[{"damage_healed":0.0,"max_hp_gain":0.0,"max_hp_loss":0.0,"gold_gain":0.0,"cards_transformed":["Strike_P"],"event_name":"Transmorgrifier","player_choice":"Transformed","floor":3.0,"gold_loss":0.0,"damage_taken":0.0,"cards_obtained":["Sanctity"]},{"damage_healed":0.0,"max_hp_gain":0.0,"max_hp_loss":0.0,"gold_gain":0.0,"event_name":"HidenRoomEvent","player_choice":"Fight","floor":5.0,"gold_loss":0.0,"damage_taken":0.0},{"damage_healed":0.0,"max_hp_gain":0.0,"max_hp_loss":0.0,"gold_gain":0.0,"event_name":"Mushrooms","player_choice":"Fought Mushrooms","floor":10.0,"gold_loss":0.0,"damage_taken":0.0},{"damage_healed":0.0,"max_hp_gain":0.0,"max_hp_loss":0.0,"gold_gain":0.0,"event_name":"Vampires","player_choice":"Ignored","floor":19.0,"gold_loss":0.0,"damage_taken":0.0},{"cards_removed":["Strike_P"],"damage_healed":0.0,"max_hp_gain":0.0,"max_hp_loss":0.0,"gold_gain":0.0,"event_name":"Beggar","player_choice":"Gave Gold","floor":20.0,"gold_loss":75.0,"damage_taken":0.0},{"damage_healed":0.0,"max_hp_gain":5.0,"max_hp_loss":0.0,"gold_gain":0.0,"event_name":"Forgotten Altar","player_choice":"Shed Blood","floor":22.0,"gold_loss":0.0,"damage_taken":24.0},{"damage_healed":0.0,"max_hp_gain":0.0,"max_hp_loss":0.0,"gold_gain":0.0,"event_name":"The Woman in Blue","player_choice":"Bought 0 Potions","floor":24.0,"gold_loss":0.0,"damage_taken":0.0}],"is_beta":false,"boss_relics":[{"not_picked":["SlaversCollar","Empty Cage"],"picked":"Coffee Dripper"},{"not_picked":[]},{"not_picked":["conspire:RoyalGoblet","Runic Dome"],"picked":"ChampionBelt"},{"not_picked":[]}],"items_purged_floors":[0,15],"is_endless":false,"potions_floor_spawned":[2,6,7,11,12,18,23,25,26,27,28,29,31,33,35,36,39,40,45,46,48],"killed_by":"Gensokyo:Shinki","ascension_level":20}}