{"host":"i29s15dsg0c43zmx","time":1611822981,"event":{"mods":["AchievementEnabler","BaseMod","Colored Map","Minty Spire (QoL Compilation)","StSLib","The Death Knight"],"gold_per_floor":[114,39,39,50,60,135,23,23,23,35,74,99,125,154,166,276,288,314,336,273,285,285],"floor_reached":21,"language":"ENG","playtime":1162,"items_purged":["Strike_B"],"score":181,"play_id":"ef0cbc1c-e588-4b1b-83c0-758e77e0096a","local_time":"20210128093621","is_ascension_mode":false,"campfire_choices":[{"floor":15,"key":"REST"}],"circlet_count":0,"master_deck":["Defend_B","Defend_B","Defend_B","Defend_B","Zap","Cold Snap","Coolheaded","Turbo","Defragment","Blizzard","Storm","Defragment","Fusion","Creative AI"],"relics":["Cracked Core","TungstenRod","FaceOfCleric","MawBank","Regal Pillow","Empty Cage"],"acts_visited":["Exordium","TheCity"],"potions_floor_usage":[14,16,16],"damage_taken":[{"damage":0,"enemies":"2 Louse","floor":1,"turns":1},{"damage":0,"enemies":"Cultist","floor":4,"turns":3},{"damage":3,"enemies":"Jaw Worm","floor":5,"turns":4},{"damage":27,"enemies":"Gremlin Nob","floor":11,"turns":5},{"damage":5,"enemies":"Blue Slaver","floor":12,"turns":4},{"damage":7,"enemies":"Looter","floor":13,"turns":3},{"damage":1,"enemies":"Large Slime","floor":14,"turns":6},{"damage":41,"enemies":"The Guardian","floor":16,"turns":13},{"damage":16,"enemies":"3 Byrds","floor":18,"turns":6},{"damage":20,"enemies":"Shell Parasite","floor":19,"turns":8},{"damage":41,"enemies":"Sentry and Sphere","floor":21,"turns":5}],"seed_played":"-1354958165928106005","potions_obtained":[{"floor":1,"key":"LiquidBronze"},{"floor":11,"key":"SpeedPotion"},{"floor":13,"key":"DistilledChaos"},{"floor":14,"key":"Explosive Potion"},{"floor":16,"key":"FearPotion"}],"is_trial":false,"path_per_floor":["M","$","?","M","M","?","$","T","T","?","E","M","M","M","R","B",null,"M","M","?","M"],"character_chosen":"DEFECT","items_purchased":["Defragment","Blizzard"],"campfire_rested":1,"item_purchase_floors":[7,7],"current_hp_per_floor":[68,68,68,69,67,57,57,57,57,51,25,21,15,15,52,12,75,60,41,41,0,0],"gold":285,"neow_bonus":"ONE_RARE_RELIC","is_daily":false,"chose_seed":false,"campfire_upgraded":0,"win_rate":0.0,"timestamp":1611822981,"path_taken":["M","$","?","M","?","?","?","?","T","?","E","M","M","M","R","BOSS","M","M","?","M"],"items_purchased_type":["Card","Card"],"build_version":"2020-12-22","purchased_purges":1,"victory":false,"max_hp_per_floor":[68,68,68,69,70,70,70,70,70,70,71,72,73,74,74,75,75,76,77,77,77,77],"card_choices":[{"not_picked":["Aggregate","Go for the Eyes"],"picked":"Cold Snap","floor":1},{"not_picked":["Stack","Beam Cell"],"picked":"Coolheaded","floor":4},{"not_picked":["Sunder","Static Discharge"],"picked":"Turbo","floor":5},{"not_picked":["Gash","Coolheaded","Go for the Eyes"],"picked":"SKIP","floor":11},{"not_picked":["Reinforced Body","Turbo"],"picked":"Storm","floor":12},{"not_picked":["Barrage","Cold Snap"],"picked":"Defragment","floor":13},{"not_picked":["Multi-Cast","Conserve Battery"],"picked":"Fusion","floor":14},{"not_picked":["Thunder Strike","Machine Learning"],"picked":"Creative AI","floor":16},{"not_picked":["Go for the Eyes+1","Ball Lightning","Barrage"],"picked":"SKIP","floor":18},{"not_picked":["Skim","Sweeping Beam","Coolheaded"],"picked":"SKIP","floor":19}],"player_experience":93735,"relics_obtained":[{"floor":9,"key":"MawBank"},{"floor":11,"key":"Regal Pillow"}],"event_choices":[{"damage_healed":0,"gold_gain":0,"player_choice":"Trade","damage_taken":0,"relics_obtained":["FaceOfCleric"],"max_hp_gain":0,"max_hp_loss":0,"event_name":"FaceTrader","floor":3,"gold_loss":0},{"damage_healed":0,"gold_gain":75,"player_choice":"Gather Gold","damage_taken":11,"max_hp_gain":0,"max_hp_loss":0,"event_name":"World of Goop","floor":6,"gold_loss":0},{"cards_removed":["Strike_B"],"damage_healed":0,"gold_gain":0,"player_choice":"Card Removal","damage_taken":7,"max_hp_gain":0,"max_hp_loss":0,"event_name":"Golden Wing","floor":10,"gold_loss":0},{"cards_removed":["Dualcast"],"damage_healed":0,"gold_gain":0,"player_choice":"Gave Gold","damage_taken":0,"max_hp_gain":0,"max_hp_loss":0,"event_name":"Beggar","floor":20,"gold_loss":75}],"is_beta":false,"boss_relics":[{"not_picked":["SacredBark","Runic Dome"],"picked":"Empty Cage"}],"items_purged_floors":[2],"is_endless":false,"potions_floor_spawned":[1,11,13,14,16],"killed_by":"Sentry and Sphere","ascension_level":0}}