{"host":"2l3i55whvwk76mom","time":1611870328,"event":{"mods":["BaseMod","Googly Eyes","Hermit","Hubris","Minty Spire (QoL Compilation)","Replay The Spire","StSLib","The Cursed","The Disciple","The Hierophant","The Jungle","The Necromancer"],"gold_per_floor":[114,124,224,178,191,226,226,261,261,261,278,278,278],"floor_reached":12,"language":"ENG","playtime":672,"items_purged":[],"score":97,"play_id":"1e9ab023-524b-417a-9493-36b3b72050c3","local_time":"20210128134528","is_ascension_mode":true,"campfire_choices":[{"data":"Eruption","floor":7,"key":"SMITH"},{"data":"Worship","floor":10,"key":"SMITH"}],"circlet_count":0,"master_deck":["Strike_P","Strike_P","Strike_P","Strike_P","Defend_P","Defend_P","Defend_P","Defend_P","Eruption+1","Vigilance","DevaForm","FollowUp","Replay:DivineShield","FlurryOfBlows","CutThroughFate","Worship+1","Replay:Battleflow+1","EmptyFist"],"relics":["PureWater","Replay:Ringing Soul","Toxic Egg 2","Replay:Bottled Snecko"],"acts_visited":["Exordium"],"potions_floor_usage":[6,8,12],"damage_taken":[{"damage":4,"enemies":"2 Louse","floor":1,"turns":3},{"damage":0,"enemies":"Cultist","floor":2,"turns":2},{"damage":0,"enemies":"Jaw Worm","floor":5,"turns":2},{"damage":21,"enemies":"3 Sentries","floor":6,"turns":7},{"damage":19,"enemies":"Lagavulin","floor":8,"turns":7},{"damage":18,"enemies":"3 Louse","floor":11,"turns":5},{"damage":27,"enemies":"3 Sentries","floor":12,"turns":7}],"seed_played":"-7155624293381146884","potions_obtained":[{"floor":1,"key":"StancePotion"},{"floor":2,"key":"PowerPotion"},{"floor":6,"key":"Venom Potion"}],"is_trial":false,"path_per_floor":["M","M","?","$","M","E","R","E","T","R","M","E"],"character_chosen":"WATCHER","items_purchased":["FlurryOfBlows"],"campfire_rested":0,"item_purchase_floors":[4],"current_hp_per_floor":[68,68,68,68,68,50,50,34,34,34,19,0,0],"gold":278,"neow_bonus":"ONE_RANDOM_RARE_CARD","is_daily":false,"chose_seed":false,"campfire_upgraded":2,"win_rate":0.0,"timestamp":1611870328,"path_taken":["M","M","?","$","M","E","R","E","T","R","M","E"],"items_purchased_type":["Card"],"build_version":"2020-12-22","purchased_purges":0,"victory":false,"max_hp_per_floor":[72,72,72,72,72,75,75,78,78,78,81,81,81],"card_choices":[{"not_picked":["TalkToTheHand","ReachHeaven"],"picked":"FollowUp","floor":1},{"not_picked":["Tantrum","BowlingBash"],"picked":"Replay:DivineShield","floor":2},{"not_picked":["BattleHymn","ReachHeaven"],"picked":"CutThroughFate","floor":5},{"not_picked":["Replay:AllIn","Conclude"],"picked":"Worship","floor":6},{"not_picked":["ThirdEye+1","MentalFortress"],"picked":"Replay:Battleflow+1","floor":8},{"not_picked":["Replay:AtTheReady+1","ClearTheMind+1"],"picked":"EmptyFist","floor":11}],"player_experience":336114,"relics_obtained":[{"floor":6,"key":"Replay:Ringing Soul"},{"floor":8,"key":"Toxic Egg 2"},{"floor":9,"key":"Replay:Bottled Snecko"}],"event_choices":[{"damage_healed":0,"gold_gain":100,"player_choice":"Gold","damage_taken":0,"max_hp_gain":0,"max_hp_loss":0,"event_name":"Wheel of Change","floor":3,"gold_loss":0}],"is_beta":false,"boss_relics":[],"items_purged_floors":[],"is_endless":false,"potions_floor_spawned":[1,2,6],"killed_by":"3 Sentries","ascension_level":2}}