{"host":"nwd160me4iqdtr8u","time":1611842935,"event":{"mods":["AchievementEnabler","Act Like it!","BaseMod","Colored Map","DeckTracker","Minty Spire (QoL Compilation)","Quick Restart","Rare Cards Sparkle","StSLib","SuperFastMode","everything is the same but u backflip on backflip"],"gold_per_floor":[114,125,125,50,61,61,91,103,139,170,198,210,234,264,276,385,397,438,50,68,95,55,55,70,109,135,161,173,193,220,271,271,271,271],"floor_reached":33,"language":"KOR","playtime":1246,"items_purged":["Defend_P"],"score":341,"play_id":"01f7d85f-8da2-422d-86ff-a3c33d9c03b8","local_time":"20210128230855","is_ascension_mode":true,"campfire_choices":[{"data":"Eruption","floor":6.0,"key":"SMITH"},{"floor":8.0,"key":"REST"},{"data":"Prostrate","floor":15.0,"key":"SMITH"},{"data":"Scrawl","floor":23.0,"key":"SMITH"},{"data":"Blasphemy","floor":32,"key":"SMITH"}],"circlet_count":0,"master_deck":["Strike_P","Strike_P","Strike_P","Strike_P","Defend_P+1","Defend_P+1","Defend_P","Eruption+1","Vigilance","FlyingSleeves+1","Halt","FlurryOfBlows","EmptyFist","Vault+1","Prostrate+1","Adaptation","Blasphemy+1","CurseOfTheBell","Pray","FlurryOfBlows+1","Scrawl+1","Wallop+1","Crescendo","Consecrate+1","FollowUp+1","Evaluate"],"relics":["PureWater","Lantern","MawBank","Centennial Puzzle","Torii","Calling Bell","CeramicFish","Singing Bowl","Ice Cream","Molten Egg 2","Bag of Preparation","War Paint","PreservedInsect","Omamori"],"acts_visited":["Exordium","TheCity"],"potions_floor_usage":[25,33,33,33],"damage_taken":[{"damage":0.0,"enemies":"Small Slimes","floor":1.0,"turns":2.0},{"damage":0.0,"enemies":"Jaw Worm","floor":2.0,"turns":2.0},{"damage":0.0,"enemies":"Cultist","floor":5.0,"turns":2.0},{"damage":32.0,"enemies":"Lagavulin","floor":7.0,"turns":7.0},{"damage":0.0,"enemies":"Lots of Slimes","floor":10.0,"turns":2.0},{"damage":14.0,"enemies":"Gremlin Gang","floor":11.0,"turns":3.0},{"damage":1.0,"enemies":"Exordium Thugs","floor":13.0,"turns":2.0},{"damage":1.0,"enemies":"Lots of Slimes","floor":14.0,"turns":3.0},{"damage":24.0,"enemies":"Hexaghost","floor":16.0,"turns":9.0},{"damage":0.0,"enemies":"Spheric Guardian","floor":18.0,"turns":3.0},{"damage":0.0,"enemies":"Chosen","floor":21.0,"turns":2.0},{"damage":1,"enemies":"Shelled Parasite and Fungi","floor":24,"turns":3},{"damage":10,"enemies":"Book of Stabbing","floor":25,"turns":4},{"damage":0,"enemies":"Cultist and Chosen","floor":27,"turns":4},{"damage":2,"enemies":"Centurion and Healer","floor":28,"turns":4},{"damage":12,"enemies":"Sentry and Sphere","floor":29,"turns":4},{"damage":0,"enemies":"Snecko","floor":30,"turns":3},{"damage":43,"enemies":"Collector","floor":33,"turns":5}],"seed_played":"150018199282085363","potions_obtained":[{"floor":5.0,"key":"BlessingOfTheForge"},{"floor":10.0,"key":"Weak Potion"},{"floor":14.0,"key":"PowerPotion"},{"floor":25,"key":"LiquidMemories"},{"floor":29,"key":"FearPotion"},{"floor":30,"key":"Fire Potion"}],"is_trial":false,"path_per_floor":["M","M","?","$","M","R","E","R","T","M","M","?","M","M","R","B",null,"M","$","?","M","$","R","M","E","T","M","M","M","M","T","R","B"],"character_chosen":"WATCHER","items_purchased":["Molten Egg 2","Bag of Preparation","Crescendo"],"campfire_rested":1,"item_purchase_floors":[19,19,22],"current_hp_per_floor":[72,72,58,58,58,58,26,47,47,47,33,33,32,31,31,7,56,56,56,56,56,56,56,55,45,45,45,43,33,33,33,33,0,0],"gold":271,"neow_bonus":"RANDOM_COMMON_RELIC","is_daily":false,"chose_seed":false,"campfire_upgraded":4,"win_rate":0.0,"timestamp":1611842935,"path_taken":["M","M","?","$","M","R","E","R","T","M","M","?","M","M","R","BOSS","M","$","?","M","$","R","M","E","T","?","?","?","M","?","R","BOSS"],"items_purchased_type":["Relic","Relic","Card"],"build_version":"2020-12-22","purchased_purges":1,"victory":false,"max_hp_per_floor":[72,72,72,72,72,72,72,72,72,72,72,72,72,72,72,72,72,72,72,72,72,72,72,72,72,72,72,72,74,74,74,74,74,74],"card_choices":[{"not_picked":["ClearTheMind","LikeWater"],"picked":"FlyingSleeves","floor":1.0},{"not_picked":["CutThroughFate","Prostrate"],"picked":"Halt","floor":2.0},{"not_picked":["Prostrate","Collect"],"picked":"FlurryOfBlows","floor":5.0},{"not_picked":["SashWhip","FlurryOfBlows","FearNoEvil"],"picked":"SKIP","floor":7.0},{"not_picked":["FlyingSleeves","Wallop"],"picked":"EmptyFist","floor":10.0},{"not_picked":["PathToVictory","EmptyFist"],"picked":"Vault","floor":11.0},{"not_picked":["SignatureMove","Nirvana"],"picked":"Prostrate","floor":13.0},{"not_picked":["Worship","Fasting2"],"picked":"Adaptation","floor":14.0},{"not_picked":["Alpha","Ragnarok"],"picked":"Blasphemy","floor":16.0},{"not_picked":["Wallop","BowlingBash"],"picked":"Pray","floor":18.0},{"not_picked":["Perseverance","Wireheading"],"picked":"Wallop+1","floor":21.0},{"not_picked":["DeceiveReality","CutThroughFate+1","Nirvana"],"picked":"SKIP","floor":24},{"not_picked":["EmptyFist+1","MasterReality"],"picked":"Consecrate+1","floor":25},{"not_picked":["SashWhip+1","Pray"],"picked":"FollowUp+1","floor":27},{"not_picked":["FlyingSleeves+1","CrushJoints+1","Protect"],"picked":"SKIP","floor":28},{"not_picked":["FlurryOfBlows+1","SignatureMove+1","WindmillStrike+1"],"picked":"Singing Bowl","floor":29},{"not_picked":["EmptyFist+1","FlyingSleeves+1"],"picked":"Evaluate","floor":30}],"player_experience":280929,"relics_obtained":[{"floor":7.0,"key":"MawBank"},{"floor":9.0,"key":"Centennial Puzzle"},{"floor":17.0,"key":"CeramicFish"},{"floor":17.0,"key":"Singing Bowl"},{"floor":17.0,"key":"Ice Cream"},{"floor":25,"key":"War Paint"},{"floor":26,"key":"PreservedInsect"},{"floor":31,"key":"Omamori"}],"event_choices":[{"damage_healed":0.0,"max_hp_gain":0.0,"max_hp_loss":0.0,"gold_gain":0.0,"event_name":"Shining Light","player_choice":"Entered Light","floor":3.0,"gold_loss":0.0,"damage_taken":14.0,"cards_upgraded":["Defend_P","FlyingSleeves"]},{"damage_healed":0.0,"max_hp_gain":0.0,"max_hp_loss":0.0,"gold_gain":0.0,"event_name":"Dead Adventurer","player_choice":"Searched \u00271\u0027 times","floor":12.0,"gold_loss":0.0,"damage_taken":0.0,"relics_obtained":["Torii"]},{"damage_healed":0.0,"max_hp_gain":0.0,"max_hp_loss":0.0,"gold_gain":0.0,"event_name":"Match and Keep!","player_choice":"2 cards matched","floor":20.0,"gold_loss":0.0,"damage_taken":0.0,"cards_obtained":["FlurryOfBlows","Scrawl"]}],"is_beta":false,"boss_relics":[{"not_picked":["Sozu","VioletLotus"],"picked":"Calling Bell"}],"items_purged_floors":[4],"is_endless":false,"potions_floor_spawned":[5,10,14,25,29,30],"killed_by":"Collector","ascension_level":5}}