{"host":"4nqeo0vu1vuav7gg","time":1611853435,"event":{"mods":["AchievementEnabler","BaseMod","Block Reminder","Colored Map","Colored Powertips","Highlight Path","Minty Spire (QoL Compilation)","Quick Restart","Rare Cards Sparkle","Relic Relevance Reorder","StSLib"],"gold_per_floor":[114,114,114,133,133,162,162,64,64,64,83,95,106,181,181,260,260,276,276,276,276],"floor_reached":20,"language":"ENG","playtime":464,"items_purged":[],"score":384,"play_id":"2e49c8ea-34e1-4c15-8cff-12f9ed0c3181","local_time":"20210128180355","is_ascension_mode":true,"campfire_choices":[{"data":"Zap","floor":7,"key":"SMITH"},{"data":"Dualcast","floor":10,"key":"SMITH"},{"data":"Streamline","floor":15,"key":"SMITH"}],"circlet_count":0,"master_deck":["AscendersBane","Strike_B","Strike_B","Strike_B","Defend_B","Defend_B","Defend_B","Defend_B","Zap+1","Dualcast+1","Ball Lightning","White Noise+1","Doom and Gloom","Static Discharge","Go for the Eyes","Redo","Streamline+1","FTL","Seek","CurseOfTheBell"],"relics":["Cracked Core","Torii","Emotion Chip","NeowsBlessing","Singing Bowl","Juzu Bracelet","Tiny Chest","Calling Bell"],"acts_visited":["Exordium","TheCity"],"potions_floor_usage":[13,16,20],"damage_taken":[{"damage":0,"enemies":"Small Slimes","floor":1,"turns":1},{"damage":0,"enemies":"Cultist","floor":4,"turns":1},{"damage":0,"enemies":"Gremlin Nob","floor":6,"turns":1},{"damage":1,"enemies":"Jaw Worm","floor":11,"turns":2},{"damage":7,"enemies":"3 Louse","floor":12,"turns":3},{"damage":0,"enemies":"2 Fungi Beasts","floor":13,"turns":2},{"damage":15,"enemies":"Slime Boss","floor":16,"turns":6},{"damage":23,"enemies":"Spheric Guardian","floor":18,"turns":4},{"damage":52,"enemies":"Masked Bandits","floor":20,"turns":3}],"seed_played":"2052155869008675009","potions_obtained":[{"floor":4,"key":"Swift Potion"},{"floor":12,"key":"BlessingOfTheForge"},{"floor":18,"key":"Dexterity Potion"}],"is_trial":false,"path_per_floor":["M","?","?","M","?","E","R","$","T","R","M","M","M","?","R","B",null,"M","?","?"],"character_chosen":"DEFECT","items_purchased":["Static Discharge","Go for the Eyes"],"campfire_rested":0,"item_purchase_floors":[8,8],"current_hp_per_floor":[64,64,64,64,64,64,64,64,64,64,63,56,56,45,45,30,61,40,40,0,0],"gold":276,"neow_bonus":"THREE_ENEMY_KILL","is_daily":false,"chose_seed":false,"campfire_upgraded":3,"win_rate":0.0,"timestamp":1611853435,"path_taken":["M","?","?","?","?","E","R","$","T","R","M","M","M","?","R","BOSS","M","?","?"],"items_purchased_type":["Card","Card"],"build_version":"2020-12-22","purchased_purges":0,"victory":false,"max_hp_per_floor":[71,71,71,71,71,71,71,71,71,71,71,71,71,71,71,71,71,73,73,73,73],"card_choices":[{"not_picked":["Undo","Conserve Battery"],"picked":"Ball Lightning","floor":1},{"not_picked":["Steam","Coolheaded"],"picked":"White Noise","floor":4},{"not_picked":["Reprogram","Beam Cell"],"picked":"Doom and Gloom","floor":6},{"not_picked":["Leap","Compile Driver"],"picked":"Redo","floor":11},{"not_picked":["Stack","Scrape"],"picked":"Streamline","floor":12},{"not_picked":["Coolheaded","Streamline"],"picked":"FTL","floor":13},{"not_picked":["Core Surge","Reboot"],"picked":"Seek","floor":16},{"not_picked":["Sweeping Beam","Gash","Turbo"],"picked":"Singing Bowl","floor":18}],"player_experience":1078551,"relics_obtained":[{"floor":6,"key":"Juzu Bracelet"},{"floor":9,"key":"Torii"},{"floor":17,"key":"Tiny Chest"},{"floor":17,"key":"Singing Bowl"},{"floor":17,"key":"Emotion Chip"}],"event_choices":[{"damage_healed":0,"gold_gain":0,"player_choice":"Ignored","damage_taken":0,"max_hp_gain":0,"max_hp_loss":0,"event_name":"Shining Light","floor":2,"gold_loss":0},{"cards_removed":["Strike_B"],"damage_healed":0,"gold_gain":0,"player_choice":"Offered Basic","damage_taken":0,"max_hp_gain":0,"max_hp_loss":0,"event_name":"Bonfire Elementals","floor":3,"gold_loss":0},{"damage_healed":0,"gold_gain":0,"player_choice":"Grow","damage_taken":0,"max_hp_gain":0,"max_hp_loss":0,"event_name":"Living Wall","floor":5,"gold_loss":0,"cards_upgraded":["White Noise"]},{"damage_healed":0,"gold_gain":75,"player_choice":"Gather Gold","damage_taken":11,"max_hp_gain":0,"max_hp_loss":0,"event_name":"World of Goop","floor":14,"gold_loss":0},{"damage_healed":0,"gold_gain":0,"player_choice":"Ignored","damage_taken":0,"max_hp_gain":0,"max_hp_loss":0,"event_name":"Beggar","floor":19,"gold_loss":0},{"damage_healed":0,"gold_gain":0,"player_choice":"Fought Bandits","damage_taken":0,"max_hp_gain":0,"max_hp_loss":0,"event_name":"Masked Bandits","floor":20,"gold_loss":0}],"is_beta":false,"boss_relics":[{"not_picked":["SacredBark","Fusion Hammer"],"picked":"Calling Bell"}],"items_purged_floors":[],"is_endless":false,"potions_floor_spawned":[4,12,18],"killed_by":"Masked Bandits","ascension_level":19}}