{"host":"3zb3nk4wvq0dtbuh","time":1611841595,"event":{"mods":["AchievementEnabler","BaseMod","Lobotomy","Minty Spire (QoL Compilation)","Quick Restart","Relic Filter Mod","StSLib","SuperFastMode","The Blackbeard"],"gold_per_floor":[16,16,32,32,43,43,43,77,126,136,147,166,84,102,102,204,204,215,215,229,229,249,249,249,249,249,348,11,28,28,28,28,127,127,137,137,0,0,10,10,20,20,65,65,65,76,94,94,94,94,94,94,94,125,125],"floor_reached":56,"language":"ZHS","playtime":1125,"items_purged":["Defend_G+1"],"score":1222,"play_id":"aaddaa46-f9f1-40ef-97e2-ea0e2ad480a4","local_time":"20210128214635","is_ascension_mode":false,"campfire_choices":[{"data":"Deadly Poison","floor":6.0,"key":"SMITH"},{"data":"Catalyst","floor":15.0,"key":"SMITH"},{"data":"Crippling Poison","floor":23.0,"key":"SMITH"},{"data":"Dodge and Roll","floor":25.0,"key":"SMITH"},{"data":"Well Laid Plans","floor":30.0,"key":"SMITH"},{"floor":32.0,"key":"REST"},{"data":"Adrenaline","floor":40.0,"key":"SMITH"},{"data":"Backflip","floor":42.0,"key":"SMITH"},{"floor":45.0,"key":"RECALL"},{"floor":49.0,"key":"REST"},{"data":"Prepared","floor":52.0,"key":"SMITH"}],"circlet_count":0,"master_deck":["Strike_G+1","Strike_G+1","Defend_G+1","Defend_G+1","Defend_G+1","Survivor+1","Neutralize","The Bomb+1","Escape Plan","Prepared+1","Deadly Poison+1","Deadly Poison","Dagger Throw","Unload","Catalyst+1","Crippling Poison+1","Escape Plan","Venomology","Choke+1","Eviscerate+1","Bullet Time+1","Backflip+1","Necronomicurse","Dodge and Roll+1","Well Laid Plans+1","Escape Plan","Adrenaline+1","CurseOfTheBell","Bullet Time","Prepared+1","Concentrate"],"relics":["Ring of the Snake","FaceOfCleric","Boot","War Paint","Astrolabe","Necronomicon","Nunchaku","Blue Candle","Pantograph","CaptainsWheel","Calling Bell","PreservedInsect","Gremlin Horn","Peace Pipe","Red Mask","Vajra"],"acts_visited":["Exordium","TheCity","TheBeyond","TheEnding"],"potions_floor_usage":[55,55],"damage_taken":[{"damage":2.0,"enemies":"Small Slimes","floor":1.0,"turns":4.0},{"damage":0.0,"enemies":"2 Louse","floor":3.0,"turns":3.0},{"damage":7.0,"enemies":"Cultist","floor":5.0,"turns":5.0},{"damage":27.0,"enemies":"Gremlin Nob","floor":8.0,"turns":4.0},{"damage":9.0,"enemies":"Exordium Thugs","floor":10.0,"turns":6.0},{"damage":1.0,"enemies":"2 Fungi Beasts","floor":11.0,"turns":3.0},{"damage":0.0,"enemies":"Blue Slaver","floor":12.0,"turns":3.0},{"damage":5.0,"enemies":"Lots of Slimes","floor":14.0,"turns":3.0},{"damage":17.0,"enemies":"The Guardian","floor":16.0,"turns":9.0},{"damage":5.0,"enemies":"3 Byrds","floor":18.0,"turns":4.0},{"damage":5.0,"enemies":"Shell Parasite","floor":20.0,"turns":4.0},{"damage":15.0,"enemies":"Snake Plant","floor":22.0,"turns":3.0},{"damage":10.0,"enemies":"Cultist and Chosen","floor":29.0,"turns":5.0},{"damage":7.0,"enemies":"Collector","floor":33.0,"turns":6.0},{"damage":21.0,"enemies":"3 Shapes","floor":35.0,"turns":3.0},{"damage":0.0,"enemies":"Orb Walker","floor":39.0,"turns":2.0},{"damage":23.0,"enemies":"Spire Growth","floor":41.0,"turns":5.0},{"damage":29.0,"enemies":"3 Darklings","floor":46.0,"turns":3.0},{"damage":0.0,"enemies":"Sphere and 2 Shapes","floor":47.0,"turns":4.0},{"damage":55.0,"enemies":"Donu and Deca","floor":50.0,"turns":6.0},{"damage":47,"enemies":"Shield and Spear","floor":54,"turns":8},{"damage":170,"enemies":"The Heart","floor":55,"turns":10}],"seed_played":"-5444733118214924988","potions_obtained":[{"floor":5.0,"key":"GamblersBrew"},{"floor":8.0,"key":"ColorlessPotion"},{"floor":10.0,"key":"DistilledChaos"},{"floor":16.0,"key":"Fruit Juice"},{"floor":22.0,"key":"Explosive Potion"},{"floor":35.0,"key":"Fruit Juice"},{"floor":47.0,"key":"Poison Potion"}],"is_trial":false,"path_per_floor":["M","?","M","?","M","R","?","E","T","M","M","M","$","M","R","B",null,"M","?","M","?","M","R","?","R","T","?","$","M","R","?","R","B",null,"M","?","?","?","M","R","M","R","T","?","R","M","M","?","R","B",null,"R","$","E","B",null],"character_chosen":"THE_SILENT","items_purchased":["Crippling Poison","Pantograph"],"campfire_rested":2,"item_purchase_floors":[13,28],"current_hp_per_floor":[68,68,68,73,66,66,66,40,40,32,32,33,33,29,29,18,86,82,66,62,62,48,48,48,48,48,48,48,39,39,30,57,76,91,76,76,76,76,77,77,55,55,55,55,55,27,28,18,48,19,102,102,102,103,104],"gold":125,"neow_bonus":"RANDOM_COLORLESS_2","is_daily":false,"chose_seed":false,"campfire_upgraded":8,"win_rate":0.0,"timestamp":1611841595,"path_taken":["M","?","M","?","M","R","?","E","T","M","?","M","?","M","R","BOSS","M","?","M","?","?","R","?","R","T","?","$","M","R","?","R","BOSS","M","?","?","?","M","R","?","R","T","?","R","M","?","?","R","BOSS","R","$","E","BOSS"],"items_purchased_type":["Card","Relic"],"build_version":"2020-12-22","purchased_purges":1,"victory":true,"max_hp_per_floor":[70,70,70,75,75,75,75,76,76,77,78,79,79,80,80,86,86,87,87,88,88,89,89,89,89,89,89,89,90,90,90,90,91,91,97,97,97,97,98,98,99,99,99,99,99,100,101,101,101,102,102,102,102,103,104],"card_choices":[{"not_picked":["Mayhem","Magnetism"],"picked":"The Bomb","floor":0.0},{"not_picked":["Bane","Eviscerate"],"picked":"Escape Plan","floor":1.0},{"not_picked":["Acrobatics","Cloak And Dagger"],"picked":"Prepared","floor":3.0},{"not_picked":["Eviscerate","Flying Knee"],"picked":"Deadly Poison","floor":5.0},{"not_picked":["Poisoned Stab","Skewer"],"picked":"Deadly Poison","floor":8.0},{"not_picked":["Finisher","Riddle With Holes"],"picked":"Dagger Throw","floor":10.0},{"not_picked":["Prepared","Deflect"],"picked":"Unload","floor":11.0},{"not_picked":["Backflip","Prepared"],"picked":"Catalyst","floor":12.0},{"not_picked":["Slice","Underhanded Strike"],"picked":"Escape Plan","floor":14.0},{"not_picked":["Unload","Grand Finale"],"picked":"Venomology","floor":16.0},{"not_picked":["Dagger Throw","Underhanded Strike+1"],"picked":"Backflip","floor":18.0},{"not_picked":["Slice","Deadly Poison+1"],"picked":"Dodge and Roll","floor":20.0},{"not_picked":["Leg Sweep+1","Deflect"],"picked":"Well Laid Plans","floor":22.0},{"not_picked":["Blade Dance+1","Accuracy"],"picked":"Escape Plan","floor":29.0},{"not_picked":["Glass Knife","Envenom"],"picked":"Adrenaline","floor":33.0},{"not_picked":["Flying Knee+1","Dodge and Roll","Flechettes+1"],"picked":"SKIP","floor":35.0},{"not_picked":["Blade Dance","Deflect","Venomology"],"picked":"SKIP","floor":39.0},{"not_picked":["Infinite Blades","Terror","Masterful Stab"],"picked":"SKIP","floor":41.0},{"not_picked":["Slice+1","Setup+1","Finisher"],"picked":"SKIP","floor":46.0},{"not_picked":["Choke","Flechettes+1"],"picked":"Prepared+1","floor":47.0},{"not_picked":["PiercingWail","Dagger Spray"],"picked":"Concentrate","floor":54}],"player_experience":42320,"relics_obtained":[{"floor":8.0,"key":"Boot"},{"floor":9.0,"key":"War Paint"},{"floor":19.0,"key":"Necronomicon"},{"floor":26.0,"key":"Blue Candle"},{"floor":34.0,"key":"PreservedInsect"},{"floor":34.0,"key":"Gremlin Horn"},{"floor":34.0,"key":"Peace Pipe"},{"floor":54,"key":"Vajra"}],"event_choices":[{"damage_healed":0.0,"max_hp_gain":0.0,"max_hp_loss":0.0,"gold_gain":0.0,"event_name":"Living Wall","player_choice":"Grow","floor":2.0,"gold_loss":0.0,"damage_taken":0.0,"cards_upgraded":["The Bomb"]},{"damage_healed":0.0,"max_hp_gain":5.0,"max_hp_loss":0.0,"gold_gain":0.0,"event_name":"Big Fish","player_choice":"Donut","floor":4.0,"gold_loss":0.0,"damage_taken":0.0},{"damage_healed":0.0,"max_hp_gain":0.0,"max_hp_loss":0.0,"gold_gain":0.0,"event_name":"FaceTrader","player_choice":"Trade","floor":7.0,"gold_loss":0.0,"damage_taken":0.0,"relics_obtained":["FaceOfCleric"]},{"damage_healed":0.0,"max_hp_gain":0.0,"max_hp_loss":0.0,"gold_gain":0.0,"event_name":"Cursed Tome","player_choice":"Obtained Book","floor":19.0,"gold_loss":0.0,"damage_taken":16.0},{"damage_healed":0.0,"max_hp_gain":0.0,"max_hp_loss":0.0,"gold_gain":0.0,"event_name":"WeMeetAgain","player_choice":"Gave Potion","floor":21.0,"gold_loss":0.0,"damage_taken":0.0,"relics_obtained":["Nunchaku"]},{"damage_healed":0.0,"max_hp_gain":0.0,"max_hp_loss":0.0,"gold_gain":0.0,"event_name":"Back to Basics","player_choice":"Simplicity","floor":24.0,"gold_loss":0.0,"damage_taken":0.0,"cards_upgraded":["Strike_G","Strike_G","Defend_G","Defend_G","Defend_G","Defend_G"]},{"damage_healed":0.0,"max_hp_gain":0.0,"max_hp_loss":0.0,"gold_gain":99.0,"event_name":"Nest","player_choice":"Stole From Cult","floor":27.0,"gold_loss":0.0,"damage_taken":0.0},{"damage_healed":0.0,"max_hp_gain":0.0,"max_hp_loss":0.0,"gold_gain":0.0,"event_name":"blackbeard:ShipwreckEvent","player_choice":"CaptainsWheel","floor":31.0,"gold_loss":0.0,"damage_taken":0.0,"relics_obtained":["CaptainsWheel"]},{"damage_healed":0.0,"max_hp_gain":0.0,"max_hp_loss":0.0,"gold_gain":0.0,"event_name":"Mysterious Sphere","player_choice":"Ignored","floor":36.0,"gold_loss":0.0,"damage_taken":0.0},{"damage_healed":0.0,"max_hp_gain":0.0,"max_hp_loss":0.0,"gold_gain":0.0,"event_name":"Tomb of Lord Red Mask","player_choice":"Paid","floor":37.0,"gold_loss":137.0,"damage_taken":0.0,"relics_obtained":["Red Mask"]},{"damage_healed":0.0,"max_hp_gain":0.0,"max_hp_loss":0.0,"gold_gain":0.0,"cards_transformed":["Defend_G"],"event_name":"Transmorgrifier","player_choice":"Transformed","floor":38.0,"gold_loss":0.0,"damage_taken":0.0,"cards_obtained":["Bullet Time"]},{"damage_healed":0.0,"max_hp_gain":0.0,"max_hp_loss":0.0,"gold_gain":0.0,"event_name":"SecretPortal","player_choice":"Ignored","floor":44.0,"gold_loss":0.0,"damage_taken":0.0},{"damage_healed":0.0,"max_hp_gain":0.0,"max_hp_loss":0.0,"gold_gain":0.0,"event_name":"Wheel of Change","player_choice":"Damaged","floor":48.0,"gold_loss":0.0,"damage_taken":10.0}],"is_beta":false,"boss_relics":[{"not_picked":["Pandora\u0027s Box","Busted Crown"],"picked":"Astrolabe"},{"not_picked":["Black Star","Fusion Hammer"],"picked":"Calling Bell"}],"items_purged_floors":[28],"is_endless":false,"potions_floor_spawned":[5,8,10,16,20,22,35,47],"ascension_level":0}}