{"host":"hfxahm4y1ssattqc","time":1611858541,"event":{"mods":["2.2 Compatiblity","Act Like it!","Aspiration","BaseMod","Beaked The Cultist","Better Third Choice","BetterRewards","Colored Map","Colored Powertips","Custom Start","Googly Eyes","Halation","Hallownest","Hermit","Highlight Path","Hubris","Mimic Mod","Minty Spire (QoL Compilation)","Reorder Act Four","Replay The Spire","Shop Mod","Spikes Relics","StSLib","The Bug Knight","The IronCluck","The Jungle","Unknown Chances","slay the spire mod where everything is the same but ironclad has a cowboy hat"],"gold_per_floor":[110,76,0,17,17,17,33,49,85,110,80,97,114,97,97,192,192,206,116,132,132,151,151,181,181,181,181,135,152,152,239,239,239,239],"floor_reached":33,"language":"ENG","playtime":2071,"items_purged":[],"score":292,"play_id":"6f9a2014-77b5-4645-b0dc-3455c1996d11","local_time":"20210128102901","is_ascension_mode":false,"campfire_choices":[{"data":"Enlightenment","floor":6.0,"key":"SMITH"},{"floor":15,"key":"RECALL"},{"data":"beaked:CrazyRituals","floor":23,"key":"SMITH"},{"data":"beaked:CrazyRituals","floor":25,"key":"SMITH"},{"data":"beaked:CrazyRituals","floor":27,"key":"SMITH"},{"data":"beaked:CrazyRituals","floor":30,"key":"SMITH"},{"data":"beaked:CrazyRituals","floor":32,"key":"SMITH"}],"circlet_count":0,"master_deck":["beaked:Strike_Y","beaked:Strike_Y","beaked:Strike_Y","beaked:Strike_Y","beaked:Strike_Y","beaked:Strike_Y","beaked:Defend_Y","beaked:Defend_Y","beaked:Defend_Y","beaked:Defend_Y","beaked:Ceremony","beaked:CrazyRituals+1","beaked:CrazyRituals+1","beaked:CrazyRituals+1","beaked:CrazyRituals+1","Enlightenment+1","beaked:ScreechingChant","beaked:Brace","beaked:CursingBlood","beaked:CursingBlood","beaked:CrazyRituals+1","beaked:AwakenedForm","beaked:Foresight","beaked:MimicMachine+1","beaked:Insight","ReplayTheSpireMod:Splinters"],"relics":["beaked:MendingPlumage","ReplayTheSpireMod:TigerMarble","aspiration:FrozenJewel","SacredBark","Prayer Wheel","Bronze Scales","Boot","Art of War"],"acts_visited":["Exordium","TheCity"],"potions_floor_usage":[16,16,16,33,33],"damage_taken":[{"damage":1.0,"enemies":"Jaw Worm","floor":1.0,"turns":4.0},{"damage":10.0,"enemies":"Cultist","floor":4.0,"turns":6.0},{"damage":5.0,"enemies":"Small Slimes","floor":7.0,"turns":4.0},{"damage":23.0,"enemies":"Exordium Wildlife","floor":8.0,"turns":7.0},{"damage":9.0,"enemies":"Looter","floor":9.0,"turns":5.0},{"damage":35.0,"enemies":"Gremlin Nob","floor":10.0,"turns":6.0},{"damage":9.0,"enemies":"Looter","floor":11.0,"turns":4.0},{"damage":11.0,"enemies":"2 Fungi Beasts","floor":12.0,"turns":5.0},{"damage":24.0,"enemies":"3 Louse","floor":13.0,"turns":4.0},{"damage":18,"enemies":"Exordium Thugs","floor":14,"turns":5},{"damage":28,"enemies":"Hexaghost","floor":16,"turns":7},{"damage":33,"enemies":"3 Byrds","floor":18,"turns":6},{"damage":37,"enemies":"2 Thieves","floor":19,"turns":5},{"damage":32,"enemies":"Snake Plant","floor":20,"turns":7},{"damage":38,"enemies":"Centurion and Healer","floor":22,"turns":10},{"damage":18,"enemies":"Book of Stabbing","floor":24,"turns":7},{"damage":56,"enemies":"Cultist and Chosen","floor":29,"turns":7},{"damage":54,"enemies":"Automaton","floor":33,"turns":6}],"seed_played":"-2918733800144488494","potions_obtained":[{"floor":4.0,"key":"Adrenaline Potion"},{"floor":7.0,"key":"ColorlessPotion"},{"floor":8.0,"key":"LiquidBronze"},{"floor":16,"key":"SkillPotion"},{"floor":22,"key":"Elixir"},{"floor":29,"key":"AttackPotion"}],"is_trial":false,"path_per_floor":["M","$","?","M","?","R","M","M","MIM","E","M","M","M","M","R","B",null,"M","M","M","$","M","R","E","R","T","R","$","M","R","?","R","B"],"character_chosen":"BEAKED_THE_CULTIST","items_purchased":["beaked:CrazyRituals","beaked:Insight"],"campfire_rested":0,"item_purchase_floors":[2,28],"current_hp_per_floor":[50,50,56,56,56,56,52,54,52,52,55,56,48,49,49,59,59,52,37,52,52,58,58,59,59,59,59,59,30,30,30,30,0,0],"gold":239,"neow_bonus":"RANDOM_COMMON_RELIC","is_daily":false,"chose_seed":false,"campfire_upgraded":6,"win_rate":0.0,"timestamp":1611858541,"path_taken":["M","$","?","M","?","R","M","?","MIM","E","M","M","M","M","R","BOSS","M","M","M","$","M","R","E","R","T","R","?","M","R","?","R","BOSS"],"items_purchased_type":["Card","Card"],"build_version":"2020-12-22","purchased_purges":0,"victory":false,"max_hp_per_floor":[50,50,56,56,56,56,56,56,56,56,56,56,56,59,59,59,59,59,59,59,59,59,59,59,59,59,59,59,59,59,59,59,61,61],"card_choices":[{"not_picked":["beaked:Foresight","beaked:Cower"],"picked":"beaked:CrazyRituals","floor":1.0},{"not_picked":["beaked:Evade","ReplayTheSpireMod:RavenHex","ReplayTheSpireMod:Prepare the Ceremony"],"picked":"SKIP","floor":4.0},{"not_picked":["beaked:BraceForImpact","beaked:SacrificialScars"],"picked":"beaked:Brace","floor":7.0},{"not_picked":["beaked:SurvivalInstinct","beaked:WarriorEssence","beaked:Daydream"],"picked":"SKIP","floor":8.0},{"not_picked":["beaked:SurvivalInstinct","beaked:WarriorEssence","beaked:Daydream"],"picked":"SKIP","floor":8.0},{"not_picked":["beaked:FeelMyPain","beaked:Brace"],"picked":"beaked:CursingBlood","floor":9.0},{"not_picked":["beaked:WindBringer","beaked:Evade","beaked:Mantra"],"picked":"SKIP","floor":10.0},{"not_picked":["beaked:Pecker","beaked:Recite"],"picked":"beaked:CursingBlood","floor":11.0},{"not_picked":["beaked:TuckingFeathers","beaked:Tradeoff","beaked:DarkPact"],"picked":"SKIP","floor":12.0},{"not_picked":["beaked:Daydream","beaked:Cower"],"picked":"beaked:CrazyRituals","floor":13.0},{"not_picked":["beaked:Evade","beaked:DigDeep","beaked:StickSmack"],"picked":"SKIP","floor":14},{"not_picked":["beaked:FakeOut","beaked:LiftOff"],"picked":"beaked:AwakenedForm","floor":16},{"not_picked":["beaked:TuckingFeathers","beaked:FeelMyPain","beaked:Foresight"],"picked":"SKIP","floor":18},{"not_picked":["beaked:TuckingFeathers","beaked:BraceForImpact"],"picked":"beaked:Foresight","floor":19},{"not_picked":["beaked:Daydream+1","beaked:StunningBlow","ReplayTheSpireMod:Wings of Steel"],"picked":"SKIP","floor":20},{"not_picked":["beaked:Windmill","beaked:KnowThyFoe"],"picked":"beaked:MimicMachine+1","floor":22},{"not_picked":["beaked:Overexert","beaked:Mantra","ReplayTheSpireMod:Wings of Steel"],"picked":"SKIP","floor":22},{"not_picked":["beaked:Struggle","ReplayTheSpireMod:Prepare the Ceremony","beaked:Negation"],"picked":"SKIP","floor":24},{"not_picked":["beaked:Flinch","beaked:DesperateSwing","beaked:Insight"],"picked":"SKIP","floor":29},{"not_picked":["beaked:Windmill","beaked:Struggle","beaked:DesperateSwing"],"picked":"SKIP","floor":29}],"player_experience":942448,"relics_obtained":[{"floor":10.0,"key":"aspiration:FrozenJewel"},{"floor":24,"key":"Bronze Scales"},{"floor":26,"key":"Boot"},{"floor":31,"key":"Art of War"}],"event_choices":[{"damage_healed":0.0,"max_hp_gain":0.0,"max_hp_loss":0.0,"gold_gain":0.0,"event_name":"betterThird:BetterSerpent","player_choice":"RENOUNCE","floor":3.0,"gold_loss":76.0,"damage_taken":76.0,"cards_obtained":["Enlightenment"]},{"damage_healed":0.0,"max_hp_gain":0.0,"max_hp_loss":0.0,"gold_gain":0.0,"event_name":"Match and Keep!","player_choice":"1 cards matched","floor":5.0,"gold_loss":0.0,"damage_taken":0.0,"cards_obtained":["beaked:ScreechingChant"]}],"is_beta":false,"boss_relics":[{"not_picked":["Astrolabe","Abe\u0027s Treasure"],"picked":"SacredBark"}],"items_purged_floors":[],"is_endless":false,"potions_floor_spawned":[4,7,8,13,16,22,29],"killed_by":"Automaton","ascension_level":0}}