{"host":"8pcehwtvb3b6plng","time":1611825821,"event":{"mods":["BaseMod","Minty Spire (QoL Compilation)","Replay The Spire","StSLib"],"gold_per_floor":[111,111,111,36,88,121,139,178,249,272,298,329,329,366,366,374,374],"floor_reached":16,"language":"ZHS","playtime":399,"items_purged":["Defend_B"],"score":196,"play_id":"0efcc0bb-e910-4629-aeca-a61254ac0012","local_time":"20210128172341","is_ascension_mode":true,"campfire_choices":[{"data":"Genetic Algorithm","floor":13,"key":"SMITH"},{"floor":15,"key":"DIG"}],"circlet_count":0,"master_deck":["Strike_B","Strike_B+1","Strike_B+1","Defend_B","Defend_B","Defend_B","Zap","Dualcast","Streamline","Beam Cell","Reboot","Conserve Battery","Genetic Algorithm+1","Hello World","ReplaySort","Melter","Rip and Tear"],"relics":["Cracked Core","NeowsBlessing","Replay:Wax Seal","Replay:Bandana","Simple Rune","Replay:Ringing Soul","Symbiotic Virus","Anchor"],"acts_visited":["Exordium"],"potions_floor_usage":[12,12,12,12],"damage_taken":[{"damage":0,"enemies":"Small Slimes","floor":1,"turns":1},{"damage":0,"enemies":"Gremlin Nob","floor":6,"turns":1},{"damage":0,"enemies":"Jaw Worm","floor":7,"turns":1},{"damage":25,"enemies":"Lagavulin","floor":8,"turns":6},{"damage":3,"enemies":"2 Louse","floor":10,"turns":3},{"damage":6,"enemies":"Looter","floor":11,"turns":2},{"damage":15,"enemies":"Lots of Slimes","floor":12,"turns":4},{"damage":21,"enemies":"Gremlin Nob","floor":14,"turns":4},{"damage":17,"enemies":"Fading Forest","floor":16,"turns":3}],"seed_played":"5133051777819104451","potions_obtained":[{"floor":5,"key":"Languid Potion"},{"floor":6,"key":"Block Potion"},{"floor":7,"key":"ColorlessPotion"},{"floor":8,"key":"Energy Potion"},{"floor":12,"key":"EssenceOfDarkness"}],"is_trial":false,"path_per_floor":["M","?","?","$","?","E","M","E","T","M","M","M","R","E","R","B"],"character_chosen":"DEFECT","items_purchased":[],"campfire_rested":0,"item_purchase_floors":[],"current_hp_per_floor":[68,61,66,66,66,66,66,41,41,38,35,23,23,5,5,0,0],"gold":374,"neow_bonus":"THREE_ENEMY_KILL","is_daily":false,"chose_seed":false,"campfire_upgraded":1,"win_rate":0.0,"timestamp":1611825821,"path_taken":["M","?","?","?","?","E","M","E","T","M","M","M","R","E","R","BOSS"],"items_purchased_type":[],"build_version":"2020-12-22","purchased_purges":1,"victory":false,"max_hp_per_floor":[75,75,80,80,80,80,80,80,80,80,83,86,86,89,89,89,89],"card_choices":[{"not_picked":["Turbo","Double Energy"],"picked":"Streamline","floor":1},{"not_picked":["Reprogram","ReplaySort"],"picked":"Beam Cell","floor":5},{"not_picked":["Go for the Eyes","Stack"],"picked":"Reboot","floor":5},{"not_picked":["Undo","Cold Snap"],"picked":"Conserve Battery","floor":6},{"not_picked":["Beam Cell","Leap"],"picked":"Genetic Algorithm","floor":7},{"not_picked":["Crystallizer","Meteor Strike"],"picked":"Hello World","floor":8},{"not_picked":["Cold Snap","Storm","Redo"],"picked":"SKIP","floor":10},{"not_picked":["Defragment","Redo"],"picked":"ReplaySort","floor":11},{"not_picked":["Ball Lightning","Compile Driver"],"picked":"Melter","floor":12},{"not_picked":["Scrape","Beam Cell"],"picked":"Rip and Tear","floor":14}],"player_experience":161740,"relics_obtained":[{"floor":5,"key":"Replay:Wax Seal"},{"floor":6,"key":"Replay:Bandana"},{"floor":8,"key":"Simple Rune"},{"floor":9,"key":"Replay:Ringing Soul"},{"floor":14,"key":"Symbiotic Virus"},{"floor":15,"key":"Anchor"}],"event_choices":[{"cards_removed":["Strike_B"],"damage_healed":0,"gold_gain":0,"player_choice":"Card Removal","damage_taken":7,"max_hp_gain":0,"max_hp_loss":0,"event_name":"Golden Wing","floor":2,"gold_loss":0},{"damage_healed":0,"gold_gain":0,"player_choice":"Donut","damage_taken":0,"max_hp_gain":5,"max_hp_loss":0,"event_name":"Big Fish","floor":3,"gold_loss":0}],"is_beta":false,"boss_relics":[],"items_purged_floors":[4],"is_endless":false,"potions_floor_spawned":[6,7,8,10,12],"killed_by":"Fading Forest","ascension_level":7}}