{"host":"Tylorde","time":1611807037,"event":{"mods":["BaseMod","Minty Spire (QoL Compilation)","Weighted Paths"],"gold_per_floor":[210,210,221,231,36,36,53,53,80,111,125,141,200,228,228,331,331,348,263,294,304,54,54,81,81,105,131,131,158,175,195,195,195,195],"floor_reached":33,"language":"ENG","playtime":2286,"items_purged":[],"score":527,"play_id":"24a535f9-6387-400e-88fc-bc4b59c7ae4d","local_time":"20210127201037","is_ascension_mode":true,"campfire_choices":[{"data":"Poisoned Stab","floor":6.0,"key":"SMITH"},{"data":"Footwork","floor":8.0,"key":"SMITH"},{"data":"Malaise","floor":15.0,"key":"SMITH"},{"data":"Corpse Explosion","floor":23,"key":"SMITH"},{"data":"Footwork","floor":25,"key":"SMITH"},{"data":"Noxious Fumes","floor":28,"key":"SMITH"},{"data":"Prepared","floor":32,"key":"SMITH"}],"circlet_count":0,"master_deck":["AscendersBane","Strike_G","Strike_G","Strike_G","Strike_G","Defend_G","Defend_G","Defend_G","Defend_G","Defend_G","Survivor","Neutralize","Footwork+1","Poisoned Stab+1","Footwork+1","Backflip","Escape Plan","Blade Dance","Dagger Throw","PiercingWail","Malaise+1","Well Laid Plans","Corpse Explosion+1","Deadly Poison+1","Prepared+1","Blur","Blade Dance+1","Noxious Fumes+1","Finisher","Skewer+1","Dodge and Roll"],"relics":["Ring of the Snake","TheAbacus","Happy Flower","Bag of Preparation","Bottled Flame","Boot","Coffee Dripper","Gremlin Horn","Red Mask","Meat on the Bone","Juzu Bracelet","PreservedInsect","Akabeko","Toy Ornithopter"],"acts_visited":["Exordium","TheCity"],"potions_floor_usage":[29,33],"damage_taken":[{"damage":0.0,"enemies":"Jaw Worm","floor":1.0,"turns":5.0},{"damage":0.0,"enemies":"Cultist","floor":3.0,"turns":6.0},{"damage":0.0,"enemies":"Small Slimes","floor":4.0,"turns":4.0},{"damage":3.0,"enemies":"Looter","floor":7.0,"turns":4.0},{"damage":6.0,"enemies":"Lagavulin","floor":10.0,"turns":10.0},{"damage":0.0,"enemies":"2 Fungi Beasts","floor":11.0,"turns":5.0},{"damage":0.0,"enemies":"Blue Slaver","floor":12.0,"turns":4.0},{"damage":6.0,"enemies":"Lagavulin Event","floor":13.0,"turns":8.0},{"damage":5.0,"enemies":"Gremlin Nob","floor":14.0,"turns":4.0},{"damage":22.0,"enemies":"Hexaghost","floor":16.0,"turns":13.0},{"damage":8.0,"enemies":"Spheric Guardian","floor":18.0,"turns":4.0},{"damage":0.0,"enemies":"Masked Bandits","floor":20.0,"turns":2.0},{"damage":0.0,"enemies":"3 Byrds","floor":21.0,"turns":3.0},{"damage":26,"enemies":"Slavers","floor":24,"turns":4},{"damage":7,"enemies":"Book of Stabbing","floor":27,"turns":6},{"damage":0,"enemies":"Slavers","floor":29,"turns":3},{"damage":15,"enemies":"Centurion and Healer","floor":30,"turns":4},{"damage":13,"enemies":"Shelled Parasite and Fungi","floor":31,"turns":5},{"damage":53,"enemies":"Collector","floor":33,"turns":6}],"seed_played":"-3271370969312190741","potions_obtained":[{"floor":1.0,"key":"SkillPotion"},{"floor":4.0,"key":"Fire Potion"},{"floor":13.0,"key":"ColorlessPotion"},{"floor":18.0,"key":"CultistPotion"},{"floor":20.0,"key":"Strength Potion"},{"floor":24,"key":"DuplicationPotion"}],"is_trial":false,"path_per_floor":["M","?","M","M","$","R","M","R","T","E","M","M","?","E","R","B",null,"M","?","?","M","$","R","E","R","T","E","R","E","M","M","R","B"],"character_chosen":"THE_SILENT","items_purchased":["TheAbacus","Backflip","Meat on the Bone"],"campfire_rested":0,"item_purchase_floors":[5,5,22],"current_hp_per_floor":[63,63,63,63,63,63,60,60,60,54,54,54,48,43,43,21,58,50,50,50,50,50,50,36,36,36,41,41,41,38,37,37,0,0],"gold":195,"neow_bonus":"HUNDRED_GOLD","is_daily":false,"chose_seed":false,"campfire_upgraded":7,"win_rate":0.0,"timestamp":1611807037,"path_taken":["M","?","M","?","$","R","M","R","T","E","M","?","?","E","R","BOSS","M","?","?","M","$","R","E","R","T","E","R","E","M","M","R","BOSS"],"items_purchased_type":["Relic","Card","Relic"],"build_version":"2020-12-18","purchased_purges":0,"victory":false,"max_hp_per_floor":[70,70,70,70,70,70,70,70,70,70,70,70,70,70,70,70,70,70,70,70,70,70,70,70,70,70,70,70,70,70,70,70,70,70],"card_choices":[{"not_picked":["Outmaneuver","PiercingWail"],"picked":"Footwork","floor":1.0},{"not_picked":["Concentrate","Deflect"],"picked":"Poisoned Stab","floor":3.0},{"not_picked":["Prepared","Masterful Stab"],"picked":"Footwork","floor":4.0},{"not_picked":["Catalyst","Cloak And Dagger"],"picked":"Escape Plan","floor":7.0},{"not_picked":["Underhanded Strike","Quick Slash"],"picked":"Blade Dance","floor":10.0},{"not_picked":["Bane","Catalyst"],"picked":"Dagger Throw","floor":11.0},{"not_picked":["Quick Slash","Terror"],"picked":"PiercingWail","floor":12.0},{"not_picked":["Distraction","PiercingWail"],"picked":"Malaise","floor":13.0},{"not_picked":["Dagger Spray","A Thousand Cuts"],"picked":"Well Laid Plans","floor":14.0},{"not_picked":["Malaise","Phantasmal Killer"],"picked":"Corpse Explosion","floor":16.0},{"not_picked":["Deflect","Sucker Punch+1"],"picked":"Deadly Poison+1","floor":18.0},{"not_picked":["Tactician","Sucker Punch"],"picked":"Prepared","floor":20.0},{"not_picked":["Quick Slash","Endless Agony+1"],"picked":"Blur","floor":21.0},{"not_picked":["Footwork","Prepared"],"picked":"Blade Dance+1","floor":24},{"not_picked":["Flying Knee+1","Sucker Punch"],"picked":"Noxious Fumes","floor":27},{"not_picked":["Cloak And Dagger","Underhanded Strike"],"picked":"Finisher","floor":29},{"not_picked":["Dagger Throw+1","Backstab+1"],"picked":"Skewer+1","floor":30},{"not_picked":["Finisher+1","A Thousand Cuts"],"picked":"Dodge and Roll","floor":31}],"player_experience":852785,"relics_obtained":[{"floor":9.0,"key":"Happy Flower"},{"floor":10.0,"key":"Bag of Preparation"},{"floor":13.0,"key":"Bottled Flame"},{"floor":14.0,"key":"Boot"},{"floor":20.0,"key":"Red Mask"},{"floor":24,"key":"Juzu Bracelet"},{"floor":26,"key":"PreservedInsect"},{"floor":27,"key":"Akabeko"},{"floor":29,"key":"Toy Ornithopter"}],"event_choices":[{"cards_removed":["Strike_G"],"damage_healed":0.0,"max_hp_gain":0.0,"max_hp_loss":0.0,"gold_gain":0.0,"event_name":"Bonfire Elementals","player_choice":"Offered Basic","floor":2.0,"gold_loss":0.0,"damage_taken":0.0},{"damage_healed":0.0,"max_hp_gain":0.0,"max_hp_loss":0.0,"gold_gain":30.0,"event_name":"Dead Adventurer","player_choice":"Searched \u00272\u0027 times","floor":13.0,"gold_loss":0.0,"damage_taken":0.0},{"damage_healed":0.0,"max_hp_gain":0.0,"max_hp_loss":0.0,"gold_gain":0.0,"event_name":"Addict","player_choice":"Obtained Relic","floor":19.0,"gold_loss":85.0,"damage_taken":0.0,"relics_obtained":["Gremlin Horn"]},{"damage_healed":0.0,"max_hp_gain":0.0,"max_hp_loss":0.0,"gold_gain":0.0,"event_name":"Masked Bandits","player_choice":"Fought Bandits","floor":20.0,"gold_loss":0.0,"damage_taken":0.0}],"is_beta":true,"boss_relics":[{"not_picked":["Velvet Choker","Pandora\u0027s Box"],"picked":"Coffee Dripper"}],"items_purged_floors":[],"is_endless":false,"potions_floor_spawned":[1,4,7,13,18,20,24],"killed_by":"Collector","ascension_level":11}}