{"host":"h5acbxt0wmjo1kpm","time":1611811738,"event":{"mods":["2.2 Compatiblity","Act Like it!","AlwaysNeverKeys","Aspiration","Bard","Bartender","BaseMod","Better Third Choice","Colored Map","Downfall","Elementarium","Gensokyo","GifTheSpireLib","Hallownest","Marisa????????","Menagerie","Minty Spire (QoL Compilation)","Permanent Neow","Potionbrewer","Quick Restart","Relic Filter","Reliquary","Replay The Spire","Robot Space Explorer","RumiaBox-????????","Shade Mod","Spicy Shops","StSLib","Strawberry Spire","The Blackbeard","The Dragon Tamer","The Gatherer","The Hayseed","The Problem Sleuth","The Servant 0.9.4","Wandering Minibosses","Wide Potions"],"gold_per_floor":[99,118,163,178,195,18,18,28,28,58,58,84,84,84,99,204,204,204,222,235,235,255,255,255,270,270,287,38,67,87,99,110,211,211,211,224,242,130,141,151,176,176,176,85,85,98,98,111,11,24,40,40],"floor_reached":53,"language":"ENG","playtime":4475,"items_purged":["champ:Strike","champ:Strike","downfall:Bewildered"],"score":868,"play_id":"20b259ed-b888-4890-8781-7bbc99b6aac9","local_time":"20210127212858","is_ascension_mode":true,"campfire_choices":[{"data":"champ:Execute","floor":1,"key":"SMITH"},{"data":"champ:SteelEdge","floor":13,"key":"SMITH"},{"data":"champ:HeavySlash","floor":18,"key":"SMITH"},{"data":"champ:BerserkerStyle","floor":23,"key":"SMITH"},{"data":"champ:SwordSigil","floor":26,"key":"SMITH"},{"floor":35,"key":"DIG"}],"circlet_count":0,"master_deck":["champ:Defend","champ:Defend","champ:Defend","champ:Execute+1","champ:SwordSigil+1","champ:BerserkerStyle+1","champ:RageSigil","champ:Endure","champ:PreciseThrust+1","champ:SwordThrow+1","champ:HeartStrike+1","champ:VampiricStrike","champ:FlashCut","champ:SteelEdge+1","champ:HeavySlash+1","Prostrate","wanderingMiniBosses:FinaleOfPromise","champ:DefensiveShout+1","SashWhip+1","champ:BerserkerStyle","champ:GutPunch+1","CutThroughFate+1","champ:HeartStrike+1","WreathOfFlame+1","champ:EnchantCrown","champ:Endure+1","champ:EnchantSword+1","SignatureMove+1","champ:Encircle+1","Prostrate+1","Study","champ:IronFortress","Replay:Battleflow","Replay:Hum+1","Prostrate+1","Scrawl"],"relics":["champ:ChampionCrown","aspiration:DSix","GodSword5","Gensokyo:Justice","Ccalipers","Letter Opener","Gensokyo:CelestialsFlawlessClothing","aspiration:WatcherSkillbook","wanderingMiniBosses:Blackblade","Divine Protection","Membership Card","Molten Egg 2","Astrolabe","Replay:Bottled Steam","GodSword3","MagicDraw3","Whetstone","Chameleon Ring","ReplayTheSpireMod:CursedCoin","Bottled Lightning","theSleuth:Tectrixcalibur","downfall:HeartBlessingGreen"],"acts_visited":["Gensokyo:Gensokyo","Hallownest:CityofTears","TheBeyond"],"potions_floor_usage":[10,15,16,16,30,32,33,37,40,51,52,52],"damage_taken":[{"damage":18,"enemies":"Gensokyo:Gryphon","floor":2,"turns":3},{"damage":28,"enemies":"Gensokyo:Python","floor":4,"turns":4},{"damage":52,"enemies":"Gensokyo:3_Fairies","floor":5,"turns":5},{"damage":43,"enemies":"downfall:FleeingMerchant","floor":6,"turns":4},{"damage":69,"enemies":"Gensokyo:LivingMonolith","floor":8,"turns":8},{"damage":21,"enemies":"Gensokyo:Cirno","floor":10,"turns":4},{"damage":29,"enemies":"Gensokyo:Aya","floor":12,"turns":5},{"damage":18,"enemies":"Gensokyo:5_Fairies","floor":15,"turns":3},{"damage":47,"enemies":"WA_ARCHETYPE_RETAIN","floor":16,"turns":13},{"damage":101,"enemies":"Hallownest:2_Mistakes","floor":19,"turns":10},{"damage":10,"enemies":"Hallownest:Guard_and_Sentry","floor":20,"turns":3},{"damage":24,"enemies":"Hallownest:Warrior_and_Youth","floor":22,"turns":5},{"damage":21,"enemies":"Hallownest:monsterShrumalOgre","floor":25,"turns":4},{"damage":0,"enemies":"Hallownest:Master_and_Novice","floor":27,"turns":3},{"damage":41,"enemies":"downfall:FleeingMerchant","floor":28,"turns":4},{"damage":64,"enemies":"Hallownest:eliteSoulWarrior","floor":29,"turns":5},{"damage":12,"enemies":"Hallownest:Warrior_and_Youth","floor":30,"turns":3},{"damage":67,"enemies":"Hallownest:3_Mistakes","floor":31,"turns":6},{"damage":0,"enemies":"Hallownest:Master_and_Novice","floor":32,"turns":3},{"damage":52,"enemies":"IC_MUSHROOM_ARCHETYPE","floor":33,"turns":1},{"damage":85,"enemies":"3 Darklings","floor":36,"turns":4},{"damage":0,"enemies":"Orb Walker","floor":37,"turns":1},{"damage":60,"enemies":"downfall:FleeingMerchant","floor":38,"turns":4},{"damage":64,"enemies":"Maw","floor":39,"turns":5},{"damage":55,"enemies":"Jaw Worm Horde","floor":40,"turns":3},{"damage":64,"enemies":"3 Darklings","floor":46,"turns":4},{"damage":36,"enemies":"Sphere and 2 Shapes","floor":48,"turns":4},{"damage":17,"enemies":"Spire Growth","floor":50,"turns":2},{"damage":43,"enemies":"3 Darklings","floor":51,"turns":2},{"damage":7,"enemies":"SI_POISON_ARCHETYPE","floor":52,"turns":3}],"seed_played":"6192106512799031109","potions_obtained":[{"floor":4,"key":"champ:OpenerPotion"},{"floor":8,"key":"Toxic Potion"},{"floor":12,"key":"BlessingOfTheForge"},{"floor":15,"key":"potionbrewer:AcidPotion"},{"floor":22,"key":"Fruit Juice"},{"floor":29,"key":"Block Potion"},{"floor":30,"key":"DistilledChaos"},{"floor":32,"key":"sneckomod:MuddlingPotion"},{"floor":33,"key":"FairyPotion"},{"floor":39,"key":"potionbrewer:InfectionPotion"},{"floor":40,"key":"potionbrewer:InfectionPotion"},{"floor":48,"key":"Energy Potion"},{"floor":49,"key":"Dexterity Potion"},{"floor":49,"key":"Fire Potion"},{"floor":51,"key":"Adrenaline Potion"}],"is_trial":false,"path_per_floor":["R","M","?","M","M","$","T","M","?","E","?","E","R","?","M","B",null,"R","M","M","?","M","R","T","M","R","M","$","E","M","M","M","B",null,"R_BF","M","M","$","M","M","T","PTL","PTL","$","?","M","?","M","R","M","M","B",null],"character_chosen":"THE_CHAMP","items_purchased":["champ:SwordThrow+1","Membership Card","GodSword3","MagicDraw3","Whetstone","Study","Replay:Battleflow","ReplayTheSpireMod:CursedCoin","Bottled Lightning"],"campfire_rested":0,"item_purchase_floors":[6,28,38,38,38,38,44,44,44],"current_hp_per_floor":[90,82,82,89,90,90,90,90,90,90,90,90,90,68,68,33,90,90,51,53,38,22,22,22,44,44,44,58,68,79,95,95,95,95,95,94,94,95,90,95,95,95,95,95,95,95,95,95,95,86,95,95],"gold":40,"neow_bonus":"DSIX","is_daily":false,"chose_seed":false,"campfire_upgraded":5,"win_rate":0.0,"timestamp":1611811738,"path_taken":["R","M","?","M","M","$","T","M","?","E","?","E","R","?","M","BOSS","R","M","M","?","?","R","T","M","R","M","$","E","?","M","M","BOSS","R_BF","M","M","$","M","M","T","PTL","PTL","$","?","M","?","M","R","M","M","BOSS"],"items_purchased_type":["Card","Relic","Relic","Relic","Relic","Card","Card","Relic","Relic"],"build_version":"2020-12-22","purchased_purges":3,"victory":true,"max_hp_per_floor":[90,90,90,90,90,90,90,90,90,90,90,90,90,90,90,90,90,90,90,90,90,90,90,90,90,90,90,90,90,95,95,95,95,95,95,95,95,95,95,95,95,95,95,95,95,95,95,95,95,95,95,95],"card_choices":[{"not_picked":["champ:GutPunch","champ:BerserkersShout"],"picked":"champ:SwordSigil","floor":2},{"not_picked":["champ:IronFortress","champ:FanOfKnives"],"picked":"champ:BerserkerStyle","floor":3},{"not_picked":["champ:BerserkersShout","champ:BladeFlurry"],"picked":"champ:RageSigil","floor":3},{"not_picked":["champ:BladeFlurry","champ:AdrenalArmor"],"picked":"champ:Endure","floor":4},{"not_picked":["champ:GutPunch","champ:BladeFlurry"],"picked":"champ:PreciseThrust","floor":5},{"not_picked":["champ:GladiatorStyle","champ:ShieldSigil","champ:Circumvent"],"picked":"SKIP","floor":6},{"not_picked":["champ:ShieldWall","champ:Duel"],"picked":"champ:HeartStrike","floor":8},{"not_picked":["champ:Duel","champ:PerfectedStrike"],"picked":"champ:VampiricStrike","floor":10},{"not_picked":["champ:BringItOn","champ:GutPunch"],"picked":"champ:FlashCut","floor":11},{"not_picked":["champ:BerserkerStyle","champ:DefensiveStyle"],"picked":"champ:SteelEdge","floor":12},{"not_picked":["champ:AdrenalArmor","champ:EnGarde","champ:EnragedBash"],"picked":"SKIP","floor":15},{"not_picked":["champ:CheapShot","champ:MurderStrike"],"picked":"champ:HeavySlash","floor":16},{"not_picked":["FlurryOfBlows+1","Protect+1","champ:StanceDance"],"picked":"Prostrate","floor":19},{"not_picked":[],"picked":"wanderingMiniBosses:FinaleOfPromise","floor":19},{"not_picked":["champ:PreciseThrust","Replay:Cycle","EmptyMind+1","champ:ShieldSigil"],"picked":"SKIP","floor":20},{"not_picked":["champ:AdrenalArmor","Alpha","champ:Shatter"],"picked":"champ:DefensiveShout+1","floor":22},{"not_picked":["Replay:ManipulateFuture+1","EmptyBody","champ:BladeFlurry","champ:PreemptiveStrike+1"],"picked":"SKIP","floor":25},{"not_picked":["champ:CrownThrow","Consecrate","Indignation+1"],"picked":"SashWhip+1","floor":27},{"not_picked":["Omniscience","champ:EnragedBash","champ:RageSigil"],"picked":"champ:BerserkerStyle","floor":28},{"not_picked":["WheelKick+1","champ:ShieldSlam","EmptyFist+1"],"picked":"champ:GutPunch+1","floor":29},{"not_picked":["champ:Shatter+1","champ:EnGarde","champ:PreciseThrust+1"],"picked":"CutThroughFate+1","floor":30},{"not_picked":["SashWhip+1","champ:BladeFlurry+1","champ:AdrenalArmor"],"picked":"champ:HeartStrike+1","floor":31},{"not_picked":["Crescendo","CutThroughFate+1","champ:AdrenalArmor"],"picked":"WreathOfFlame+1","floor":32},{"not_picked":["Alpha","champ:Devastate+1","SpiritShield"],"picked":"champ:EnchantCrown","floor":33},{"not_picked":["Weave+1","Halt","champ:Circumvent","PathToVictory+1"],"picked":"SKIP","floor":36},{"not_picked":["Crescendo+1","ThirdEye","ClearTheMind+1"],"picked":"champ:Encircle+1","floor":37},{"not_picked":["champ:LastStand","Evaluate+1","champ:FocusedDefense+1"],"picked":"Prostrate+1","floor":38},{"not_picked":["Tantrum+1","champ:PreemptiveStrike+1","MentalFortress"],"picked":"champ:IronFortress","floor":39},{"not_picked":["champ:PerfectedStrike+1","champ:DefensiveShout+1","Consecrate+1","PathToVictory"],"picked":"SKIP","floor":40},{"not_picked":["Protect","DeceiveReality+1","Vengeance","champ:GutPunch+1"],"picked":"SKIP","floor":46},{"not_picked":["Fasting2","champ:DefensiveShout","champ:DeathBlow+1"],"picked":"Replay:Hum+1","floor":48},{"not_picked":["champ:FanOfKnives+1","champ:RapidStrikes+1","Halt+1"],"picked":"Prostrate+1","floor":50},{"not_picked":["champ:FanOfKnives+1","champ:Backstep","Protect"],"picked":"Scrawl","floor":51}],"player_experience":2623392,"relics_obtained":[{"floor":3,"key":"GodSword5"},{"floor":10,"key":"Ccalipers"},{"floor":12,"key":"Letter Opener"},{"floor":19,"key":"wanderingMiniBosses:Blackblade"},{"floor":24,"key":"Divine Protection"},{"floor":29,"key":"Molten Egg 2"},{"floor":35,"key":"Replay:Bottled Steam"},{"floor":41,"key":"Chameleon Ring"}],"event_choices":[],"is_beta":false,"boss_relics":[{"not_picked":["Velvet Choker","Cursed Key"],"picked":"aspiration:WatcherSkillbook"},{"not_picked":["reliquary:KinkedSpring","strawberrySpire:JuiceKeg"],"picked":"Astrolabe"}],"items_purged_floors":[28,28,44],"is_endless":false,"potions_floor_spawned":[4,8,12,15,22,29,30,32,33,39,40,48,51],"ascension_level":2}}