{"host":"d744ndivyohnro60","time":1611794484,"event":{"mods":["BaseMod","Bestiary","Colored Powertips","Minty Spire (QoL Compilation)","Relic Stats"],"gold_per_floor":[112,125,136,154,181,181,214,193,240,165,194,194,69,89,89,189,189,202,179,190,190,209,209,209,209],"floor_reached":24,"language":"ENG","playtime":986,"items_purged":["Defend_B","Defend_B"],"score":260,"play_id":"a98fba31-c19e-4aea-8245-6555b6c3d4bc","local_time":"20210127194124","is_ascension_mode":true,"campfire_choices":[{"data":"Sweeping Beam","floor":6,"key":"SMITH"},{"data":"Zap","floor":15,"key":"SMITH"}],"circlet_count":0,"master_deck":["Strike_B","Strike_B","Strike_B","Strike_B","Defend_B","Defend_B","Zap+1","Dualcast","Cold Snap","Skim","Ball Lightning","Sweeping Beam+1","Leap","Core Surge","Turbo","FTL","Creative AI","Chill","Stack","Force Field+1","Shame","Leap"],"relics":["Coffee Dripper","Pen Nib","Bag of Preparation","Boot","Matryoshka","Kunai","Black Star","StrikeDummy"],"acts_visited":["Exordium","TheCity"],"potions_floor_usage":[7,11,16,18,23,23],"damage_taken":[{"damage":6,"enemies":"Cultist","floor":1,"turns":4},{"damage":7,"enemies":"Small Slimes","floor":2,"turns":3},{"damage":0,"enemies":"Jaw Worm","floor":3,"turns":4},{"damage":3,"enemies":"3 Louse","floor":4,"turns":3},{"damage":8,"enemies":"Lagavulin","floor":7,"turns":7},{"damage":8,"enemies":"3 Sentries","floor":11,"turns":4},{"damage":1,"enemies":"Blue Slaver","floor":14,"turns":3},{"damage":10,"enemies":"Slime Boss","floor":16,"turns":6},{"damage":17,"enemies":"2 Thieves","floor":18,"turns":3},{"damage":3,"enemies":"Spheric Guardian","floor":20,"turns":3},{"damage":15,"enemies":"3 Cultists","floor":22,"turns":5},{"damage":35,"enemies":"Book of Stabbing","floor":23,"turns":5},{"damage":5,"enemies":"Snecko","floor":24,"turns":2}],"seed_played":"5571664381149487470","potions_obtained":[{"floor":2,"key":"Regen Potion"},{"floor":3,"key":"Strength Potion"},{"floor":7,"key":"ColorlessPotion"},{"floor":16,"key":"Swift Potion"},{"floor":20,"key":"Strength Potion"},{"floor":22,"key":"SmokeBomb"}],"is_trial":false,"path_per_floor":["M","M","M","M","T","R","E","?","T","$","E","?","$","M","R","B",null,"M","$","M","?","M","E","M"],"character_chosen":"DEFECT","items_purchased":["Turbo","Stack"],"campfire_rested":0,"item_purchase_floors":[13,19],"current_hp_per_floor":[69,62,62,59,59,59,51,51,51,51,55,52,52,51,51,41,75,58,58,55,55,40,5,0,0],"gold":209,"neow_bonus":"BOSS_RELIC","is_daily":false,"chose_seed":false,"campfire_upgraded":2,"win_rate":0.0,"timestamp":1611794484,"path_taken":["M","M","?","M","?","R","E","?","T","?","E","?","$","?","R","BOSS","M","$","M","?","M","E","M"],"items_purchased_type":["Card","Card"],"build_version":"2020-12-22","purchased_purges":2,"victory":false,"max_hp_per_floor":[75,75,75,75,75,75,75,75,75,75,75,75,75,75,75,75,75,75,75,75,75,75,75,75,75],"relic_stats":{"counters":[13,51],"Pen Nib":[8],"Bag of Preparation":[16],"Black Star":1,"Kunai":[11],"Boot":[3],"obtain_stats":[{"Matryoshka":11,"Pen Nib":5,"Coffee Dripper":0,"Bag of Preparation":7,"Black Star":17,"Kunai":12,"Cracked Core":0,"Boot":9,"StrikeDummy":21},{"Matryoshka":6,"Pen Nib":4,"Coffee Dripper":0,"Bag of Preparation":5,"Black Star":8,"Kunai":6,"Cracked Core":0,"Boot":5,"StrikeDummy":10},{"Matryoshka":25,"Pen Nib":14,"Coffee Dripper":0,"Bag of Preparation":21,"Black Star":34,"Kunai":25,"Cracked Core":0,"Boot":21,"StrikeDummy":40}]},"card_choices":[{"not_picked":["Coolheaded","Chaos"],"picked":"Cold Snap","floor":1},{"not_picked":["Reinforced Body","Streamline"],"picked":"Skim","floor":2},{"not_picked":["Sweeping Beam","Reinforced Body"],"picked":"Ball Lightning","floor":3},{"not_picked":["Gash","Steam"],"picked":"Sweeping Beam","floor":4},{"not_picked":["Streamline","Loop"],"picked":"Leap","floor":7},{"not_picked":["Genetic Algorithm","Turbo"],"picked":"Core Surge","floor":11},{"not_picked":["Gash","Heatsinks"],"picked":"FTL","floor":14},{"not_picked":["Meteor Strike","Rainbow"],"picked":"Creative AI","floor":16},{"not_picked":["Go for the Eyes","Fusion"],"picked":"Chill","floor":18},{"not_picked":["Gash","Loop"],"picked":"Force Field+1","floor":20},{"not_picked":["Heatsinks","FTL"],"picked":"Leap","floor":22}],"player_experience":149958,"relics_obtained":[{"floor":5,"key":"Pen Nib"},{"floor":7,"key":"Bag of Preparation"},{"floor":9,"key":"Boot"},{"floor":11,"key":"Matryoshka"}],"event_choices":[{"damage_healed":0,"gold_gain":0,"player_choice":"Left Gold","damage_taken":0,"max_hp_gain":0,"max_hp_loss":0,"event_name":"World of Goop","floor":8,"gold_loss":21},{"damage_healed":0,"gold_gain":0,"player_choice":"Success","damage_taken":3,"relics_obtained":["Kunai"],"max_hp_gain":0,"max_hp_loss":0,"event_name":"Scrap Ooze","floor":12,"gold_loss":0},{"damage_healed":0,"gold_gain":0,"player_choice":"Stole Relic","damage_taken":0,"relics_obtained":["StrikeDummy"],"max_hp_gain":0,"max_hp_loss":0,"event_name":"Addict","floor":21,"gold_loss":0,"cards_obtained":["Shame"]}],"is_beta":false,"boss_relics":[{"not_picked":["Cursed Key","Fusion Hammer"],"picked":"Black Star"}],"items_purged_floors":[10,13],"is_endless":false,"potions_floor_spawned":[2,3,7,16,20,22],"killed_by":"Snecko","ascension_level":3}}