{"host":"r2dt74mso9cj0h27","time":1611796544,"event":{"mods":["BaseMod","BetterRewards","Custom Start","Minty Spire (QoL Compilation)","StSLib"],"gold_per_floor":[113,113,132,132,151,151,181,201,228,258,258,269,269,269,269,373,373,389,389,389,400,400,432,432,432,432,60,60,78,90,122,122,223,223,237,307,307,23,36,66,66,98,123,158,158,172,26,55,55,55,55,55,15,47,47],"floor_reached":56,"language":"ENG","playtime":2217,"items_purged":[],"score":1774,"play_id":"8568bc96-c806-4277-bc35-b00f5d9310ef","local_time":"20210127201544","is_ascension_mode":true,"campfire_choices":[{"data":"Noxious Fumes","floor":6,"key":"SMITH"},{"data":"Cloak And Dagger","floor":11,"key":"SMITH"},{"floor":15,"key":"REST"},{"data":"Adrenaline","floor":24,"key":"SMITH"},{"data":"Blade Dance","floor":28,"key":"SMITH"},{"data":"Noxious Fumes","floor":32,"key":"SMITH"},{"floor":41,"key":"RECALL"},{"data":"Night Terror","floor":45,"key":"SMITH"},{"data":"Doppelganger","floor":49,"key":"SMITH"},{"data":"Prepared","floor":52,"key":"SMITH"}],"circlet_count":0,"master_deck":["Strike_G+1","Strike_G+1","Strike_G+1","Strike_G+1","Strike_G+1","Defend_G+1","Defend_G+1","Defend_G+1","Defend_G+1","Defend_G+1","Survivor","Neutralize","Noxious Fumes+1","Flash of Steel","Poisoned Stab+1","Poisoned Stab","Deflect","Noxious Fumes+1","Prepared+1","Noxious Fumes+1","Cloak And Dagger+1","Caltrops","Adrenaline+1","Dagger Throw","Skewer","Writhe","Infinite Blades+1","Dark Shackles","Blade Dance+1","Poisoned Stab","Backflip+1","Night Terror+1","Backstab","Finisher+1","Expertise+1","Noxious Fumes+1","Deflect","Blur+1","Doppelganger+1","Caltrops+1","Backstab+1"],"relics":["Ring of the Serpent","Ornamental Fan","Ancient Tea Set","MealTicket","Pen Nib","Letter Opener","Tiny Chest","Lantern","Tough Bandages","Philosopher\u0027s Stone","Shuriken","Eternal Feather","FossilizedHelix","Frozen Egg 2","Strange Spoon","CaptainsWheel","Membership Card","Matryoshka","Paper Crane","Blue Candle","Vajra","PreservedInsect","Oddly Smooth Stone","Bag of Marbles","HandDrill","Ice Cream","Bottled Flame"],"acts_visited":["Exordium","TheCity","TheBeyond","TheEnding"],"potions_floor_usage":[16,16,18,23,31,33,33,40,46,55],"damage_taken":[{"damage":0,"enemies":"Jaw Worm","floor":1,"turns":3},{"damage":0,"enemies":"Small Slimes","floor":3,"turns":3},{"damage":0,"enemies":"2 Louse","floor":5,"turns":3},{"damage":3,"enemies":"3 Sentries","floor":7,"turns":6},{"damage":0,"enemies":"Exordium Wildlife","floor":8,"turns":3},{"damage":8,"enemies":"Lagavulin","floor":10,"turns":6},{"damage":0,"enemies":"Large Slime","floor":12,"turns":4},{"damage":13,"enemies":"The Guardian","floor":16,"turns":7},{"damage":0,"enemies":"Spheric Guardian","floor":18,"turns":3},{"damage":0,"enemies":"Shell Parasite","floor":21,"turns":4},{"damage":4,"enemies":"Book of Stabbing","floor":23,"turns":5},{"damage":0,"enemies":"Snecko","floor":29,"turns":3},{"damage":0,"enemies":"Sentry and Sphere","floor":30,"turns":4},{"damage":15,"enemies":"Slavers","floor":31,"turns":4},{"damage":36,"enemies":"Automaton","floor":33,"turns":7},{"damage":0,"enemies":"3 Darklings","floor":35,"turns":4},{"damage":0,"enemies":"3 Shapes","floor":39,"turns":4},{"damage":14,"enemies":"Reptomancer","floor":40,"turns":5},{"damage":0,"enemies":"Giant Head","floor":42,"turns":6},{"damage":1,"enemies":"Nemesis","floor":44,"turns":5},{"damage":13,"enemies":"Spire Growth","floor":46,"turns":4},{"damage":0,"enemies":"Giant Head","floor":48,"turns":4},{"damage":28,"enemies":"Time Eater","floor":50,"turns":7},{"damage":0,"enemies":"Shield and Spear","floor":54,"turns":4},{"damage":113,"enemies":"The Heart","floor":55,"turns":9}],"seed_played":"5776845275608299579","potions_obtained":[{"floor":3,"key":"GamblersBrew"},{"floor":8,"key":"FairyPotion"},{"floor":12,"key":"Block Potion"},{"floor":16,"key":"Fire Potion"},{"floor":18,"key":"Weak Potion"},{"floor":23,"key":"FearPotion"},{"floor":29,"key":"BlessingOfTheForge"},{"floor":31,"key":"Weak Potion"},{"floor":39,"key":"GhostInAJar"},{"floor":40,"key":"Regen Potion"},{"floor":44,"key":"Ancient Potion"},{"floor":46,"key":"BlessingOfTheForge"}],"is_trial":false,"path_per_floor":["M","?","M","?","M","R","E","M","T","E","R","M","?","T","R","B",null,"M","?","T","M","?","E","R","?","T","$","R","M","M","E","R","B",null,"M","T","?","$","M","E","R","E","T","E","R","M","$","E","R","B",null,"R","$","E","B",null],"character_chosen":"THE_SILENT","items_purchased":["Ornamental Fan","Noxious Fumes","Flash of Steel","Infinite Blades+1","Strange Spoon","Dark Shackles","Blade Dance","Membership Card","Matryoshka","Bag of Marbles","HandDrill","Caltrops+1"],"campfire_rested":1,"item_purchase_floors":[0,0,0,27,27,27,27,38,38,47,47,53],"current_hp_per_floor":[50,43,43,43,43,43,40,40,40,32,32,32,18,18,39,26,70,70,70,70,70,70,66,70,70,70,70,70,70,70,55,70,34,70,70,70,70,70,70,56,70,70,70,69,70,57,70,70,70,42,70,70,70,70,7],"gold":47,"neow_bonus":"","is_daily":false,"chose_seed":false,"campfire_upgraded":8,"win_rate":0.0,"timestamp":1611796544,"path_taken":["M","?","M","?","M","R","E","M","T","E","R","M","?","?","R","BOSS","M","?","?","?","?","E","R","?","T","$","R","M","M","E","R","BOSS","M","?","?","$","?","E","R","E","T","E","R","M","$","E","R","BOSS","R","$","E","BOSS"],"items_purchased_type":["Relic","Card","Card","Card","Relic","Card","Card","Relic","Relic","Relic","Relic","Card"],"build_version":"2020-12-22","purchased_purges":0,"victory":true,"max_hp_per_floor":[70,70,70,70,70,70,70,70,70,70,70,70,70,70,70,70,70,70,70,70,70,70,70,70,70,70,70,70,70,70,70,70,70,70,70,70,70,70,70,70,70,70,70,70,70,70,70,70,70,70,70,70,70,70,70],"card_choices":[{"not_picked":["Dagger Throw","Terror"],"picked":"Poisoned Stab","floor":1},{"not_picked":["Acrobatics","Blur"],"picked":"Deflect","floor":3},{"not_picked":["Quick Slash","Blade Dance"],"picked":"Noxious Fumes","floor":5},{"not_picked":["Bane","Malaise"],"picked":"Prepared","floor":7},{"not_picked":["Skewer","Catalyst"],"picked":"Noxious Fumes","floor":8},{"not_picked":["Crippling Poison","Dash"],"picked":"Cloak And Dagger","floor":10},{"not_picked":["Crippling Poison","Quick Slash"],"picked":"Caltrops","floor":12},{"not_picked":["Glass Knife","Phantasmal Killer"],"picked":"Adrenaline","floor":16},{"not_picked":["Predator","Calculated Gamble"],"picked":"Dagger Throw","floor":18},{"not_picked":["Underhanded Strike","Dodge and Roll","Sucker Punch"],"picked":"SKIP","floor":21},{"not_picked":["Sucker Punch+1","Footwork"],"picked":"Skewer","floor":23},{"not_picked":["Dagger Spray","Flechettes"],"picked":"Poisoned Stab","floor":29},{"not_picked":["Deadly Poison","Bane"],"picked":"Backflip+1","floor":30},{"not_picked":["Concentrate","Bane","Dagger Throw"],"picked":"SKIP","floor":31},{"not_picked":["Grand Finale","Storm of Steel"],"picked":"Night Terror","floor":33},{"not_picked":["Deflect+1","Poisoned Stab+1"],"picked":"Backstab","floor":35},{"not_picked":["Distraction","Bouncing Flask"],"picked":"Finisher+1","floor":39},{"not_picked":["Sucker Punch","Skewer+1"],"picked":"Expertise+1","floor":40},{"not_picked":["Bane","Flying Knee+1"],"picked":"Noxious Fumes+1","floor":42},{"not_picked":["Underhanded Strike+1","Caltrops+1"],"picked":"Deflect","floor":44},{"not_picked":["Flying Knee","Reflex+1"],"picked":"Blur+1","floor":46},{"not_picked":["Reflex","Bane+1"],"picked":"Doppelganger","floor":48},{"not_picked":["Crippling Poison","Catalyst+1"],"picked":"Backstab+1","floor":54}],"player_experience":1285767,"relics_obtained":[{"floor":7,"key":"Letter Opener"},{"floor":9,"key":"Tiny Chest"},{"floor":10,"key":"Lantern"},{"floor":14,"key":"Tough Bandages"},{"floor":20,"key":"Shuriken"},{"floor":23,"key":"Eternal Feather"},{"floor":26,"key":"Frozen Egg 2"},{"floor":31,"key":"CaptainsWheel"},{"floor":40,"key":"Paper Crane"},{"floor":42,"key":"Blue Candle"},{"floor":43,"key":"Vajra"},{"floor":43,"key":"PreservedInsect"},{"floor":44,"key":"Oddly Smooth Stone"},{"floor":48,"key":"Ice Cream"},{"floor":54,"key":"Bottled Flame"}],"event_choices":[{"damage_healed":0,"gold_gain":0,"player_choice":"Success","damage_taken":7,"relics_obtained":["Pen Nib"],"max_hp_gain":0,"max_hp_loss":0,"event_name":"Scrap Ooze","floor":2,"gold_loss":0},{"damage_healed":0,"gold_gain":0,"player_choice":"Grow","damage_taken":0,"max_hp_gain":0,"max_hp_loss":0,"event_name":"Living Wall","floor":4,"gold_loss":0,"cards_upgraded":["Noxious Fumes"]},{"damage_healed":0,"gold_gain":0,"player_choice":"Entered Light","damage_taken":14,"max_hp_gain":0,"max_hp_loss":0,"event_name":"Shining Light","floor":13,"gold_loss":0,"cards_upgraded":["Poisoned Stab","Strike_G"]},{"damage_healed":0,"gold_gain":0,"player_choice":"Simplicity","damage_taken":0,"max_hp_gain":0,"max_hp_loss":0,"event_name":"Back to Basics","floor":19,"gold_loss":0,"cards_upgraded":["Strike_G","Strike_G","Strike_G","Strike_G","Defend_G","Defend_G","Defend_G","Defend_G","Defend_G"]},{"damage_healed":0,"gold_gain":0,"player_choice":"Ignored","damage_taken":0,"max_hp_gain":0,"max_hp_loss":0,"event_name":"Beggar","floor":22,"gold_loss":0},{"damage_healed":0,"gold_gain":0,"player_choice":"Opened","damage_taken":0,"relics_obtained":["FossilizedHelix"],"max_hp_gain":0,"max_hp_loss":0,"event_name":"The Mausoleum","floor":25,"gold_loss":0,"cards_obtained":["Writhe"]},{"damage_healed":0,"gold_gain":0,"player_choice":"Ignored","damage_taken":0,"max_hp_gain":0,"max_hp_loss":0,"event_name":"NoteForYourself","floor":37,"gold_loss":0}],"is_beta":false,"boss_relics":[{"not_picked":["Pandora\u0027s Box","Runic Dome"],"picked":"Philosopher\u0027s Stone"},{"not_picked":["Velvet Choker","Cursed Key"],"picked":"Ring of the Serpent"}],"items_purged_floors":[],"is_endless":false,"potions_floor_spawned":[3,8,12,16,18,23,29,31,39,40,44,46],"ascension_level":1}}