{"host":"qdfumeom6htv8yxl","time":1611846953,"event":{"mods":["AchievementEnabler","BaseMod","Bestiary","Block Reminder","Minty Spire (QoL Compilation)","Quick Restart","Relic Stats"],"gold_per_floor":[116,116,132,29,46,46,76,76,76,76,104,104,104,254,254,254,254],"floor_reached":16,"language":"ENG","playtime":493,"items_purged":["Regret"],"score":207,"play_id":"4228a0be-9d9b-4771-ba83-f7945baaf2fa","local_time":"20210128091553","is_ascension_mode":true,"campfire_choices":[{"floor":6.0,"key":"DIG"},{"data":"Beam Cell","floor":8.0,"key":"SMITH"},{"data":"Genetic Algorithm","floor":10.0,"key":"SMITH"},{"floor":13.0,"key":"REST"},{"floor":15.0,"key":"REST"}],"circlet_count":0,"master_deck":["AscendersBane","Strike_B","Strike_B","Strike_B","Strike_B","Defend_B","Defend_B","Defend_B","Defend_B","Zap","Dualcast","Beam Cell","FTL","Rebound","Genetic Algorithm+1","Beam Cell+1","Go for the Eyes","Sweeping Beam","Doubt","Streamline"],"relics":["Cracked Core","Gambling Chip","Shovel","Gremlin Horn","WingedGreaves","White Beast Statue","Dream Catcher"],"acts_visited":["Exordium"],"potions_floor_usage":[16],"damage_taken":[{"damage":3.0,"enemies":"2 Louse","floor":1.0,"turns":3.0},{"damage":9.0,"enemies":"Jaw Worm","floor":3.0,"turns":3.0},{"damage":12.0,"enemies":"Small Slimes","floor":5.0,"turns":2.0},{"damage":11.0,"enemies":"Gremlin Nob","floor":7.0,"turns":3.0},{"damage":25.0,"enemies":"Lagavulin","floor":11.0,"turns":5.0},{"damage":44,"enemies":"The Guardian","floor":16,"turns":8}],"seed_played":"-6950695648797500761","potions_obtained":[{"floor":3.0,"key":"Energy Potion"},{"floor":5.0,"key":"Swift Potion"},{"floor":11.0,"key":"ColorlessPotion"}],"is_trial":false,"path_per_floor":["M","?","M","$","M","R","E","R","T","R","E","?","R","?","R","B"],"character_chosen":"DEFECT","items_purchased":["Rebound"],"campfire_rested":2,"item_purchase_floors":[4],"current_hp_per_floor":[61,61,52,52,40,40,29,29,29,29,4,4,23,23,42,0,0],"gold":254,"neow_bonus":"ONE_RARE_RELIC","is_daily":false,"chose_seed":false,"campfire_upgraded":2,"win_rate":0.0,"timestamp":1611846953,"path_taken":["M","?","M","$","M","R","E","R","T","R","E","?","R","?","R","BOSS"],"items_purchased_type":["Card"],"build_version":"2020-12-22","purchased_purges":1,"victory":false,"max_hp_per_floor":[64,64,64,64,64,64,64,64,64,64,64,64,64,64,64,64,64],"relic_stats":{"Dream Catcher":2,"Shovel":1,"Gremlin Horn":[0,0],"counters":[6,24],"Gambling Chip":[17],"obtain_stats":[{"Dream Catcher":11,"Shovel":2,"Gremlin Horn":6,"Gambling Chip":0,"WingedGreaves":7,"Cracked Core":0,"White Beast Statue":9},{"Dream Catcher":5,"Shovel":1,"Gremlin Horn":3,"Gambling Chip":0,"WingedGreaves":4,"Cracked Core":0,"White Beast Statue":4},{"Dream Catcher":16,"Shovel":3,"Gremlin Horn":8,"Gambling Chip":0,"WingedGreaves":11,"Cracked Core":0,"White Beast Statue":11}]},"card_choices":[{"not_picked":["Barrage","Sweeping Beam"],"picked":"Beam Cell","floor":1.0},{"not_picked":["Reprogram","Hologram"],"picked":"FTL","floor":3.0},{"not_picked":["Blizzard","Lockon"],"picked":"Genetic Algorithm","floor":5.0},{"not_picked":["Hologram","Fission"],"picked":"Beam Cell","floor":7.0},{"not_picked":["Rebound","Fusion"],"picked":"Go for the Eyes","floor":11.0},{"not_picked":["Chill","Ball Lightning"],"picked":"Sweeping Beam","floor":13.0},{"not_picked":["Beam Cell","Loop"],"picked":"Streamline","floor":15.0}],"player_experience":1939384,"relics_obtained":[{"floor":6.0,"key":"Gremlin Horn"},{"floor":7.0,"key":"WingedGreaves"},{"floor":9.0,"key":"White Beast Statue"},{"floor":11.0,"key":"Dream Catcher"}],"event_choices":[{"damage_healed":0.0,"max_hp_gain":0.0,"max_hp_loss":0.0,"gold_gain":0.0,"event_name":"Big Fish","player_choice":"Box","floor":2.0,"gold_loss":0.0,"damage_taken":0.0,"relics_obtained":["Shovel"],"cards_obtained":["Regret"]},{"damage_healed":0.0,"max_hp_gain":0.0,"max_hp_loss":0.0,"gold_gain":0.0,"event_name":"Scrap Ooze","player_choice":"Fled","floor":12.0,"gold_loss":0.0,"damage_taken":0.0},{"damage_healed":0.0,"max_hp_gain":0.0,"max_hp_loss":0.0,"gold_gain":150.0,"event_name":"Liars Game","player_choice":"AGREE","floor":14.0,"gold_loss":0.0,"damage_taken":0.0,"cards_obtained":["Doubt"]}],"is_beta":false,"boss_relics":[],"items_purged_floors":[4],"is_endless":false,"potions_floor_spawned":[3,5,11],"killed_by":"The Guardian","ascension_level":19}}