{"host":"j4g6ia6asvpyu2b0","time":1611848150,"event":{"mods":["BaseMod","Colored Map","Minty Spire (QoL Compilation)","Permanent Neow","Quick Restart","Relic Stats","StSLib","Unceasing Turn Reminder"],"gold_per_floor":[118,133,83,94,113,113,139,150,150,150,150,169,201,376,376,476,476,491,491,491,505,505,540,553,585,653,684,684,701,701,730,730,831,831,849,809,820,839,852,879,879,910,910,630,640,674,685,698,698,698,698,698,26,57,57],"floor_reached":56,"language":"ENG","playtime":3208,"items_purged":["Doubt"],"score":1755,"play_id":"41bbc79d-4405-4f8b-b2f9-b0ffd257501f","local_time":"20210128083550","is_ascension_mode":true,"campfire_choices":[{"data":"After Image","floor":6.0,"key":"SMITH"},{"data":"Noxious Fumes","floor":11.0,"key":"SMITH"},{"data":"Well Laid Plans","floor":15.0,"key":"SMITH"},{"floor":28.0,"key":"REST"},{"data":"Catalyst","floor":32.0,"key":"SMITH"},{"data":"Catalyst","floor":41,"key":"SMITH"},{"floor":49,"key":"RECALL"},{"data":"After Image","floor":52,"key":"SMITH"}],"circlet_count":0,"master_deck":["Strike_G+1","Strike_G+1","Strike_G+1","Strike_G+1","Defend_G+1","Defend_G+1","Defend_G+1","Defend_G+1","Defend_G+1","Survivor","Neutralize","After Image+1","Blade Dance","Poisoned Stab","Noxious Fumes+1","PiercingWail","Blur","Bouncing Flask+1","Deadly Poison","Well Laid Plans+1","After Image+1","Blur","Catalyst+1","Leg Sweep","Dodge and Roll+1","Backflip+1","Panacea","Infinite Blades","Leg Sweep+1","Burst+1","Backflip","Catalyst+1","Deadly Poison","Catalyst","Bouncing Flask"],"relics":["Ring of the Snake","Matryoshka","Bottled Tornado","Pantograph","Strawberry","Singing Bowl","Pen Nib","Runic Dome","Ginger","CaptainsWheel","Boot","Ornamental Fan","Philosopher\u0027s Stone","Tough Bandages","Ninja Scroll","Meat on the Bone","Lee\u0027s Waffle","The Courier","Calipers","Paper Crane","Bronze Scales","Oddly Smooth Stone","War Paint"],"acts_visited":["Exordium","TheCity","TheBeyond","TheEnding"],"potions_floor_usage":[47,55,55,55],"damage_taken":[{"damage":0.0,"enemies":"Small Slimes","floor":1.0,"turns":5.0},{"damage":3.0,"enemies":"Jaw Worm","floor":2.0,"turns":5.0},{"damage":0.0,"enemies":"2 Louse","floor":4.0,"turns":2.0},{"damage":2.0,"enemies":"2 Fungi Beasts","floor":5.0,"turns":4.0},{"damage":17.0,"enemies":"3 Sentries","floor":7.0,"turns":7.0},{"damage":4.0,"enemies":"Exordium Thugs","floor":8.0,"turns":6.0},{"damage":9.0,"enemies":"Gremlin Gang","floor":12.0,"turns":4.0},{"damage":20.0,"enemies":"Gremlin Nob","floor":13.0,"turns":5.0},{"damage":19.0,"enemies":"The Guardian","floor":16.0,"turns":8.0},{"damage":2.0,"enemies":"3 Byrds","floor":18.0,"turns":5.0},{"damage":5.0,"enemies":"Chosen","floor":21.0,"turns":4.0},{"damage":9.0,"enemies":"Slavers","floor":23.0,"turns":5.0},{"damage":6.0,"enemies":"3 Cultists","floor":24.0,"turns":6.0},{"damage":7.0,"enemies":"Book of Stabbing","floor":25.0,"turns":5.0},{"damage":26.0,"enemies":"Slavers","floor":27.0,"turns":5.0},{"damage":1.0,"enemies":"Cultist and Chosen","floor":29.0,"turns":6.0},{"damage":3.0,"enemies":"Gremlin Leader","floor":31.0,"turns":8.0},{"damage":0.0,"enemies":"Collector","floor":33.0,"turns":8.0},{"damage":1.0,"enemies":"Orb Walker","floor":35.0,"turns":4.0},{"damage":0.0,"enemies":"3 Darklings","floor":37.0,"turns":6.0},{"damage":21.0,"enemies":"Transient","floor":38.0,"turns":5.0},{"damage":5.0,"enemies":"Spire Growth","floor":39.0,"turns":4.0},{"damage":21,"enemies":"Giant Head","floor":40,"turns":8},{"damage":33,"enemies":"Reptomancer","floor":42,"turns":6},{"damage":6,"enemies":"Jaw Worm Horde","floor":45,"turns":5},{"damage":0,"enemies":"Giant Head","floor":46,"turns":7},{"damage":3,"enemies":"Writhing Mass","floor":47,"turns":3},{"damage":27,"enemies":"3 Darklings","floor":48,"turns":4},{"damage":42,"enemies":"Awakened One","floor":50,"turns":13},{"damage":8,"enemies":"Shield and Spear","floor":54,"turns":6},{"damage":4,"enemies":"The Heart","floor":55,"turns":7}],"seed_played":"6399011685368159695","potions_obtained":[{"floor":1.0,"key":"CunningPotion"},{"floor":12.0,"key":"DistilledChaos"},{"floor":13.0,"key":"LiquidMemories"},{"floor":16.0,"key":"Regen Potion"},{"floor":21.0,"key":"CunningPotion"},{"floor":23.0,"key":"GamblersBrew"},{"floor":25.0,"key":"FearPotion"},{"floor":29.0,"key":"ColorlessPotion"},{"floor":33.0,"key":"FearPotion"},{"floor":37.0,"key":"DuplicationPotion"},{"floor":45,"key":"SkillPotion"},{"floor":47,"key":"Fruit Juice"},{"floor":48,"key":"SkillPotion"}],"is_trial":false,"path_per_floor":["M","M","?","M","M","R","E","M","T","T","R","M","E","?","R","B",null,"M","?","?","M","?","E","M","E","T","E","R","M","?","E","R","B",null,"M","?","M","M","M","E","R","E","T","$","M","E","M","M","R","B",null,"R","$","E","B",null],"character_chosen":"THE_SILENT","items_purchased":["Lee\u0027s Waffle","PowerPotion","Calipers","Paper Crane","Bronze Scales","Oddly Smooth Stone"],"campfire_rested":1,"item_purchase_floors":[44,44,53,53,53,53],"current_hp_per_floor":[70,67,67,67,65,65,48,44,44,51,51,42,22,22,22,28,65,63,63,63,72,58,49,45,38,38,12,37,38,38,35,35,60,80,79,79,79,58,55,36,36,3,3,97,91,93,97,72,72,55,95,95,95,89,106],"gold":57,"neow_bonus":"ONE_RANDOM_RARE_CARD","is_daily":false,"chose_seed":false,"campfire_upgraded":6,"win_rate":0.0,"timestamp":1611848150,"path_taken":["M","M","?","M","M","R","E","M","T","?","R","M","E","?","R","BOSS","M","?","?","M","?","E","M","E","T","E","R","M","?","E","R","BOSS","M","?","M","M","?","E","R","E","T","$","?","E","M","M","R","BOSS","R","$","E","BOSS"],"items_purchased_type":["Relic","Potion","Relic","Relic","Relic","Relic"],"build_version":"2020-12-22","purchased_purges":1,"victory":true,"max_hp_per_floor":[70,70,70,70,70,70,70,70,70,77,77,77,77,77,77,77,77,77,77,77,77,82,82,84,84,84,84,84,86,86,86,86,86,86,86,86,86,86,88,90,90,90,90,97,97,99,106,108,108,108,108,108,108,110,110],"relic_stats":{"Lee\u0027s Waffle":94,"Singing Bowl":16,"counters":[31,176],"Pen Nib":[22],"Ginger":[25],"War Paint":["Dodge and Roll","Bouncing Flask"],"Boot":[115],"Tough Bandages":[18],"Ornamental Fan":[116],"Pantograph":96,"Bronze Scales":[78],"obtain_stats":[{"Lee\u0027s Waffle":44,"Calipers":53,"Singing Bowl":10,"Oddly Smooth Stone":53,"Pen Nib":13,"The Courier":46,"Ginger":23,"Bottled Tornado":9,"Paper Crane":53,"War Paint":54,"Boot":27,"Runic Dome":17,"CaptainsWheel":25,"Tough Bandages":40,"Matryoshka":7,"Ornamental Fan":31,"Ninja Scroll":42,"Pantograph":9,"Strawberry":10,"Bronze Scales":53,"Philosopher\u0027s Stone":34,"Ring of the Snake":0,"Meat on the Bone":43},{"Lee\u0027s Waffle":24,"Calipers":29,"Singing Bowl":6,"Oddly Smooth Stone":29,"Pen Nib":8,"The Courier":26,"Ginger":12,"Bottled Tornado":6,"Paper Crane":29,"War Paint":30,"Boot":15,"Runic Dome":9,"CaptainsWheel":14,"Tough Bandages":23,"Matryoshka":5,"Ornamental Fan":17,"Ninja Scroll":24,"Pantograph":6,"Strawberry":6,"Bronze Scales":29,"Philosopher\u0027s Stone":18,"Ring of the Snake":0,"Meat on the Bone":24},{"Lee\u0027s Waffle":131,"Calipers":163,"Singing Bowl":29,"Oddly Smooth Stone":163,"Pen Nib":38,"The Courier":143,"Ginger":60,"Bottled Tornado":29,"Paper Crane":163,"War Paint":169,"Boot":76,"Runic Dome":46,"CaptainsWheel":71,"Tough Bandages":125,"Matryoshka":23,"Ornamental Fan":90,"Ninja Scroll":131,"Pantograph":29,"Strawberry":29,"Bronze Scales":163,"Philosopher\u0027s Stone":98,"Ring of the Snake":0,"Meat on the Bone":131}],"Ring of the Snake":[62],"Meat on the Bone":0},"card_choices":[{"not_picked":["Choke","Deadly Poison"],"picked":"Blade Dance","floor":1.0},{"not_picked":["Sucker Punch","Terror"],"picked":"Poisoned Stab","floor":2.0},{"not_picked":["Flechettes","Underhanded Strike"],"picked":"Noxious Fumes","floor":4.0},{"not_picked":["Poisoned Stab","Sucker Punch"],"picked":"PiercingWail","floor":5.0},{"not_picked":["Flying Knee","Phantasmal Killer"],"picked":"Blur","floor":7.0},{"not_picked":["Poisoned Stab","Blur"],"picked":"Bouncing Flask","floor":8.0},{"not_picked":["Dagger Spray","Cloak And Dagger"],"picked":"Deadly Poison","floor":12.0},{"not_picked":["Outmaneuver","Bouncing Flask"],"picked":"Well Laid Plans","floor":13.0},{"not_picked":["Unload","Doppelganger"],"picked":"After Image","floor":16.0},{"not_picked":["Dagger Throw","Noxious Fumes"],"picked":"Blur","floor":18.0},{"not_picked":["Slice+1","Endless Agony"],"picked":"Catalyst","floor":21.0},{"not_picked":["Flying Knee+1","Heel Hook"],"picked":"Leg Sweep","floor":23.0},{"not_picked":["Riddle With Holes","Prepared","Outmaneuver"],"picked":"Singing Bowl","floor":24.0},{"not_picked":["Flechettes","Glass Knife"],"picked":"Dodge and Roll","floor":25.0},{"not_picked":["Deflect","Slice"],"picked":"Backflip+1","floor":27.0},{"not_picked":["Infinite Blades+1","Leg Sweep","Accuracy+1"],"picked":"Singing Bowl","floor":29.0},{"not_picked":["Slice+1","Endless Agony"],"picked":"Leg Sweep+1","floor":31.0},{"not_picked":["Unload","Venomology"],"picked":"Burst","floor":33.0},{"not_picked":["Bane+1","Slice+1"],"picked":"Backflip","floor":35.0},{"not_picked":["Bane","Bouncing Flask"],"picked":"Catalyst","floor":37.0},{"not_picked":["Flechettes","Cloak And Dagger"],"picked":"Deadly Poison","floor":38.0},{"not_picked":["Reflex+1","Finisher","Deadly Poison"],"picked":"Singing Bowl","floor":39},{"not_picked":["Bane+1","Underhanded Strike+1","Dagger Throw"],"picked":"Singing Bowl","floor":40},{"not_picked":["Blade Dance","Acrobatics"],"picked":"Catalyst","floor":42},{"not_picked":["Glass Knife","Deflect+1"],"picked":"Bouncing Flask","floor":45},{"not_picked":["Poisoned Stab+1","Bane+1","Escape Plan"],"picked":"Singing Bowl","floor":46},{"not_picked":["Setup","Underhanded Strike","Expertise+1"],"picked":"Singing Bowl","floor":47},{"not_picked":["Dodge and Roll","Backstab","Bane"],"picked":"Singing Bowl","floor":48},{"not_picked":["Backstab","Flying Knee+1","Outmaneuver"],"picked":"Singing Bowl","floor":54}],"player_experience":1054080,"relics_obtained":[{"floor":7.0,"key":"Matryoshka"},{"floor":9.0,"key":"Bottled Tornado"},{"floor":9.0,"key":"Pantograph"},{"floor":10.0,"key":"Strawberry"},{"floor":10.0,"key":"Singing Bowl"},{"floor":13.0,"key":"Pen Nib"},{"floor":23.0,"key":"Ginger"},{"floor":25.0,"key":"CaptainsWheel"},{"floor":27.0,"key":"Boot"},{"floor":31.0,"key":"Ornamental Fan"},{"floor":40,"key":"Tough Bandages"},{"floor":42,"key":"Ninja Scroll"},{"floor":43,"key":"Meat on the Bone"},{"floor":46,"key":"The Courier"},{"floor":54,"key":"War Paint"}],"event_choices":[{"cards_removed":["Strike_G"],"damage_healed":0.0,"max_hp_gain":0.0,"max_hp_loss":0.0,"gold_gain":0.0,"event_name":"The Cleric","player_choice":"Card Removal","floor":3.0,"gold_loss":50.0,"damage_taken":0.0},{"damage_healed":0.0,"max_hp_gain":0.0,"max_hp_loss":0.0,"gold_gain":175.0,"event_name":"Liars Game","player_choice":"AGREE","floor":14.0,"gold_loss":0.0,"damage_taken":0.0,"cards_obtained":["Doubt"]},{"damage_healed":0.0,"max_hp_gain":0.0,"max_hp_loss":0.0,"gold_gain":0.0,"event_name":"Back to Basics","player_choice":"Simplicity","floor":19.0,"gold_loss":0.0,"damage_taken":0.0,"cards_upgraded":["Strike_G","Strike_G","Strike_G","Strike_G","Defend_G","Defend_G","Defend_G","Defend_G","Defend_G"]},{"damage_healed":0.0,"max_hp_gain":0.0,"max_hp_loss":0.0,"gold_gain":0.0,"event_name":"Ghosts","player_choice":"Ignored","floor":20.0,"gold_loss":0.0,"damage_taken":0.0},{"damage_healed":0.0,"max_hp_gain":5.0,"max_hp_loss":0.0,"gold_gain":0.0,"event_name":"Forgotten Altar","player_choice":"Shed Blood","floor":22.0,"gold_loss":0.0,"damage_taken":19.0},{"damage_healed":0.0,"max_hp_gain":0.0,"max_hp_loss":0.0,"gold_gain":0.0,"event_name":"Match and Keep!","player_choice":"2 cards matched","floor":30.0,"gold_loss":0.0,"damage_taken":0.0,"cards_obtained":["Panacea","Infinite Blades"]},{"damage_healed":0.0,"max_hp_gain":0.0,"max_hp_loss":0.0,"gold_gain":0.0,"event_name":"Designer","player_choice":"Upgrade","floor":36.0,"gold_loss":40.0,"damage_taken":0.0,"cards_upgraded":["Burst"]}],"is_beta":false,"boss_relics":[{"not_picked":["Busted Crown","SlaversCollar"],"picked":"Runic Dome"},{"not_picked":["WristBlade","Pandora\u0027s Box"],"picked":"Philosopher\u0027s Stone"}],"items_purged_floors":[44],"is_endless":false,"potions_floor_spawned":[1,12,13,16,21,23,25,29,33,37,45,47,48,54],"ascension_level":5}}