{"host":"i0avyit1s6jb1siw","time":1611827464,"event":{"mods":["BaseMod","DeckTracker","Dota2Spire","Highlight Path","Minty Spire (QoL Compilation)","Quick Restart","StSLib","SuperFastMode"],"gold_per_floor":[117,42,342,362,362,393,393,422,493,520,549,576,598,644,656,668,680,692,704,704],"floor_reached":19,"language":"ENG","playtime":464,"items_purged":[],"score":336,"play_id":"1f724505-6e75-4395-adb0-1b445b129e66","local_time":"20210128105104","is_ascension_mode":true,"campfire_choices":[{"data":"Predator","floor":7.0,"key":"SMITH"},{"data":"Crippling Poison","floor":16,"key":"SMITH"},{"floor":18,"key":"REST"}],"circlet_count":0,"master_deck":["AscendersBane","Strike_G","Strike_G","Strike_G","Strike_G","Defend_G","Defend_G","Defend_G","Defend_G","Defend_G","Survivor","Neutralize","Predator+1","Blur","Calculated Gamble","Wraith Form v2","Blade Dance","PiercingWail","Crippling Poison+1"],"relics":["Ring of the Snake","NeowsBlessing","Old Coin","Happy Flower","Dota2Spire:AssaultCuirass","Boot","Kunai","Potion Belt","MawBank","MealTicket"],"acts_visited":["Exordium"],"potions_floor_usage":[14,17],"damage_taken":[{"damage":0.0,"enemies":"Jaw Worm","floor":1.0,"turns":1.0},{"damage":0.0,"enemies":"2 Louse","floor":4.0,"turns":1.0},{"damage":0.0,"enemies":"Gremlin Nob","floor":6.0,"turns":1.0},{"damage":29.0,"enemies":"3 Sentries","floor":8.0,"turns":13.0},{"damage":2.0,"enemies":"Gremlin Nob","floor":11.0,"turns":4.0},{"damage":0.0,"enemies":"Cultist","floor":12.0,"turns":2.0},{"damage":0,"enemies":"Blue Slaver","floor":13,"turns":2},{"damage":2,"enemies":"3 Sentries","floor":14,"turns":10},{"damage":27,"enemies":"Hexaghost","floor":19,"turns":14}],"seed_played":"-4061147465916308607","potions_obtained":[{"floor":1.0,"key":"DuplicationPotion"},{"floor":8.0,"key":"AttackPotion"},{"floor":14,"key":"CunningPotion"}],"is_trial":false,"path_per_floor":["M","?","?","M","T","E","R","E","T","T","E","M","M","E","?","R","B","R","B"],"character_chosen":"THE_SILENT","items_purchased":[],"campfire_rested":1,"item_purchase_floors":[],"current_hp_per_floor":[59,59,48,48,48,48,48,19,19,19,17,17,17,15,20,20,5,26,0,0],"gold":704,"neow_bonus":"THREE_ENEMY_KILL","is_daily":false,"chose_seed":false,"campfire_upgraded":2,"win_rate":0.0,"timestamp":1611827464,"path_taken":["M","?","?","M","?","E","R","E","T","T","E","?","M","E","?","R","BOSS","R","BOSS"],"items_purchased_type":[],"build_version":"2020-12-22","purchased_purges":0,"victory":false,"max_hp_per_floor":[66,66,66,66,66,66,66,66,66,66,66,66,66,66,71,71,71,71,71,71],"card_choices":[{"not_picked":["Masterful Stab","Expertise"],"picked":"Predator","floor":1.0},{"not_picked":["Poisoned Stab","Flying Knee"],"picked":"Blur","floor":4.0},{"not_picked":["Accuracy","Eviscerate"],"picked":"Calculated Gamble","floor":6.0},{"not_picked":["Deflect","Finisher"],"picked":"Wraith Form v2","floor":8.0},{"not_picked":["Flying Knee","Catalyst"],"picked":"Blade Dance","floor":11.0},{"not_picked":["Bane","Dagger Throw","Underhanded Strike"],"picked":"SKIP","floor":12.0},{"not_picked":["Backflip","Choke"],"picked":"PiercingWail","floor":13},{"not_picked":["Acrobatics","Cloak And Dagger"],"picked":"Crippling Poison","floor":14}],"player_experience":2358988,"relics_obtained":[{"floor":5.0,"key":"Happy Flower"},{"floor":6.0,"key":"Dota2Spire:AssaultCuirass"},{"floor":8.0,"key":"Boot"},{"floor":9.0,"key":"Kunai"},{"floor":10.0,"key":"Potion Belt"},{"floor":11.0,"key":"MawBank"},{"floor":14,"key":"MealTicket"}],"event_choices":[{"cards_removed":["Strike_G"],"damage_healed":0.0,"max_hp_gain":0.0,"max_hp_loss":0.0,"gold_gain":0.0,"event_name":"The Cleric","player_choice":"Card Removal","floor":2.0,"gold_loss":75.0,"damage_taken":0.0},{"damage_healed":0.0,"max_hp_gain":0.0,"max_hp_loss":0.0,"gold_gain":0.0,"event_name":"Scrap Ooze","player_choice":"Success","floor":3.0,"gold_loss":0.0,"damage_taken":11.0,"relics_obtained":["Old Coin"]},{"damage_healed":0,"gold_gain":0,"player_choice":"Donut","damage_taken":0,"max_hp_gain":5,"max_hp_loss":0,"event_name":"Big Fish","floor":15,"gold_loss":0}],"is_beta":false,"boss_relics":[],"items_purged_floors":[],"is_endless":false,"potions_floor_spawned":[1,8,14],"killed_by":"Hexaghost","ascension_level":20}}