{"host":"359hz4210ybch7ku","time":1611811910,"event":{"mods":["BaseMod","Block Reminder","Colored Map","Colored Powertips","Highlight Path","Minty Spire (QoL Compilation)","Slay the Relics Exporter","StSLib"],"gold_per_floor":[117,129,129,304,30,30,59,59,85,62,74,85,112,137,137,233,233,277,322,322,247,287,287,312,312],"floor_reached":24,"language":"ENG","playtime":1631,"items_purged":["Doubt"],"score":275,"play_id":"015918b5-ad6f-4f34-9630-0747d6656120","local_time":"20210127213150","is_ascension_mode":true,"campfire_choices":[{"data":"Eruption","floor":8,"key":"SMITH"},{"floor":15,"key":"REST"},{"floor":23,"key":"REST"}],"circlet_count":0,"master_deck":["Strike_P","Strike_P","Strike_P","Defend_P","Defend_P","Defend_P","Eruption+1","Vigilance","EmptyMind","FlurryOfBlows","Consecrate","BowlingBash","Prostrate","InnerPeace","Wish","InnerPeace","EmptyMind","Prostrate"],"relics":["PureWater","Bag of Preparation","Akabeko","Anchor","Bronze Scales","Ice Cream","Omamori","Cursed Key","MutagenicStrength"],"acts_visited":["Exordium","TheCity"],"potions_floor_usage":[16,16,19],"damage_taken":[{"damage":7,"enemies":"Small Slimes","floor":1,"turns":3},{"damage":0,"enemies":"Cultist","floor":2,"turns":2},{"damage":15,"enemies":"Gremlin Nob","floor":7,"turns":3},{"damage":0,"enemies":"Jaw Worm","floor":11,"turns":1},{"damage":0,"enemies":"Looter","floor":12,"turns":2},{"damage":16,"enemies":"Lagavulin","floor":13,"turns":5},{"damage":46,"enemies":"The Guardian","floor":16,"turns":11},{"damage":0,"enemies":"Chosen","floor":18,"turns":4},{"damage":10,"enemies":"3 Byrds","floor":19,"turns":3},{"damage":21,"enemies":"Centurion and Healer","floor":22,"turns":7},{"damage":48,"enemies":"Book of Stabbing","floor":24,"turns":5}],"seed_played":"-3630943908889059125","potions_obtained":[{"floor":1,"key":"LiquidMemories"},{"floor":7,"key":"Weak Potion"},{"floor":19,"key":"Strength Potion"}],"is_trial":false,"path_per_floor":["M","M","?","?","$","?","E","R","T","$","M","M","E","T","R","B",null,"M","M","?","?","M","R","E"],"character_chosen":"WATCHER","items_purchased":["Akabeko","Explosive Potion","BowlingBash"],"campfire_rested":2,"item_purchase_floors":[5,5,10],"current_hp_per_floor":[58,58,58,58,58,58,43,43,43,43,43,43,27,27,48,2,55,55,45,45,45,24,45,0,0],"gold":312,"neow_bonus":"RANDOM_COMMON_RELIC","is_daily":false,"chose_seed":false,"campfire_upgraded":1,"win_rate":0.0,"timestamp":1611811910,"path_taken":["M","M","?","?","$","?","E","R","T","$","?","M","E","?","R","BOSS","M","M","?","?","M","R","E"],"items_purchased_type":["Relic","Potion","Card"],"build_version":"2020-12-22","purchased_purges":1,"victory":false,"max_hp_per_floor":[72,72,72,72,72,72,72,72,72,72,72,72,72,72,72,72,72,72,72,72,72,72,72,72,72],"card_choices":[{"not_picked":["Fasting2","Swivel"],"picked":"EmptyMind","floor":1},{"not_picked":["SandsOfTime","MentalFortress"],"picked":"FlurryOfBlows","floor":2},{"not_picked":["Pray","Collect"],"picked":"Consecrate","floor":7},{"not_picked":["EmptyFist","Crescendo"],"picked":"Prostrate","floor":11},{"not_picked":["Perseverance","Crescendo"],"picked":"InnerPeace","floor":12},{"not_picked":["CarveReality","ReachHeaven","Wireheading"],"picked":"SKIP","floor":13},{"not_picked":["ConjureBlade","Judgement"],"picked":"Wish","floor":16},{"not_picked":["Worship","Protect"],"picked":"InnerPeace","floor":18},{"not_picked":["FlyingSleeves+1","CrushJoints"],"picked":"EmptyMind","floor":19},{"not_picked":["Swivel+1","Halt"],"picked":"Prostrate","floor":22}],"player_experience":296210,"relics_obtained":[{"floor":7,"key":"Anchor"},{"floor":9,"key":"Bronze Scales"},{"floor":13,"key":"Ice Cream"},{"floor":14,"key":"Omamori"}],"event_choices":[{"damage_healed":0,"gold_gain":0,"player_choice":"Leave","damage_taken":0,"max_hp_gain":0,"max_hp_loss":0,"event_name":"The Cleric","floor":3,"gold_loss":0},{"damage_healed":0,"gold_gain":175,"player_choice":"AGREE","damage_taken":0,"max_hp_gain":0,"max_hp_loss":0,"event_name":"Liars Game","floor":4,"gold_loss":0,"cards_obtained":["Doubt"]},{"cards_removed":["Defend_P"],"damage_healed":0,"gold_gain":0,"player_choice":"Purged","damage_taken":0,"max_hp_gain":0,"max_hp_loss":0,"event_name":"Purifier","floor":6,"gold_loss":0},{"damage_healed":0,"gold_gain":0,"player_choice":"Inject Mutagens","damage_taken":0,"relics_obtained":["MutagenicStrength"],"max_hp_gain":0,"max_hp_loss":0,"event_name":"Drug Dealer","floor":20,"gold_loss":0},{"cards_removed":["Strike_P"],"damage_healed":0,"gold_gain":0,"player_choice":"Gave Gold","damage_taken":0,"max_hp_gain":0,"max_hp_loss":0,"event_name":"Beggar","floor":21,"gold_loss":75}],"is_beta":false,"boss_relics":[{"not_picked":["Tiny House","Sozu"],"picked":"Cursed Key"}],"items_purged_floors":[5],"is_endless":false,"potions_floor_spawned":[1,7,11,19],"killed_by":"Book of Stabbing","ascension_level":7}}