{"host":"1vzdexsn8vtq5lt7","time":1611847938,"event":{"mods":["Act Like it!","BaseMod","Colored Map","Colored Powertips","Conspire","Downfall","Easy Mod","Energized Spire","Minty Spire (QoL Compilation)","Quick Restart","Relic Stats","Replay The Spire","StSLib","SuperFastMode","TestMod","【功能Mod】Neow奖励","【功能Mod】混沌之环修复补丁","【功能Mod】精心准备","【遗物卡牌】REMEMod","没有小屋子和绿帽子啦"],"gold_per_floor":[99,119,137,155,174,174,198,198,223,242,267,284,295,320,332,436,436,336,351,371,371,383,383,383,403,434,434,466,466,466,466,466,466,481,581,581,581,595,615,635,299,313,336,336,336,336,336,355,371,397,407,407],"floor_reached":53,"language":"ZHS","playtime":1945,"items_purged":["champ:Strike"],"score":840,"play_id":"deaddf2b-aca7-4efc-bb35-0db1f290d840","local_time":"20210128233218","is_ascension_mode":true,"campfire_choices":[{"data":"champ:Taunt","floor":1.0,"key":"SMITH"},{"data":"champ:StanceDance","floor":6.0,"key":"SMITH"},{"data":"champ:UltimateStance","floor":18.0,"key":"SMITH"},{"data":"champ:BerserkerStyle","floor":27.0,"key":"SMITH"},{"data":"champ:EndlessRage","floor":29.0,"key":"SMITH"},{"data":"champ:StanceDance","floor":32.0,"key":"SMITH"},{"data":"champ:BerserkersShout","floor":37.0,"key":"SMITH"},{"data":"expansioncontent:LastStand","floor":47,"key":"SMITH"}],"circlet_count":0,"master_deck":["EasyMod:card_1","champ:Strike","champ:Strike","champ:Strike","champ:Defend","champ:Defend","champ:Defend","champ:Execute","champ:Taunt+1","expansioncontent:LastStand+1","champ:FanOfKnives+1","champ:StanceDance+1","champ:RecklessLeap","champ:StanceDance+1","champ:EndlessRage+1","champ:VampiricStrike","champ:UltimateStance+1","champ:BerserkerStyle+1","downfall:Bewildered","champ:PreciseThrust+1","champ:BerserkersShout+1","champ:RisingSlash+1","champ:StanceDance+1","champ:FanOfKnives+1","expansioncontent:QuickStudy+1","champ:FocusedBerserking","champ:DeathBlow+1","champ:DancingMaster+1","champ:RageSigil+1"],"relics":["champ:ChampionCrown","testmod-TestBox","REME_ComplimentaryCards","testmod-TimeTraveler","testmod-TurbochargingSystem","Orichalcum","Regal Pillow","conspire:Dentures","testmod-HarvestTotem","downfall:HeartBlessingGreen","sneckomod:BabySnecko","HornCleat","champ:DuelingGlove","conspire:DecoderRing","MealTicket","testmod-CardMagician","Juzu Bracelet","Golden Egg","Replay:Ringing Soul"],"acts_visited":["Exordium","TheCity","TheBeyond"],"potions_floor_usage":[52],"damage_taken":[{"damage":10.0,"enemies":"Small Slimes","floor":2.0,"turns":3.0},{"damage":19.0,"enemies":"Cultist","floor":3.0,"turns":4.0},{"damage":17.0,"enemies":"Jaw Worm","floor":4.0,"turns":5.0},{"damage":21.0,"enemies":"Exordium Thugs","floor":5.0,"turns":5.0},{"damage":27.0,"enemies":"3 Sentries","floor":9.0,"turns":6.0},{"damage":18.0,"enemies":"Exordium Wildlife","floor":10.0,"turns":3.0},{"damage":39.0,"enemies":"Gremlin Nob","floor":11.0,"turns":4.0},{"damage":6.0,"enemies":"Large Slime","floor":12.0,"turns":2.0},{"damage":10.0,"enemies":"3 Louse","floor":13.0,"turns":2.0},{"damage":27.0,"enemies":"3 Sentries","floor":14.0,"turns":5.0},{"damage":30.0,"enemies":"Large Slime","floor":15.0,"turns":4.0},{"damage":44.0,"enemies":"SI_SHIV_ARCHETYPE","floor":16.0,"turns":6.0},{"damage":21.0,"enemies":"Spheric Guardian","floor":19.0,"turns":4.0},{"damage":11.0,"enemies":"Chosen","floor":20.0,"turns":4.0},{"damage":63.0,"enemies":"Snake Plant","floor":22.0,"turns":5.0},{"damage":25.0,"enemies":"Snecko","floor":25.0,"turns":5.0},{"damage":75.0,"enemies":"Book of Stabbing","floor":26.0,"turns":7.0},{"damage":38.0,"enemies":"Slavers","floor":28.0,"turns":5.0},{"damage":29.0,"enemies":"Centurion and Healer","floor":34.0,"turns":4.0},{"damage":199.0,"enemies":"DF_ARCHETYPE_CLAW","floor":35.0,"turns":10.0},{"damage":19.0,"enemies":"Orb Walker","floor":38.0,"turns":3.0},{"damage":61.0,"enemies":"3 Shapes","floor":39.0,"turns":3.0},{"damage":66.0,"enemies":"Jaw Worm Horde","floor":40.0,"turns":4.0},{"damage":83.0,"enemies":"downfall:FleeingMerchant","floor":41.0,"turns":4.0},{"damage":35,"enemies":"Sphere and 2 Shapes","floor":42,"turns":3},{"damage":83,"enemies":"Maw","floor":48,"turns":6},{"damage":52,"enemies":"Transient","floor":49,"turns":5},{"damage":76,"enemies":"R_Hoarder","floor":50,"turns":5},{"damage":92,"enemies":"4 Shapes","floor":51,"turns":4},{"damage":407,"enemies":"WA_ARCHETYPE_DIVINITY","floor":52,"turns":13}],"seed_played":"8841729945872494588","potions_obtained":[{"floor":2.0,"key":"Dexterity Potion"},{"floor":3.0,"key":"ColorlessPotion"},{"floor":10.0,"key":"FairyPotion"},{"floor":14.0,"key":"Fire Potion"},{"floor":16.0,"key":"REME_GoldPotion"},{"floor":19.0,"key":"SteroidPotion"},{"floor":28.0,"key":"Adrenaline Potion"}],"is_trial":false,"path_per_floor":["R","M","M","M","M","R","T","?","E","M","E","M","M","E","M","B",null,"R","M","M","?","M","T","T","M","E","R","E","R","PTL","PTL","R","?","M","B",null,"R_BF","M","M","M","$","M","T","?","T","?","R","M","M","E","M","B",null],"character_chosen":"THE_CHAMP","items_purchased":["expansioncontent:QuickStudy+1","champ:FocusedBerserking"],"campfire_rested":0,"item_purchase_floors":[41,41],"current_hp_per_floor":[99,99,95,93,89,89,89,89,78,75,56,50,50,52,52,23,198,198,193,198,198,187,187,187,190,181,181,191,191,191,191,191,191,198,136,198,198,198,198,198,198,198,198,198,198,198,198,198,198,204,210,73],"gold":407,"neow_bonus":"TEN_PERCENT_HP_BONUS","is_daily":false,"chose_seed":false,"campfire_upgraded":8,"win_rate":0.0,"timestamp":1611847938,"path_taken":["R","M","M","M","M","R","T","?","E","M","E","M","M","E","M","BOSS","R","M","M","?","M","?","T","?","E","R","E","R","PTL","PTL","R","?","M","BOSS","R_BF","M","M","M","$","M","T","?","?","?","R","M","M","E","M","BOSS"],"items_purchased_type":["Card","Card"],"build_version":"2020-12-22","purchased_purges":1,"victory":true,"max_hp_per_floor":[99,99,99,99,99,99,99,99,99,99,99,99,99,99,99,99,198,198,198,198,198,198,198,198,198,198,198,198,198,198,198,198,198,198,198,198,198,198,198,198,198,198,198,198,198,198,198,198,198,204,210,210],"relic_stats":{"Regal Pillow":0,"counters":[30,143],"MealTicket":0,"Juzu Bracelet":0,"Orichalcum":[264],"obtain_stats":[{"conspire:Dentures":14,"champ:DuelingGlove":24,"Golden Egg":45,"Regal Pillow":11,"testmod-TestBox":0,"testmod-TimeTraveler":0,"champ:ChampionCrown":0,"downfall:HeartBlessingGreen":18,"testmod-CardMagician":36,"Blue Doll":43,"testmod-HarvestTotem":17,"Juzu Bracelet":44,"testmod-TurbochargingSystem":7,"Orichalcum":9,"sneckomod:BabySnecko":21,"Replay:Ringing Soul":50,"HornCleat":23,"conspire:DecoderRing":26,"MealTicket":28,"REME_ComplimentaryCards":0},{"conspire:Dentures":10,"champ:DuelingGlove":15,"Golden Egg":25,"Regal Pillow":7,"testmod-TestBox":0,"testmod-TimeTraveler":0,"champ:ChampionCrown":0,"downfall:HeartBlessingGreen":12,"testmod-CardMagician":20,"Blue Doll":25,"testmod-HarvestTotem":12,"Juzu Bracelet":25,"testmod-TurbochargingSystem":4,"Orichalcum":5,"sneckomod:BabySnecko":14,"Replay:Ringing Soul":28,"HornCleat":15,"conspire:DecoderRing":17,"MealTicket":18,"REME_ComplimentaryCards":0},{"conspire:Dentures":39,"champ:DuelingGlove":62,"Golden Egg":110,"Regal Pillow":30,"testmod-TestBox":0,"testmod-TimeTraveler":0,"champ:ChampionCrown":0,"downfall:HeartBlessingGreen":49,"testmod-CardMagician":93,"Blue Doll":110,"testmod-HarvestTotem":49,"Juzu Bracelet":110,"testmod-TurbochargingSystem":17,"Orichalcum":23,"sneckomod:BabySnecko":57,"Replay:Ringing Soul":126,"HornCleat":62,"conspire:DecoderRing":74,"MealTicket":79,"REME_ComplimentaryCards":0}]},"card_choices":[{"not_picked":["champ:BladeFlurry","champ:FlashCut"],"picked":"champ:FanOfKnives","floor":2.0},{"not_picked":["champ:ShieldSlam","champ:Backstep","champ:CrownThrow"],"picked":"SKIP","floor":3.0},{"not_picked":["champ:GutPunch","champ:Devastate"],"picked":"champ:StanceDance","floor":4.0},{"not_picked":["champ:RisingSlash","champ:DefensiveShout","champ:DefensiveStyle"],"picked":"SKIP","floor":5.0},{"not_picked":["champ:EnchantSword","champ:Backstep"],"picked":"champ:RecklessLeap","floor":9.0},{"not_picked":["champ:GutPunch","champ:BringItOn","champ:FalseCounter"],"picked":"SKIP","floor":10.0},{"not_picked":["champ:ShieldSigil","champ:BladeFlurry","champ:SkillfulDodge"],"picked":"SKIP","floor":11.0},{"not_picked":["champ:BringItOn","champ:ShieldSigil"],"picked":"champ:StanceDance","floor":12.0},{"not_picked":["champ:PreciseThrust","champ:PreemptiveStrike"],"picked":"champ:EndlessRage","floor":13.0},{"not_picked":["champ:BladeFlurry","champ:Backstep"],"picked":"champ:VampiricStrike","floor":14.0},{"not_picked":["champ:Shatter","champ:BladeFlurry","champ:CrookedStrike"],"picked":"SKIP","floor":15.0},{"not_picked":["champ:Devastate","champ:VampiricStrike"],"picked":"champ:UltimateStance","floor":16.0},{"not_picked":["champ:FalseCounter","champ:RecklessLeap+1","champ:EndlessRage"],"picked":"SKIP","floor":19.0},{"not_picked":["champ:GutPunch+1","champ:PreemptiveStrike"],"picked":"champ:BerserkerStyle","floor":20.0},{"not_picked":["champ:BladeFlurry","champ:Circumvent","champ:BringItOn"],"picked":"SKIP","floor":22.0},{"not_picked":["champ:ShieldWall","champ:Circumvent","champ:Haymaker+1"],"picked":"SKIP","floor":25.0},{"not_picked":["champ:Duel","champ:Shatter"],"picked":"champ:PreciseThrust+1","floor":26.0},{"not_picked":["champ:Backstep","champ:FalseCounter+1","champ:TornadoPunch+1"],"picked":"SKIP","floor":28.0},{"not_picked":["champ:Circumvent","champ:ShieldSigil"],"picked":"champ:BerserkersShout","floor":34.0},{"not_picked":["champ:PreciseThrust","champ:FancyFootwork+1","champ:ShieldSlam"],"picked":"SKIP","floor":38.0},{"not_picked":["champ:BladeFlurry+1","champ:BerserkersShout"],"picked":"champ:RisingSlash+1","floor":39.0},{"not_picked":["champ:ShieldSigil+1","champ:BringItOn+1"],"picked":"champ:StanceDance+1","floor":40.0},{"not_picked":["champ:CrownThrow","champ:RisingSlash"],"picked":"champ:FanOfKnives+1","floor":41.0},{"not_picked":["champ:FocusedDefense+1","champ:AdrenalArmor"],"picked":"champ:DeathBlow+1","floor":42},{"not_picked":["champ:RisingSlash+1","champ:Shatter+1","champ:PerfectedStrike"],"picked":"SKIP","floor":48},{"not_picked":["champ:RisingSlash+1","champ:PreemptiveStrike","champ:FlashCut+1"],"picked":"SKIP","floor":49},{"not_picked":["champ:FancyFootwork","champ:PerfectedStrike+1"],"picked":"champ:DancingMaster","floor":50},{"not_picked":["champ:Backstep+1","champ:CrookedStrike+1"],"picked":"champ:RageSigil+1","floor":51}],"player_experience":236894,"relics_obtained":[{"floor":7.0,"key":"testmod-TurbochargingSystem"},{"floor":9.0,"key":"Orichalcum"},{"floor":11.0,"key":"Regal Pillow"},{"floor":14.0,"key":"conspire:Dentures"},{"floor":23.0,"key":"HornCleat"},{"floor":24.0,"key":"champ:DuelingGlove"},{"floor":26.0,"key":"conspire:DecoderRing"},{"floor":28.0,"key":"MealTicket"},{"floor":43,"key":"Blue Doll"},{"floor":45,"key":"Golden Egg"},{"floor":50,"key":"Replay:Ringing Soul"}],"event_choices":[{"damage_healed":0.0,"max_hp_gain":0.0,"max_hp_loss":0.0,"gold_gain":0.0,"event_name":"Accursed Blacksmith","player_choice":"Forge","floor":8.0,"gold_loss":0.0,"damage_taken":0.0,"cards_upgraded":["champ:FanOfKnives"]},{"damage_healed":0,"gold_gain":0,"player_choice":"Swap Relic","damage_taken":0,"relics_obtained":["Juzu Bracelet"],"max_hp_gain":0,"max_hp_loss":0,"event_name":"给自己的盒子","floor":44,"relics_lost":["Blue Doll"],"gold_loss":0},{"cards_removed":["champ:Defend"],"damage_healed":0,"gold_gain":0,"player_choice":"Removed Skill","damage_taken":0,"max_hp_gain":0,"max_hp_loss":0,"event_name":"Falling","floor":46,"gold_loss":0}],"is_beta":false,"boss_relics":[{"not_picked":["REME_ChargedStone","Fusion Hammer"],"picked":"testmod-HarvestTotem"},{"not_picked":["energizedSpire:MagnifyingGlass","Replay:Grab Bag"],"picked":"testmod-CardMagician"}],"items_purged_floors":[41],"is_endless":false,"potions_floor_spawned":[2,3,10,14,16,19,25,26,28,39,40,42,48],"ascension_level":1}}