{"host":"tkinv8gv6hgcc58b","time":1611859717,"event":{"mods":["AchievementEnabler","BaseMod","BetterRewards","Colored Map","Downfall","Googly Eyes","Hermit","Minty Spire (QoL Compilation)","Relic Filter","StSLib","The Cursed","The Disciple"],"gold_per_floor":[113,263,263,263,263,263,281,325,325,346,382,23,46,46,46,139,139,159,76,76,89,89,89,89,89,89,114,114,114],"floor_reached":28,"language":"ENG","playtime":1273,"items_purged":[],"score":477,"play_id":"b64255f3-3de0-41cb-bd09-0bf4d844411d","local_time":"20210128134837","is_ascension_mode":true,"campfire_choices":[{"data":"Cloak And Dagger","floor":6,"key":"SMITH"},{"floor":15,"key":"REST"},{"data":"Envenom","floor":23,"key":"SMITH"},{"floor":25,"key":"REST"}],"circlet_count":0,"master_deck":["AscendersBane","Strike_G","Strike_G","Strike_G","Strike_G","Strike_G","Defend_G","Defend_G","Defend_G","Defend_G","Defend_G","Survivor","Neutralize","Cloak And Dagger+1","Doubt","Injury","Poisoned Stab","Dash","All Out Attack","Backstab","Terror","Dagger Spray","Envenom+1","Backflip","Leg Sweep","Dagger Throw"],"relics":["Ring of the Snake","NeowsBlessing","Golden Idol","Boot","Regal Pillow","Bottled Lightning","Gremlin Horn","InkBottle","Black Star","GremlinMask","Potion Belt"],"acts_visited":["Exordium","TheCity"],"potions_floor_usage":[11,24],"damage_taken":[{"damage":0,"enemies":"2 Louse","floor":1,"turns":1},{"damage":0,"enemies":"Jaw Worm","floor":7,"turns":1},{"damage":0,"enemies":"Gremlin Nob","floor":8,"turns":1},{"damage":0,"enemies":"Small Slimes","floor":10,"turns":5},{"damage":42,"enemies":"Lagavulin","floor":11,"turns":9},{"damage":0,"enemies":"Blue Slaver","floor":13,"turns":3},{"damage":33,"enemies":"The Guardian","floor":16,"turns":13},{"damage":18,"enemies":"3 Byrds","floor":18,"turns":4},{"damage":34,"enemies":"Shell Parasite","floor":21,"turns":9},{"damage":20,"enemies":"Cultist and Chosen","floor":24,"turns":4},{"damage":39,"enemies":"Snake Plant","floor":27,"turns":5},{"damage":7,"enemies":"Chosen and Byrds","floor":28,"turns":4}],"seed_played":"-9018234064816045221","potions_obtained":[{"floor":1,"key":"Dexterity Potion"},{"floor":11,"key":"FearPotion"},{"floor":13,"key":"SmokeBomb"}],"is_trial":false,"path_per_floor":["M","?","?","?","?","R","M","E","T","M","E","$","M","$","R","B",null,"M","$","?","M","?","R","M","R","T","M","M"],"character_chosen":"THE_SILENT","items_purchased":["Terror","InkBottle","Leg Sweep"],"campfire_rested":2,"item_purchase_floors":[12,12,19],"current_hp_per_floor":[59,59,59,48,66,66,66,66,66,66,24,24,24,24,58,25,56,38,38,66,32,32,32,12,46,46,7,0,0],"gold":114,"neow_bonus":"THREE_ENEMY_KILL","is_daily":false,"chose_seed":false,"campfire_upgraded":2,"win_rate":0.0,"timestamp":1611859717,"path_taken":["M","?","?","?","?","R","M","E","T","?","E","$","M","$","R","BOSS","M","$","?","?","?","R","M","R","T","M","?"],"items_purchased_type":["Card","Relic","Card"],"build_version":"2020-12-22","purchased_purges":0,"victory":false,"max_hp_per_floor":[66,66,66,66,66,66,66,66,66,66,66,66,66,66,66,66,66,66,66,66,66,66,66,66,66,66,66,66,66],"card_choices":[{"not_picked":["Caltrops","Dodge and Roll"],"picked":"Cloak And Dagger","floor":1},{"not_picked":["Flechettes","Skewer"],"picked":"Poisoned Stab","floor":7},{"not_picked":["Backstab","Skewer"],"picked":"Dash","floor":8},{"not_picked":["Deadly Poison","Bane"],"picked":"All Out Attack","floor":10},{"not_picked":["Blur","Backflip"],"picked":"Backstab","floor":11},{"not_picked":["Deflect","Underhanded Strike"],"picked":"Dagger Spray","floor":13},{"not_picked":["Bullet Time","Corpse Explosion"],"picked":"Envenom","floor":16},{"not_picked":["Underhanded Strike+1","Prepared"],"picked":"Backflip","floor":18},{"not_picked":["Deadly Poison","Predator"],"picked":"Dagger Throw","floor":21},{"not_picked":["Riddle With Holes","Slice","Acrobatics"],"picked":"SKIP","floor":27}],"player_experience":1081033,"relics_obtained":[{"floor":8,"key":"Regal Pillow"},{"floor":9,"key":"Bottled Lightning"},{"floor":11,"key":"Gremlin Horn"},{"floor":26,"key":"Potion Belt"}],"event_choices":[{"damage_healed":0,"gold_gain":150,"player_choice":"AGREE","damage_taken":0,"max_hp_gain":0,"max_hp_loss":0,"event_name":"Liars Game","floor":2,"gold_loss":0,"cards_obtained":["Doubt"]},{"damage_healed":0,"gold_gain":0,"player_choice":"Take Wound","damage_taken":0,"relics_obtained":["Golden Idol"],"max_hp_gain":0,"max_hp_loss":0,"event_name":"Golden Idol","floor":3,"gold_loss":0,"cards_obtained":["Injury"]},{"damage_healed":0,"gold_gain":0,"player_choice":"Success","damage_taken":11,"relics_obtained":["Boot"],"max_hp_gain":0,"max_hp_loss":0,"event_name":"Scrap Ooze","floor":4,"gold_loss":0},{"damage_healed":22,"gold_gain":0,"player_choice":"Banana","damage_taken":0,"max_hp_gain":0,"max_hp_loss":0,"event_name":"Big Fish","floor":5,"gold_loss":0},{"damage_healed":28,"gold_gain":0,"player_choice":"Full Heal","damage_taken":0,"max_hp_gain":0,"max_hp_loss":0,"event_name":"Wheel of Change","floor":20,"gold_loss":0},{"damage_healed":0,"gold_gain":0,"player_choice":"Trade","damage_taken":0,"relics_obtained":["GremlinMask"],"max_hp_gain":0,"max_hp_loss":0,"event_name":"FaceTrader","floor":22,"gold_loss":0}],"is_beta":false,"boss_relics":[{"not_picked":["Cursed Key","Coffee Dripper"],"picked":"Black Star"}],"items_purged_floors":[],"is_endless":false,"potions_floor_spawned":[1,11,13,21],"killed_by":"Chosen and Byrds","ascension_level":18}}