{"host":"e1y4kviho5jwd7e6","time":1611843870,"event":{"mods":["Act Like it!","Aspiration","BaseMod","Better Altar","Better Match","Better Note","Better Skull","Better Synergies","Better Third Choice","BetterRewards","CCEM2","Colored Powertips","Communication Mod","Conjunction","Conspire","Downfall","Energized Spire","Exacting","GifTheSpireLib","Hubris","Hyrulean Relics","Minty Spire (QoL Compilation)","Quarter Circle Forward PUNCH!","Replay The Spire","Small Relic Pack","Spicy Shops","StSLib","Stuff the Spire","The Blue Laboratory","Transform Curses","Uncapped"],"gold_per_floor":[115,115,125,151,171,226,226,242,318,318,332,351,351,152,152,254,254,268,268,284,295,315,315,533,458,458,475,475,94,112,126,126,223,223,234,245,261,261,114,145,145,155,155,155,172,172,38,38,38,38],"floor_reached":51,"language":"ENG","playtime":1567,"items_purged":[],"score":733,"play_id":"efd198df-1ff2-463e-85c7-029940558cdc","local_time":"20210128092430","is_ascension_mode":false,"campfire_choices":[{"data":"Twin Strike","floor":7.0,"key":"SMITH"},{"data":"Bash","floor":10.0,"key":"SMITH"},{"floor":13.0,"key":"REST"},{"data":"Inflame","floor":15.0,"key":"SMITH"},{"data":"Demon Form","floor":23.0,"key":"SMITH"},{"floor":28.0,"key":"REST"},{"data":"Limit Break","floor":32.0,"key":"SMITH"},{"data":"Replay:Undeath\u0027s Touch","floor":41.0,"key":"SMITH"},{"floor":44.0,"key":"REST"},{"floor":46.0,"key":"REST"},{"floor":49,"key":"DIG"}],"circlet_count":0,"master_deck":["Strike_R","Strike_R","Strike_R","Strike_R","Strike_R","Defend_R","Defend_R","Defend_R","Defend_R","Bash+1","Sword Boomerang+1","Twin Strike+1","Flex+1","Inflame+1","Demon Form+1","Iron Wave+1","Replay:Undeath\u0027s Touch+1","StuffTheSpire:Pyroclast+1","Inflame"],"relics":["Burning Blood","Replay:Rubber Ducky","aspiration:StickyExplosives_weak","relicPack:SpireResearchBook","Replay:Bronze Core","StuffTheSpire:CocoNut","qcfpunch:Chain_With_Nametags","StuffTheSpire:Experiment12","CCEMRelics:SoftDrink","SlaversCollar","Guide Book","Blood Vial","Ancient Tea Set","InkBottle"],"acts_visited":["Exordium","TheCity","TheBeyond"],"potions_floor_usage":[50],"damage_taken":[{"damage":1.0,"enemies":"Jaw Worm","floor":1.0,"turns":3.0},{"damage":6.0,"enemies":"Cultist","floor":3.0,"turns":3.0},{"damage":6.0,"enemies":"2 Louse","floor":4.0,"turns":2.0},{"damage":11.0,"enemies":"Blue Slaver","floor":5.0,"turns":4.0},{"damage":32.0,"enemies":"3 Sentries","floor":6.0,"turns":11.0},{"damage":9.0,"enemies":"2 Fungi Beasts","floor":8.0,"turns":2.0},{"damage":17.0,"enemies":"Large Slime","floor":11.0,"turns":4.0},{"damage":11.0,"enemies":"Red Slaver","floor":12.0,"turns":3.0},{"damage":45.0,"enemies":"The Guardian","floor":16.0,"turns":7.0},{"damage":21.0,"enemies":"conspire:FuzzyDice","floor":18.0,"turns":5.0},{"damage":0.0,"enemies":"Shell Parasite","floor":20.0,"turns":3.0},{"damage":19.0,"enemies":"Snake Plant","floor":21.0,"turns":4.0},{"damage":11.0,"enemies":"3 Cultists","floor":22.0,"turns":4.0},{"damage":10.0,"enemies":"Snecko","floor":27.0,"turns":4.0},{"damage":7.0,"enemies":"Chosen and Byrds","floor":30.0,"turns":3.0},{"damage":0.0,"enemies":"Centurion and Healer","floor":31.0,"turns":3.0},{"damage":0.0,"enemies":"Automaton","floor":33.0,"turns":5.0},{"damage":0.0,"enemies":"Orb Walker","floor":35.0,"turns":2.0},{"damage":14.0,"enemies":"3 Darklings","floor":36.0,"turns":4.0},{"damage":19.0,"enemies":"4 Shapes","floor":37.0,"turns":3.0},{"damage":13.0,"enemies":"Giant Head","floor":40.0,"turns":7.0},{"damage":20.0,"enemies":"Writhing Mass","floor":42.0,"turns":3.0},{"damage":33.0,"enemies":"Jaw Worm Horde","floor":45.0,"turns":4.0},{"damage":60,"enemies":"Time Eater","floor":50,"turns":6}],"seed_played":"2220282353944766538","potions_obtained":[{"floor":3.0,"key":"Dexterity Potion"},{"floor":6.0,"key":"champ:CounterPotion"},{"floor":8.0,"key":"Doom Potion"},{"floor":12.0,"key":"blueLaboratory:LouseDecoction"},{"floor":20.0,"key":"ColorlessPotion"},{"floor":21.0,"key":"blueLaboratory:FrostheartPotion"},{"floor":33.0,"key":"Elixir"},{"floor":37.0,"key":"LifebloodPotion"},{"floor":45.0,"key":"Doom Potion"}],"is_trial":false,"path_per_floor":["M","?","M","M","M","E","R","M","T","R","M","M","R","$","R","B",null,"M","T","M","M","M","R","?","?","T","M","R","$","M","M","R","B",null,"M","M","M","?","$","E","R","M","T","R","M","R","$","?","R","B",null],"character_chosen":"IRONCLAD","items_purchased":["relicPack:SpireResearchBook","Inflame","StuffTheSpire:Experiment12","blueLaboratory:IronCompound","Replay:Undeath\u0027s Touch","StuffTheSpire:Pyroclast","CCEMRelics:SoftDrink","Guide Book","Inflame"],"campfire_rested":4,"item_purchase_floors":[14,14,29,29,29,29,29,39,47],"current_hp_per_floor":[80,80,80,80,75,49,49,46,46,46,35,30,54,54,54,15,80,65,72,78,65,60,60,40,40,40,36,62,62,61,67,67,73,87,87,79,66,66,66,59,59,47,47,73,48,74,74,74,74,22],"gold":38,"neow_bonus":"ONE_RANDOM_RARE_CARD","is_daily":false,"chose_seed":false,"campfire_upgraded":6,"win_rate":0.0,"timestamp":1611843870,"path_taken":["M","?","M","M","M","E","R","M","T","R","M","M","R","$","R","BOSS","M","?","M","M","M","R","?","?","T","M","R","$","M","M","R","BOSS","M","?","M","?","$","E","R","M","T","R","M","R","$","?","R","BOSS"],"items_purchased_type":["Relic","Card","Relic","Potion","Card","Card","Relic","Relic","Card"],"build_version":"2020-12-22","purchased_purges":0,"victory":true,"max_hp_per_floor":[80,80,80,80,80,80,80,80,80,80,80,80,80,80,80,80,80,80,87,87,87,87,87,87,87,87,87,87,87,87,87,87,87,87,87,87,87,87,87,87,87,87,87,87,87,87,87,87,87,87],"card_choices":[{"not_picked":["Combust","Headbutt"],"picked":"Sword Boomerang","floor":1.0},{"not_picked":["True Grit","conspire:Charge","StuffTheSpire:Slingshot"],"picked":"SKIP","floor":3.0},{"not_picked":["Havoc","Perfected Strike","StuffTheSpire:Incineration"],"picked":"SKIP","floor":4.0},{"not_picked":["Anger","StuffTheSpire:Incineration","Warcry"],"picked":"SKIP","floor":5.0},{"not_picked":["ReplayTheSpireMod:Limb From Limb","Flex"],"picked":"Twin Strike","floor":6.0},{"not_picked":["StuffTheSpire:Incineration","StuffTheSpire:Resist","Pommel Strike"],"picked":"SKIP","floor":8.0},{"not_picked":["Havoc","Disarm","Heavy Blade"],"picked":"SKIP","floor":8.0},{"not_picked":["Entrench","Feed","Run Through"],"picked":"SKIP","floor":11.0},{"not_picked":["Shockwave","Power Through"],"picked":"Flex","floor":12.0},{"not_picked":["Corruption","Eclipse"],"picked":"Demon Form","floor":16.0},{"not_picked":["Intimidate","Twin Strike","Clash"],"picked":"SKIP","floor":18.0},{"not_picked":["Rage+1","Dropkick","Cleave"],"picked":"SKIP","floor":20.0},{"not_picked":["Shrug It Off","Clash","Sword Boomerang"],"picked":"SKIP","floor":21.0},{"not_picked":["Sentinel+1","Power Through"],"picked":"Iron Wave+1","floor":22.0},{"not_picked":["True Grit","Heavy Blade","Sentinel"],"picked":"SKIP","floor":27.0},{"not_picked":["Twin Strike","Disarm","Wild Strike+1"],"picked":"SKIP","floor":30.0},{"not_picked":["Intimidate+1","ReplayTheSpireMod:Strike From Hell+1","Searing Blow+1"],"picked":"SKIP","floor":31.0},{"not_picked":["StuffTheSpire:Incineration+1","Whirlwind+1","conspire:ExplosiveBarrier+1"],"picked":"SKIP","floor":35.0},{"not_picked":["Feel No Pain","Perfected Strike+1","Life Link"],"picked":"SKIP","floor":36.0},{"not_picked":["Pommel Strike","StuffTheSpire:Incineration","Iron Wave+1"],"picked":"SKIP","floor":37.0},{"not_picked":["Headbutt","True Grit+1","ReplayReversal"],"picked":"SKIP","floor":40.0},{"not_picked":["Limit Break","ReplayTheSpireMod:Stacked","hubris:ReadiedAction"],"picked":"SKIP","floor":42.0},{"not_picked":["Armaments+1","Carnage","Body Slam+1"],"picked":"SKIP","floor":45.0}],"player_experience":940371,"relics_obtained":[{"floor":6.0,"key":"Replay:Rubber Ducky"},{"floor":9.0,"key":"aspiration:StickyExplosives_weak"},{"floor":19.0,"key":"StuffTheSpire:CocoNut"},{"floor":26.0,"key":"qcfpunch:Chain_With_Nametags"},{"floor":40.0,"key":"Blood Vial"},{"floor":43.0,"key":"Ancient Tea Set"},{"floor":49,"key":"InkBottle"}],"event_choices":[{"damage_healed":0.0,"max_hp_gain":0.0,"max_hp_loss":0.0,"gold_gain":0.0,"event_name":"Accursed Blacksmith","player_choice":"Forge","floor":2.0,"gold_loss":0.0,"damage_taken":0.0,"cards_upgraded":["Sword Boomerang"]},{"damage_healed":0.0,"max_hp_gain":0.0,"max_hp_loss":0.0,"gold_gain":218.0,"event_name":"betterSkull:BetterSkull","player_choice":"GO GO ","floor":24.0,"gold_loss":0.0,"damage_taken":22.0,"cards_upgraded":[],"relics_obtained":[]},{"damage_healed":0.0,"max_hp_gain":0.0,"max_hp_loss":0.0,"gold_gain":0.0,"event_name":"betterMatch:BetterMatch","player_choice":"1","floor":25.0,"gold_loss":0.0,"damage_taken":0.0,"cards_obtained":["betterMatch:UncommonCard"]},{"cards_removed":["Limit Break"],"damage_healed":0.0,"max_hp_gain":0.0,"max_hp_loss":0.0,"gold_gain":0.0,"event_name":"Falling","player_choice":"Removed Skill","floor":48.0,"gold_loss":0.0,"damage_taken":0.0}],"is_beta":false,"boss_relics":[{"not_picked":["hubris:GrandSneckoEye","relicPack:KazumaCape"],"picked":"Replay:Bronze Core"},{"not_picked":["CCEMRelics:ReaperScythe","ChewingGum"],"picked":"SlaversCollar"}],"items_purged_floors":[],"is_endless":false,"potions_floor_spawned":[3,6,8,12,20,21,33,37,45],"ascension_level":0}}