{"host":"yecadp3kwkksam5a","time":1611834891,"event":{"mods":["BaseMod","Minty Spire (QoL Compilation)","StSLib","SuperFastMode","The Cursed"],"gold_per_floor":[116,134,234,244,244,269,269,294,294,294,314,336,371,371,371,371,371],"floor_reached":16,"language":"KOR","playtime":486,"items_purged":[],"score":214,"play_id":"79ae84d5-c30c-4bf7-b2b3-34a1126b8f3a","local_time":"20210128205451","is_ascension_mode":true,"campfire_choices":[{"floor":7.0,"key":"REST"},{"floor":10.0,"key":"REST"},{"data":"Evolve","floor":15,"key":"SMITH"}],"circlet_count":0,"master_deck":["AscendersBane","Strike_R","Strike_R","Strike_R+1","Strike_R","Strike_R","Defend_R","Defend_R","Defend_R+1","Defend_R","Bash","Infernal Blade","Anger","Fire Breathing","Carnage","Evolve+1","Dark Embrace"],"relics":["Burning Blood","Omamori","Letter Opener","Strawberry","Odd Mushroom","Pocketwatch"],"acts_visited":["Exordium"],"potions_floor_usage":[],"damage_taken":[{"damage":3.0,"enemies":"Small Slimes","floor":1.0,"turns":5.0},{"damage":0.0,"enemies":"Cultist","floor":2.0,"turns":2.0},{"damage":16.0,"enemies":"Jaw Worm","floor":4.0,"turns":4.0},{"damage":35.0,"enemies":"Lagavulin","floor":6.0,"turns":7.0},{"damage":32.0,"enemies":"Gremlin Nob","floor":8.0,"turns":4.0},{"damage":16.0,"enemies":"Blue Slaver","floor":11.0,"turns":4.0},{"damage":13.0,"enemies":"The Mushroom Lair","floor":12.0,"turns":4.0},{"damage":46.0,"enemies":"Lagavulin","floor":13.0,"turns":7.0},{"damage":16,"enemies":"Hexaghost","floor":16,"turns":7}],"seed_played":"-5608540619669835440","potions_obtained":[{"floor":4.0,"key":"ElixirPotion"},{"floor":6.0,"key":"Block Potion"}],"is_trial":false,"path_per_floor":["M","M","?","M","?","E","R","E","T","R","M","?","E","?","R","B"],"character_chosen":"IRONCLAD","items_purchased":[],"campfire_rested":2,"item_purchase_floors":[],"current_hp_per_floor":[83,88,88,78,60,31,57,31,38,66,56,49,9,14,14,0,0],"gold":371,"neow_bonus":"TEN_PERCENT_HP_BONUS","is_daily":false,"chose_seed":false,"campfire_upgraded":1,"win_rate":0.0,"timestamp":1611834891,"path_taken":["M","M","?","?","?","E","R","E","T","R","M","?","E","?","R","BOSS"],"items_purchased_type":[],"build_version":"2020-12-22","purchased_purges":0,"victory":false,"max_hp_per_floor":[88,88,88,88,88,88,88,88,95,95,95,95,95,100,100,100,100],"card_choices":[{"not_picked":["Warcry","Headbutt"],"picked":"Infernal Blade","floor":1.0},{"not_picked":["Armaments","Pommel Strike"],"picked":"Anger","floor":2.0},{"not_picked":["Rage","Perfected Strike"],"picked":"Fire Breathing","floor":4.0},{"not_picked":["Pummel","Combust"],"picked":"Carnage","floor":6.0},{"not_picked":["Fire Breathing","Headbutt","Clothesline"],"picked":"SKIP","floor":8.0},{"not_picked":["Feel No Pain","Burning Pact"],"picked":"Evolve","floor":11.0},{"not_picked":["Blood for Blood","Offering"],"picked":"Dark Embrace","floor":12.0},{"not_picked":["Pummel","Flex","Body Slam"],"picked":"SKIP","floor":13.0}],"player_experience":511671,"relics_obtained":[{"floor":6.0,"key":"Omamori"},{"floor":8.0,"key":"Letter Opener"},{"floor":9.0,"key":"Strawberry"},{"floor":12.0,"key":"Odd Mushroom"},{"floor":13.0,"key":"Pocketwatch"}],"event_choices":[{"damage_healed":0.0,"max_hp_gain":0.0,"max_hp_loss":0.0,"gold_gain":100.0,"event_name":"Golden Shrine","player_choice":"Pray","floor":3.0,"gold_loss":0.0,"damage_taken":0.0},{"damage_healed":0.0,"max_hp_gain":0.0,"max_hp_loss":0.0,"gold_gain":0.0,"event_name":"Shining Light","player_choice":"Entered Light","floor":5.0,"gold_loss":0.0,"damage_taken":18.0,"cards_upgraded":["Strike_R","Defend_R"]},{"damage_healed":0.0,"max_hp_gain":0.0,"max_hp_loss":0.0,"gold_gain":0.0,"event_name":"Mushrooms","player_choice":"Fought Mushrooms","floor":12.0,"gold_loss":0.0,"damage_taken":0.0},{"damage_healed":0.0,"max_hp_gain":5.0,"max_hp_loss":0.0,"gold_gain":0.0,"event_name":"Big Fish","player_choice":"Donut","floor":14.0,"gold_loss":0.0,"damage_taken":0.0}],"is_beta":false,"boss_relics":[],"items_purged_floors":[],"is_endless":false,"potions_floor_spawned":[4,6,12],"killed_by":"Hexaghost","ascension_level":12}}