{"host":"lehz9p79pih88cc3","time":1611809453,"event":{"mods":["AchievementEnabler","Act Like it!","BaseMod","Downfall","Minty Spire (QoL Compilation)","Permanent Neow","Quick Restart","Replay The Spire","SacredBarkPlus","StSLib"],"gold_per_floor":[99,99,99,99,99,109,109,121,151,197,51,51,73,73,99,109,109,109],"floor_reached":16,"language":"ENG","playtime":640,"items_purged":["champ:Strike"],"score":98,"play_id":"91cbe4e4-54dc-4ba9-ab5f-0dc7f98096f2","local_time":"20210127235053","is_ascension_mode":false,"campfire_choices":[{"floor":12,"key":"REST"}],"circlet_count":0,"master_deck":["champ:Strike","champ:Strike","champ:Strike","champ:Defend","champ:Defend","champ:Defend","champ:Defend","champ:Execute","champ:Taunt","champ:DeathBlow","champ:DefensiveShout","champ:TornadoPunch","champ:SwordThrow","champ:FocusedBerserking","champ:Taunt","champ:CalledShot","champ:Duel","champ:HoldFirm","champ:IronFortress"],"relics":["champ:ChampionCrown","downfall:HeartsMalice","Snack Pack","Replay:Bandana","Replay:Baseball"],"acts_visited":["Exordium"],"potions_floor_usage":[16],"damage_taken":[{"damage":0,"enemies":"Cultist","floor":2,"turns":1},{"damage":0,"enemies":"Small Slimes","floor":3,"turns":1},{"damage":0,"enemies":"Jaw Worm","floor":4,"turns":1},{"damage":29,"enemies":"Gremlin Gang","floor":6,"turns":4},{"damage":17,"enemies":"Blue Slaver","floor":8,"turns":3},{"damage":57,"enemies":"Gremlin Nob","floor":10,"turns":5},{"damage":15,"enemies":"downfall:FleeingMerchant","floor":11,"turns":4},{"damage":28,"enemies":"2 Fungi Beasts","floor":13,"turns":4},{"damage":28,"enemies":"Large Slime","floor":15,"turns":5},{"damage":71,"enemies":"IC_STATUS_ARCHETYPE","floor":16,"turns":8}],"seed_played":"4303295531936262309","potions_obtained":[{"floor":6,"key":"SteroidPotion"},{"floor":15,"key":"Reflective Coating"}],"is_trial":false,"path_per_floor":["R","M","M","M","?","M","T","M","?","E","$","R","M","?","M","B"],"character_chosen":"THE_CHAMP","items_purchased":["champ:IronFortress"],"campfire_rested":1,"item_purchase_floors":[11],"current_hp_per_floor":[90,90,90,90,90,76,76,69,69,27,26,53,45,45,34,0,0,0],"gold":109,"neow_bonus":"THREE_ENEMY_KILL","is_daily":false,"chose_seed":false,"campfire_upgraded":0,"win_rate":0.0,"timestamp":1611809453,"path_taken":["R","M","M","M","?","M","T","?","?","E","$","R","M","?","M","BOSS"],"items_purchased_type":["Card"],"build_version":"2020-12-22","purchased_purges":1,"victory":false,"max_hp_per_floor":[90,90,90,90,90,90,90,90,90,90,90,90,90,90,90,90,90,90],"card_choices":[{"not_picked":["champ:StanceDance","champ:FlashCut"],"picked":"champ:DeathBlow","floor":2},{"not_picked":["champ:AdrenalArmor","champ:BringItOn"],"picked":"champ:DefensiveShout","floor":3},{"not_picked":["champ:BladeFlurry","champ:CrookedStrike"],"picked":"champ:TornadoPunch","floor":4},{"not_picked":["champ:CrownThrow","champ:PerfectedStrike","champ:Haymaker"],"picked":"SKIP","floor":6},{"not_picked":["champ:FlashCut","champ:Shatter"],"picked":"champ:CalledShot","floor":8},{"not_picked":["champ:FaceSlap","champ:BringItOn"],"picked":"champ:Duel","floor":10},{"not_picked":["champ:SkillfulDodge","champ:BringItOn"],"picked":"champ:HoldFirm","floor":11},{"not_picked":["champ:GutPunch","champ:RecklessLeap","champ:Duel"],"picked":"SKIP","floor":13},{"not_picked":["champ:FlashCut","champ:CalledShot","champ:GladiatorStyle"],"picked":"SKIP","floor":15}],"player_experience":143330,"relics_obtained":[{"floor":7,"key":"Snack Pack"},{"floor":10,"key":"Replay:Baseball"}],"event_choices":[],"is_beta":false,"boss_relics":[],"items_purged_floors":[11],"is_endless":false,"potions_floor_spawned":[6,15],"killed_by":"IC_STATUS_ARCHETYPE","ascension_level":0}}