{"host":"niv6bi8ufjzyofbf","time":1611818252,"event":{"mods":["ATMod(∞¢Ë™Mod)","Act Like it!","BaseMod","Colored Powertips","Conspire","Gensokyo","Hermit","Mad Scientist","Marisa£®ÏF”Í°°ƒß¿Ì…≥£©","Minty Spire (QoL Compilation)","Quick Restart","Rare Cards Sparkle","Reimu£®≤©¿ˆ¡È√Œ£©","Relic Filter Mod","Reliquary","Replay The Spire","Shop Mod","Spicy Shops","StSLib","SuperFastMode","The Cursed","The Servant 0.9.4","Youmu£®ªÍ∆«—˝√Œ£©","°æ“≈ŒÔø®≈∆°øREMEMod","≤–¡Ù÷ÆŒÔ"],"gold_per_floor":[23333,21809,21828,21828,21845,21860,21885,21885,21940,21955,21989,21989,21989,22017,22017,22117,22117,22117,22117,22117,20115,20115,20095,20095,20095,20095,20095,20095,20075,18776,18596,18596,18496,18496,18496,18496,18496,18496,18496,18496,18496,17089,17089,17089,17089,17089,14964,14964,14964,13523,13523,13523],"floor_reached":53,"language":"ZHS","playtime":2863,"items_purged":["Pride","Defend_YM","Strike_YM","SlashOfSaigyouSpringWind","Defend_YM","Defend_YM","Strike_YM"],"score":1426,"play_id":"bb7310bd-c5c9-402a-a76d-290b8b83b415","local_time":"20210128151732","is_ascension_mode":true,"campfire_choices":[{"floor":12.0,"key":"REST"},{"data":"FiveSignsOfTheDyingDeva","floor":15.0,"key":"SMITH"},{"data":"SwordExtraction","floor":24,"key":"SMITH"},{"data":"Secret Technique","floor":32,"key":"SMITH"},{"data":"SlashOfSaigyouSpringWind","floor":48,"key":"SMITH"},{"data":"SwordExtraction","floor":51,"key":"SMITH"}],"circlet_count":0,"master_deck":["Strike_YM","SlashOfPresentWorld","WheelOfPainOfLivingAndDead+1","ThoughtCuttingSword","FiveSignsOfTheDyingDeva+1","Dark Shackles","SlashOfSaigyouSpringWind+1","CrescentMoonSlash","ASingleThoughtAndInfiniteKalpas+1","Amnesia","SwordExtraction+1","Regret","HellRealmSword","WickedSoul+1","TwoHundredYojanaInOneSlash","SpiritCuttingSword","CrescentMoonSlash+1","LifeCuttingSword+1","LifeCuttingSword+1","TransmigrationSlash+1","HellFireSword","Secret Technique+1","EchoesOfTheInclemencyOfAllBeings","SwordExtraction","HellRealmSword","HeavenGodSword+1","CurseOfTheBell","LifeCuttingSword+1","SwordExtraction+1","SpiderLilyBurial+1","Clumsy","Master of Strategy+1","AT_EmpoweredMortalDraw+1","Pain"],"relics":["HalfPhantom","REME_ComplimentaryCards","AT_ATBox","conspire:TreasureMap","Bronze Scales","Lee\u0027s Waffle","PreservedInsect","Strawberry","MerchantsRug","ReplayTheSpireMod:Ninjato","ReplayTheSpireMod:Ring of Exchange","Ring of Searing","Replay:Baseball","Orichalcum","AT_Manta","Pantograph","Ectoplasm","Pear","Philosopher\u0027s Stone","reliquary:Boomerang","AT_SilvercatRing","REME_OnlineShoppingPlatform","Old Coin","Bottled Flame","reliquary:PurpleTingedLeaf","BargainBundle","Art of War","Oddly Smooth Stone","Anchor","OrangePellets","AT_BellowingDragoncrestRing","Calling Bell","reliquary:RoseTintedGlasses","conspire:Boomerang","Replay:Bottled Steam","Onion Ring","Sling","reliquary:SharkskinSheath","reliquary:IridiumChain","TheAbacus","Incense Burner","Ornamental Fan","Replay:Bottled Eggs","AT_MortalBlade","conspire:DeflatedDodgeball","StrikeDummy","Centennial Puzzle","FossilizedHelix","Chemical X","War Paint","Divine Protection","Cauldron","Ice Cream","PlaceholderMod:FlatBlood","AT_LudenTempest"],"acts_visited":["Exordium","TheCity","TheBeyond"],"potions_floor_usage":[23,29,31,31,31,31,31,31,31,31,31,33,33,33,33,33],"damage_taken":[{"damage":0.0,"enemies":"2 Louse","floor":1.0,"turns":2.0},{"damage":6.0,"enemies":"Cultist","floor":3.0,"turns":3.0},{"damage":9.0,"enemies":"conspire:RoseBush","floor":5.0,"turns":2.0},{"damage":23.0,"enemies":"Exordium Thugs","floor":6.0,"turns":3.0},{"damage":10.0,"enemies":"Gremlin Nob","floor":7.0,"turns":3.0},{"damage":6.0,"enemies":"Blue Slaver","floor":10.0,"turns":2.0},{"damage":13.0,"enemies":"Replay:BlueRogue","floor":11.0,"turns":3.0},{"damage":0.0,"enemies":"Gremlin Nob","floor":14.0,"turns":3.0},{"damage":11.0,"enemies":"Slime Boss","floor":16.0,"turns":3.0},{"damage":25,"enemies":"Shell Parasite","floor":18,"turns":3},{"damage":11,"enemies":"conspire:FuzzyDice","floor":20,"turns":3},{"damage":0,"enemies":"Snecko","floor":22,"turns":2},{"damage":19,"enemies":"Slavers","floor":23,"turns":3},{"damage":0,"enemies":"Snake Plant","floor":25,"turns":2},{"damage":10,"enemies":"conspire:SneckoGhost","floor":28,"turns":4},{"damage":1,"enemies":"Centurion and Healer","floor":29,"turns":2},{"damage":4,"enemies":"conspire:HollyBat","floor":31,"turns":4},{"damage":5,"enemies":"Champ","floor":33,"turns":2},{"damage":0,"enemies":"Orb Walker","floor":35,"turns":1},{"damage":2,"enemies":"3 Shapes","floor":36,"turns":1},{"damage":0,"enemies":"Spire Growth","floor":39,"turns":1},{"damage":0,"enemies":"4 Shapes","floor":40,"turns":1},{"damage":0,"enemies":"Maw","floor":49,"turns":1},{"damage":0,"enemies":"conspire:OrnateMirror","floor":52,"turns":1}],"seed_played":"3857949773161948510","potions_obtained":[{"floor":7.0,"key":"Venom Potion"},{"floor":16.0,"key":"LiquidBronze"},{"floor":19,"key":"Regen Potion"}],"is_trial":false,"path_per_floor":["M","$","M","?","M","M","E","?","T","M","E","R","?","E","R","B",null,"M","?","M","$","M","E","R","M","T","?","E","M","$","M","R","B",null,"M","M","?","?","M","M","T","$","T","?","PTL","PTL","$","R","M","$","R","B",null],"character_chosen":"YOUMU","items_purchased":["conspire:TreasureMap","Bronze Scales","Lee\u0027s Waffle","PreservedInsect","Strawberry","MerchantsRug","ColorlessPotion","Elixir","Toxic Potion","FiveSignsOfTheDyingDeva","Dark Shackles","SlashOfSaigyouSpringWind","Pear","Philosopher\u0027s Stone","reliquary:Boomerang","AT_SilvercatRing","REME_OnlineShoppingPlatform","SpiritCuttingSword","CrescentMoonSlash+1","BargainBundle","Art of War","Oddly Smooth Stone","Anchor","OrangePellets","AT_BellowingDragoncrestRing","Secret Technique","EchoesOfTheInclemencyOfAllBeings","SwordExtraction","Replay:BasicMightCard","Sling","reliquary:SharkskinSheath","reliquary:IridiumChain","TheAbacus","Incense Burner","Ornamental Fan","Master of Strategy","AT_MortalBlade","conspire:DeflatedDodgeball","StrikeDummy","Centennial Puzzle","FossilizedHelix","Chemical X","War Paint","Divine Protection","Cauldron","Ice Cream","PlaceholderMod:FlatBlood","AT_LudenTempest"],"campfire_rested":1,"item_purchase_floors":[2,2,2,2,2,2,2,2,2,2,2,2,21,21,21,21,21,21,21,30,30,30,30,30,30,30,30,30,30,42,42,42,42,42,42,42,47,47,47,47,47,47,50,50,50,50,50,50],"current_hp_per_floor":[82,96,90,90,81,58,48,48,48,42,29,57,57,57,57,71,96,71,71,60,70,70,60,60,60,60,60,50,69,69,67,67,106,106,106,104,104,104,104,104,104,104,104,104,104,104,104,104,104,104,104,106],"gold":13523,"neow_bonus":"TEN_PERCENT_HP_BONUS","is_daily":false,"chose_seed":false,"campfire_upgraded":5,"win_rate":0.0,"timestamp":1611818252,"path_taken":["M","$","M","?","M","?","E","?","T","M","E","R","?","E","R","BOSS","M","?","M","$","?","E","R","M","T","?","E","M","$","M","R","BOSS","M","M","?","?","M","?","?","$","T","?","PTL","PTL","$","R","M","$","R","BOSS"],"items_purchased_type":["Relic","Relic","Relic","Relic","Relic","Relic","Potion","Potion","Potion","Card","Card","Card","Relic","Relic","Relic","Relic","Relic","Card","Card","Relic","Relic","Relic","Relic","Relic","Relic","Card","Card","Card","Card","Relic","Relic","Relic","Relic","Relic","Relic","Card","Relic","Relic","Relic","Relic","Relic","Relic","Relic","Relic","Relic","Relic","Relic","Relic"],"build_version":"2020-12-22","purchased_purges":7,"victory":true,"max_hp_per_floor":[82,96,96,96,96,96,96,96,96,96,96,96,96,96,96,96,96,96,96,96,106,106,106,106,106,106,106,106,106,106,106,106,106,106,106,106,106,106,106,106,106,106,106,106,106,106,106,106,106,106,106,106],"card_choices":[{"not_picked":["CherryBlossomFlashing","SuddenPhantomFormationSlashOfKarmicWind"],"picked":"ThoughtCuttingSword","floor":1.0},{"not_picked":["ConstancyOfTheConventionalTruth","FlashingScatteredFlowers","DispleasureOfTheSevenHakus"],"picked":"SKIP","floor":3.0},{"not_picked":["CherryBlossomFlashing","DoubleWheelOfPain","FourBirthsSword"],"picked":"SKIP","floor":5.0},{"not_picked":["SpiritCuttingSword","FlashingScatteredFlowers"],"picked":"CrescentMoonSlash","floor":6.0},{"not_picked":["HumanKnowledgeSword","PhosphoricSlash"],"picked":"ASingleThoughtAndInfiniteKalpas","floor":7.0},{"not_picked":["SpiritCuttingSword","BloodOfAsura"],"picked":"SwordExtraction","floor":10.0},{"not_picked":["LowerRealmReflectionSlash","DispleasureOfTheSevenHakus","SpiritCuttingSword"],"picked":"SKIP","floor":11.0},{"not_picked":["CrescentMoonSlash","BizarrenessOfSixRealms"],"picked":"HellRealmSword","floor":14.0},{"not_picked":["AsuraSword","ASingleThoughtAndInfiniteKalpas"],"picked":"WickedSoul","floor":16.0},{"not_picked":["PreachingAvici+1","ThreeKonsSevenHakus"],"picked":"TwoHundredYojanaInOneSlash","floor":18},{"not_picked":["TwoHundredYojanaInOneSlash","ConstancyOfTheConventionalTruth+1","SlashOfMeditation"],"picked":"SKIP","floor":20},{"not_picked":["ConstancyOfTheConventionalTruth+1","ObsessionWithThePresentWorld+1"],"picked":"LifeCuttingSword","floor":22},{"not_picked":["CherryBlossomFlashing+1","PreachingAvici+1"],"picked":"LifeCuttingSword","floor":23},{"not_picked":["DispleasureOfTheSevenHakus","SlashOfAscensionToBuddhahood"],"picked":"TransmigrationSlash+1","floor":25},{"not_picked":["RapidSlash","SuddenPhantomFormationSlashOfKarmicWind"],"picked":"HellFireSword","floor":28},{"not_picked":["ConstancyOfTheConventionalTruth","CherryBlossomFlashing","ThoughtCuttingSword"],"picked":"SKIP","floor":29},{"not_picked":["LowerRealmReflectionSlash","HeavenlyHaloSlash"],"picked":"HellRealmSword","floor":31},{"not_picked":["HellRealmSword","WickedSoul"],"picked":"HeavenGodSword","floor":33},{"not_picked":["CrescentMoonSlash+1","CherryBlossomFlashing+1","SwordOfBindingDesires+1"],"picked":"SKIP","floor":35},{"not_picked":["BizarrenessOfSixRealms","FlashingScatteredFlowers+1","SwordOfBindingDesires+1"],"picked":"SKIP","floor":36},{"not_picked":["HumanKnowledgeSword","PretaSword"],"picked":"SwordExtraction","floor":39},{"not_picked":["SpiritCuttingSword+1","SlashOfMeditation"],"picked":"SpiderLilyBurial+1","floor":40},{"not_picked":["ThreeKonsSevenHakus","FlashingScatteredFlowers","ConstancyOfTheConventionalTruth+1"],"picked":"SKIP","floor":49}],"player_experience":587204,"relics_obtained":[{"floor":7.0,"key":"ReplayTheSpireMod:Ninjato"},{"floor":8.0,"key":"ReplayTheSpireMod:Ring of Exchange"},{"floor":8.0,"key":"Ring of Searing"},{"floor":9.0,"key":"Replay:Baseball"},{"floor":11.0,"key":"Orichalcum"},{"floor":14.0,"key":"Pantograph"},{"floor":23,"key":"Old Coin"},{"floor":26,"key":"Bottled Flame"},{"floor":28,"key":"reliquary:PurpleTingedLeaf"},{"floor":34,"key":"reliquary:RoseTintedGlasses"},{"floor":34,"key":"conspire:Boomerang"},{"floor":34,"key":"Replay:Bottled Steam"},{"floor":41,"key":"Onion Ring"},{"floor":43,"key":"Replay:Bottled Eggs"}],"event_choices":[{"cards_removed":["Defend_YM"],"damage_healed":0.0,"max_hp_gain":0.0,"max_hp_loss":0.0,"gold_gain":0.0,"event_name":"Bonfire Elementals","player_choice":"Offered Basic","floor":4.0,"gold_loss":0.0,"damage_taken":0.0},{"damage_healed":0.0,"max_hp_gain":0.0,"max_hp_loss":0.0,"gold_gain":0.0,"event_name":"Big Fish","player_choice":"Box","floor":13.0,"gold_loss":0.0,"damage_taken":0.0,"relics_obtained":["AT_Manta"],"cards_obtained":["Regret"]},{"damage_healed":0,"gold_gain":0,"player_choice":"Got Potions","damage_taken":0,"max_hp_gain":0,"max_hp_loss":0,"event_name":"Lab","floor":19,"gold_loss":0},{"damage_healed":0,"gold_gain":0,"player_choice":"Ignored","damage_taken":0,"max_hp_gain":0,"max_hp_loss":0,"event_name":"Vampires","floor":27,"gold_loss":0},{"damage_healed":0,"gold_gain":0,"player_choice":"Ignored","damage_taken":0,"max_hp_gain":0,"max_hp_loss":0,"event_name":"Tomb of Lord Red Mask","floor":37,"gold_loss":0},{"damage_healed":0,"gold_gain":0,"cards_transformed":["Strike_YM"],"player_choice":"Transformed","damage_taken":0,"max_hp_gain":0,"max_hp_loss":0,"event_name":"Transmorgrifier","floor":38,"gold_loss":0,"cards_obtained":["LifeCuttingSword"]},{"cards_removed":["Replay:BasicMightCard"],"damage_healed":0,"gold_gain":0,"player_choice":"Removed Power","damage_taken":0,"max_hp_gain":0,"max_hp_loss":0,"event_name":"Falling","floor":44,"gold_loss":0}],"is_beta":false,"boss_relics":[{"not_picked":["REME_LowDesire","Toolbox"],"picked":"Ectoplasm"},{"not_picked":["Black Star","HandDrill"],"picked":"Calling Bell"}],"items_purged_floors":[2,2,21,30,42,47,50],"is_endless":false,"potions_floor_spawned":[3,7,10,16,23,25,29,33,35],"ascension_level":2}}