{"host":"w01zow3jg16g8jdh","time":1611856003,"event":{"mods":["AchievementEnabler","BaseMod","DeckTracker","Keyboard Shortcuts","Minty Spire (QoL Compilation)","Permanent Neow","StSLib","SuperFastMode"],"gold_per_floor":[119,135,151,167,182,182,217,217,217,246,265,292,292,48,48,125,125,138,151,151,151,166,166,198,113,113,128,161,161,261,272,272,347,347,366,366,266,266,281,310,310,322,349,397,415,425,38,70,70,70,70],"floor_reached":50,"language":"KOR","playtime":1581,"items_purged":["Defend_G","Strike_G","Strike_G"],"score":1249,"play_id":"586fe5ba-542c-4715-8867-2ed16e9f4988","local_time":"20210129024643","is_ascension_mode":true,"campfire_choices":[{"data":"Terror","floor":6.0,"key":"SMITH"},{"data":"Blade Dance","floor":8.0,"key":"SMITH"},{"data":"Phantasmal Killer","floor":15.0,"key":"SMITH"},{"data":"Prepared","floor":23.0,"key":"SMITH"},{"data":"Venomology","floor":29.0,"key":"SMITH"},{"data":"Neutralize","floor":32.0,"key":"SMITH"},{"floor":41.0,"key":"RECALL"},{"floor":49,"key":"REST"}],"circlet_count":0,"master_deck":["AscendersBane","Strike_G+1","Strike_G+1","Defend_G","Defend_G","Defend_G","Defend_G","Survivor","Neutralize+1","After Image","Blade Dance+1","Blade Dance","Terror+1","Dash","Acrobatics","Blade Dance","Backflip","Crippling Poison","Phantasmal Killer+1","Venomology+1","Prepared+1","A Thousand Cuts+1","A Thousand Cuts+1","Backflip","Calculated Gamble","Cloak And Dagger+1"],"relics":["Ring of the Snake","Oddly Smooth Stone","Darkstone Periapt","Meat on the Bone","Singing Bowl","Medical Kit","Runic Pyramid","Kunai","Frozen Egg 2","Juzu Bracelet","Whetstone","Ginger","HornCleat","Fusion Hammer","Turnip","Mummified Hand","Toxic Egg 2"],"acts_visited":["Exordium","TheCity","TheBeyond"],"potions_floor_usage":[44,45,48,50],"damage_taken":[{"damage":0.0,"enemies":"Cultist","floor":1.0,"turns":6.0},{"damage":0.0,"enemies":"2 Louse","floor":2.0,"turns":3.0},{"damage":3.0,"enemies":"Small Slimes","floor":3.0,"turns":3.0},{"damage":0.0,"enemies":"2 Fungi Beasts","floor":4.0,"turns":4.0},{"damage":0.0,"enemies":"Gremlin Gang","floor":5.0,"turns":4.0},{"damage":0.0,"enemies":"Gremlin Nob","floor":7.0,"turns":3.0},{"damage":5.0,"enemies":"3 Sentries","floor":10.0,"turns":10.0},{"damage":1.0,"enemies":"Lots of Slimes","floor":11.0,"turns":5.0},{"damage":10.0,"enemies":"Lagavulin","floor":12.0,"turns":4.0},{"damage":31.0,"enemies":"Slime Boss","floor":16.0,"turns":11.0},{"damage":16.0,"enemies":"Chosen","floor":18.0,"turns":6.0},{"damage":13.0,"enemies":"Shell Parasite","floor":19.0,"turns":9.0},{"damage":27.0,"enemies":"Cultist and Chosen","floor":22.0,"turns":8.0},{"damage":23.0,"enemies":"Slavers","floor":24.0,"turns":5.0},{"damage":6.0,"enemies":"Chosen and Byrds","floor":27.0,"turns":6.0},{"damage":10.0,"enemies":"Gremlin Leader","floor":28.0,"turns":7.0},{"damage":9.0,"enemies":"Colosseum Slavers","floor":30.0,"turns":5.0},{"damage":9.0,"enemies":"Colosseum Nobs","floor":30.0,"turns":5.0},{"damage":0.0,"enemies":"Snecko","floor":31.0,"turns":5.0},{"damage":19.0,"enemies":"Champ","floor":33.0,"turns":16.0},{"damage":4.0,"enemies":"3 Darklings","floor":35.0,"turns":4.0},{"damage":2.0,"enemies":"Orb Walker","floor":39.0,"turns":2.0},{"damage":0.0,"enemies":"Reptomancer","floor":40.0,"turns":4.0},{"damage":4,"enemies":"Writhing Mass","floor":42,"turns":5},{"damage":23,"enemies":"2 Orb Walkers","floor":44,"turns":4},{"damage":3,"enemies":"Spire Growth","floor":45,"turns":4},{"damage":16,"enemies":"4 Shapes","floor":46,"turns":4},{"damage":7,"enemies":"Nemesis","floor":48,"turns":5},{"damage":83,"enemies":"Time Eater","floor":50,"turns":10}],"seed_played":"8435147055983507360","potions_obtained":[{"floor":1.0,"key":"EntropicBrew"},{"floor":5.0,"key":"Block Potion"},{"floor":7.0,"key":"Dexterity Potion"},{"floor":12.0,"key":"GamblersBrew"},{"floor":22.0,"key":"Strength Potion"},{"floor":27.0,"key":"ColorlessPotion"},{"floor":28.0,"key":"GhostInAJar"},{"floor":38.0,"key":"Swift Potion"},{"floor":39.0,"key":"Weak Potion"}],"is_trial":false,"path_per_floor":["M","M","M","M","M","R","E","R","T","E","M","E","?","$","R","B",null,"M","M","?","?","M","R","E","?","T","M","E","R","?","M","R","B",null,"M","?","$","?","M","E","R","M","T","?","M","M","$","E","R","B"],"character_chosen":"THE_SILENT","items_purchased":["Medical Kit","Mummified Hand"],"campfire_rested":1,"item_purchase_floors":[14,47],"current_hp_per_floor":[59,59,56,56,56,56,56,56,56,51,50,42,42,42,42,23,57,43,42,42,42,29,29,20,20,20,28,32,32,38,52,52,45,71,69,69,69,69,67,69,69,67,67,46,57,55,55,48,75,0,0],"gold":70,"neow_bonus":"ONE_RANDOM_RARE_CARD","is_daily":false,"chose_seed":false,"campfire_upgraded":6,"win_rate":0.0,"timestamp":1611856003,"path_taken":["M","M","M","M","M","R","E","R","T","E","M","E","?","$","R","BOSS","M","M","?","?","M","R","E","?","T","M","E","R","?","M","R","BOSS","M","?","$","?","M","E","R","M","T","?","M","M","$","E","R","BOSS"],"items_purchased_type":["Relic","Relic"],"build_version":"2020-12-22","purchased_purges":3,"victory":false,"max_hp_per_floor":[66,66,66,66,66,66,66,66,66,66,66,68,68,68,68,68,68,70,70,70,70,72,72,74,74,74,76,78,78,78,80,80,80,80,82,82,82,82,82,84,84,86,86,88,90,92,92,92,92,92,92],"card_choices":[{"not_picked":["Caltrops","Prepared"],"picked":"Blade Dance","floor":1.0},{"not_picked":["Quick Slash","Poisoned Stab"],"picked":"Blade Dance","floor":2.0},{"not_picked":["Prepared","Sucker Punch"],"picked":"Terror","floor":3.0},{"not_picked":["Sucker Punch","Underhanded Strike"],"picked":"Dash","floor":4.0},{"not_picked":["Night Terror","Terror"],"picked":"Acrobatics","floor":5.0},{"not_picked":["Slice","Wraith Form v2"],"picked":"Blade Dance","floor":7.0},{"not_picked":["Blade Dance","Prepared"],"picked":"Backflip","floor":10.0},{"not_picked":["Acrobatics","Masterful Stab"],"picked":"Crippling Poison","floor":11.0},{"not_picked":["Setup","Blur","Expertise"],"picked":"Singing Bowl","floor":12.0},{"not_picked":["Burst","Glass Knife"],"picked":"Venomology","floor":16.0},{"not_picked":["Setup","Endless Agony","Crippling Poison"],"picked":"Singing Bowl","floor":18.0},{"not_picked":["Noxious Fumes+1","Deadly Poison"],"picked":"Prepared","floor":19.0},{"not_picked":["Deadly Poison","Slice","Prepared"],"picked":"Singing Bowl","floor":22.0},{"not_picked":["Choke","Eviscerate","Sucker Punch"],"picked":"Singing Bowl","floor":24.0},{"not_picked":["Flying Knee","Quick Slash","Bouncing Flask"],"picked":"Singing Bowl","floor":27.0},{"not_picked":["Corpse Explosion","Footwork+1","Quick Slash"],"picked":"Singing Bowl","floor":28.0},{"not_picked":["Slice","Dagger Throw+1"],"picked":"A Thousand Cuts+1","floor":30.0},{"not_picked":["Slice","Dagger Throw","Deflect"],"picked":"Singing Bowl","floor":31.0},{"not_picked":["Envenom+1","Doppelganger"],"picked":"A Thousand Cuts+1","floor":33.0},{"not_picked":["Reflex","Backflip","Dagger Throw"],"picked":"Singing Bowl","floor":35.0},{"not_picked":["Crippling Poison+1","Riddle With Holes"],"picked":"Calculated Gamble","floor":39.0},{"not_picked":["Concentrate","Unload","Flying Knee"],"picked":"Singing Bowl","floor":40.0},{"not_picked":["Backstab","Distraction+1","Reflex+1"],"picked":"Singing Bowl","floor":42},{"not_picked":["Caltrops+1","Dagger Spray","Dodge and Roll"],"picked":"Singing Bowl","floor":44},{"not_picked":["Skewer","Heel Hook","Flying Knee"],"picked":"Singing Bowl","floor":45},{"not_picked":["Dodge and Roll+1","Backstab","Dagger Throw"],"picked":"Singing Bowl","floor":46},{"not_picked":["Prepared+1","Deadly Poison+1"],"picked":"Cloak And Dagger+1","floor":48}],"player_experience":333080,"relics_obtained":[{"floor":7.0,"key":"Oddly Smooth Stone"},{"floor":9.0,"key":"Darkstone Periapt"},{"floor":10.0,"key":"Meat on the Bone"},{"floor":12.0,"key":"Singing Bowl"},{"floor":24.0,"key":"Kunai"},{"floor":26.0,"key":"Juzu Bracelet"},{"floor":28.0,"key":"Whetstone"},{"floor":30.0,"key":"Ginger"},{"floor":30.0,"key":"HornCleat"},{"floor":44,"key":"Turnip"},{"floor":48,"key":"Toxic Egg 2"}],"event_choices":[{"damage_healed":0.0,"max_hp_gain":0.0,"max_hp_loss":0.0,"gold_gain":0.0,"event_name":"Match and Keep!","player_choice":"1 cards matched","floor":13.0,"gold_loss":0.0,"damage_taken":0.0,"cards_obtained":["Phantasmal Killer"]},{"damage_healed":0.0,"max_hp_gain":0.0,"max_hp_loss":0.0,"gold_gain":0.0,"event_name":"Cursed Tome","player_choice":"Ignored","floor":20.0,"gold_loss":0.0,"damage_taken":0.0},{"damage_healed":0.0,"max_hp_gain":0.0,"max_hp_loss":0.0,"gold_gain":0.0,"event_name":"Ghosts","player_choice":"Ignored","floor":21.0,"gold_loss":0.0,"damage_taken":0.0},{"damage_healed":0.0,"max_hp_gain":0.0,"max_hp_loss":0.0,"gold_gain":0.0,"event_name":"Addict","player_choice":"Obtained Relic","floor":25.0,"gold_loss":85.0,"damage_taken":0.0,"relics_obtained":["Frozen Egg 2"]},{"damage_healed":0.0,"max_hp_gain":0.0,"max_hp_loss":0.0,"gold_gain":0.0,"event_name":"Colosseum","player_choice":"Fight","floor":30.0,"gold_loss":0.0,"damage_taken":0.0},{"damage_healed":0.0,"max_hp_gain":0.0,"max_hp_loss":0.0,"gold_gain":0.0,"event_name":"Colosseum","player_choice":"Fought Nobs","floor":30.0,"gold_loss":0.0,"damage_taken":0.0},{"damage_healed":0.0,"max_hp_gain":0.0,"max_hp_loss":0.0,"gold_gain":0.0,"cards_transformed":["Strike_G"],"event_name":"Transmorgrifier","player_choice":"Transformed","floor":36.0,"gold_loss":0.0,"damage_taken":0.0,"cards_obtained":["Backflip"]},{"damage_healed":0.0,"max_hp_gain":0.0,"max_hp_loss":0.0,"gold_gain":0.0,"event_name":"Lab","player_choice":"Got Potions","floor":38.0,"gold_loss":0.0,"damage_taken":0.0},{"damage_healed":0,"gold_gain":0,"player_choice":"Fight","damage_taken":0,"max_hp_gain":0,"max_hp_loss":0,"event_name":"Mysterious Sphere","floor":44,"gold_loss":0}],"is_beta":false,"boss_relics":[{"not_picked":["Pandora\u0027s Box","Sozu"],"picked":"Runic Pyramid"},{"not_picked":["SacredBark","Astrolabe"],"picked":"Fusion Hammer"}],"items_purged_floors":[14,37,47],"is_endless":false,"potions_floor_spawned":[1,5,7,10,12,22,27,28,30,39,44,45],"killed_by":"Time Eater","ascension_level":20}}