{"host":"kydqlojjt9mno5rv","time":1611862872,"event":{"mods":["AchievementEnabler","BaseMod","Colored Powertips","DeckTracker","Minty Spire (QoL Compilation)","Spicy Shops","StSLib","SuperFastMode","Synergy Search","Weighted Paths"],"gold_per_floor":[112,125,125,90,90,125,125,157,182,182,201,201,5,10,10,10,10],"floor_reached":16,"language":"ENG","playtime":519,"items_purged":["Regret"],"score":119,"play_id":"5ba0165c-cb66-4f38-8ed2-20f56b1e6cd4","local_time":"20210128144112","is_ascension_mode":true,"campfire_choices":[{"floor":7,"key":"REST"},{"floor":10,"key":"REST"},{"floor":12,"key":"REST"},{"floor":15,"key":"REST"}],"circlet_count":0,"master_deck":["Strike_R","Strike_R","Strike_R","Strike_R","Strike_R","Defend_R","Defend_R","Defend_R","Defend_R+1","Bash","Heavy Blade+1","Bloodletting","Bloodletting","Bloodletting","Body Slam","Clothesline"],"relics":["Burning Blood","Blood Vial","Lantern","Smiling Mask","Kunai","Bag of Marbles","Tiny Chest"],"acts_visited":["Exordium"],"potions_floor_usage":[6],"damage_taken":[{"damage":12,"enemies":"Jaw Worm","floor":1,"turns":3},{"damage":0,"enemies":"2 Louse","floor":2,"turns":2},{"damage":39,"enemies":"Gremlin Nob","floor":6,"turns":5},{"damage":60,"enemies":"Lagavulin","floor":8,"turns":6},{"damage":16,"enemies":"Small Slimes","floor":11,"turns":3},{"damage":32,"enemies":"Exordium Thugs","floor":14,"turns":5},{"damage":0,"enemies":"Slime Boss","floor":16,"turns":3}],"seed_played":"9048115147172535791","potions_obtained":[{"floor":2,"key":"BlessingOfTheForge"},{"floor":6,"key":"Dexterity Potion"},{"floor":14,"key":"Weak Potion"}],"is_trial":false,"path_per_floor":["M","M","?","?","?","E","R","E","T","R","M","R","$","M","R","B"],"character_chosen":"IRONCLAD","items_purchased":["Tiny Chest"],"campfire_rested":4,"item_purchase_floors":[13],"current_hp_per_floor":[74,80,64,80,80,47,71,19,19,43,35,59,59,35,59,61,61],"gold":10,"neow_bonus":"RANDOM_COMMON_RELIC","is_daily":false,"chose_seed":false,"campfire_upgraded":0,"win_rate":0.0,"timestamp":1611862872,"path_taken":["M","M","?","?","?","E","R","E","T","R","M","R","$","M","R","BOSS"],"items_purchased_type":["Relic"],"build_version":"2020-12-22","purchased_purges":1,"victory":false,"max_hp_per_floor":[80,80,80,80,80,80,80,80,80,80,80,80,80,80,80,80,80],"card_choices":[{"not_picked":["True Grit","Hemokinesis"],"picked":"Heavy Blade","floor":1},{"not_picked":["Rampage","Shrug It Off"],"picked":"Bloodletting","floor":2},{"not_picked":["Sever Soul","Armaments"],"picked":"Bloodletting","floor":6},{"not_picked":["Blood for Blood","Perfected Strike"],"picked":"Bloodletting","floor":8},{"not_picked":["Perfected Strike","Feel No Pain"],"picked":"Body Slam","floor":11},{"not_picked":["Wild Strike","Burning Pact"],"picked":"Clothesline","floor":14}],"player_experience":149646,"relics_obtained":[{"floor":6,"key":"Smiling Mask"},{"floor":8,"key":"Kunai"},{"floor":9,"key":"Bag of Marbles"}],"event_choices":[{"damage_healed":0,"gold_gain":0,"player_choice":"Entered Light","damage_taken":16,"max_hp_gain":0,"max_hp_loss":0,"event_name":"Shining Light","floor":3,"gold_loss":0,"cards_upgraded":["Defend_R","Heavy Blade"]},{"damage_healed":20,"gold_gain":0,"player_choice":"Healed","damage_taken":0,"max_hp_gain":0,"max_hp_loss":0,"event_name":"The Cleric","floor":4,"gold_loss":35},{"damage_healed":0,"gold_gain":0,"player_choice":"Box","damage_taken":0,"relics_obtained":["Lantern"],"max_hp_gain":0,"max_hp_loss":0,"event_name":"Big Fish","floor":5,"gold_loss":0,"cards_obtained":["Regret"]}],"is_beta":false,"boss_relics":[],"items_purged_floors":[13],"is_endless":false,"potions_floor_spawned":[2,6,14],"killed_by":"Slime Boss","ascension_level":2}}