{"host":"pmq2bjxo3k17mhrw","time":1611834438,"event":{"mods":["BaseMod","Minty Spire (QoL Compilation)","Replay The Spire","StSLib"],"gold_per_floor":[115,115,115,131,5,5,40,55,55,55,55,87,102,102,102,227,227,202,202,202,202],"floor_reached":20,"language":"ZHS","playtime":856,"items_purged":["Strike_G"],"score":267,"play_id":"bbc8bcde-5413-4a84-ab32-725e2467cbff","local_time":"20210128194718","is_ascension_mode":true,"campfire_choices":[{"data":"Cloak And Dagger","floor":6,"key":"SMITH"},{"data":"Footwork","floor":10,"key":"SMITH"},{"floor":15,"key":"REST"}],"circlet_count":0,"master_deck":["Strike_G","Strike_G","Strike_G","Defend_G+2","Defend_G","Defend_G","Defend_G+1","Defend_G","Survivor","Neutralize+1","Acrobatics","ReplayTheSpireMod:Exploit Weakness","Cloak And Dagger+1","Footwork+1","Cloak And Dagger","Blade Dance","Hidden Blade","Tools of the Trade","Footwork"],"relics":["Ring of the Snake","NeowsBlessing","Question Card","Mummified Hand","Simple Rune","Golden Idol","Ring of Chaos"],"acts_visited":["Exordium","TheCity"],"potions_floor_usage":[16,16],"damage_taken":[{"damage":0,"enemies":"2 Louse","floor":1,"turns":1},{"damage":0,"enemies":"Small Slimes","floor":4,"turns":1},{"damage":0,"enemies":"Gremlin Nob","floor":7,"turns":1},{"damage":1,"enemies":"Jaw Worm","floor":8,"turns":4},{"damage":9,"enemies":"3 Sentries","floor":12,"turns":12},{"damage":5,"enemies":"Exordium Wildlife","floor":13,"turns":6},{"damage":47,"enemies":"Fading Forest","floor":16,"turns":11},{"damage":11,"enemies":"2 Thieves","floor":18,"turns":5},{"damage":0,"enemies":"3 Byrds","floor":20,"turns":1}],"seed_played":"8408956264642700181","potions_obtained":[{"floor":4,"key":"Energy Potion"},{"floor":7,"key":"SteroidPotion"},{"floor":13,"key":"Weak Potion"},{"floor":16,"key":"Ancient Potion"}],"is_trial":false,"path_per_floor":["M","?","?","M","$","R","E","M","T","R","?","E","M","?","R","B",null,"M","?","M"],"character_chosen":"THE_SILENT","items_purchased":["Cloak And Dagger"],"campfire_rested":1,"item_purchase_floors":[5],"current_hp_per_floor":[63,63,49,49,49,49,49,48,48,48,53,44,39,21,43,6,58,47,47,47,47],"gold":202,"neow_bonus":"THREE_ENEMY_KILL","is_daily":false,"chose_seed":false,"campfire_upgraded":2,"win_rate":0.0,"timestamp":1611834438,"path_taken":["M","?","?","M","$","R","E","M","T","R","?","E","M","?","R","BOSS","M","?","M"],"items_purchased_type":["Card"],"build_version":"2020-12-22","purchased_purges":1,"victory":false,"max_hp_per_floor":[70,70,70,70,70,70,70,70,70,70,75,75,75,75,75,75,75,75,75,75,75],"card_choices":[{"not_picked":["Dodge and Roll","Underhanded Strike"],"picked":"Acrobatics","floor":1},{"not_picked":["Endless Agony","Deflect","ReplayTheSpireMod:Exploit Weakness"],"picked":"SKIP","floor":4},{"not_picked":["Outmaneuver","Acrobatics"],"picked":"Footwork","floor":7},{"not_picked":["Outmaneuver","Expertise","Eviscerate"],"picked":"Cloak And Dagger","floor":8},{"not_picked":["Atom Bomb","Prepared","Sucker Punch"],"picked":"Blade Dance","floor":12},{"not_picked":["Quick Slash","Storm of Steel","PiercingWail"],"picked":"Hidden Blade","floor":13},{"not_picked":["Poison Darts","ReplayTheSpireMod:Necrosis","Night Terror"],"picked":"Tools of the Trade","floor":16},{"not_picked":["Bouncing Flask","Dodge and Roll","Dagger Throw"],"picked":"Footwork","floor":18}],"player_experience":226338,"relics_obtained":[{"floor":7,"key":"Question Card"},{"floor":9,"key":"Mummified Hand"},{"floor":12,"key":"Simple Rune"}],"event_choices":[{"damage_healed":0,"gold_gain":0,"cards_transformed":["Strike_G"],"player_choice":"Change","damage_taken":0,"max_hp_gain":0,"max_hp_loss":0,"event_name":"Living Wall","floor":2,"gold_loss":0,"cards_obtained":["ReplayTheSpireMod:Exploit Weakness"]},{"damage_healed":0,"gold_gain":0,"player_choice":"Entered Light","damage_taken":14,"max_hp_gain":0,"max_hp_loss":0,"event_name":"Shining Light","floor":3,"gold_loss":0,"cards_upgraded":["Defend_G","Neutralize"]},{"damage_healed":0,"gold_gain":0,"player_choice":"Donut","damage_taken":0,"max_hp_gain":5,"max_hp_loss":0,"event_name":"Big Fish","floor":11,"gold_loss":0},{"damage_healed":0,"gold_gain":0,"player_choice":"Take Damage","damage_taken":18,"relics_obtained":["Golden Idol"],"max_hp_gain":0,"max_hp_loss":0,"event_name":"Golden Idol","floor":14,"gold_loss":0},{"damage_healed":0,"gold_gain":0,"player_choice":"Ignored","damage_taken":0,"max_hp_gain":0,"max_hp_loss":0,"event_name":"Ghosts","floor":19,"gold_loss":0}],"is_beta":false,"boss_relics":[{"not_picked":["Velvet Choker","Ring of the Serpent"],"picked":"Ring of Chaos"}],"items_purged_floors":[5],"is_endless":false,"potions_floor_spawned":[4,7,13,16],"killed_by":"3 Byrds","ascension_level":6}}