{"host":"jkrqlov8aogccnw1","time":1611868314,"event":{"mods":["BaseMod","Colored Map","Colored Powertips","Conspire","GifTheSpireLib","Hubris","Infinite Spire","Jedi Mod","Minty Spire (QoL Compilation)","Permanent Neow","Rare Cards Sparkle","Relic Filter","Replay The Spire","StSLib"],"gold_per_floor":[109,121,135,135,145,176,176,204,204,204,215,227,246,276,276,379,379,389,401,326,340,340,340,370,386,432,442,474,492,506,520,520,616,616,630,648,661,675,691,726,726,756,781,781,795,806,918,918,918],"floor_reached":48,"language":"ENG","playtime":1911,"items_purged":[],"score":671,"play_id":"b643d8f4-fe9a-4df3-8496-25ba08b646e6","local_time":"20210128161154","is_ascension_mode":true,"campfire_choices":[{"data":"Barrage","floor":7.0,"key":"SMITH"},{"data":"jedi:BurstLightning","floor":10.0,"key":"SMITH"},{"data":"Dualcast","floor":15.0,"key":"SMITH"},{"data":"Electrodynamics","floor":23.0,"key":"SMITH"},{"data":"jedi:BurstLightning","floor":32,"key":"SMITH"},{"floor":41,"key":"RECALL"},{"data":"hubris:Ukulele","floor":44,"key":"SMITH"}],"circlet_count":0,"master_deck":["Strike_B","Strike_B","Defend_B","Defend_B","Defend_B","Defend_B","Zap","Dualcast+1","jedi:BurstLightning+1","hubris:Ukulele+1","Barrage+1","Conserve Battery","Ball Lightning","jedi:blockon","jedi:hex+1","jedi:reiji+1","jedi:BurstLightning+1","Electrodynamics+1","hubris:PowerSurge+1","Storm","Hologram+1","Conserve Battery+1","Self Repair","Amplify+1","Ball Lightning","jedi:overflow+1","jedi:markofdeath+1","Tempest+1","Loop","jedi:BurstLightning+1","Skim+1","Redo+1"],"relics":["Cracked Core","Replay:Mystery Machine","infinitespire:PuzzleCube","Toxic Egg 2","hubris:MysteriousPyramids","hubris:RunicObelisk","MutagenicStrength","Blue Doll","Dream Catcher","Coffee Dripper","TungstenRod","Bag of Marbles","Strawberry"],"acts_visited":["Exordium","TheCity","TheBeyond"],"potions_floor_usage":[38,48,48],"damage_taken":[{"damage":8.0,"enemies":"2 Louse","floor":1.0,"turns":2.0},{"damage":0.0,"enemies":"Cultist","floor":2.0,"turns":3.0},{"damage":6.0,"enemies":"Jaw Worm","floor":3.0,"turns":3.0},{"damage":9.0,"enemies":"2 Fungi Beasts","floor":5.0,"turns":3.0},{"damage":8.0,"enemies":"Gremlin Nob","floor":6.0,"turns":3.0},{"damage":19.0,"enemies":"Lagavulin","floor":8.0,"turns":4.0},{"damage":0.0,"enemies":"Large Slime","floor":11.0,"turns":4.0},{"damage":0.0,"enemies":"Blue Slaver","floor":12.0,"turns":3.0},{"damage":8.0,"enemies":"3 Louse","floor":13.0,"turns":2.0},{"damage":8.0,"enemies":"3 Sentries","floor":14.0,"turns":4.0},{"damage":0.0,"enemies":"The Guardian","floor":16.0,"turns":7.0},{"damage":3.0,"enemies":"Shell Parasite","floor":18.0,"turns":2.0},{"damage":0.0,"enemies":"Spheric Guardian","floor":19.0,"turns":2.0},{"damage":0.0,"enemies":"Centurion and Healer","floor":21.0,"turns":2.0},{"damage":13.0,"enemies":"Slavers","floor":24.0,"turns":2.0},{"damage":0.0,"enemies":"Snake Plant","floor":25.0,"turns":2.0},{"damage":3,"enemies":"Sentry and Sphere","floor":27,"turns":3},{"damage":0,"enemies":"Gremlin Leader","floor":28,"turns":2},{"damage":0,"enemies":"Snecko","floor":29,"turns":2},{"damage":2,"enemies":"Centurion and Healer","floor":30,"turns":2},{"damage":10,"enemies":"Chosen and Byrds","floor":31,"turns":3},{"damage":18,"enemies":"Collector","floor":33,"turns":4},{"damage":0,"enemies":"3 Shapes","floor":35,"turns":2},{"damage":3,"enemies":"3 Darklings","floor":36,"turns":2},{"damage":17,"enemies":"Spire Growth","floor":37,"turns":3},{"damage":0,"enemies":"Writhing Mass","floor":38,"turns":2},{"damage":2,"enemies":"Maw","floor":39,"turns":4},{"damage":25,"enemies":"Giant Head","floor":40,"turns":6},{"damage":11,"enemies":"R_Hoarder","floor":42,"turns":4},{"damage":4,"enemies":"4 Shapes","floor":45,"turns":2},{"damage":5,"enemies":"Transient","floor":46,"turns":5},{"damage":5,"enemies":"Nemesis","floor":48,"turns":2}],"seed_played":"2161536524459516114","potions_obtained":[{"floor":2.0,"key":"ColorlessPotion"},{"floor":3.0,"key":"DuplicationPotion"},{"floor":5.0,"key":"Elixir"},{"floor":13.0,"key":"Dexterity Potion"},{"floor":14.0,"key":"Adrenaline Potion"},{"floor":39,"key":"LiquidMemories"}],"is_trial":false,"path_per_floor":["M","M","M","?","M","E","R","E","T","R","M","M","M","E","R","B",null,"M","M","?","M","?","R","E","M","T","M","E","M","M","M","R","B",null,"M","M","M","M","M","E","R","E","T","R","M","M","?","E"],"character_chosen":"DEFECT","items_purchased":[],"campfire_rested":0,"item_purchase_floors":[],"current_hp_per_floor":[67,67,61,61,52,44,44,25,25,25,25,25,17,9,9,9,75,72,72,72,72,72,72,59,59,59,56,56,56,54,44,44,33,75,75,72,55,55,60,42,42,31,38,38,34,36,5,0,0],"gold":918,"neow_bonus":"THREE_CARDS","is_daily":false,"chose_seed":false,"campfire_upgraded":6,"win_rate":0.0,"timestamp":1611868314,"path_taken":["M","M","M","?","M","E","R","E","T","R","?","M","M","E","R","BOSS","M","M","?","M","?","R","E","M","T","M","E","M","M","M","R","BOSS","M","M","M","M","M","E","R","E","T","R","M","M","?","E"],"items_purchased_type":[],"build_version":"2020-12-22","purchased_purges":0,"victory":false,"max_hp_per_floor":[75,75,75,75,75,75,75,75,75,75,75,75,75,75,75,75,75,75,75,75,75,75,75,75,75,75,75,75,75,75,75,75,75,75,75,75,75,75,75,75,75,75,82,82,82,82,82,82,82],"card_choices":[{"not_picked":["Streamline","BootSequence"],"picked":"jedi:BurstLightning","floor":0.0},{"not_picked":["Melter","Rebound","Compile Driver"],"picked":"SKIP","floor":1.0},{"not_picked":["White Noise","Scrape"],"picked":"hubris:Ukulele","floor":2.0},{"not_picked":["Cold Snap","Stack"],"picked":"Barrage","floor":3.0},{"not_picked":["Reinforced Body","Stack"],"picked":"Conserve Battery","floor":5.0},{"not_picked":["Sweeping Beam","jedi:locknload"],"picked":"Ball Lightning","floor":6.0},{"not_picked":["Sunder","jedi:gatheringstorm"],"picked":"jedi:blockon","floor":8.0},{"not_picked":["Hologram+1","Doom and Gloom"],"picked":"jedi:hex+1","floor":11.0},{"not_picked":["Sunder","Conserve Battery+1"],"picked":"jedi:reiji+1","floor":12.0},{"not_picked":["jedi:BurstLightning","Reinforced Body+1","ReplayGash"],"picked":"SKIP","floor":13.0},{"not_picked":["Reinforced Body+1","ReplayGash"],"picked":"jedi:BurstLightning","floor":13.0},{"not_picked":["Blizzard","jedi:BurstFrost+1","Doom and Gloom"],"picked":"SKIP","floor":14.0},{"not_picked":["Go for the Eyes","Rebound","Coolheaded+1"],"picked":"SKIP","floor":18.0},{"not_picked":["Genetic Algorithm+1","Darkness+1"],"picked":"hubris:PowerSurge+1","floor":19.0},{"not_picked":["Cold Snap","Genetic Algorithm+1"],"picked":"Storm","floor":21.0},{"not_picked":["Go for the Eyes","ReplayTheSpireMod:Repulse+1","Coolheaded+1"],"picked":"SKIP","floor":24.0},{"not_picked":["Time Bomb+1","Rebound","Stack+1"],"picked":"SKIP","floor":25},{"not_picked":["Stack+1","Steam+1","Heatsinks"],"picked":"SKIP","floor":27},{"not_picked":["Chill+1","Melter","Hello World"],"picked":"SKIP","floor":28},{"not_picked":["Gash+1","Buffer"],"picked":"Hologram+1","floor":29},{"not_picked":["Ball Lightning","Leap+1"],"picked":"Conserve Battery+1","floor":30},{"not_picked":["Coolheaded+1","Chaos+1"],"picked":"Self Repair","floor":31},{"not_picked":["ReplayTheSpireMod:Omega Cannon","Reboot+1"],"picked":"Amplify+1","floor":33},{"not_picked":["Compile Driver","Cold Snap"],"picked":"Ball Lightning","floor":35},{"not_picked":["Conserve Battery+1","Scrape+1","Coolheaded+1"],"picked":"SKIP","floor":36},{"not_picked":["Streamline","hubris:Ukulele+1"],"picked":"jedi:overflow+1","floor":37},{"not_picked":["Panic Button+1","BasicCrystalCard+1","Go for the Eyes+1"],"picked":"SKIP","floor":38},{"not_picked":["Sweeping Beam","Conserve Battery+1"],"picked":"jedi:markofdeath+1","floor":39},{"not_picked":["Fission+1","Steam+1"],"picked":"Tempest+1","floor":40},{"not_picked":["Barrage","Fusion+1","Recycle+1"],"picked":"SKIP","floor":42},{"not_picked":["Cold Snap+1","Hologram+1"],"picked":"Loop","floor":45},{"not_picked":["Hello World+1","Sweeping Beam+1"],"picked":"jedi:BurstLightning+1","floor":46},{"not_picked":["Chill+1","jedi:blockon+1"],"picked":"Skim+1","floor":47},{"not_picked":["Heatsinks","Tempest+1"],"picked":"Redo+1","floor":47}],"player_experience":161655,"relics_obtained":[{"floor":6.0,"key":"Replay:Mystery Machine"},{"floor":8.0,"key":"infinitespire:PuzzleCube"},{"floor":9.0,"key":"Toxic Egg 2"},{"floor":14.0,"key":"hubris:MysteriousPyramids"},{"floor":24.0,"key":"Blue Doll"},{"floor":28,"key":"Dream Catcher"},{"floor":40,"key":"TungstenRod"},{"floor":42,"key":"Bag of Marbles"},{"floor":43,"key":"Strawberry"}],"event_choices":[{"cards_removed":["Strike_B"],"damage_healed":0.0,"max_hp_gain":0.0,"max_hp_loss":0.0,"gold_gain":0.0,"event_name":"Purifier","player_choice":"Purged","floor":4.0,"gold_loss":0.0,"damage_taken":0.0},{"cards_removed":["Strike_B"],"damage_healed":0.0,"max_hp_gain":0.0,"max_hp_loss":0.0,"gold_gain":0.0,"event_name":"Beggar","player_choice":"Gave Gold","floor":20.0,"gold_loss":75.0,"damage_taken":0.0},{"damage_healed":0.0,"max_hp_gain":0.0,"max_hp_loss":0.0,"gold_gain":0.0,"event_name":"Drug Dealer","player_choice":"Inject Mutagens","floor":22.0,"gold_loss":0.0,"damage_taken":0.0,"relics_obtained":["MutagenicStrength"]}],"is_beta":false,"boss_relics":[{"not_picked":["Astrolabe","Painkiller Herb"],"picked":"hubris:RunicObelisk"},{"not_picked":["Replay:Drink Me","Replay:Wanted Poster"],"picked":"Coffee Dripper"}],"items_purged_floors":[],"is_endless":false,"potions_floor_spawned":[2,3,5,13,14,19,25,28,31,33,37,39,42,45],"killed_by":"Nemesis","ascension_level":1}}