{"host":"1c52r9kaxdyo25eq","time":1611793909,"event":{"mods":["AchievementEnabler","BaseMod","Minty Spire (QoL Compilation)","Rare Cards Sparkle","SuperFastMode","everything is the same but u backflip on backflip"],"gold_per_floor":[115,115,115,115,129,129,158,158,158,178,191,218,237,264,264,336,336,355,373,391,391,405,436,436,463,500,532,559,590,602,614,626,713,725,756,793,817,829,278,305,320,320,388,388,404,404,436,451,451,451,451,451,44,69,69],"floor_reached":56,"language":"KOR","playtime":3124,"items_purged":["Blood for Blood"],"score":2247,"play_id":"f72b09ab-793d-4067-af53-35f13ddff36a","local_time":"20210128093149","is_ascension_mode":true,"campfire_choices":[{"data":"Barricade","floor":6.0,"key":"SMITH"},{"floor":8.0,"key":"REST"},{"data":"Fire Breathing","floor":15,"key":"SMITH"},{"data":"Dark Embrace","floor":24,"key":"SMITH"},{"floor":30,"key":"REST"},{"data":"Strike_R","floor":32,"key":"PURGE"},{"data":"Rupture","floor":42,"key":"PURGE"},{"data":"Spot Weakness","floor":44,"key":"PURGE"},{"floor":46,"key":"RECALL"},{"data":"Feel No Pain","floor":49,"key":"SMITH"},{"data":"Rage","floor":52,"key":"PURGE"}],"circlet_count":0,"master_deck":["AscendersBane","Bash","Barricade+1","Shrug It Off+1","Seeing Red+1","Shrug It Off","Ghostly Armor","Fire Breathing+1","Battle Trance","Offering","Body Slam+1","Burning Pact+1","Dark Embrace+1","Feel No Pain+1","Impervious","Feed","Intimidate","Second Wind","Dark Embrace","Body Slam+1"],"relics":["Burning Blood","Odd Mushroom","Incense Burner","Sundial","Torii","SlaversCollar","Lantern","MawBank","PreservedInsect","Peace Pipe","Pandora\u0027s Box","Mango","Shuriken","ClockworkSouvenir","Gremlin Horn","Eternal Feather","Bottled Tornado","DollysMirror","Boot"],"acts_visited":["Exordium","TheCity","TheBeyond","TheEnding"],"potions_floor_usage":[11,12,14,19,19,23,25,25,25,28,55,55],"damage_taken":[{"damage":15.0,"enemies":"Jaw Worm","floor":1.0,"turns":6.0},{"damage":0.0,"enemies":"Small Slimes","floor":5.0,"turns":4.0},{"damage":39.0,"enemies":"The Mushroom Lair","floor":7.0,"turns":9.0},{"damage":1.0,"enemies":"Cultist","floor":10.0,"turns":5.0},{"damage":23,"enemies":"Exordium Thugs","floor":11,"turns":11},{"damage":18,"enemies":"3 Sentries","floor":12,"turns":18},{"damage":4,"enemies":"Blue Slaver","floor":13,"turns":6},{"damage":20,"enemies":"Gremlin Nob","floor":14,"turns":5},{"damage":6,"enemies":"Hexaghost","floor":16,"turns":15},{"damage":15,"enemies":"Shell Parasite","floor":18,"turns":10},{"damage":23,"enemies":"2 Thieves","floor":19,"turns":3},{"damage":19,"enemies":"Centurion and Healer","floor":20,"turns":9},{"damage":18,"enemies":"Cultist and Chosen","floor":22,"turns":5},{"damage":17,"enemies":"Slavers","floor":23,"turns":3},{"damage":44,"enemies":"Gremlin Leader","floor":25,"turns":6},{"damage":23,"enemies":"Snake Plant","floor":27,"turns":5},{"damage":1,"enemies":"3 Cultists","floor":28,"turns":7},{"damage":23,"enemies":"Centurion and Healer","floor":29,"turns":10},{"damage":16,"enemies":"Champ","floor":33,"turns":6},{"damage":6,"enemies":"Orb Walker","floor":35,"turns":4},{"damage":6,"enemies":"Mind Bloom Boss Battle","floor":36,"turns":7},{"damage":1,"enemies":"3 Darklings","floor":37,"turns":5},{"damage":6,"enemies":"Reptomancer","floor":40,"turns":3},{"damage":16,"enemies":"Transient","floor":41,"turns":5},{"damage":29,"enemies":"4 Shapes","floor":45,"turns":3},{"damage":6,"enemies":"Giant Head","floor":47,"turns":7},{"damage":6,"enemies":"Sphere and 2 Shapes","floor":48,"turns":3},{"damage":6,"enemies":"Donu and Deca","floor":50,"turns":8},{"damage":28,"enemies":"Shield and Spear","floor":54,"turns":9},{"damage":9,"enemies":"The Heart","floor":55,"turns":6}],"seed_played":"-7573479110512473106","potions_obtained":[{"floor":5.0,"key":"PowerPotion"},{"floor":10.0,"key":"ColorlessPotion"},{"floor":11,"key":"SteroidPotion"},{"floor":12,"key":"Energy Potion"},{"floor":13,"key":"CultistPotion"},{"floor":16,"key":"Explosive Potion"},{"floor":19,"key":"ElixirPotion"},{"floor":22,"key":"DistilledChaos"},{"floor":23,"key":"EntropicBrew"},{"floor":27,"key":"GamblersBrew"},{"floor":29,"key":"ColorlessPotion"},{"floor":37,"key":"Regen Potion"}],"is_trial":false,"path_per_floor":["M","?","?","?","M","R","?","R","T","M","M","E","M","E","R","B",null,"M","M","M","?","M","E","R","E","T","M","M","M","R","T","R","B",null,"M","?","M","?","$","E","M","R","T","R","M","R","E","M","R","B",null,"R","$","E","B",null],"character_chosen":"IRONCLAD","items_purchased":["Shuriken","ClockworkSouvenir","Dark Embrace","Bottled Tornado","DollysMirror"],"campfire_rested":2,"item_purchase_floors":[39,39,39,53,53],"current_hp_per_floor":[59,64,64,42,48,48,15,36,36,41,24,39,45,41,41,47,67,60,53,48,48,44,41,41,7,7,18,35,26,47,47,47,41,65,75,93,96,96,96,96,86,86,86,86,66,66,69,72,84,87,103,108,108,89,91],"gold":69,"neow_bonus":"TRANSFORM_TWO_CARDS","is_daily":false,"chose_seed":false,"campfire_upgraded":4,"win_rate":0.0,"timestamp":1611793909,"path_taken":["M","?","?","?","M","R","?","R","T","M","M","E","M","E","R","BOSS","M","M","M","?","?","E","R","E","T","M","M","M","R","?","R","BOSS","M","?","M","?","$","E","M","R","T","R","M","R","E","M","R","BOSS","R","$","E","BOSS"],"items_purchased_type":["Relic","Relic","Card","Relic","Relic"],"build_version":"2020-12-22","purchased_purges":1,"victory":true,"max_hp_per_floor":[68,73,73,73,73,73,73,73,73,73,73,73,73,73,73,73,73,73,73,73,73,73,73,73,73,73,73,73,73,73,73,73,73,73,76,93,96,96,96,96,96,96,96,96,99,99,102,105,105,108,108,108,108,111,111],"card_choices":[{"not_picked":["Heavy Blade","True Grit"],"picked":"Shrug It Off","floor":1.0},{"not_picked":["Anger","Dual Wield","Infernal Blade"],"picked":"SKIP","floor":5.0},{"not_picked":["Clash","Reckless Charge"],"picked":"Shrug It Off","floor":7.0},{"not_picked":["Headbutt","Pommel Strike"],"picked":"Ghostly Armor","floor":10.0},{"not_picked":["Evolve","Clash"],"picked":"Reaper","floor":11},{"not_picked":["Armaments","Shrug It Off"],"picked":"Fire Breathing","floor":12},{"not_picked":["Thunderclap","Shockwave","Flex"],"picked":"SKIP","floor":13},{"not_picked":["Pommel Strike","Twin Strike"],"picked":"Battle Trance","floor":14},{"not_picked":["Immolate","Reaper"],"picked":"Offering","floor":16},{"not_picked":["Clash","Wild Strike"],"picked":"Body Slam+1","floor":18},{"not_picked":["Heavy Blade","Rampage"],"picked":"Burning Pact+1","floor":19},{"not_picked":["Burning Pact","Cleave"],"picked":"Dark Embrace","floor":20},{"not_picked":["Spot Weakness","Anger+1"],"picked":"Feel No Pain","floor":22},{"not_picked":["Pummel","Anger","Havoc"],"picked":"SKIP","floor":23},{"not_picked":["Perfected Strike","Sentinel","Bludgeon"],"picked":"SKIP","floor":25},{"not_picked":["Blood for Blood","Cleave","Whirlwind"],"picked":"SKIP","floor":27},{"not_picked":["Searing Blow","Perfected Strike","Headbutt"],"picked":"SKIP","floor":28},{"not_picked":["Clash","Shockwave","Flex"],"picked":"SKIP","floor":29},{"not_picked":["Bludgeon","Fiend Fire"],"picked":"Impervious","floor":33},{"not_picked":["Fire Breathing","Reckless Charge","Cleave"],"picked":"SKIP","floor":35},{"not_picked":["Clothesline","True Grit"],"picked":"Second Wind","floor":36},{"not_picked":["Thunderclap+1","Combust+1","Sever Soul+1"],"picked":"SKIP","floor":37},{"not_picked":["Fiend Fire","Armaments","Clash"],"picked":"SKIP","floor":40},{"not_picked":["True Grit+1","Cleave+1","Thunderclap"],"picked":"SKIP","floor":41},{"not_picked":["Clash","Clothesline","Havoc"],"picked":"SKIP","floor":45},{"not_picked":["Shrug It Off+1","Rampage","Havoc+1"],"picked":"SKIP","floor":47},{"not_picked":["Pommel Strike","Clothesline","Heavy Blade"],"picked":"SKIP","floor":48},{"not_picked":["Anger","Juggernaut","Thunderclap"],"picked":"SKIP","floor":54}],"player_experience":617539,"relics_obtained":[{"floor":7.0,"key":"Odd Mushroom"},{"floor":9.0,"key":"Incense Burner"},{"floor":12,"key":"Sundial"},{"floor":14,"key":"Torii"},{"floor":23,"key":"Lantern"},{"floor":25,"key":"MawBank"},{"floor":26,"key":"PreservedInsect"},{"floor":31,"key":"Peace Pipe"},{"floor":36,"key":"Mango"},{"floor":40,"key":"Gremlin Horn"},{"floor":47,"key":"Eternal Feather"},{"floor":54,"key":"Boot"}],"event_choices":[{"damage_healed":0.0,"max_hp_gain":5.0,"max_hp_loss":0.0,"gold_gain":0.0,"event_name":"Big Fish","player_choice":"Donut","floor":2.0,"gold_loss":0.0,"damage_taken":0.0},{"damage_healed":0.0,"max_hp_gain":0.0,"max_hp_loss":0.0,"gold_gain":0.0,"cards_transformed":["Berserk"],"event_name":"Living Wall","player_choice":"Change","floor":3.0,"gold_loss":0.0,"damage_taken":0.0,"cards_obtained":["Seeing Red"]},{"damage_healed":0.0,"max_hp_gain":0.0,"max_hp_loss":0.0,"gold_gain":0.0,"event_name":"Shining Light","player_choice":"Entered Light","floor":4.0,"gold_loss":0.0,"damage_taken":22.0,"cards_upgraded":["Seeing Red","Shrug It Off"]},{"damage_healed":0.0,"max_hp_gain":0.0,"max_hp_loss":0.0,"gold_gain":0.0,"event_name":"Mushrooms","player_choice":"Fought Mushrooms","floor":7.0,"gold_loss":0.0,"damage_taken":0.0},{"damage_healed":0,"gold_gain":0,"player_choice":"Ignored","damage_taken":0,"max_hp_gain":0,"max_hp_loss":0,"event_name":"N\u0027loth","floor":21,"gold_loss":0},{"damage_healed":0,"gold_gain":0,"player_choice":"Fight","damage_taken":0,"max_hp_gain":0,"max_hp_loss":0,"event_name":"MindBloom","floor":36,"gold_loss":0},{"cards_removed":["Reaper"],"damage_healed":0,"gold_gain":0,"player_choice":"Removed Attack","damage_taken":0,"max_hp_gain":0,"max_hp_loss":0,"event_name":"Falling","floor":38,"gold_loss":0}],"is_beta":false,"boss_relics":[{"not_picked":["Calling Bell","Runic Dome"],"picked":"SlaversCollar"},{"not_picked":["Sozu","Busted Crown"],"picked":"Pandora\u0027s Box"}],"items_purged_floors":[39],"is_endless":false,"potions_floor_spawned":[5,10,11,12,13,16,19,22,23,27,29,37,40,47,48],"ascension_level":15}}