{"host":"Sean","time":1611864693,"event":{"mods":["BaseMod","Block Reminder","Colored Map","Colored Powertips","Highlight Path","Minty Spire (QoL Compilation)","Permanent Neow","Relic Stats"],"gold_per_floor":[111,124,9,9,24,55,29,44,44,56,81,81,67,142,142,240,240,251,265,278,27,27,27,58,58,58,69,69,69,69],"floor_reached":29,"language":"ENG","playtime":1220,"items_purged":["Strike_G"],"score":357,"play_id":"c502cfa4-8e0c-44d0-905c-cc49b9217894","local_time":"20210128201133","is_ascension_mode":true,"campfire_choices":[{"data":"Bouncing Flask","floor":12.0,"key":"SMITH"},{"floor":15.0,"key":"REST"},{"floor":23,"key":"REST"},{"floor":25,"key":"REST"}],"circlet_count":0,"master_deck":["Strike_G+1","Strike_G+1","Strike_G+1","Strike_G+1","Defend_G+1","Defend_G+1","Defend_G+1","Survivor","Neutralize","Calculated Gamble","Calculated Gamble","Predator","Crippling Poison","Dodge and Roll","Dash","Dagger Spray","Dagger Spray","Bouncing Flask+1","Backflip","Envenom","Bullet Time","Deadly Poison+1","Backflip","Endless Agony+1","Tactician","Sucker Punch","Cloak And Dagger+1","Bane","Dash"],"relics":["Ring of the Snake","Snake Skull","Sundial","StoneCalendar","SlaversCollar","Art of War","Omamori"],"acts_visited":["Exordium","TheCity"],"potions_floor_usage":[24,27,29],"damage_taken":[{"damage":0.0,"enemies":"2 Louse","floor":1.0,"turns":2.0},{"damage":1.0,"enemies":"Cultist","floor":2.0,"turns":3.0},{"damage":1.0,"enemies":"Jaw Worm","floor":5.0,"turns":4.0},{"damage":40.0,"enemies":"Gremlin Nob","floor":6.0,"turns":6.0},{"damage":0.0,"enemies":"Large Slime","floor":8.0,"turns":6.0},{"damage":3.0,"enemies":"Looter","floor":10.0,"turns":4.0},{"damage":13.0,"enemies":"Lagavulin","floor":11.0,"turns":6.0},{"damage":4.0,"enemies":"Exordium Thugs","floor":13.0,"turns":4.0},{"damage":23.0,"enemies":"Hexaghost","floor":16.0,"turns":8.0},{"damage":16.0,"enemies":"Shell Parasite","floor":18.0,"turns":6.0},{"damage":0.0,"enemies":"Spheric Guardian","floor":19.0,"turns":2.0},{"damage":25,"enemies":"Centurion and Healer","floor":20,"turns":6},{"damage":8,"enemies":"Book of Stabbing","floor":24,"turns":5},{"damage":22,"enemies":"Cultist and Chosen","floor":27,"turns":5},{"damage":40,"enemies":"Slavers","floor":29,"turns":3}],"seed_played":"-191085743490863508","potions_obtained":[{"floor":5.0,"key":"AttackPotion"},{"floor":8.0,"key":"EntropicBrew"},{"floor":13.0,"key":"FairyPotion"},{"floor":19.0,"key":"ColorlessPotion"},{"floor":24,"key":"Explosive Potion"}],"is_trial":false,"path_per_floor":["M","M","$","?","M","E","$","M","T","M","E","R","M","?","R","B",null,"M","M","M","$","?","R","E","R","T","M","?","E"],"character_chosen":"THE_SILENT","items_purchased":["Predator","Crippling Poison","Dagger Spray","Fire Potion","Tactician","Sucker Punch"],"campfire_rested":3,"item_purchase_floors":[3,3,7,21,21,21],"current_hp_per_floor":[63,62,62,63,62,22,22,22,22,19,21,21,17,6,24,1,48,32,32,7,7,7,25,17,35,35,13,13,0,0],"gold":69,"neow_bonus":"REMOVE_TWO","is_daily":false,"chose_seed":false,"campfire_upgraded":1,"win_rate":0.0,"timestamp":1611864693,"path_taken":["M","M","$","?","M","E","$","M","T","M","E","R","?","?","R","BOSS","M","M","M","$","?","R","E","R","T","M","?","E"],"items_purchased_type":["Card","Card","Card","Potion","Card","Card"],"build_version":"2020-12-18","purchased_purges":1,"victory":false,"max_hp_per_floor":[63,63,63,63,63,63,63,63,63,63,63,63,63,63,63,63,63,63,63,63,63,63,63,63,63,63,63,63,63,63],"relic_stats":{"counters":[15,70],"Sundial":[6],"StoneCalendar":[52],"Snake Skull":[73],"Art of War":[1],"obtain_stats":[{"SlaversCollar":17,"Sundial":9,"StoneCalendar":11,"Snake Skull":6,"Art of War":24,"Omamori":26,"Ring of the Snake":0},{"SlaversCollar":9,"Sundial":5,"StoneCalendar":7,"Snake Skull":4,"Art of War":13,"Omamori":13,"Ring of the Snake":0},{"SlaversCollar":43,"Sundial":21,"StoneCalendar":31,"Snake Skull":15,"Art of War":62,"Omamori":62,"Ring of the Snake":0}],"Ring of the Snake":[31]},"card_choices":[{"not_picked":["Acrobatics","Outmaneuver"],"picked":"Calculated Gamble","floor":1.0},{"not_picked":["Tactician","Dodge and Roll"],"picked":"Calculated Gamble","floor":2.0},{"not_picked":["Reflex","Underhanded Strike"],"picked":"Dodge and Roll","floor":5.0},{"not_picked":["Tactician","Quick Slash"],"picked":"Dash","floor":6.0},{"not_picked":["Concentrate","Backflip"],"picked":"Dagger Spray","floor":8.0},{"not_picked":["Deflect","Terror"],"picked":"Bouncing Flask","floor":10.0},{"not_picked":["Dash","Caltrops"],"picked":"Backflip","floor":11.0},{"not_picked":["PiercingWail","Deadly Poison"],"picked":"Envenom","floor":13.0},{"not_picked":["Grand Finale","Die Die Die"],"picked":"Bullet Time","floor":16.0},{"not_picked":["Infinite Blades","Deflect"],"picked":"Deadly Poison+1","floor":18.0},{"not_picked":["Heel Hook+1","Distraction"],"picked":"Backflip","floor":19.0},{"not_picked":["Dodge and Roll","Skewer"],"picked":"Endless Agony+1","floor":20},{"not_picked":["Outmaneuver","Dodge and Roll"],"picked":"Cloak And Dagger+1","floor":24},{"not_picked":["Dagger Spray","Dagger Throw"],"picked":"Bane","floor":27}],"player_experience":480546,"relics_obtained":[{"floor":6.0,"key":"Snake Skull"},{"floor":9.0,"key":"Sundial"},{"floor":11.0,"key":"StoneCalendar"},{"floor":24,"key":"Art of War"},{"floor":26,"key":"Omamori"}],"event_choices":[{"damage_healed":1.0,"max_hp_gain":0.0,"max_hp_loss":0.0,"gold_gain":0.0,"event_name":"Wheel of Change","player_choice":"Full Heal","floor":4.0,"gold_loss":0.0,"damage_taken":0.0},{"damage_healed":0.0,"max_hp_gain":0.0,"max_hp_loss":0.0,"gold_gain":75.0,"event_name":"World of Goop","player_choice":"Gather Gold","floor":14.0,"gold_loss":0.0,"damage_taken":11.0},{"damage_healed":0,"gold_gain":0,"player_choice":"Simplicity","damage_taken":0,"max_hp_gain":0,"max_hp_loss":0,"event_name":"Back to Basics","floor":22,"gold_loss":0,"cards_upgraded":["Strike_G","Strike_G","Strike_G","Strike_G","Defend_G","Defend_G","Defend_G"]},{"damage_healed":0,"gold_gain":0,"player_choice":"Copied","damage_taken":0,"max_hp_gain":0,"max_hp_loss":0,"event_name":"Duplicator","floor":28,"gold_loss":0,"cards_obtained":["Dash"]}],"is_beta":true,"boss_relics":[{"not_picked":["Ectoplasm","Busted Crown"],"picked":"SlaversCollar"}],"items_purged_floors":[21],"is_endless":false,"potions_floor_spawned":[5,8,10,13,19,24],"killed_by":"Slavers","ascension_level":8}}