{"host":"58njlu7hme3ojrlz","time":1611803914,"event":{"mods":["AchievementEnabler","Act Like it!","Arknights The Spire","BaseMod","Block Reminder","Colored Map","Colored Powertips","DeckTracker","Downfall","Gensokyo","Hallownest","Highlight Path","Infinite Spire","Marisa????????","Minty Spire (QoL Compilation)","Relic Sorter","Replay The Spire","StSLib","The Alterego","The Bug Knight","The Servant 0.9.4","The Wild Card"],"gold_per_floor":[199,199,213,26,37,57,84,103,103,103,12,29,45,45,65,65,65,65],"floor_reached":16,"language":"ENG","playtime":1628,"items_purged":["Guardian:Defend_Guardian"],"score":94,"play_id":"46672fe0-c977-466a-99de-0a66a7eee9a2","local_time":"20210128101834","is_ascension_mode":false,"campfire_choices":[{"data":"Guardian:RefractedBeam","floor":9,"key":"SMITH"}],"circlet_count":0,"master_deck":["Guardian:Strike_Guardian","Guardian:Strike_Guardian","Guardian:Strike_Guardian","Guardian:Defend_Guardian","Guardian:Defend_Guardian","Guardian:CurlUp","Guardian:TwinSlam","Guardian:ShieldCharger","Guardian:GuardianWhirl","expansioncontent:PolyBeam","Guardian:RefractedBeam+1","Guardian:AncientConstruct","Guardian:DonusPower","Guardian:SentryBeam","Guardian:EvasiveProtocol","Guardian:Preprogram","Guardian:FloatingOrbs","Guardian:PolyBeam"],"relics":["Guardian:ModeShifter","Dream Catcher"],"acts_visited":["Exordium"],"potions_floor_usage":[6,15,16],"damage_taken":[{"damage":11,"enemies":"Jaw Worm","floor":3,"turns":4},{"damage":0,"enemies":"downfall:FleeingMerchant","floor":4,"turns":4},{"damage":16,"enemies":"infinitespire:Voidling","floor":5,"turns":4},{"damage":0,"enemies":"Cultist","floor":6,"turns":2},{"damage":18,"enemies":"Lots of Slimes","floor":8,"turns":4},{"damage":10,"enemies":"downfall:FleeingMerchant","floor":11,"turns":4},{"damage":11,"enemies":"3 Louse","floor":12,"turns":2},{"damage":7,"enemies":"2 Fungi Beasts","floor":13,"turns":4},{"damage":6,"enemies":"Lots of Slimes","floor":15,"turns":4},{"damage":18,"enemies":"SI_SHIV_ARCHETYPE","floor":16,"turns":8}],"seed_played":"3093382954392024105","potions_obtained":[{"floor":2,"key":"AttackPotion"},{"floor":2,"key":"Explosive Potion"},{"floor":2,"key":"SkillPotion"},{"floor":3,"key":"Swift Potion"},{"floor":8,"key":"SteroidPotion"}],"is_trial":false,"path_per_floor":["R_BF","?","M","$","M","M","T","M","R","?","$","M","M","?","M","B"],"character_chosen":"GUARDIAN","items_purchased":["expansioncontent:PolyBeam","Guardian:EvasiveProtocol"],"campfire_rested":0,"item_purchase_floors":[4,11],"current_hp_per_floor":[88,88,77,77,68,68,68,50,50,50,40,29,22,22,16,0,0,0],"gold":65,"neow_bonus":"TEN_PERCENT_HP_BONUS","is_daily":false,"chose_seed":false,"campfire_upgraded":1,"win_rate":0.0,"timestamp":1611803914,"path_taken":["R_BF","?","?","$","M","M","T","M","R","?","$","M","M","?","M","BOSS"],"items_purchased_type":["Card","Card"],"build_version":"2020-12-22","purchased_purges":1,"victory":false,"max_hp_per_floor":[88,88,88,88,88,88,88,88,88,88,88,88,88,88,88,88,88,88],"card_choices":[{"not_picked":["Guardian:WalkerClaw","Guardian:Reroute"],"picked":"Guardian:ShieldCharger","floor":3},{"not_picked":["Guardian:PiercingHide","Guardian:VentSteam"],"picked":"Guardian:GuardianWhirl","floor":4},{"not_picked":["Guardian:Recover","Guardian:ChargeCore"],"picked":"Guardian:RefractedBeam","floor":5},{"not_picked":["Guardian:WalkerClaw","Guardian:ChargeCore"],"picked":"Guardian:AncientConstruct","floor":6},{"not_picked":["Guardian:TimeCapacitor","Guardian:DecasProtection"],"picked":"Guardian:DonusPower","floor":8},{"not_picked":["Guardian:Gem_Red","Guardian:CrystalBeam"],"picked":"Guardian:SentryBeam","floor":11},{"not_picked":["Guardian:Incinerate","Guardian:VentSteam"],"picked":"Guardian:Preprogram","floor":12},{"not_picked":["Guardian:PolyBeam","Guardian:Gem_Cyan"],"picked":"Guardian:FloatingOrbs","floor":13},{"not_picked":["Guardian:Suspension","Guardian:Gem_Cyan"],"picked":"Guardian:PolyBeam","floor":15}],"player_experience":130400,"relics_obtained":[{"floor":7,"key":"Dream Catcher"}],"event_choices":[{"damage_healed":0,"gold_gain":0,"player_choice":"Got Potions","damage_taken":0,"max_hp_gain":0,"max_hp_loss":0,"event_name":"Lab","floor":2,"gold_loss":0}],"is_beta":false,"boss_relics":[],"items_purged_floors":[4],"is_endless":false,"potions_floor_spawned":[3,8,12,13],"killed_by":"SI_SHIV_ARCHETYPE","ascension_level":0}}