{"host":"0cnpp25a4xqhnyrs","time":1611871261,"event":{"mods":["BaseMod","BetterRewards","DeckTracker","Downfall","Minty Spire (QoL Compilation)","Quick Restart","StSLib","Transform Curses"],"gold_per_floor":[112,41,61,75,0,30,30,65,133,98,98,116,41,51,51,147,147,157,167,167,187,206,224,224,252,278,128,146,146,21,56,56,154,154,172,172,172,172,172],"floor_reached":38,"language":"ENG","playtime":6232,"items_purged":["Strike_G","Strike_G","Strike_G"],"score":574,"play_id":"efd52722-74d0-4874-b1d2-4c02900ba8f0","local_time":"20210128160101","is_ascension_mode":false,"campfire_choices":[{"floor":7.0,"key":"REST"},{"data":"Bane","floor":11.0,"key":"SMITH"},{"data":"Noxious Fumes","floor":15.0,"key":"SMITH"},{"floor":24.0,"key":"REST"},{"data":"Infinite Blades","floor":29.0,"key":"SMITH"},{"floor":32.0,"key":"REST"}],"circlet_count":0,"master_deck":["Strike_G","Strike_G","Defend_G","Defend_G","Defend_G","Defend_G","Survivor+1","Neutralize","Backflip","Acrobatics","Flying Knee","Flying Knee","Crippling Poison","Infinite Blades+1","Bane+1","Noxious Fumes+1","Backstab","After Image","Flying Knee+1","Leg Sweep+1","Underhanded Strike","Footwork+1","Deadly Poison","Blade Dance","Blade Dance","Backflip+1","A Thousand Cuts","Blade Dance+1","Madness","Madness"],"relics":["Ring of the Serpent","Thread and Needle","Anchor","Darkstone Periapt","Happy Flower","War Paint","Vajra","Black Star"],"acts_visited":["Exordium","TheCity","TheBeyond"],"potions_floor_usage":[38,38,38],"damage_taken":[{"damage":0.0,"enemies":"Jaw Worm","floor":1.0,"turns":5.0},{"damage":1.0,"enemies":"Cultist","floor":3.0,"turns":4.0},{"damage":0.0,"enemies":"2 Louse","floor":4.0,"turns":3.0},{"damage":21.0,"enemies":"Lagavulin","floor":6.0,"turns":8.0},{"damage":20.0,"enemies":"Gremlin Nob","floor":8.0,"turns":5.0},{"damage":8.0,"enemies":"Gremlin Gang","floor":12.0,"turns":3.0},{"damage":0.0,"enemies":"3 Louse","floor":14.0,"turns":2.0},{"damage":16.0,"enemies":"Slime Boss","floor":16.0,"turns":10.0},{"damage":0.0,"enemies":"Shell Parasite","floor":18.0,"turns":6.0},{"damage":2.0,"enemies":"Chosen","floor":19.0,"turns":6.0},{"damage":1.0,"enemies":"Centurion and Healer","floor":21.0,"turns":7.0},{"damage":9.0,"enemies":"Shelled Parasite and Fungi","floor":22.0,"turns":7.0},{"damage":4.0,"enemies":"Snake Plant","floor":23.0,"turns":7.0},{"damage":12.0,"enemies":"Gremlin Leader","floor":25.0,"turns":7.0},{"damage":2.0,"enemies":"Snecko","floor":28.0,"turns":5.0},{"damage":9.0,"enemies":"Book of Stabbing","floor":31.0,"turns":6.0},{"damage":20.0,"enemies":"Automaton","floor":33.0,"turns":11.0},{"damage":0.0,"enemies":"Orb Walker","floor":35.0,"turns":5.0},{"damage":65,"enemies":"Donu and Deca","floor":38,"turns":8}],"seed_played":"-2680509382936703083","potions_obtained":[{"floor":3.0,"key":"AttackPotion"},{"floor":6.0,"key":"LiquidBronze"},{"floor":12.0,"key":"Guardian:BlockOnCardUsePotion"},{"floor":22.0,"key":"Guardian:BlockOnCardUsePotion"},{"floor":25.0,"key":"Weak Potion"},{"floor":31.0,"key":"EssenceOfSteel"},{"floor":35.0,"key":"PowerPotion"}],"is_trial":true,"path_per_floor":["M","$","M","M","$","E","R","E","T","?","R","M","$","M","R","B",null,"M","M","?","M","M","M","R","E","T","$","M","R","$","E","R","B",null,"M","?","?","B"],"character_chosen":"THE_SILENT","items_purchased":["Acrobatics","Flying Knee","Infinite Blades","Blade Dance"],"campfire_rested":3,"item_purchase_floors":[2,2,5,27],"current_hp_per_floor":[70,70,69,69,69,48,69,49,49,66,66,58,58,58,58,42,70,70,68,68,67,58,54,70,58,58,58,56,56,56,47,68,48,70,70,61,61,0,0],"gold":172,"neow_bonus":"","is_daily":false,"chose_seed":false,"campfire_upgraded":3,"win_rate":0.0,"timestamp":1611871261,"path_taken":["M","$","M","M","$","E","R","E","T","?","R","M","$","M","R","BOSS","M","M","?","M","?","M","R","E","T","$","?","R","?","E","R","BOSS","M","?","?","BOSS"],"items_purchased_type":["Card","Card","Card","Card"],"build_version":"2020-12-22","purchased_purges":3,"victory":false,"max_hp_per_floor":[70,70,70,70,70,70,70,70,70,70,70,70,70,70,70,70,70,70,70,70,70,70,70,70,70,70,70,70,70,70,70,70,70,70,70,70,70,70,70],"card_choices":[{"not_picked":["Quick Slash","Setup"],"picked":"Backflip","floor":1.0},{"not_picked":["Expertise","Backflip"],"picked":"Flying Knee","floor":3.0},{"not_picked":["Dodge and Roll","Tools of the Trade"],"picked":"Crippling Poison","floor":4.0},{"not_picked":["Predator","Blade Dance"],"picked":"Bane","floor":6.0},{"not_picked":["Deflect","Prepared"],"picked":"Noxious Fumes","floor":8.0},{"not_picked":["Dagger Spray","Dagger Throw","Quick Slash"],"picked":"SKIP","floor":12.0},{"not_picked":["Dagger Spray","Caltrops"],"picked":"Backstab","floor":14.0},{"not_picked":["Storm of Steel","Night Terror"],"picked":"After Image","floor":16.0},{"not_picked":["Backflip","Blade Dance"],"picked":"Flying Knee+1","floor":18.0},{"not_picked":["Noxious Fumes","Acrobatics","Cloak And Dagger"],"picked":"SKIP","floor":19.0},{"not_picked":["Dodge and Roll","Choke","After Image"],"picked":"SKIP","floor":21.0},{"not_picked":["Cloak And Dagger","Outmaneuver"],"picked":"Underhanded Strike","floor":22.0},{"not_picked":["Sucker Punch","Heel Hook"],"picked":"Footwork+1","floor":23.0},{"not_picked":["Sucker Punch","Cloak And Dagger"],"picked":"Deadly Poison","floor":25.0},{"not_picked":["PiercingWail","Slice"],"picked":"Blade Dance","floor":28.0},{"not_picked":["Dash","Endless Agony"],"picked":"Backflip+1","floor":31.0},{"not_picked":["Adrenaline","Bullet Time"],"picked":"A Thousand Cuts","floor":33.0},{"not_picked":["Skewer+1","Quick Slash+1"],"picked":"Blade Dance+1","floor":35.0}],"player_experience":65069,"relics_obtained":[{"floor":6.0,"key":"Thread and Needle"},{"floor":8.0,"key":"Anchor"},{"floor":9.0,"key":"Darkstone Periapt"},{"floor":25.0,"key":"Happy Flower"},{"floor":26.0,"key":"War Paint"},{"floor":31.0,"key":"Vajra"}],"event_choices":[{"damage_healed":17.0,"max_hp_gain":0.0,"max_hp_loss":0.0,"gold_gain":0.0,"event_name":"The Cleric","player_choice":"Healed","floor":10.0,"gold_loss":35.0,"damage_taken":0.0},{"damage_healed":0.0,"max_hp_gain":0.0,"max_hp_loss":0.0,"gold_gain":0.0,"cards_transformed":["Defend_G"],"event_name":"Transmorgrifier","player_choice":"Transformed","floor":20.0,"gold_loss":0.0,"damage_taken":0.0,"cards_obtained":["Leg Sweep"]},{"damage_healed":0.0,"max_hp_gain":0.0,"max_hp_loss":0.0,"gold_gain":0.0,"event_name":"Winding Halls","player_choice":"Embrace Madness","floor":36.0,"gold_loss":0.0,"damage_taken":9.0,"cards_obtained":["Madness","Madness"]},{"damage_healed":0.0,"max_hp_gain":0.0,"max_hp_loss":0.0,"gold_gain":0.0,"event_name":"SecretPortal","player_choice":"Took Portal","floor":37.0,"gold_loss":0.0,"damage_taken":0.0}],"is_beta":false,"boss_relics":[{"not_picked":["Runic Pyramid","Snecko Eye"],"picked":"Ring of the Serpent"},{"not_picked":["HoveringKite","SlaversCollar"],"picked":"Black Star"}],"items_purged_floors":[13,27,30],"is_endless":true,"potions_floor_spawned":[3,6,12,18,22,25,31,35],"killed_by":"Donu and Deca","ascension_level":0}}