{"host":"kydqlojjt9mno5rv","time":1611866358,"event":{"mods":["AchievementEnabler","BaseMod","Colored Powertips","Curses Come First","DeckTracker","Minty Spire (QoL Compilation)","Quick Restart","Replay The Spire","Shop Mod","Spicy Shops","StSLib","SuperFastMode","Synergy Search","Weighted Paths"],"gold_per_floor":[113,113,113,168,168,168,198,20,20,54,54,83,83,33,33,33,33],"floor_reached":16,"language":"ENG","playtime":575,"items_purged":[],"score":178,"play_id":"f3fd831e-add5-4c30-b0b0-0d9de3d15183","local_time":"20210128153918","is_ascension_mode":true,"campfire_choices":[{"floor":6.0,"key":"RECALL"},{"data":"Inflame","floor":11.0,"key":"SMITH"},{"data":"Infernal Blade","floor":13.0,"key":"SMITH"},{"floor":15.0,"key":"DIG"}],"circlet_count":0,"master_deck":["Strike_R","Strike_R","Strike_R","Defend_R","Defend_R","Defend_R","Defend_R","Bash","Headbutt","Regret","Shrug It Off","Life Link+1","Master of Strategy","ReplayTheSpireMod:Private Reserves","Trip","Inflame+1","Infernal Blade+1"],"relics":["Burning Blood","NeowsBlessing","Regal Pillow","Replay:Kaleidoscope","ReplayTheSpireMod:Ninjato","ReplayTheSpireMod:ShopPack","Replay:Bottled Snecko","Ancient Tea Set","Sundial","Thread and Needle"],"acts_visited":["Exordium"],"potions_floor_usage":[],"damage_taken":[{"damage":0.0,"enemies":"Small Slimes","floor":1.0,"turns":1.0},{"damage":0.0,"enemies":"Lagavulin","floor":7.0,"turns":1.0},{"damage":0.0,"enemies":"Gremlin Nob","floor":10.0,"turns":1.0},{"damage":33.0,"enemies":"Lagavulin","floor":12.0,"turns":5.0},{"damage":63,"enemies":"Fading Forest","floor":16,"turns":10}],"seed_played":"-6250745101499997453","potions_obtained":[],"is_trial":false,"path_per_floor":["M","?","?","T","?","R","E","$","T","E","R","E","R","?","R","B"],"character_chosen":"IRONCLAD","items_purchased":["ReplayTheSpireMod:ShopPack","Life Link+1"],"campfire_rested":0,"item_purchase_floors":[8,8],"current_hp_per_floor":[80,80,80,80,80,80,80,80,80,80,80,53,53,53,53,0,0],"gold":33,"neow_bonus":"THREE_ENEMY_KILL","is_daily":false,"chose_seed":false,"campfire_upgraded":2,"win_rate":0.0,"timestamp":1611866358,"path_taken":["M","?","?","?","?","R","E","$","T","E","R","E","R","?","R","BOSS"],"items_purchased_type":["Relic","Card"],"build_version":"2020-12-22","purchased_purges":0,"victory":false,"max_hp_per_floor":[80,80,80,80,80,80,80,80,80,80,80,80,80,80,80,80,80],"card_choices":[{"not_picked":["Twin Strike","Hemokinesis"],"picked":"Headbutt","floor":1.0},{"not_picked":["Body Slam","Whirlwind"],"picked":"Shrug It Off","floor":7.0},{"not_picked":["Secret Technique","Violence"],"picked":"Master of Strategy","floor":8.0},{"not_picked":["Master of Strategy","Dark Shackles"],"picked":"ReplayTheSpireMod:Private Reserves","floor":8.0},{"not_picked":["Poisoned Strike","Purity"],"picked":"Trip","floor":8.0},{"not_picked":["Perfected Strike","Body Slam"],"picked":"Inflame","floor":10.0},{"not_picked":["Uppercut","Iron Wave"],"picked":"Infernal Blade","floor":12.0}],"player_experience":150670,"relics_obtained":[{"floor":4.0,"key":"Regal Pillow"},{"floor":7.0,"key":"ReplayTheSpireMod:Ninjato"},{"floor":9.0,"key":"Replay:Bottled Snecko"},{"floor":10.0,"key":"Ancient Tea Set"},{"floor":12.0,"key":"Sundial"},{"floor":15.0,"key":"Thread and Needle"}],"event_choices":[{"damage_healed":0.0,"max_hp_gain":0.0,"max_hp_loss":0.0,"gold_gain":0.0,"event_name":"Shining Light","player_choice":"Ignored","floor":3.0,"gold_loss":0.0,"damage_taken":0.0},{"damage_healed":0.0,"max_hp_gain":0.0,"max_hp_loss":0.0,"gold_gain":0.0,"event_name":"Big Fish","player_choice":"Box","floor":5.0,"gold_loss":0.0,"damage_taken":0.0,"relics_obtained":["Replay:Kaleidoscope"],"cards_obtained":["Regret"]},{"cards_removed":["Strike_R"],"damage_healed":0.0,"max_hp_gain":0.0,"max_hp_loss":0.0,"gold_gain":0.0,"event_name":"The Cleric","player_choice":"Card Removal","floor":14.0,"gold_loss":50.0,"damage_taken":0.0}],"is_beta":false,"boss_relics":[],"items_purged_floors":[],"is_endless":false,"potions_floor_spawned":[],"killed_by":"Fading Forest","ascension_level":2}}