{"host":"sq4meqxtkbsvyucx","time":1611875790,"event":{"mods":["2.2 Compatiblity","Aspiration","BaseMod","BetterRewards","Googly Eyes","Highlight Path","Hubris","Infinite Spire","Marisa????????","Mimic Mod","Minty Spire (QoL Compilation)","Rare Cards Sparkle","Replay The Spire","Shop Mod","StSLib","SuperFastMode","The Jungle","Unceasing Turn Reminder"],"gold_per_floor":[114,164,164,144,162,187,187,187,264,264,100,100,135,0,0,0,0],"floor_reached":16,"language":"ENG","playtime":472,"items_purged":["Looming Evil","Regret"],"score":192,"play_id":"027bd030-7eb2-4f0a-8ade-b8aaeefbfc39","local_time":"20210128231630","is_ascension_mode":true,"campfire_choices":[{"floor":8,"key":"REST"},{"floor":10,"key":"REST"},{"floor":15,"key":"REST"}],"circlet_count":0,"master_deck":["AscendersBane","Strike_B","Strike_B","Strike_B","Strike_B","Defend_B+1","Defend_B","Defend_B+1","Defend_B","Zap","Dualcast","Static Discharge","Cold Snap","Hologram","ReplayTheSpireMod:Faulty Equipment","Storm+1","Steam+1"],"relics":["Cracked Core","Ring of Greed","ReplayTheSpireMod:Ring of Addiction","Membership Card","Golden Egg","SacredBark","Potion Belt","aspiration:EnhancedActuators","Letter Opener","Toxic Egg 2","Regal Pillow","aspiration:TomeofQuesting","Oddly Smooth Stone"],"acts_visited":["Exordium"],"potions_floor_usage":[5,6,6,6],"damage_taken":[{"damage":4,"enemies":"Jaw Worm","floor":1,"turns":3},{"damage":0,"enemies":"2 Louse","floor":5,"turns":1},{"damage":30,"enemies":"Gremlin Nob","floor":6,"turns":4},{"damage":22,"enemies":"Lagavulin","floor":13,"turns":6},{"damage":70,"enemies":"Slime Boss","floor":16,"turns":9}],"seed_played":"-8684665126883010168","potions_obtained":[{"floor":2,"key":"Cursed Concoction"},{"floor":2,"key":"Explosive Potion"},{"floor":2,"key":"Strength Potion"},{"floor":4,"key":"Adrenaline Potion"}],"is_trial":false,"path_per_floor":["M","?","?","?","M","E","?","R","T","R","$","?","E","$","R","B"],"character_chosen":"DEFECT","items_purchased":["Static Discharge","Storm","Regal Pillow","Oddly Smooth Stone"],"campfire_rested":3,"item_purchase_floors":[0,11,11,14],"current_hp_per_floor":[60,60,60,60,60,30,9,30,30,50,50,50,28,28,63,0,0],"gold":0,"neow_bonus":"","is_daily":false,"chose_seed":false,"campfire_upgraded":0,"win_rate":0.0,"timestamp":1611875790,"path_taken":["M","?","?","?","?","E","?","R","T","R","$","?","E","?","R","BOSS"],"items_purchased_type":["Card","Card","Relic","Relic"],"build_version":"2020-12-22","purchased_purges":2,"victory":false,"max_hp_per_floor":[71,71,71,71,71,71,71,71,71,69,69,69,67,67,67,65,65],"card_choices":[{"not_picked":["BasicCrystalCard","Rebound"],"picked":"Cold Snap","floor":1},{"not_picked":["Force Field","Ball Lightning"],"picked":"Hologram","floor":5},{"not_picked":["Hologram","Coolheaded","Sweeping Beam"],"picked":"SKIP","floor":6},{"not_picked":["Genetic Algorithm+1","Hello World"],"picked":"Steam+1","floor":13}],"player_experience":300873,"relics_obtained":[{"floor":2,"key":"Ring of Greed"},{"floor":2,"key":"ReplayTheSpireMod:Ring of Addiction"},{"floor":2,"key":"Membership Card"},{"floor":2,"key":"Golden Egg"},{"floor":2,"key":"SacredBark"},{"floor":2,"key":"Potion Belt"},{"floor":6,"key":"Letter Opener"},{"floor":9,"key":"Toxic Egg 2"},{"floor":13,"key":"aspiration:TomeofQuesting"}],"event_choices":[{"damage_healed":0,"gold_gain":0,"player_choice":"Box","damage_taken":0,"relics_obtained":["aspiration:EnhancedActuators"],"max_hp_gain":0,"max_hp_loss":0,"event_name":"Big Fish","floor":3,"gold_loss":0,"cards_obtained":["Regret"]},{"damage_healed":0,"gold_gain":0,"player_choice":"Bought 1 Potion","damage_taken":0,"max_hp_gain":0,"max_hp_loss":0,"event_name":"The Woman in Blue","floor":4,"gold_loss":0},{"damage_healed":0,"gold_gain":0,"player_choice":"Entered Light","damage_taken":21,"max_hp_gain":0,"max_hp_loss":0,"event_name":"Shining Light","floor":7,"gold_loss":0,"cards_upgraded":["Defend_B","Defend_B"]}],"is_beta":false,"boss_relics":[],"items_purged_floors":[11,14],"is_endless":false,"potions_floor_spawned":[],"killed_by":"Slime Boss","ascension_level":17}}