{"host":"dztixnx9b0gu6w9i","time":1611862948,"event":{"mods":["BaseMod","Bestiary","Minty Spire (QoL Compilation)","Relic Stats","Slay the Relics Exporter","SpireBot","ojb\u0027s Better Paths Mod","ojb\u0027s Info Mod"],"gold_per_floor":[112,112,122,140,14,48,48,74,97,372,372,397,416,428,428,503,503,479,492,27,27,27,27,27],"floor_reached":23,"language":"ENG","playtime":4947,"items_purged":["Strike_R","Strike_R"],"score":418,"play_id":"e658e665-ef71-4199-8b99-d3c6ab03aede","local_time":"20210128144228","is_ascension_mode":true,"campfire_choices":[{"data":"Uppercut","floor":7,"key":"SMITH"},{"data":"Sever Soul","floor":11,"key":"SMITH"},{"data":"Iron Wave","floor":15,"key":"SMITH"}],"circlet_count":0,"master_deck":["AscendersBane","Defend_R","Defend_R","Defend_R","Defend_R","Bash","Wild Strike+1","Sever Soul+1","Uppercut+1","Feel No Pain","Power Through","Iron Wave+1","Reaper","Shockwave","Corruption","Second Wind+1","Rage+1","Warcry+1","Carnage"],"relics":["Burning Blood","Smiling Mask","MealTicket","Lantern","Omamori","Unceasing Top","Astrolabe","PreservedInsect","Bag of Marbles"],"acts_visited":["Exordium","TheCity"],"potions_floor_usage":[8,14,16,19],"damage_taken":[{"damage":6,"enemies":"Jaw Worm","floor":1,"turns":5},{"damage":1,"enemies":"Cultist","floor":3,"turns":4},{"damage":0,"enemies":"2 Louse","floor":4,"turns":2},{"damage":27,"enemies":"Lagavulin","floor":6,"turns":6},{"damage":22,"enemies":"Gremlin Nob","floor":8,"turns":4},{"damage":17,"enemies":"3 Sentries","floor":12,"turns":7},{"damage":10,"enemies":"Gremlin Gang","floor":13,"turns":5},{"damage":12,"enemies":"Lots of Slimes","floor":14,"turns":5},{"damage":30,"enemies":"Hexaghost","floor":16,"turns":9},{"damage":6,"enemies":"2 Thieves","floor":18,"turns":4},{"damage":9,"enemies":"Shell Parasite","floor":19,"turns":5},{"damage":78,"enemies":"Gremlin Leader","floor":23,"turns":7}],"seed_played":"-7704121834920691361","potions_obtained":[{"floor":1,"key":"Regen Potion"},{"floor":4,"key":"Swift Potion"},{"floor":12,"key":"AttackPotion"},{"floor":16,"key":"Dexterity Potion"}],"is_trial":false,"path_per_floor":["M","?","M","M","$","E","R","E","T","?","R","E","M","M","R","B",null,"M","M","$","T","?","E"],"character_chosen":"IRONCLAD","items_purchased":["Feel No Pain","PreservedInsect","Bag of Marbles","Carnage"],"campfire_rested":0,"item_purchase_floors":[5,20,20,20],"current_hp_per_floor":[68,68,73,75,75,54,54,50,50,50,50,39,35,37,37,13,60,69,66,75,75,64,0,0],"gold":27,"neow_bonus":"RANDOM_COMMON_RELIC","is_daily":false,"chose_seed":false,"campfire_upgraded":3,"win_rate":0.0,"timestamp":1611862948,"path_taken":["M","?","M","?","$","E","R","E","T","?","R","E","M","?","R","BOSS","M","M","$","?","?","E"],"items_purchased_type":["Card","Relic","Relic","Card"],"build_version":"2020-12-22","purchased_purges":2,"victory":false,"max_hp_per_floor":[75,75,75,75,75,75,75,75,75,75,75,75,75,75,75,75,75,75,75,75,75,75,75,75],"relic_stats":{"counters":[12,63],"Astrolabe":["Second Wind","Rage","Warcry"],"MealTicket":9,"PreservedInsect":48,"Smiling Mask":75,"obtain_stats":[{"Lantern":8,"Astrolabe":17,"MealTicket":6,"PreservedInsect":20,"Omamori":9,"Bag of Marbles":20,"Smiling Mask":0,"Burning Blood":0,"Unceasing Top":12},{"Lantern":5,"Astrolabe":9,"MealTicket":4,"PreservedInsect":11,"Omamori":5,"Bag of Marbles":11,"Smiling Mask":0,"Burning Blood":0,"Unceasing Top":6},{"Lantern":21,"Astrolabe":47,"MealTicket":17,"PreservedInsect":56,"Omamori":21,"Bag of Marbles":56,"Smiling Mask":0,"Burning Blood":0,"Unceasing Top":28}],"Burning Blood":62,"Unceasing Top":[4]},"card_choices":[{"not_picked":["Pummel","Feel No Pain"],"picked":"Wild Strike","floor":1},{"not_picked":["Sword Boomerang","Heavy Blade"],"picked":"Sever Soul","floor":3},{"not_picked":["Clothesline","Perfected Strike"],"picked":"Uppercut","floor":4},{"not_picked":["True Grit","Cleave"],"picked":"Power Through","floor":6},{"not_picked":["Headbutt","Thunderclap"],"picked":"Iron Wave","floor":8},{"not_picked":["Cleave","Armaments"],"picked":"Reaper","floor":12},{"not_picked":["Ghostly Armor","Sword Boomerang"],"picked":"Shockwave","floor":13},{"not_picked":["Pommel Strike","Wild Strike","Headbutt"],"picked":"SKIP","floor":14},{"not_picked":["Pommel Strike","Wild Strike","Headbutt"],"picked":"SKIP","floor":14},{"not_picked":["Fiend Fire","Barricade"],"picked":"Corruption","floor":16},{"not_picked":["Sword Boomerang","Rampage","Infernal Blade"],"picked":"SKIP","floor":18},{"not_picked":["Metallicize","Ghostly Armor","Sword Boomerang"],"picked":"SKIP","floor":19}],"player_experience":8359394,"relics_obtained":[{"floor":6,"key":"MealTicket"},{"floor":8,"key":"Lantern"},{"floor":9,"key":"Omamori"},{"floor":12,"key":"Unceasing Top"}],"event_choices":[{"damage_healed":0,"gold_gain":0,"player_choice":"Upgraded","damage_taken":0,"max_hp_gain":0,"max_hp_loss":0,"event_name":"Upgrade Shrine","floor":2,"gold_loss":0,"cards_upgraded":["Wild Strike"]},{"damage_healed":0,"gold_gain":275,"player_choice":"Desecrate","damage_taken":0,"max_hp_gain":0,"max_hp_loss":0,"event_name":"Golden Shrine","floor":10,"gold_loss":0,"cards_obtained":["Regret"]},{"damage_healed":0,"gold_gain":0,"player_choice":"Damaged","damage_taken":11,"max_hp_gain":0,"max_hp_loss":0,"event_name":"Wheel of Change","floor":22,"gold_loss":0}],"is_beta":false,"boss_relics":[{"not_picked":["Pandora\u0027s Box","Busted Crown"],"picked":"Astrolabe"}],"items_purged_floors":[5,20],"is_endless":false,"potions_floor_spawned":[1,4,12,16],"killed_by":"Gremlin Leader","ascension_level":20}}