{"host":"xobdcpbm4ckypiai","time":1611832823,"event":{"mods":["BaseMod","Energized Spire","FoggyMod","Minty Spire (QoL Compilation)","Permanent Neow","Relic Stats","Replay The Spire","Spicy Shops","StSLib","UnlockEverythingMod","¡¾ÒÅÎï¿¨ÅÆ¡¿REMEMod"],"gold_per_floor":[119,119,119,183,183,210,63,63,89,89,89,89,89,170,170,170,170],"floor_reached":16,"language":"ZHS","playtime":363,"items_purged":[],"score":92,"play_id":"30bcdd3b-76ae-43ec-9228-d2e9c3d4dadd","local_time":"20210128192023","is_ascension_mode":false,"campfire_choices":[{"data":"Self Repair","floor":8.0,"key":"SMITH"},{"floor":10.0,"key":"REST"},{"data":"Reinforced Body","floor":13,"key":"SMITH"},{"data":"Defend_B","floor":15,"key":"SMITH"}],"circlet_count":0,"master_deck":["Strike_B","Strike_B","Strike_B","Strike_B","Defend_B+1","Defend_B+1","Defend_B+1","Zap","Ragnarok+1","CurseOfTheBell","Self Repair+1","Reinforced Body+1"],"relics":["REME_ComplimentaryCards","Calling Bell","Juzu Bracelet","Ornamental Fan","WingedGreaves","REME_HourglassOfDeath","Incense Burner","Tiny Chest","Bronze Scales","Golden Idol","Question Card"],"acts_visited":["Exordium"],"potions_floor_usage":[],"damage_taken":[{"damage":0.0,"enemies":"Small Slimes","floor":1.0,"turns":3.0},{"damage":27.0,"enemies":"3 Sentries","floor":6.0,"turns":5.0},{"damage":38,"enemies":"Hexaghost","floor":16,"turns":8}],"seed_played":"6602938472785970592","potions_obtained":[{"floor":4.0,"key":"Flashbang"},{"floor":6.0,"key":"Dexterity Potion"}],"is_trial":false,"path_per_floor":["M","?","?","?","?","E","$","R","T","R","M","?","R","T","R","B"],"character_chosen":"DEFECT","items_purchased":["Tiny Chest"],"campfire_rested":1,"item_purchase_floors":[7],"current_hp_per_floor":[75,75,60,42,35,15,15,15,15,37,37,37,37,37,37,0,0],"gold":170,"neow_bonus":"BOSS_RELIC","is_daily":false,"chose_seed":false,"campfire_upgraded":3,"win_rate":0.0,"timestamp":1611832823,"path_taken":["M","?","?","?","?","E","$","R","T","R","?","?","R","?","R","BOSS"],"items_purchased_type":["Relic"],"build_version":"2020-12-22","purchased_purges":0,"victory":false,"max_hp_per_floor":[75,75,75,75,75,75,75,75,75,75,69,69,69,69,69,69,69],"relic_stats":{"counters":[3,16],"Ornamental Fan":[4],"Golden Idol":0,"Bronze Scales":[36],"Tiny Chest":0,"Juzu Bracelet":1,"Question Card":0,"obtain_stats":[{"Calling Bell":0,"REME_HourglassOfDeath":4,"Ornamental Fan":0,"Golden Idol":11,"Bronze Scales":9,"Tiny Chest":7,"WingedGreaves":0,"Juzu Bracelet":0,"Incense Burner":6,"Cracked Core":0,"Question Card":14,"REME_ComplimentaryCards":0},{"Calling Bell":0,"REME_HourglassOfDeath":1,"Ornamental Fan":0,"Golden Idol":2,"Bronze Scales":2,"Tiny Chest":2,"WingedGreaves":0,"Juzu Bracelet":0,"Incense Burner":2,"Cracked Core":0,"Question Card":2,"REME_ComplimentaryCards":0},{"Calling Bell":0,"REME_HourglassOfDeath":3,"Ornamental Fan":0,"Golden Idol":8,"Bronze Scales":8,"Tiny Chest":8,"WingedGreaves":0,"Juzu Bracelet":0,"Incense Burner":8,"Cracked Core":0,"Question Card":8,"REME_ComplimentaryCards":0}]},"card_choices":[{"not_picked":["Coolheaded","Barrage","Steam"],"picked":"SKIP","floor":1.0},{"not_picked":["FTL","Turbo"],"picked":"Self Repair","floor":4.0},{"not_picked":["Streamline","Coolheaded"],"picked":"Reinforced Body","floor":6.0}],"player_experience":75606,"relics_obtained":[{"floor":0.0,"key":"Juzu Bracelet"},{"floor":0.0,"key":"Ornamental Fan"},{"floor":0.0,"key":"WingedGreaves"},{"floor":4.0,"key":"REME_HourglassOfDeath"},{"floor":6.0,"key":"Incense Burner"},{"floor":9.0,"key":"Bronze Scales"},{"floor":14,"key":"Question Card"}],"event_choices":[{"damage_healed":0.0,"max_hp_gain":0.0,"max_hp_loss":0.0,"gold_gain":0.0,"event_name":"Upgrade Shrine","player_choice":"Upgraded","floor":2.0,"gold_loss":0.0,"damage_taken":0.0,"cards_upgraded":["Ragnarok"]},{"damage_healed":0.0,"max_hp_gain":0.0,"max_hp_loss":0.0,"gold_gain":0.0,"event_name":"Shining Light","player_choice":"Entered Light","floor":3.0,"gold_loss":0.0,"damage_taken":15.0,"cards_upgraded":["Defend_B","Defend_B"]},{"cards_removed":["Dualcast"],"damage_healed":0.0,"max_hp_gain":0.0,"max_hp_loss":0.0,"gold_gain":0.0,"event_name":"Golden Wing","player_choice":"Card Removal","floor":5.0,"gold_loss":0.0,"damage_taken":7.0},{"damage_healed":0,"gold_gain":0,"player_choice":"Lose Max HP","damage_taken":0,"relics_obtained":["Golden Idol"],"max_hp_gain":0,"max_hp_loss":6,"event_name":"Golden Idol","floor":11,"gold_loss":0}],"is_beta":false,"boss_relics":[],"items_purged_floors":[],"is_endless":false,"potions_floor_spawned":[6],"killed_by":"Hexaghost","ascension_level":0}}