{"host":"7j4buewktimyywfk","time":1611874496,"event":{"mods":["BaseMod","Colored Powertips","Minty Spire (QoL Compilation)"],"gold_per_floor":[109,129,147,23,40,40,56,91,91,91,120,146,146,221,221,321,321,332,332,351,365,11,11,21,54,104,116,128,128],"floor_reached":28,"language":"ENG","playtime":2050,"items_purged":["Strike_R","Strike_R"],"score":285,"play_id":"7de43c93-f1ed-4405-bddc-7b50247325be","local_time":"20210128175456","is_ascension_mode":true,"campfire_choices":[{"data":"Immolate","floor":6.0,"key":"SMITH"},{"data":"Metallicize","floor":10.0,"key":"SMITH"},{"floor":15.0,"key":"REST"},{"floor":23.0,"key":"REST"}],"circlet_count":0,"master_deck":["Strike_R","Strike_R","Strike_R","Defend_R","Defend_R","Defend_R","Defend_R","Bash","Immolate+1","Thunderclap","Metallicize+1","Uppercut","Shrug It Off","Reckless Charge","Clothesline","Disarm","Entrench+1","Bloodletting+1","Juggernaut","Fire Breathing","True Grit","Clash+1","Feed"],"relics":["Burning Blood","InkBottle","Bottled Flame","Odd Mushroom","Omamori","Velvet Choker","Kunai","Frozen Egg 2","Pantograph","MawBank","Nilry\u0027s Codex"],"acts_visited":["Exordium","TheCity"],"potions_floor_usage":[],"damage_taken":[{"damage":0.0,"enemies":"Small Slimes","floor":1.0,"turns":2.0},{"damage":0.0,"enemies":"2 Louse","floor":2.0,"turns":1.0},{"damage":7.0,"enemies":"Jaw Worm","floor":3.0,"turns":2.0},{"damage":2.0,"enemies":"3 Louse","floor":5.0,"turns":2.0},{"damage":4.0,"enemies":"Exordium Wildlife","floor":7.0,"turns":2.0},{"damage":14.0,"enemies":"3 Sentries","floor":8.0,"turns":6.0},{"damage":0.0,"enemies":"The Mushroom Lair","floor":11.0,"turns":1.0},{"damage":16.0,"enemies":"Gremlin Nob","floor":12.0,"turns":3.0},{"damage":55.0,"enemies":"Slime Boss","floor":16.0,"turns":13.0},{"damage":10.0,"enemies":"Shell Parasite","floor":18.0,"turns":5.0},{"damage":18.0,"enemies":"Spheric Guardian","floor":20.0,"turns":4.0},{"damage":33.0,"enemies":"Centurion and Healer","floor":21.0,"turns":6.0},{"damage":7.0,"enemies":"Snecko","floor":24.0,"turns":4.0},{"damage":42.0,"enemies":"Gremlin Leader","floor":25.0,"turns":6.0},{"damage":14,"enemies":"3 Cultists","floor":28,"turns":3}],"seed_played":"-2365548689991939446","potions_obtained":[{"floor":5.0,"key":"Explosive Potion"},{"floor":7.0,"key":"AttackPotion"},{"floor":11.0,"key":"SpeedPotion"},{"floor":12.0,"key":"Weak Potion"},{"floor":16.0,"key":"AttackPotion"},{"floor":18.0,"key":"SteroidPotion"},{"floor":24.0,"key":"DuplicationPotion"}],"is_trial":false,"path_per_floor":["M","M","M","$","M","R","M","E","T","R","?","E","?","?","R","B",null,"M","?","M","M","$","R","M","E","T","?","M"],"character_chosen":"IRONCLAD","items_purchased":["Shrug It Off","Frozen Egg 2"],"campfire_rested":2,"item_purchase_floors":[4,22],"current_hp_per_floor":[62,68,67,67,71,71,73,65,65,65,71,61,45,34,58,9,80,76,76,64,37,37,61,60,24,24,8,0,0],"gold":128,"neow_bonus":"THREE_RARE_CARDS","is_daily":false,"chose_seed":false,"campfire_upgraded":2,"win_rate":0.0,"timestamp":1611874496,"path_taken":["M","M","M","$","M","R","M","E","T","R","?","E","?","?","R","BOSS","M","?","M","M","$","R","M","E","T","?","?"],"items_purchased_type":["Card","Relic"],"build_version":"2020-12-22","purchased_purges":2,"victory":false,"max_hp_per_floor":[80,80,80,80,80,80,80,80,80,80,80,80,80,80,80,80,80,80,80,80,80,80,80,80,80,80,80,80,80],"card_choices":[{"not_picked":["Berserk","Double Tap"],"picked":"Immolate","floor":0.0},{"not_picked":["Anger","Sentinel"],"picked":"Thunderclap","floor":1.0},{"not_picked":["Sever Soul","Headbutt"],"picked":"Metallicize","floor":2.0},{"not_picked":["True Grit","Wild Strike"],"picked":"Uppercut","floor":3.0},{"not_picked":["Sword Boomerang","Wild Strike"],"picked":"Reckless Charge","floor":5.0},{"not_picked":["Heavy Blade","Pummel"],"picked":"Clothesline","floor":7.0},{"not_picked":["Bludgeon","Battle Trance"],"picked":"Disarm","floor":8.0},{"not_picked":["Iron Wave","Flex"],"picked":"Entrench","floor":11.0},{"not_picked":["Iron Wave","Carnage"],"picked":"Bloodletting","floor":12.0},{"not_picked":["Bludgeon","Exhume"],"picked":"Juggernaut","floor":16.0},{"not_picked":["Carnage","Headbutt"],"picked":"Fire Breathing","floor":18.0},{"not_picked":["Armaments","Twin Strike+1"],"picked":"True Grit","floor":20.0},{"not_picked":["Uppercut","Intimidate","Flex"],"picked":"SKIP","floor":21.0},{"not_picked":["Dark Embrace+1","Sever Soul"],"picked":"Clash+1","floor":24.0},{"not_picked":["Blood for Blood","Sword Boomerang"],"picked":"Feed","floor":25.0}],"player_experience":165969,"relics_obtained":[{"floor":8.0,"key":"InkBottle"},{"floor":9.0,"key":"Bottled Flame"},{"floor":11.0,"key":"Odd Mushroom"},{"floor":12.0,"key":"Omamori"},{"floor":25.0,"key":"Pantograph"},{"floor":26.0,"key":"MawBank"},{"floor":27.0,"key":"Nilry\u0027s Codex"}],"event_choices":[{"damage_healed":0.0,"max_hp_gain":0.0,"max_hp_loss":0.0,"gold_gain":0.0,"event_name":"Mushrooms","player_choice":"Fought Mushrooms","floor":11.0,"gold_loss":0.0,"damage_taken":0.0},{"damage_healed":0.0,"max_hp_gain":0.0,"max_hp_loss":0.0,"gold_gain":0.0,"event_name":"Shining Light","player_choice":"Entered Light","floor":13.0,"gold_loss":0.0,"damage_taken":16.0,"cards_upgraded":["Bloodletting","Entrench"]},{"damage_healed":0.0,"max_hp_gain":0.0,"max_hp_loss":0.0,"gold_gain":75.0,"event_name":"World of Goop","player_choice":"Gather Gold","floor":14.0,"gold_loss":0.0,"damage_taken":11.0},{"damage_healed":0.0,"max_hp_gain":0.0,"max_hp_loss":0.0,"gold_gain":0.0,"event_name":"Addict","player_choice":"Stole Relic","floor":19.0,"gold_loss":0.0,"damage_taken":0.0,"relics_obtained":["Kunai"],"cards_obtained":["Shame"]},{"damage_healed":0.0,"max_hp_gain":0.0,"max_hp_loss":0.0,"gold_gain":0.0,"event_name":"Cursed Tome","player_choice":"Obtained Book","floor":27.0,"gold_loss":0.0,"damage_taken":16.0}],"is_beta":false,"boss_relics":[{"not_picked":["Astrolabe","Pandora\u0027s Box"],"picked":"Velvet Choker"}],"items_purged_floors":[4,22],"is_endless":false,"potions_floor_spawned":[5,7,11,12,16,18,24],"killed_by":"3 Cultists","ascension_level":3}}