{"host":"ow66nzv2xecjoor3","time":1611818968,"event":{"mods":["BaseMod","Bestiary","Block Reminder","Colored Powertips","Curses Come First","Highlight Path","Keyboard Shortcuts","Minty Spire (QoL Compilation)","Permanent Neow","Relic Stats","StSLib","UnlockEverythingMod"],"gold_per_floor":[113,132,151,166,178,205,205,237,237,265,283,300,300,316,316,390,390,406,421,436,351,370,402,402,361,361,411,425,425,72,99,99,172,172,191,209,228,280,280,315,334,346,346,346,12,39,59,22,22,22,22,22,22,22,55,55],"floor_reached":57,"language":"ENG","playtime":3087,"items_purged":["Strike_G"],"score":3181,"play_id":"c6a96faa-5bbb-4d05-a628-5a28a03281bb","local_time":"20210128012928","is_ascension_mode":true,"campfire_choices":[{"data":"Neutralize","floor":7,"key":"SMITH"},{"data":"After Image","floor":13,"key":"SMITH"},{"data":"Blade Dance","floor":15,"key":"SMITH"},{"data":"Tools of the Trade","floor":24,"key":"SMITH"},{"floor":32,"key":"RECALL"},{"data":"After Image","floor":44,"key":"SMITH"},{"floor":49,"key":"REST"},{"data":"Envenom","floor":53,"key":"SMITH"}],"circlet_count":0,"master_deck":["AscendersBane","Survivor+1","Neutralize+1","Blade Dance+1","Blade Dance+1","Endless Agony","Finisher","PiercingWail+1","After Image+1","After Image+1","Crippling Poison+1","Night Terror+1","Terror+1","Bullet Time+1","Escape Plan+1","Cloak And Dagger+1","Escape Plan+1","Predator","Tools of the Trade+1","Setup+1","Blade Dance+1","Malaise+1","Burst+1","Phantasmal Killer+1","Grand Finale","Envenom+1","Calculated Gamble+1","Outmaneuver+1","Blade Dance+1","Acrobatics+1","Blade Dance+1","Infinite Blades+1","PiercingWail+1","Accuracy+1","Reflex+1","Prepared+1","Blade Dance+1","Backflip+1","Cloak And Dagger+1","Prepared+1","Tactician+1","Venomology+1"],"relics":["WristBlade","Toxic Egg 2","War Paint","HornCleat","Boot","Astrolabe","Bird Faced Urn","Question Card","Sundial","Shuriken","CaptainsWheel","Pandora\u0027s Box","Tough Bandages","Darkstone Periapt","Ninja Scroll","Bag of Marbles","Orrery","TungstenRod","Lizard Tail"],"acts_visited":["Exordium","TheCity","TheBeyond","TheEnding"],"potions_floor_usage":[5,10,23,28,50,56],"damage_taken":[{"damage":6,"enemies":"Cultist","floor":1,"turns":5},{"damage":0,"enemies":"Jaw Worm","floor":2,"turns":3},{"damage":0,"enemies":"2 Louse","floor":3,"turns":2},{"damage":9,"enemies":"Red Slaver","floor":4,"turns":2},{"damage":0,"enemies":"Exordium Wildlife","floor":5,"turns":3},{"damage":9,"enemies":"Lagavulin","floor":6,"turns":5},{"damage":6,"enemies":"Gremlin Nob","floor":8,"turns":3},{"damage":0,"enemies":"3 Sentries","floor":10,"turns":4},{"damage":0,"enemies":"3 Louse","floor":11,"turns":3},{"damage":7,"enemies":"Exordium Thugs","floor":12,"turns":3},{"damage":0,"enemies":"Red Slaver","floor":14,"turns":1},{"damage":0,"enemies":"Hexaghost","floor":16,"turns":7},{"damage":0,"enemies":"Chosen","floor":18,"turns":3},{"damage":0,"enemies":"Spheric Guardian","floor":19,"turns":4},{"damage":9,"enemies":"Centurion and Healer","floor":20,"turns":4},{"damage":0,"enemies":"Snecko","floor":22,"turns":2},{"damage":0,"enemies":"Gremlin Leader","floor":23,"turns":4},{"damage":1,"enemies":"Snake Plant","floor":28,"turns":4},{"damage":22,"enemies":"Slavers","floor":31,"turns":4},{"damage":0,"enemies":"Champ","floor":33,"turns":7},{"damage":2,"enemies":"3 Shapes","floor":35,"turns":9},{"damage":0,"enemies":"3 Darklings","floor":36,"turns":5},{"damage":8,"enemies":"Writhing Mass","floor":37,"turns":5},{"damage":5,"enemies":"2 Orb Walkers","floor":38,"turns":4},{"damage":0,"enemies":"Reptomancer","floor":40,"turns":4},{"damage":0,"enemies":"Maw","floor":41,"turns":5},{"damage":40,"enemies":"Jaw Worm Horde","floor":42,"turns":5},{"damage":0,"enemies":"Giant Head","floor":46,"turns":3},{"damage":6,"enemies":"Writhing Mass","floor":47,"turns":4},{"damage":25,"enemies":"Time Eater","floor":50,"turns":10},{"damage":11,"enemies":"Donu and Deca","floor":51,"turns":7},{"damage":29,"enemies":"Shield and Spear","floor":55,"turns":5},{"damage":44,"enemies":"The Heart","floor":56,"turns":7}],"seed_played":"2826251825064581802","potions_obtained":[{"floor":2,"key":"DuplicationPotion"},{"floor":4,"key":"Block Potion"},{"floor":12,"key":"Fire Potion"},{"floor":14,"key":"SmokeBomb"},{"floor":16,"key":"LiquidMemories"},{"floor":20,"key":"PowerPotion"},{"floor":23,"key":"Block Potion"},{"floor":31,"key":"LiquidBronze"},{"floor":47,"key":"PowerPotion"}],"is_trial":false,"path_per_floor":["M","M","M","M","M","E","R","E","T","E","M","M","R","M","R","B",null,"M","M","M","?","M","E","R","$","T","?","M","T","$","E","R","B",null,"M","M","M","?","?","E","M","M","T","R","$","E","M","$","R","B","B",null,"R","$","E","B",null],"character_chosen":"THE_SILENT","items_purchased":["Setup+1","Shuriken","Bag of Marbles","Orrery","Tactician+1"],"campfire_rested":1,"item_purchase_floors":[25,30,45,45,48],"current_hp_per_floor":[53,53,53,44,44,35,35,29,29,29,29,22,22,22,22,22,55,55,55,46,46,48,52,52,52,52,52,57,57,57,41,41,47,61,66,66,58,61,61,66,66,34,34,34,34,40,42,42,61,47,48,62,62,62,41,11],"gold":55,"neow_bonus":"BOSS_RELIC","is_daily":false,"chose_seed":false,"campfire_upgraded":6,"win_rate":0.0,"timestamp":1611818968,"path_taken":["M","M","M","?","M","E","R","E","T","E","M","M","R","?","R","BOSS","M","M","M","?","M","E","R","$","T","?","?","?","$","E","R","BOSS","M","M","M","?","?","E","M","M","T","R","$","E","?","$","R","BOSS","BOSS","R","$","E","BOSS"],"items_purchased_type":["Card","Relic","Relic","Relic","Card"],"build_version":"2020-12-22","purchased_purges":1,"victory":true,"max_hp_per_floor":[66,66,66,66,66,66,66,66,66,66,66,66,66,66,66,66,66,66,66,66,66,66,66,66,66,66,66,66,66,66,66,66,66,66,66,66,66,66,66,66,66,66,66,66,66,66,66,66,66,66,66,66,66,66,66,66],"relic_stats":{"Darkstone Periapt":0,"counters":[33,146],"Astrolabe":["Terror","Bullet Time","Escape Plan"],"War Paint":["Blade Dance","Survivor"],"Boot":[45],"Question Card":18,"Tough Bandages":[225],"Lizard Tail":0,"Sundial":[2],"Shuriken":[79],"Bird Faced Urn":[111],"Pandora\u0027s Box":["Phantasmal Killer","Grand Finale","Poisoned Stab","Envenom","Calculated Gamble","Outmaneuver"],"obtain_stats":[{"Darkstone Periapt":40,"Astrolabe":17,"War Paint":8,"Boot":10,"Question Card":23,"CaptainsWheel":31,"Tough Bandages":38,"Lizard Tail":55,"HornCleat":9,"WristBlade":0,"Sundial":29,"Shuriken":30,"Ninja Scroll":43,"Bird Faced Urn":21,"Orrery":45,"Pandora\u0027s Box":34,"Bag of Marbles":45,"Toxic Egg 2":6,"TungstenRod":46,"Ring of the Snake":0},{"Darkstone Periapt":25,"Astrolabe":12,"War Paint":7,"Boot":8,"Question Card":17,"CaptainsWheel":19,"Tough Bandages":24,"Lizard Tail":32,"HornCleat":7,"WristBlade":0,"Sundial":18,"Shuriken":18,"Ninja Scroll":27,"Bird Faced Urn":15,"Orrery":27,"Pandora\u0027s Box":20,"Bag of Marbles":27,"Toxic Egg 2":6,"TungstenRod":28,"Ring of the Snake":0},{"Darkstone Periapt":100,"Astrolabe":41,"War Paint":23,"Boot":27,"Question Card":58,"CaptainsWheel":66,"Tough Bandages":96,"Lizard Tail":139,"HornCleat":23,"WristBlade":0,"Sundial":62,"Shuriken":62,"Ninja Scroll":110,"Bird Faced Urn":52,"Orrery":110,"Pandora\u0027s Box":73,"Bag of Marbles":110,"Toxic Egg 2":20,"TungstenRod":113,"Ring of the Snake":0}],"TungstenRod":21},"card_choices":[{"not_picked":["Sucker Punch","Quick Slash"],"picked":"Blade Dance","floor":1},{"not_picked":["Flying Knee","Outmaneuver"],"picked":"Blade Dance","floor":2},{"not_picked":["Dagger Throw","Flechettes"],"picked":"Endless Agony","floor":3},{"not_picked":["Quick Slash","Tactician","Outmaneuver"],"picked":"SKIP","floor":4},{"not_picked":["Concentrate","Tactician"],"picked":"Finisher","floor":5},{"not_picked":["Dagger Spray","Prepared+1"],"picked":"PiercingWail+1","floor":6},{"not_picked":["Die Die Die","Tools of the Trade"],"picked":"After Image","floor":8},{"not_picked":["Outmaneuver+1","Backflip+1"],"picked":"After Image","floor":10},{"not_picked":["Endless Agony","Bane"],"picked":"Crippling Poison+1","floor":11},{"not_picked":["Dodge and Roll+1","Outmaneuver+1","Sucker Punch"],"picked":"SKIP","floor":12},{"not_picked":["Dagger Spray","Flechettes","Bane"],"picked":"SKIP","floor":14},{"not_picked":["Venomology+1","Unload"],"picked":"Night Terror+1","floor":16},{"not_picked":["Deflect+1","Dagger Throw+1"],"picked":"Cloak And Dagger+1","floor":18},{"not_picked":["Backflip+1","Acrobatics+1"],"picked":"Escape Plan+1","floor":19},{"not_picked":["Flying Knee","Sucker Punch"],"picked":"Predator","floor":20},{"not_picked":["Backstab","Dagger Throw","Dash"],"picked":"SKIP","floor":22},{"not_picked":["Dash","Skewer"],"picked":"Tools of the Trade","floor":23},{"not_picked":["Leg Sweep+1","Dodge and Roll+1","Bane"],"picked":"Blade Dance+1","floor":28},{"not_picked":["Flying Knee","Bane","Noxious Fumes"],"picked":"Malaise+1","floor":31},{"not_picked":["Envenom","Storm of Steel+1","A Thousand Cuts"],"picked":"Burst+1","floor":33},{"not_picked":["Choke+1","Quick Slash+1","Distraction+1"],"picked":"Blade Dance+1","floor":35},{"not_picked":["Dodge and Roll+1","Outmaneuver+1","Flying Knee"],"picked":"Acrobatics+1","floor":36},{"not_picked":["Noxious Fumes","Dagger Spray","Catalyst+1"],"picked":"Blade Dance+1","floor":37},{"not_picked":["Dagger Throw","Footwork","Backstab"],"picked":"Infinite Blades+1","floor":38},{"not_picked":["Dagger Throw","Dodge and Roll+1","Slice"],"picked":"PiercingWail+1","floor":40},{"not_picked":["Bullet Time+1","Skewer+1","Slice+1"],"picked":"Accuracy+1","floor":41},{"not_picked":["Dagger Spray","Terror+1","Outmaneuver+1"],"picked":"Reflex+1","floor":42},{"not_picked":["Dagger Throw","PiercingWail+1","Underhanded Strike"],"picked":"Prepared+1","floor":45},{"not_picked":["Bane","Cloak And Dagger+1","Tactician+1"],"picked":"Blade Dance+1","floor":45},{"not_picked":["Underhanded Strike","Catalyst+1","Cloak And Dagger+1"],"picked":"Backflip+1","floor":45},{"not_picked":["Sucker Punch","Infinite Blades+1","Backflip+1"],"picked":"Cloak And Dagger+1","floor":46},{"not_picked":["Flying Knee","Dagger Spray","Acrobatics+1"],"picked":"Prepared+1","floor":47},{"not_picked":["Tactician+1","Backflip+1","Cloak And Dagger+1"],"picked":"Venomology+1","floor":55}],"player_experience":2751845,"relics_obtained":[{"floor":6,"key":"Toxic Egg 2"},{"floor":8,"key":"War Paint"},{"floor":9,"key":"HornCleat"},{"floor":10,"key":"Boot"},{"floor":23,"key":"Question Card"},{"floor":29,"key":"Sundial"},{"floor":31,"key":"CaptainsWheel"},{"floor":38,"key":"Tough Bandages"},{"floor":40,"key":"Darkstone Periapt"},{"floor":43,"key":"Ninja Scroll"},{"floor":46,"key":"TungstenRod"},{"floor":55,"key":"Lizard Tail"}],"event_choices":[{"damage_healed":0,"gold_gain":0,"player_choice":"Obtained Relic","damage_taken":0,"relics_obtained":["Bird Faced Urn"],"max_hp_gain":0,"max_hp_loss":0,"event_name":"Addict","floor":21,"gold_loss":85},{"damage_healed":0,"gold_gain":50,"player_choice":"Pray","damage_taken":0,"max_hp_gain":0,"max_hp_loss":0,"event_name":"Golden Shrine","floor":27,"gold_loss":0},{"damage_healed":0,"gold_gain":0,"player_choice":"Fight","damage_taken":0,"max_hp_gain":0,"max_hp_loss":0,"event_name":"Mysterious Sphere","floor":38,"gold_loss":0},{"cards_removed":["Poisoned Stab"],"damage_healed":0,"gold_gain":0,"player_choice":"Purged","damage_taken":0,"max_hp_gain":0,"max_hp_loss":0,"event_name":"Purifier","floor":39,"gold_loss":0}],"is_beta":false,"boss_relics":[{"not_picked":["Snecko Eye","Runic Pyramid"],"picked":"Astrolabe"},{"not_picked":["Busted Crown","SacredBark"],"picked":"Pandora\u0027s Box"}],"items_purged_floors":[30],"is_endless":false,"potions_floor_spawned":[2,4,12,14,16,20,23,31,37,38,47],"ascension_level":20}}