{"host":"7kgj47jdxgufb548","time":1611829119,"event":{"mods":["Act Like it!","BaseMod","CapriCore","Gensokyo","Minty Spire (QoL Compilation)","Remilia¡]Á¢¦Ì²ú?¡^","StSLib","The Immortal","Yakumo Yukari mod","Youmu¡]»î¾z§¯?¡^"],"gold_per_floor":[115,9,25,125,125,456,456,482,553,553,553,566,566,582,582,680,680,694,66,79,6,6,6,39,39,92,118,144,156,467,501,501,598,598,618,1129,1142,1142,1142,1177,1177,1196,1196,1196,1227,1241,1241,319,319,319],"floor_reached":51,"language":"ZHS","playtime":2753,"items_purged":["Strike_YM"],"score":1313,"play_id":"deb028aa-4276-4446-898b-883a1ac7f0c0","local_time":"20210128181839","is_ascension_mode":true,"campfire_choices":[{"floor":11.0,"key":"REST"},{"floor":13.0,"key":"REST"},{"data":"SwordExtraction","floor":15.0,"key":"SMITH"},{"data":"CelestialStarSword","floor":23.0,"key":"SMITH"},{"data":"SuddenDivineSeveringOfKarmicWind","floor":25.0,"key":"SMITH"},{"data":"Gensokyo:RedCapeBlueCape","floor":32.0,"key":"SMITH"},{"data":"StrangeHalfBody","floor":44,"key":"SMITH"},{"data":"ObsessionWithThePresentWorld","floor":49,"key":"SMITH"}],"circlet_count":0,"master_deck":["Strike_YM+1","Strike_YM","Strike_YM","Defend_YM","Defend_YM+1","Defend_YM","Defend_YM","SlashOfPresentWorld","WheelOfPainOfLivingAndDead","DispleasureOfTheSevenHakus","HellFireSword+1","CelestialStarSword+1","ConstancyOfTheConventionalTruth+1","HellRealmSword","Gensokyo:CrescentMoonSlash+1","SwordExtraction+1","SpiritCuttingSword","SuddenDivineSeveringOfKarmicWind+1","EchoesOfTheInclemencyOfAllBeings","SlashOfMeditation+1","TwoHundredYojanaInOneSlash+1","CherryBlossomFlashing","FourBirthsSword+1","ThoughtCuttingSword","MatsuyoiReflectingSatelliteSlash","SuddenPhantomFormationSlashOfKarmicWind","Gensokyo:RedCapeBlueCape+1","CelestialStarSword+1","TransmigrationSlash","TransmigrationSlash","HeavenlyHaloSlash+1","FlashingScatteredFlowers+1","ThreeKonsSevenHakus+1","ObsessionSword+1","Gensokyo:RainbowDanmaku+1","HumanRealmSword+1","SlashOfDelusionalInnerEye","TwoHundredYojanaInOneSlash+1","SuddenPhantomFormationSlashOfKarmicWind","ObsessionWithThePresentWorld+1","Trip"],"relics":["HalfPhantom","Calipers","Gensokyo:LunaticRedEyes","MealTicket","AntiCross","Potion Belt","Question Card","Black Star","Strange Spoon","ClockworkSouvenir","Orrery","Pen Nib","Whetstone","Ice Cream","Boot","Omamori","Roukanken","Bag of Marbles","Mummified Hand","War Paint","Busted Crown","Old Coin","Torii","Regal Pillow","Nunchaku","Meat on the Bone","Orichalcum","Dream Catcher","Vajra","Mango"],"acts_visited":["Gensokyo:Gensokyo","Gensokyo:Gensokyoer","Gensokyo:Gensokyoest"],"potions_floor_usage":[40,41,46,50,50,50,50],"damage_taken":[{"damage":2.0,"enemies":"Gensokyo:Python","floor":1.0,"turns":3.0},{"damage":7.0,"enemies":"Gensokyo:3_Fairies","floor":3.0,"turns":8.0},{"damage":39.0,"enemies":"Gensokyo:Cirno","floor":6.0,"turns":8.0},{"damage":0.0,"enemies":"Gensokyo:Mamizou","floor":8.0,"turns":6.0},{"damage":2.0,"enemies":"Gensokyo:Gryphon","floor":12.0,"turns":3.0},{"damage":0.0,"enemies":"Gensokyo:Kitsune","floor":14.0,"turns":3.0},{"damage":12.0,"enemies":"Gensokyo:Kokoro","floor":16.0,"turns":7.0},{"damage":20.0,"enemies":"Gensokyo:AngelMirror","floor":18.0,"turns":3.0},{"damage":0.0,"enemies":"Gensokyo:2_Gloops","floor":20.0,"turns":5.0},{"damage":0.0,"enemies":"Gensokyo:Tenshi","floor":24.0,"turns":2.0},{"damage":25.0,"enemies":"Gensokyo:Koishi","floor":27.0,"turns":4.0},{"damage":12.0,"enemies":"Gensokyo:Mirror_and_Dog","floor":29.0,"turns":3.0},{"damage":5.0,"enemies":"Gensokyo:Monolith_and_Dog","floor":30.0,"turns":3.0},{"damage":14.0,"enemies":"Gensokyo:Reisen","floor":31.0,"turns":4.0},{"damage":0.0,"enemies":"Gensokyo:Eternal_Rivals","floor":33.0,"turns":6.0},{"damage":0.0,"enemies":"Gensokyo:3_Bats","floor":35.0,"turns":2.0},{"damage":21.0,"enemies":"Gensokyo:AncientGuardian","floor":36.0,"turns":3.0},{"damage":0.0,"enemies":"Gensokyo:SeedOfUnknown","floor":37.0,"turns":3.0},{"damage":0,"enemies":"Gensokyo:Marisa","floor":40,"turns":4},{"damage":0,"enemies":"Gensokyo:Marisa","floor":41,"turns":4},{"damage":0,"enemies":"Gensokyo:Dusk_and_Dawn","floor":42,"turns":3},{"damage":1,"enemies":"Gensokyo:Doremy","floor":45,"turns":2},{"damage":0,"enemies":"Gensokyo:AtlasGolem","floor":46,"turns":3},{"damage":3,"enemies":"Gensokyo:Shinki","floor":50,"turns":6}],"seed_played":"-2874318019582606342","potions_obtained":[{"floor":3.0,"key":"FearPotion"},{"floor":8.0,"key":"CausticAgent"},{"floor":14.0,"key":"FearPotion"},{"floor":16.0,"key":"Strength Potion"},{"floor":18.0,"key":"PowerPotion"},{"floor":20.0,"key":"AttackPotion"},{"floor":27.0,"key":"Explosive Potion"},{"floor":29.0,"key":"Energy Potion"},{"floor":37.0,"key":"BlessingOfTheForge"},{"floor":40,"key":"SneckoOil"},{"floor":42,"key":"FearPotion"},{"floor":45,"key":"Strength Potion"}],"is_trial":false,"path_per_floor":["M","COS","M","?","?","E","?","E","T","?","R","M","R","M","R","B",null,"M","COS","M","$","?","R","E","R","T","E","T","M","M","E","R","B",null,"M","M","M","?","?","E","?","M","T","R","E","M","?","$","R","B",null],"character_chosen":"YOUMU","items_purchased":["SuddenPhantomFormationSlashOfKarmicWind","Vajra","Mango","Strength Potion","SteroidPotion","Weak Potion","SuddenPhantomFormationSlashOfKarmicWind","ObsessionWithThePresentWorld","Trip"],"campfire_rested":2,"item_purchase_floors":[21,48,48,48,48,48,48,48,48],"current_hp_per_floor":[66,66,59,59,59,20,20,20,20,10,30,28,48,48,48,36,60,40,40,40,55,55,55,55,55,55,38,38,26,21,48,48,62,62,62,42,55,55,31,31,31,47,47,47,46,62,62,76,76,76],"gold":319,"neow_bonus":"ONE_RARE_RELIC","is_daily":false,"chose_seed":false,"campfire_upgraded":6,"win_rate":0.0,"timestamp":1611829119,"path_taken":["M","COS","M","?","?","E","?","E","T","?","R","M","R","M","R","BOSS","M","COS","M","$","?","R","E","R","T","E","?","M","?","E","R","BOSS","M","M","M","?","?","E","?","?","T","R","E","M","?","?","R","BOSS"],"items_purchased_type":["Card","Relic","Relic","Potion","Potion","Potion","Card","Card","Card"],"build_version":"2020-12-22","purchased_purges":1,"victory":true,"max_hp_per_floor":[68,68,68,68,68,68,68,68,68,68,68,68,68,68,68,68,68,68,68,68,68,62,62,62,62,62,62,62,62,62,62,62,62,62,62,62,62,62,62,62,62,62,62,62,62,62,62,76,76,76],"card_choices":[{"not_picked":["LifeCuttingSword","LowerRealmReflectionSlash"],"picked":"DispleasureOfTheSevenHakus","floor":1.0},{"not_picked":["SlashOfMeditation+1","FiveSignsOfTheDyingDeva+1"],"picked":"HellFireSword+1","floor":3.0},{"not_picked":["ObsessionSword","PretaSword"],"picked":"CelestialStarSword","floor":3.0},{"not_picked":["SwordOfBindingDesires","ThreeKonsSevenHakus"],"picked":"ConstancyOfTheConventionalTruth","floor":6.0},{"not_picked":["HeavenlyHaloSlash","PhosphoricSlash"],"picked":"HellRealmSword","floor":8.0},{"not_picked":["FantasyOfEnteringEnlightenment","SuddenPhantomFormationSlashOfKarmicWind","ThreeKonsSevenHakus"],"picked":"SwordExtraction","floor":12.0},{"not_picked":["PretaSword","SlashOfMeditation","TenKingsRetributionOnThePreta"],"picked":"SpiritCuttingSword","floor":14.0},{"not_picked":["DeadlyForm","SlashOfSaigyouSpringWind","IrresoluteSoul"],"picked":"SuddenDivineSeveringOfKarmicWind","floor":16.0},{"not_picked":["HeartExcerptSlash","LifeCuttingSword","HellGodSword"],"picked":"EchoesOfTheInclemencyOfAllBeings","floor":18.0},{"not_picked":["PhosphoricSlash","LightFlashOfTheNetherworld","HumanKnowledgeSword"],"picked":"SlashOfMeditation+1","floor":19.0},{"not_picked":["EchoesOfTheInclemencyOfAllBeings","FlashingScatteredFlowers","CrescentMoonSlash+1"],"picked":"TwoHundredYojanaInOneSlash+1","floor":19.0},{"not_picked":["SanzenSekai+1","SwordExtraction","HumanKnowledgeSword"],"picked":"CherryBlossomFlashing","floor":19.0},{"not_picked":["SanzenSekai+1","ConstancyOfTheConventionalTruth+1","SlashOfMeditation"],"picked":"FourBirthsSword+1","floor":19.0},{"not_picked":["FlashingScatteredFlowers","DispleasureOfTheSevenHakus+1","TenKingsRetributionOnThePreta+1"],"picked":"ThoughtCuttingSword","floor":19.0},{"not_picked":["LifeCuttingSword","SlashOfDelusionalInnerEye","HellGodSword"],"picked":"MatsuyoiReflectingSatelliteSlash","floor":20.0},{"not_picked":["Gensokyo:Apocalypse","Gensokyo:MissMary","Gensokyo:TekeTeke"],"picked":"Gensokyo:RedCapeBlueCape","floor":22.0},{"not_picked":["SanzenSekai","LightFlashOfTheNetherworld","DispleasureOfTheSevenHakus","FourBirthsSword"],"picked":"SKIP","floor":24.0},{"not_picked":["CherryBlossomFlashing+1","HesitationCuttingSword+1","ThreeKonsSevenHakus+1"],"picked":"CelestialStarSword+1","floor":27.0},{"not_picked":["RapidSlash","VoidnessSword","TurningAngelCut"],"picked":"TransmigrationSlash","floor":27.0},{"not_picked":["BloodOfAsura","EchoesOfTheInclemencyOfAllBeings","SwordExtraction+1"],"picked":"TransmigrationSlash","floor":29.0},{"not_picked":["LowerRealmReflectionSlash","CrescentMoonSlash","HiganSword"],"picked":"HeavenlyHaloSlash+1","floor":30.0},{"not_picked":["SwordExtraction","HellRealmSword","HeartExcerptSlash+1"],"picked":"FlashingScatteredFlowers+1","floor":31.0},{"not_picked":["CherryBlossomSword","GreatEnlightenmentAppearingAndDisappearing","SuddenDivineSeveringOfKarmicWind"],"picked":"StrangeHalfBody","floor":33.0},{"not_picked":["DispleasureOfTheSevenHakus+1","ConstancyOfTheConventionalTruth+1"],"picked":"SKIP","floor":35.0},{"not_picked":["TwoHundredYojanaInOneSlash+1"],"picked":"ThreeKonsSevenHakus+1","floor":36.0},{"not_picked":["SpiritCuttingSword+1","SanzenSekai+1"],"picked":"SKIP","floor":37.0},{"not_picked":["ConstancyOfTheConventionalTruth"],"picked":"ObsessionSword+1","floor":40},{"not_picked":["Gensokyo:DreamlikeParadise+1","Gensokyo:UnlikelyAid+1"],"picked":"Gensokyo:RainbowDanmaku+1","floor":41},{"not_picked":["HeavenlyHaloSlash+1"],"picked":"HumanRealmSword+1","floor":42},{"not_picked":["FastingOfTheYoungPreta"],"picked":"SlashOfDelusionalInnerEye","floor":45},{"not_picked":["BloodOfAsura"],"picked":"TwoHundredYojanaInOneSlash+1","floor":46}],"player_experience":201728,"relics_obtained":[{"floor":6.0,"key":"MealTicket"},{"floor":8.0,"key":"Potion Belt"},{"floor":9.0,"key":"Question Card"},{"floor":24.0,"key":"Whetstone"},{"floor":24.0,"key":"Ice Cream"},{"floor":26.0,"key":"Boot"},{"floor":27.0,"key":"Omamori"},{"floor":27.0,"key":"Roukanken"},{"floor":28.0,"key":"Bag of Marbles"},{"floor":31.0,"key":"Mummified Hand"},{"floor":31.0,"key":"War Paint"},{"floor":40,"key":"Regal Pillow"},{"floor":40,"key":"Nunchaku"},{"floor":43,"key":"Meat on the Bone"},{"floor":45,"key":"Orichalcum"},{"floor":45,"key":"Dream Catcher"}],"event_choices":[],"is_beta":false,"boss_relics":[{"not_picked":["Cursed Key","Philosopher\u0027s Stone"],"picked":"Black Star"},{"not_picked":["Tiny House","Runic Dome"],"picked":"Busted Crown"}],"items_purged_floors":[48],"is_endless":false,"potions_floor_spawned":[3,8,14,16,18,20,27,29,37,40,42,45],"ascension_level":6}}