{"host":"takgv9cv6xf64vhq","time":1611815951,"event":{"mods":["BaseMod","Colored Powertips","Downfall","Hubris","LagranYue(拉格朗・月)","Marisa（F雨　魔理沙）","Minty Spire (QoL Compilation)","Replay The Spire","StSLib","The Animator","The Cursed","The Jungle","TheHeartMod"],"gold_per_floor":[113,73,92,107,124,124,124,174,200,275,17,17,41,12,12,119,119,146,146,146,176,56,102,235,280,280,280,78,78,135,157,157,278,278,306,365,387,287,8,58,100,150,175,33,33,64,104,161,161,165,165,165,4,42,48],"floor_reached":56,"language":"ZHS","playtime":3753,"items_purged":["Regret","Pain","Writhe"],"score":1474,"play_id":"c4d203c6-7f09-4bc5-b704-45a837e1b66b","local_time":"20210128143911","is_ascension_mode":true,"campfire_choices":[{"data":"Setup","floor":6.0,"key":"SMITH"},{"data":"Dodge and Roll","floor":12.0,"key":"SMITH"},{"data":"Burst","floor":15.0,"key":"SMITH"},{"data":"Backflip","floor":27.0,"key":"SMITH"},{"data":"A Thousand Cuts","floor":29.0,"key":"SMITH"},{"floor":49,"key":"RECALL"},{"data":"After Image","floor":52,"key":"SMITH"}],"circlet_count":0,"master_deck":["Strike_G","Strike_G","Strike_G","Strike_G+1","Strike_G","Defend_G+1","Defend_G","Defend_G","Defend_G","Defend_G","Survivor","Neutralize","Hidden Blade","Dodge and Roll+1","Caltrops","Parasite","Burst+1","Prepared+1","Night Terror","CurseOfTheBell","hubris:Wrath","Shame","downfall:Malfunctioning","Cloak And Dagger","Backflip+1","ReplayTheSpireMod:Doomed","Backflip","Amnesia","ReplayTheSpireMod:Tripwire","A Thousand Cuts+1","Riddle With Holes","Hidden Blade","Deflect","Dagger Throw","Poisoned Stab","Replay:Poison Smokescreen","downfall:Malfunctioning","After Image+1","Deadly Poison","Amnesia","Prepared+1","Calculated Gamble+1","Footwork+1","Bane","downfall:Icky","ReplayUltimateDefense","Madness","Madness","After Image","Terror+1","hubris:Disease","Blade Dance+1","Catalyst","Expertise"],"relics":["Ring of the Snake","NeowsBlessing","hubris:TenFootPole","Ring of Greed","Ring of Panic","The Courier","Replay:Bandana","MealTicket","Replay:WaspNest","Replay:Grab Bag","LagranYue:ContractPerformanceRelic","ChewingGum","Calling Bell","Iron Hammer","hubris:OldNail","Pondfish Scales","hubris:Icosahedron","ReplayFunnel","ClockworkSouvenir","Replay:Rubber Ducky","Bronze Scales","hubris:Metronome","BargainBundle","Snake Skull","hubris:HollowSoul","ReplayTheSpireMod:Lightbulb","TwistedFunnel","hubris:Potato","Simple Rune","CatCart","hubris:SphereOfDissonance"],"acts_visited":["Exordium","TheCity","TheBeyond","TheEnding"],"potions_floor_usage":[50,55,55,55,55,55,55],"damage_taken":[{"damage":0.0,"enemies":"Small Slimes","floor":1.0,"turns":1.0},{"damage":0.0,"enemies":"Cultist","floor":3.0,"turns":1.0},{"damage":0.0,"enemies":"2 Louse","floor":4.0,"turns":1.0},{"damage":1.0,"enemies":"2 Fungi Beasts","floor":5.0,"turns":6.0},{"damage":3.0,"enemies":"Large Slime","floor":13.0,"turns":9.0},{"damage":63.0,"enemies":"Fading Forest","floor":16.0,"turns":11.0},{"damage":8.0,"enemies":"3 Byrds","floor":18.0,"turns":2.0},{"damage":7.0,"enemies":"Spheric Guardian","floor":21.0,"turns":7.0},{"damage":24.0,"enemies":"Gremlin Leader","floor":23.0,"turns":6.0},{"damage":19.0,"enemies":"Snake Plant","floor":24.0,"turns":4.0},{"damage":9.0,"enemies":"Book of Stabbing","floor":25.0,"turns":4.0},{"damage":5.0,"enemies":"Gremlin Leader","floor":30.0,"turns":4.0},{"damage":3.0,"enemies":"Snecko","floor":31.0,"turns":5.0},{"damage":14.0,"enemies":"Pondfish","floor":33.0,"turns":9.0},{"damage":2.0,"enemies":"Orb Walker","floor":35.0,"turns":3.0},{"damage":4.0,"enemies":"3 Shapes","floor":37.0,"turns":4.0},{"damage":7.0,"enemies":"Nemesis","floor":40.0,"turns":4.0},{"damage":3.0,"enemies":"3 Darklings","floor":41.0,"turns":3.0},{"damage":3.0,"enemies":"R_Hoarder","floor":42.0,"turns":7.0},{"damage":0.0,"enemies":"Jaw Worm Horde","floor":46.0,"turns":2.0},{"damage":2.0,"enemies":"Maw","floor":47.0,"turns":6.0},{"damage":10,"enemies":"Orin","floor":48,"turns":6},{"damage":7,"enemies":"Replay:Hell Engine","floor":50,"turns":8},{"damage":7,"enemies":"Shield and Spear","floor":54,"turns":4},{"damage":13,"enemies":"The Heart","floor":55,"turns":7}],"seed_played":"5246640715962566276","potions_obtained":[{"floor":2.0,"key":"LifebloodPotion"},{"floor":2.0,"key":"GhostInAJar"},{"floor":2.0,"key":"Block Potion"},{"floor":5.0,"key":"Dexterity Potion"},{"floor":24.0,"key":"Death Potion"},{"floor":25.0,"key":"Flashbang"},{"floor":30.0,"key":"LifebloodPotion"},{"floor":35.0,"key":"Elixir"},{"floor":36.0,"key":"EntropicBrew"},{"floor":48,"key":"Milkshake"},{"floor":54,"key":"Adrenaline Potion"}],"is_trial":false,"path_per_floor":["M","?","M","M","M","R","?","?","T","?","$","R","M","$","R","B",null,"M","?","?","M","$","E","M","E","T","R","$","R","E","M","R","B",null,"M","?","M","NS","$","E","M","E","T","$","?","M","M","?","R","B",null,"R","$","E","B",null],"character_chosen":"THE_SILENT","items_purchased":["Replay:WaspNest","Prepared+1","ClockworkSouvenir","BargainBundle","A Thousand Cuts","Riddle With Holes","Hidden Blade","Deflect","Toxic Potion","ReplayTheSpireMod:Lightbulb","TwistedFunnel","ReplayUltimateDefense","Catalyst"],"campfire_rested":0,"item_purchase_floors":[11,14,22,28,28,28,28,28,28,39,39,44,53],"current_hp_per_floor":[70,70,70,70,69,69,69,69,69,64,70,70,67,70,70,7,70,62,62,62,55,70,46,27,18,18,18,33,33,28,25,25,11,70,68,68,64,64,70,63,60,57,57,70,66,66,64,54,54,47,70,70,70,63,50],"gold":48,"neow_bonus":"THREE_ENEMY_KILL","is_daily":false,"chose_seed":false,"campfire_upgraded":6,"win_rate":0.0,"timestamp":1611815951,"path_taken":["M","?","?","M","M","R","?","?","T","?","?","R","?","$","R","BOSS","M","?","?","M","?","E","?","E","T","R","$","R","E","M","R","BOSS","M","?","M","NS","$","E","?","E","T","?","?","M","M","?","R","BOSS","R","$","E","BOSS"],"items_purchased_type":["Relic","Card","Relic","Relic","Card","Card","Card","Card","Potion","Relic","Relic","Card","Card"],"build_version":"2020-12-22","purchased_purges":3,"victory":true,"max_hp_per_floor":[70,70,70,70,70,70,70,70,70,70,70,70,70,70,70,70,70,70,70,70,70,70,70,70,70,70,70,70,70,70,70,70,70,70,70,70,70,70,70,70,70,70,70,70,70,70,70,70,70,70,70,70,70,70,70],"card_choices":[{"not_picked":["Dagger Throw","Outmaneuver"],"picked":"Hidden Blade","floor":1.0},{"not_picked":["Underhanded Strike","Bane"],"picked":"Dodge and Roll","floor":3.0},{"not_picked":["Slice","Bane"],"picked":"Setup","floor":4.0},{"not_picked":["Outmaneuver","Dodge and Roll"],"picked":"Caltrops","floor":5.0},{"not_picked":["Outmaneuver","Underhanded Strike"],"picked":"Burst","floor":13.0},{"not_picked":["Malaise","ReplayTheSpireMod:Necrosis"],"picked":"Night Terror","floor":16.0},{"not_picked":["Underhanded Strike","Predator"],"picked":"Backstab+1","floor":18.0},{"not_picked":["Underhanded Strike","hubris:SlightOfHand"],"picked":"Cloak And Dagger","floor":21.0},{"not_picked":["Expertise","Hidden Blade"],"picked":"Backflip","floor":23.0},{"not_picked":["Expertise","Cloak And Dagger"],"picked":"Backflip","floor":24.0},{"not_picked":["Terror","Grand Finale"],"picked":"ReplayTheSpireMod:Tripwire","floor":25.0},{"not_picked":["Heel Hook","Choke+1"],"picked":"Dagger Throw","floor":30.0},{"not_picked":["Dodge and Roll","Finisher+1"],"picked":"Poisoned Stab","floor":31.0},{"not_picked":["Corpse Explosion","Wraith Form v2"],"picked":"After Image","floor":33.0},{"not_picked":["Deflect","Flying Knee+1"],"picked":"Deadly Poison","floor":35.0},{"not_picked":["Sucker Punch","Hidden Blade"],"picked":"Prepared+1","floor":36.0},{"not_picked":["Cloak And Dagger","Bane+1"],"picked":"Calculated Gamble+1","floor":37.0},{"not_picked":["Dodge and Roll+1","Catalyst+1"],"picked":"Footwork+1","floor":40.0},{"not_picked":["Prepared","Dagger Spray"],"picked":"Bane","floor":41.0},{"not_picked":["Flechettes+1","Hidden Blade+1","ReplayTheSpireMod:Exploit Weakness+1"],"picked":"SKIP","floor":42.0},{"not_picked":["Quick Slash+1","Hidden Blade+1"],"picked":"After Image","floor":46.0},{"not_picked":["Acrobatics","Cloak And Dagger+1"],"picked":"Terror+1","floor":47.0},{"not_picked":["ReplayTheSpireMod:Shiv Toss+1","Hidden Blade+1"],"picked":"Blade Dance+1","floor":48},{"not_picked":["Outmaneuver","Dagger Throw"],"picked":"Expertise","floor":54}],"player_experience":152472,"relics_obtained":[{"floor":8.0,"key":"Ring of Greed"},{"floor":8.0,"key":"Ring of Panic"},{"floor":8.0,"key":"The Courier"},{"floor":8.0,"key":"Replay:Bandana"},{"floor":9.0,"key":"MealTicket"},{"floor":17.0,"key":"Iron Hammer"},{"floor":17.0,"key":"hubris:OldNail"},{"floor":17.0,"key":"Pondfish Scales"},{"floor":23.0,"key":"Replay:Rubber Ducky"},{"floor":25.0,"key":"Bronze Scales"},{"floor":26.0,"key":"hubris:Metronome"},{"floor":30.0,"key":"Snake Skull"},{"floor":40.0,"key":"hubris:Potato"},{"floor":42.0,"key":"Simple Rune"},{"floor":48,"key":"CatCart"},{"floor":54,"key":"hubris:SphereOfDissonance"}],"event_choices":[{"damage_healed":0.0,"max_hp_gain":0.0,"max_hp_loss":0.0,"gold_gain":0.0,"event_name":"The Woman in Blue","player_choice":"Bought 3 Potions","floor":2.0,"gold_loss":0.0,"damage_taken":0.0},{"damage_healed":0.0,"max_hp_gain":0.0,"max_hp_loss":0.0,"gold_gain":0.0,"event_name":"Big Fish","player_choice":"Box","floor":7.0,"gold_loss":0.0,"damage_taken":0.0,"relics_obtained":["hubris:TenFootPole"],"cards_obtained":["Regret"]},{"damage_healed":0.0,"max_hp_gain":0.0,"max_hp_loss":0.0,"gold_gain":75.0,"event_name":"World of Goop","player_choice":"Gather Gold","floor":10.0,"gold_loss":0.0,"damage_taken":11.0},{"damage_healed":0.0,"max_hp_gain":0.0,"max_hp_loss":0.0,"gold_gain":0.0,"event_name":"Addict","player_choice":"Stole Relic","floor":20.0,"gold_loss":0.0,"damage_taken":0.0,"relics_obtained":["ReplayFunnel"],"cards_obtained":["Shame"]},{"damage_healed":0.0,"max_hp_gain":0.0,"max_hp_loss":0.0,"gold_gain":0.0,"event_name":"The Library","player_choice":"Read","floor":32.0,"gold_loss":0.0,"damage_taken":0.0,"cards_obtained":["Replay:Poison Smokescreen"]},{"damage_healed":0.0,"max_hp_gain":0.0,"max_hp_loss":0.0,"gold_gain":0.0,"event_name":"Winding Halls","player_choice":"Embrace Madness","floor":45.0,"gold_loss":0.0,"damage_taken":9.0,"cards_obtained":["Madness","Madness"]},{"damage_healed":0,"gold_gain":0,"player_choice":"Fight","damage_taken":0,"max_hp_gain":0,"max_hp_loss":0,"event_name":"OrinTheCat","floor":48,"gold_loss":0}],"is_beta":false,"boss_relics":[{"not_picked":["Philosopher\u0027s Stone","SlaversCollar"],"picked":"Replay:Grab Bag"},{"not_picked":["Busted Crown","Fusion Hammer"],"picked":"LagranYue:ContractPerformanceRelic"},{"not_picked":["Sozu","Runic Dome"],"picked":"ChewingGum"},{"not_picked":["hubris:Backtick","Snecko Scales"],"picked":"Calling Bell"},{"not_picked":["Painkiller Herb","Tiny House"],"picked":"hubris:HollowSoul"}],"items_purged_floors":[11,28,53],"is_endless":false,"potions_floor_spawned":[3,5,24,25,30,31,35,37,48,54],"ascension_level":1}}