{"host":"9tzam4717zt8ei1o","time":1611849838,"event":{"mods":["BaseMod","Colored Map","Keyboard Shortcuts","Minty Spire (QoL Compilation)","Quick Restart","StSLib","SuperFastMode"],"gold_per_floor":[116,116,131,56,6,6,6,6,33,50,65,65,80,113,113,187,187,199,99,116,116,216,216,227,227,227,241,313,188,103,103,103],"floor_reached":31,"language":"KOR","playtime":808,"items_purged":["Strike_G","Strike_G","Defend_G"],"score":426,"play_id":"eb97d4e7-6e27-4d9b-bb3f-db2707800084","local_time":"20210129010358","is_ascension_mode":true,"campfire_choices":[{"data":"Neutralize","floor":6.0,"key":"SMITH"},{"data":"Tactician","floor":8.0,"key":"SMITH"},{"data":"Acrobatics","floor":15.0,"key":"SMITH"},{"data":"Prepared","floor":23.0,"key":"SMITH"},{"data":"Reflex","floor":25.0,"key":"SMITH"}],"circlet_count":0,"master_deck":["AscendersBane","Defend_G","Defend_G","Defend_G","Survivor","Neutralize+1","Masterful Stab+1","Underhanded Strike","Tactician+1","Footwork","Dagger Throw","Reflex+1","Acrobatics+1","Grand Finale","CurseOfTheBell","Prepared+1","Backstab+1","PiercingWail","Venomology","Prepared+1","Tactician+1"],"relics":["Ring of the Snake","Snake Skull","Shuriken","Calling Bell","Pen Nib","Molten Egg 2","Thread and Needle","WingedGreaves","Bronze Scales"],"acts_visited":["Exordium","TheCity"],"potions_floor_usage":[31,31,31],"damage_taken":[{"damage":0.0,"enemies":"2 Louse","floor":1.0,"turns":3.0},{"damage":2.0,"enemies":"Cultist","floor":3.0,"turns":4.0},{"damage":2.0,"enemies":"Jaw Worm","floor":10.0,"turns":4.0},{"damage":7.0,"enemies":"3 Louse","floor":11.0,"turns":6.0},{"damage":1.0,"enemies":"Exordium Thugs","floor":13.0,"turns":4.0},{"damage":13.0,"enemies":"3 Sentries","floor":14.0,"turns":6.0},{"damage":6.0,"enemies":"Hexaghost","floor":16.0,"turns":9.0},{"damage":29.0,"enemies":"Spheric Guardian","floor":18.0,"turns":8.0},{"damage":11.0,"enemies":"3 Byrds","floor":20.0,"turns":7.0},{"damage":6.0,"enemies":"3 Cultists","floor":24.0,"turns":6.0},{"damage":6.0,"enemies":"Centurion and Healer","floor":27.0,"turns":3.0},{"damage":4,"enemies":"Colosseum Slavers","floor":31,"turns":3},{"damage":24,"enemies":"Colosseum Nobs","floor":31,"turns":4}],"seed_played":"4274123499813686045","potions_obtained":[{"floor":3.0,"key":"ColorlessPotion"},{"floor":10.0,"key":"Regen Potion"},{"floor":16.0,"key":"ColorlessPotion"}],"is_trial":false,"path_per_floor":["M","?","M","$","?","R","$","R","T","M","M","?","M","E","R","B",null,"M","$","M","?","?","R","M","R","T","M","T","$","?","?"],"character_chosen":"THE_SILENT","items_purchased":[],"campfire_rested":0,"item_purchase_floors":[],"current_hp_per_floor":[63,63,61,61,61,61,61,61,61,59,52,52,51,38,38,32,61,32,32,21,21,21,21,29,29,29,23,23,23,23,0,0],"gold":103,"neow_bonus":"THREE_CARDS","is_daily":false,"chose_seed":false,"campfire_upgraded":5,"win_rate":0.0,"timestamp":1611849838,"path_taken":["M","?","M","?","?","R","?","R","T","M","M","?","?","E","R","BOSS","M","$","M","?","?","R","M","R","T","?","?","$","?","?"],"items_purchased_type":[],"build_version":"2020-12-22","purchased_purges":3,"victory":false,"max_hp_per_floor":[70,70,70,70,70,70,70,70,70,70,70,70,70,70,70,70,70,70,70,70,70,70,70,70,70,70,70,70,70,70,70,70],"card_choices":[{"not_picked":["Deadly Poison","Footwork"],"picked":"Masterful Stab","floor":0.0},{"not_picked":["Well Laid Plans","Cloak And Dagger"],"picked":"Underhanded Strike","floor":1.0},{"not_picked":["Deflect","Sucker Punch"],"picked":"Footwork","floor":3.0},{"not_picked":["Cloak And Dagger","Slice"],"picked":"Dagger Throw","floor":10.0},{"not_picked":["Concentrate","Predator"],"picked":"Reflex","floor":11.0},{"not_picked":["Catalyst","Riddle With Holes","Reflex"],"picked":"SKIP","floor":13.0},{"not_picked":["Caltrops","Bullet Time"],"picked":"Acrobatics","floor":14.0},{"not_picked":["A Thousand Cuts","Envenom"],"picked":"Grand Finale","floor":16.0},{"not_picked":["Deflect","Slice+1"],"picked":"Prepared","floor":18.0},{"not_picked":["Concentrate","Deadly Poison+1"],"picked":"Backstab+1","floor":20.0},{"not_picked":["Flying Knee+1","Catalyst"],"picked":"Prepared+1","floor":24.0},{"not_picked":["Dodge and Roll","Infinite Blades"],"picked":"Tactician+1","floor":27.0}],"player_experience":106217,"relics_obtained":[{"floor":9.0,"key":"Snake Skull"},{"floor":14.0,"key":"Shuriken"},{"floor":17.0,"key":"Pen Nib"},{"floor":17.0,"key":"Molten Egg 2"},{"floor":17.0,"key":"Thread and Needle"},{"floor":26.0,"key":"WingedGreaves"}],"event_choices":[{"damage_healed":0.0,"max_hp_gain":0.0,"max_hp_loss":0.0,"gold_gain":0.0,"cards_transformed":["Strike_G"],"event_name":"Transmorgrifier","player_choice":"Transformed","floor":2.0,"gold_loss":0.0,"damage_taken":0.0,"cards_obtained":["Tactician"]},{"cards_removed":["Defend_G"],"damage_healed":0.0,"max_hp_gain":0.0,"max_hp_loss":0.0,"gold_gain":0.0,"event_name":"The Cleric","player_choice":"Card Removal","floor":5.0,"gold_loss":50.0,"damage_taken":0.0},{"damage_healed":0.0,"max_hp_gain":0.0,"max_hp_loss":0.0,"gold_gain":0.0,"event_name":"Accursed Blacksmith","player_choice":"Forge","floor":12.0,"gold_loss":0.0,"damage_taken":0.0,"cards_upgraded":["Masterful Stab"]},{"damage_healed":0.0,"max_hp_gain":0.0,"max_hp_loss":0.0,"gold_gain":0.0,"cards_transformed":["Strike_G","Strike_G"],"event_name":"Drug Dealer","player_choice":"Became Test Subject","floor":21.0,"gold_loss":0.0,"damage_taken":0.0,"cards_obtained":["PiercingWail","Venomology"]},{"damage_healed":0.0,"max_hp_gain":0.0,"max_hp_loss":0.0,"gold_gain":100.0,"event_name":"Golden Shrine","player_choice":"Pray","floor":22.0,"gold_loss":0.0,"damage_taken":0.0},{"damage_healed":0.0,"max_hp_gain":0.0,"max_hp_loss":0.0,"gold_gain":0.0,"event_name":"Addict","player_choice":"Obtained Relic","floor":30.0,"gold_loss":85.0,"damage_taken":0.0,"relics_obtained":["Bronze Scales"]},{"damage_healed":0,"gold_gain":0,"player_choice":"Fight","damage_taken":0,"max_hp_gain":0,"max_hp_loss":0,"event_name":"Colosseum","floor":31,"gold_loss":0},{"damage_healed":0,"gold_gain":0,"player_choice":"Fought Nobs","damage_taken":0,"max_hp_gain":0,"max_hp_loss":0,"event_name":"Colosseum","floor":31,"gold_loss":0}],"is_beta":false,"boss_relics":[{"not_picked":["Fusion Hammer","Ring of the Serpent"],"picked":"Calling Bell"}],"items_purged_floors":[4,19,29],"is_endless":false,"potions_floor_spawned":[3,10,11,13,16,20,27,31],"killed_by":"Colosseum Nobs","ascension_level":13}}