{"host":"p9t7qd83igtcp2bh","time":1611811815,"event":{"mods":["2.2 Compatiblity","AchievementEnabler","BaseMod","Colored Map","Colored Powertips","Custom Start","DeckTracker","Keyboard Shortcuts","Minty Spire (QoL Compilation)","Permanent Neow","Spicy Shops","StSLib","SuperFastMode","everything is the same but u backflip on backflip"],"gold_per_floor":[13,31,31,51,71,71,105,105,105,105,30,59,78,108,108,108,108],"floor_reached":16,"language":"KOR","playtime":363,"items_purged":["Defend_G"],"score":240,"play_id":"fec6ee4c-7a7d-4110-a1a0-9ac7d25f2984","local_time":"20210128143015","is_ascension_mode":true,"campfire_choices":[{"data":"Predator","floor":6.0,"key":"SMITH"},{"data":"Blade Dance","floor":8.0,"key":"SMITH"},{"data":"Noxious Fumes","floor":15,"key":"SMITH"}],"circlet_count":0,"master_deck":["AscendersBane","Strike_G","Strike_G","Strike_G","Strike_G","Defend_G","Defend_G","Defend_G","Survivor","Neutralize","Predator+1","Blade Dance+1","Quick Slash","Crippling Poison","Backflip","Noxious Fumes+1","Backstab"],"relics":["Ring of the Snake","Omamori","Ninja Scroll","Akabeko","Dream Catcher","Mercury Hourglass"],"acts_visited":["Exordium"],"potions_floor_usage":[14,16],"damage_taken":[{"damage":3.0,"enemies":"Cultist","floor":1.0,"turns":4.0},{"damage":2.0,"enemies":"2 Louse","floor":2.0,"turns":2.0},{"damage":1.0,"enemies":"Jaw Worm","floor":4.0,"turns":4.0},{"damage":1.0,"enemies":"Exordium Wildlife","floor":5.0,"turns":3.0},{"damage":22.0,"enemies":"Lagavulin","floor":7.0,"turns":5.0},{"damage":10,"enemies":"3 Sentries","floor":12,"turns":4},{"damage":0,"enemies":"Looter","floor":13,"turns":1},{"damage":15,"enemies":"Lagavulin","floor":14,"turns":5},{"damage":9,"enemies":"Slime Boss","floor":16,"turns":2}],"seed_played":"-8470104160664946762","potions_obtained":[{"floor":4.0,"key":"PowerPotion"},{"floor":7.0,"key":"CunningPotion"}],"is_trial":false,"path_per_floor":["M","M","?","M","M","R","E","R","T","?","$","E","M","E","R","B"],"character_chosen":"THE_SILENT","items_purchased":[],"campfire_rested":0,"item_purchase_floors":[],"current_hp_per_floor":[56,54,54,53,52,52,30,30,30,30,30,20,20,5,5,0,0],"gold":108,"neow_bonus":"REMOVE_TWO","is_daily":false,"chose_seed":false,"campfire_upgraded":3,"win_rate":0.0,"timestamp":1611811815,"path_taken":["M","M","?","?","M","R","E","R","T","?","$","E","M","E","R","BOSS"],"items_purchased_type":[],"build_version":"2020-12-22","purchased_purges":1,"victory":false,"max_hp_per_floor":[66,66,66,66,66,66,66,66,66,66,66,66,66,66,66,66,66],"card_choices":[{"not_picked":["Poisoned Stab","Bane"],"picked":"Dagger Throw","floor":1.0},{"not_picked":["PiercingWail","Flying Knee"],"picked":"Predator","floor":2.0},{"not_picked":["Deadly Poison","Blur"],"picked":"Blade Dance","floor":4.0},{"not_picked":["Outmaneuver","PiercingWail"],"picked":"Quick Slash","floor":5.0},{"not_picked":["PiercingWail","Sucker Punch"],"picked":"Crippling Poison","floor":7.0},{"not_picked":["Doppelganger","Flying Knee"],"picked":"Backflip","floor":12},{"not_picked":["Quick Slash","Backflip"],"picked":"Noxious Fumes","floor":13},{"not_picked":["Backflip","Wraith Form v2"],"picked":"Backstab","floor":14}],"player_experience":696632,"relics_obtained":[{"floor":7.0,"key":"Ninja Scroll"},{"floor":9.0,"key":"Akabeko"},{"floor":12,"key":"Dream Catcher"},{"floor":14,"key":"Mercury Hourglass"}],"event_choices":[{"cards_removed":["Dagger Throw"],"damage_healed":0.0,"max_hp_gain":0.0,"max_hp_loss":0.0,"gold_gain":0.0,"event_name":"WeMeetAgain","player_choice":"Gave Card","floor":3.0,"gold_loss":0.0,"damage_taken":0.0,"relics_obtained":["Omamori"]},{"damage_healed":0,"gold_gain":0,"player_choice":"Fled","damage_taken":0,"max_hp_gain":0,"max_hp_loss":0,"event_name":"Scrap Ooze","floor":10,"gold_loss":0}],"is_beta":false,"boss_relics":[],"items_purged_floors":[11],"is_endless":false,"potions_floor_spawned":[4,7,12,13],"killed_by":"Slime Boss","ascension_level":20}}