{"host":"mgjbkrm6zb65cm01","time":1611842924,"event":{"mods":["ATMod(°¢èªMod)","BaseMod","Conspire","Good Game Mod","Marisa£¨ìFÓê¡¡Ä§ÀíÉ³£©","Minty Spire (QoL Compilation)","Quick Restart","Relic Stats","Replay The Spire","Spicy Shops","StSLib","The Bladedancer","The Servant 0.9.4","UnlockEverythingMod","noobMod"],"gold_per_floor":[111,123,134,134,149,149,168,194,194,223,239,62,77,88,88,190,190,190],"floor_reached":17,"language":"ZHS","playtime":1114,"items_purged":["Strike_R"],"score":196,"play_id":"54755edf-bfee-47b2-9f8f-0343c653632d","local_time":"20210128220844","is_ascension_mode":false,"campfire_choices":[{"data":"Machine Learning","floor":6,"key":"SMITH"},{"floor":15,"key":"RECALL"}],"circlet_count":0,"master_deck":["Strike_R","Strike_R","Strike_R","Strike_R","Defend_R","Defend_R","Defend_R","Defend_R","Bash","Machine Learning+1","AT_FamilyPortrait","Pommel Strike","Metallicize","Double Tap","Bloodletting","Armaments","Shrug It Off","Heavy Blade","ReplayTheSpireMod:Stacked","Hemogenesis+1","Flex","Warcry","Demonic Infusion"],"relics":["Burning Blood","REME:ComplimentaryCards","ice","AT_ATBox","NeowsBlessing","Replay:Bottled Steam","Ginger","Replay:Mystery Machine","conspire:RoyalGoblet"],"acts_visited":["Exordium","TheCity"],"potions_floor_usage":[8,10,10,16,16],"damage_taken":[{"damage":0,"enemies":"Cultist","floor":1,"turns":1},{"damage":0,"enemies":"2 Louse","floor":2,"turns":1},{"damage":0,"enemies":"Small Slimes","floor":3,"turns":1},{"damage":26,"enemies":"conspire:2 RoseBushes","floor":5,"turns":5},{"damage":14,"enemies":"3 Louse","floor":7,"turns":3},{"damage":39,"enemies":"Gremlin Nob","floor":8,"turns":5},{"damage":18,"enemies":"Replay:BlueRogue","floor":10,"turns":6},{"damage":7,"enemies":"Large Slime","floor":11,"turns":5},{"damage":15,"enemies":"2 Fungi Beasts","floor":13,"turns":3},{"damage":6,"enemies":"Red Slaver","floor":14,"turns":3},{"damage":87,"enemies":"Fading Forest","floor":16,"turns":11}],"seed_played":"-5494114997032039118","potions_obtained":[{"floor":1,"key":"Languid Potion"},{"floor":5,"key":"Languid Potion"},{"floor":7,"key":"Energy Potion"},{"floor":10,"key":"BloodPotion"},{"floor":14,"key":"GamblersBrew"}],"is_trial":false,"path_per_floor":["M","M","M","T","M","R","M","E","T","E","M","$","M","M","R","B",null],"character_chosen":"IRONCLAD","items_purchased":["Hemogenesis+1"],"campfire_rested":0,"item_purchase_floors":[12],"current_hp_per_floor":[80,80,80,80,60,60,52,19,19,80,79,79,70,70,70,104,104,104],"gold":190,"neow_bonus":"THREE_ENEMY_KILL","is_daily":false,"chose_seed":false,"campfire_upgraded":1,"win_rate":0.0,"timestamp":1611842924,"path_taken":["M","?","M","?","M","R","M","E","T","E","M","$","?","M","R","BOSS"],"items_purchased_type":["Card"],"build_version":"2020-12-22","purchased_purges":1,"victory":false,"max_hp_per_floor":[80,80,80,80,80,80,80,80,80,80,82,82,85,87,87,104,104,104],"relic_stats":{"counters":[11,44],"Ginger":[6],"obtain_stats":[{"REME:ComplimentaryCards":0,"AT_ATBox":0,"NeowsBlessing":0,"conspire:RoyalGoblet":17,"ice":0,"Ginger":8,"Replay:Mystery Machine":10,"Burning Blood":0,"Replay:Bottled Steam":4},{"REME:ComplimentaryCards":0,"AT_ATBox":0,"NeowsBlessing":0,"conspire:RoyalGoblet":11,"ice":0,"Ginger":6,"Replay:Mystery Machine":7,"Burning Blood":0,"Replay:Bottled Steam":3},{"REME:ComplimentaryCards":0,"AT_ATBox":0,"NeowsBlessing":0,"conspire:RoyalGoblet":44,"ice":0,"Ginger":16,"Replay:Mystery Machine":22,"Burning Blood":0,"Replay:Bottled Steam":3}],"Burning Blood":36},"card_choices":[{"not_picked":["AT_IchimonjiDouble","Havoc"],"picked":"Pommel Strike","floor":1},{"not_picked":["Cleave","Clash"],"picked":"Metallicize","floor":2},{"not_picked":["Pummel","Dropkick"],"picked":"Double Tap","floor":3},{"not_picked":["Havoc","Life Link"],"picked":"Bloodletting","floor":5},{"not_picked":["Warcry","Shrug It Off"],"picked":"Armaments","floor":7},{"not_picked":["Thunderclap","Anger"],"picked":"Shrug It Off","floor":8},{"not_picked":["ReplayReversal","Armaments"],"picked":"Heavy Blade","floor":10},{"not_picked":["conspire:ExplosiveBarrier","Cleave"],"picked":"ReplayTheSpireMod:Stacked","floor":11},{"not_picked":["Heavy Blade","Body Slam"],"picked":"Flex","floor":13},{"not_picked":["Clothesline","Entrench"],"picked":"Warcry","floor":14},{"not_picked":["Feed","conspire:Purge"],"picked":"Demonic Infusion","floor":16}],"player_experience":106258,"relics_obtained":[{"floor":4,"key":"Replay:Bottled Steam"},{"floor":8,"key":"Ginger"},{"floor":10,"key":"Replay:Mystery Machine"}],"event_choices":[],"is_beta":false,"boss_relics":[{"not_picked":["Runic Cube","Replay:Grab Bag"],"picked":"conspire:RoyalGoblet"}],"items_purged_floors":[12],"is_endless":false,"potions_floor_spawned":[1,5,7,10,14],"ascension_level":0}}