{"host":"sgot3i7m08vsvri4","time":1611825535,"event":{"mods":["AchievementEnabler","BaseMod","BetterRewards","Clockwork Mod","Colorless Booster Pack","Custom Start","DNKmod","Downfall","Duelist Mod","Friendly Minions","GifTheSpireLib","Gremlin Skip","Grow up Mod","Hubris","Infinite Spire","Mimic Mod","Minty Spire (QoL Compilation)","Relic Sorter","Remove Card Discount Mod","Replay The Spire","Shop Mod","StSLib","The Alterego","The Animator","The Construct","The Runesmith","The Saiyan","The Servant 0.9.4","The Vixen","Treasure Hunter"],"gold_per_floor":[10019,10032,9494,9444,9444,9444,9457,9492,9563,9563,9590,9041,9041,9078,9078,9176,9176,9193,9207,9207,8691,8706,8706,8725,8725,8751,8751,8751,8761,8777,8319,8319,8420,8470,8486,8486,8486,8593,8260,8275,8293,7793,7828,7879,7503,7503,7518,7545,7545,7545],"floor_reached":51,"language":"ENG","playtime":4884,"items_purged":["TH:TreasureMap"],"score":906,"play_id":"c26d1f31-0da7-4476-9615-4ead83225026","local_time":"20210128031855","is_ascension_mode":false,"campfire_choices":[{"data":"alterego_mod:Pet","floor":13,"key":"SMITH"},{"floor":15,"key":"DIG"},{"data":"alterego_mod:GachaTicket","floor":23,"key":"SMITH"},{"data":"alterego_mod:SakuraLabyrinth","floor":25,"key":"SMITH"},{"data":"alterego_mod:BusterCard","floor":32,"key":"SMITH"},{"data":"alterego_mod:ClassAdvantage","floor":49,"key":"SMITH"}],"circlet_count":0,"master_deck":["alterego_mod:Strike","alterego_mod:Strike+1","alterego_mod:Strike+1","alterego_mod:Strike+1","alterego_mod:Defend","alterego_mod:Defend","alterego_mod:Defend+1","alterego_mod:Impale","alterego_mod:BigMeatyClaws","alterego_mod:BrynhildrsRune","alterego_mod:GoddessCore+1","alterego_mod:Pet+1","alterego_mod:GachaTicket+1","alterego_mod:Bounce","alterego_mod:STier+1","alterego_mod:Bunnysuit+1","alterego_mod:SakuraLabyrinth+1","TH:ElvenBoots","alterego_mod:1TonWallop","TH:BikiniMail","alterego_mod:BusterCard+1","alterego_mod:SakuraPetals","alterego_mod:DeftHands","alterego_mod:Clap","alterego_mod:GIGAMILK","alterego_mod:PresenceConcealment","alterego_mod:Cycle","TH:ArmorSpikes","alterego_mod:Stockings+1","alterego_mod:Smother","infinitespire:Collect","alterego_mod:Birthday","alterego_mod:IndependentAction+1","TH:ElvenBoots","infinitespire:Collect","alterego_mod:GoddessCore","alterego_mod:Tantrum","alterego_mod:Support","alterego_mod:Undulate+1","alterego_mod:Venus","alterego_mod:MagicResistance","TH:CopperCoins","alterego_mod:TrickOrTreatment","alterego_mod:DeftHands","alterego_mod:Lingerie","Panacea","Magnetism","alterego_mod:RocketPunch+1","alterego_mod:TrashNCrash+1","alterego_mod:Maid+1","Pot Of Greed","Pot Of Greed+1","Pot Of Greed","Pot Of Greed","Pot Of Greed","alterego_mod:Cushion","Apotheosis","alterego_mod:Collar","alterego_mod:SakuraFive","alterego_mod:IndependentAction","alterego_mod:SakuraPetals+1","alterego_mod:RocketPunch","alterego_mod:Cooking","alterego_mod:Nekomimi","Pot Of Greed","alterego_mod:Cooking","alterego_mod:Bounce","alterego_mod:BiFurious+1","alterego_mod:ClassAdvantage+1"],"relics":["alterego_mod:MasochisticConstitution","hubris:GrandSneckoEye","hubris:SlimyHat","Membership Card","Potion Belt","ReplayTheSpireMod:Lightbulb","MerchantsRug","Darkstone Periapt","infinitespire:EmpoweringShard","ClockworkSouvenir","hubris:DeckOfHolding","Du-Vu Doll","Juzu Bracelet","Replay:Grab Bag","hubris:RunicObelisk","hubris:Backtick","Smiling Mask","Whetstone","infinitespire:Lucky Rock","hubris:64BitClover","Frozen Eye","Tiny House","Runic Pyramid","Snack Pack","Strange Spoon","Toy Ornithopter","Grinning Jar","hubris:EmptyBottle","Meat on the Bone","Bottled Lightning","hubris:BundleOfHerbs","Pocketwatch","infinitespire:PuzzleCube","Incense Burner","Lee\u0027s Waffle","Pet Ghost"],"acts_visited":["Exordium","TheCity","TheBeyond"],"potions_floor_usage":[24,29,30,44,47,50,50,50,50],"damage_taken":[{"damage":6.0,"enemies":"Jaw Worm","floor":1.0,"turns":3.0},{"damage":0.0,"enemies":"Small Slimes","floor":2.0,"turns":3.0},{"damage":0.0,"enemies":"2 Louse","floor":7.0,"turns":2.0},{"damage":9.0,"enemies":"Gremlin Nob","floor":8.0,"turns":3.0},{"damage":2.0,"enemies":"3 Sentries","floor":11.0,"turns":3.0},{"damage":0,"enemies":"Gremlin Gang","floor":14,"turns":3},{"damage":0,"enemies":"Slime Boss","floor":16,"turns":4},{"damage":11,"enemies":"2 Thieves","floor":18,"turns":2},{"damage":9,"enemies":"3 Byrds","floor":19,"turns":3},{"damage":16,"enemies":"Shelled Parasite and Fungi","floor":22,"turns":2},{"damage":13,"enemies":"Snecko","floor":24,"turns":3},{"damage":24,"enemies":"Centurion and Healer","floor":29,"turns":3},{"damage":19,"enemies":"3 Cultists","floor":30,"turns":4},{"damage":21,"enemies":"hubris:MusketHawk","floor":33,"turns":3},{"damage":2,"enemies":"Orb Walker","floor":35,"turns":3},{"damage":33,"enemies":"3 Shapes","floor":40,"turns":2},{"damage":36,"enemies":"Jaw Worm Horde","floor":41,"turns":3},{"damage":6,"enemies":"3 Darklings","floor":43,"turns":3},{"damage":16,"enemies":"2 Orb Walkers","floor":44,"turns":4},{"damage":0,"enemies":"3 Darklings","floor":47,"turns":3},{"damage":4,"enemies":"Giant Head","floor":48,"turns":3},{"damage":56,"enemies":"infinitespire:MassOfShapes","floor":50,"turns":4}],"seed_played":"-8942298218898498080","potions_obtained":[{"floor":1.0,"key":"bronze:BurnAndBuffPotion"},{"floor":7.0,"key":"SkillPotion"},{"floor":8.0,"key":"Ancient Potion"},{"floor":16,"key":"Swift Potion"},{"floor":18,"key":"Strength Potion"},{"floor":29,"key":"Weak Potion"},{"floor":34,"key":"SmokeBomb"},{"floor":35,"key":"Venom Potion"},{"floor":48,"key":"FearPotion"}],"is_trial":false,"path_per_floor":["M","M","$","?","?","?","M","E","T","?","E","$","R","MIM","R","B",null,"M","M","?","?","M","R","M","R","T","?","?","M","M","$","R","B",null,"M","?","AVR","?","$","M","M","$","MIM","?","$","?","M","E","R","B",null],"character_chosen":"The_Alterego","items_purchased":["Membership Card","Potion Belt","ReplayTheSpireMod:Lightbulb","alterego_mod:GachaTicket","alterego_mod:Bounce","alterego_mod:STier+1","alterego_mod:Bunnysuit","MerchantsRug","alterego_mod:SakuraPetals","alterego_mod:DeftHands","alterego_mod:Clap","alterego_mod:GIGAMILK","alterego_mod:PresenceConcealment","ClockworkSouvenir","hubris:DeckOfHolding","Du-Vu Doll","AttackPotion","ColorlessPotion","infinitespire:Lucky Rock","hubris:64BitClover","Frozen Eye","alterego_mod:Support","alterego_mod:Undulate+1","alterego_mod:Venus","alterego_mod:MagicResistance","Strange Spoon","Toy Ornithopter","Grinning Jar","alterego_mod:Cushion","alterego_mod:PresenceConcealment","Apotheosis","hubris:EmptyBottle","Meat on the Bone","alterego_mod:IndependentAction","alterego_mod:SakuraPetals+1","alterego_mod:RocketPunch","DistilledChaos","LiquidBronze","Bottled Lightning","infinitespire:PuzzleCube","Incense Burner","Lee\u0027s Waffle","alterego_mod:Nekomimi","alterego_mod:Cooking","alterego_mod:Bounce"],"campfire_rested":0,"item_purchase_floors":[3,3,3,3,3,3,3,3,12,12,12,12,12,12,12,12,12,12,31,31,31,31,31,31,31,39,39,39,39,39,39,42,42,42,42,42,42,42,42,45,45,45,45,45,45],"current_hp_per_floor":[125,141,151,161,171,181,191,200,210,220,232,242,252,266,276,286,296,303,305,315,325,320,330,331,341,351,361,371,360,363,373,383,375,481,490,490,500,382,392,382,370,380,389,393,603,613,623,634,644,655],"gold":7545,"neow_bonus":"TEN_PERCENT_HP_BONUS","is_daily":false,"chose_seed":false,"campfire_upgraded":5,"win_rate":0.0,"timestamp":1611825535,"path_taken":["M","M","$","?","?","?","?","E","T","?","E","?","R","?","R","BOSS","M","M","?","?","M","R","M","R","T","?","?","M","M","$","R","BOSS","M","?","AVR","?","?","M","M","$","MIM","?","$","?","M","E","R","BOSS"],"items_purchased_type":["Relic","Relic","Relic","Card","Card","Card","Card","Relic","Card","Card","Card","Card","Card","Relic","Relic","Relic","Potion","Potion","Relic","Relic","Relic","Card","Card","Card","Card","Relic","Relic","Relic","Card","Card","Card","Relic","Relic","Card","Card","Card","Potion","Potion","Relic","Relic","Relic","Relic","Card","Card","Card"],"build_version":"2020-12-22","purchased_purges":1,"victory":true,"max_hp_per_floor":[131,141,151,161,171,181,191,202,212,222,236,246,256,266,276,286,296,307,318,328,338,349,359,373,383,393,403,413,424,435,445,455,466,481,492,502,512,522,532,543,554,564,575,586,603,613,623,634,644,655],"card_choices":[{"not_picked":["alterego_mod:HighServant","alterego_mod:SakuraFive"],"picked":"alterego_mod:GoddessCore","floor":1.0},{"not_picked":["alterego_mod:Mirror","alterego_mod:Rip"],"picked":"alterego_mod:Pet","floor":2.0},{"not_picked":["alterego_mod:Maid","alterego_mod:GoddessCore"],"picked":"alterego_mod:SakuraLabyrinth","floor":7.0},{"not_picked":["TH:EnergyPotion"],"picked":"TH:ElvenBoots","floor":8.0},{"not_picked":["alterego_mod:Undulate","alterego_mod:Santa"],"picked":"alterego_mod:1TonWallop","floor":8.0},{"not_picked":["TH:PixieDust"],"picked":"TH:TreasureMap","floor":9.0},{"not_picked":["TH:Mimic"],"picked":"TH:BikiniMail","floor":11.0},{"not_picked":["alterego_mod:Mirror","alterego_mod:DeftHands"],"picked":"alterego_mod:BusterCard","floor":11.0},{"not_picked":["alterego_mod:Bloomers","alterego_mod:Mirror"],"picked":"alterego_mod:Cycle","floor":14},{"not_picked":["TH:ElvenBoots"],"picked":"TH:ArmorSpikes","floor":16},{"not_picked":["alterego_mod:Bloomers","alterego_mod:Bunnysuit"],"picked":"alterego_mod:Stockings+1","floor":18},{"not_picked":["alterego_mod:Skirt","alterego_mod:Maid"],"picked":"alterego_mod:Smother","floor":19},{"not_picked":["hubris:Rewind","infinitespire:Starlight"],"picked":"infinitespire:Collect","floor":21},{"not_picked":["alterego_mod:BiFurious","alterego_mod:Support"],"picked":"alterego_mod:Birthday","floor":22},{"not_picked":["alterego_mod:Cycle","alterego_mod:Bloomers"],"picked":"alterego_mod:IndependentAction+1","floor":24},{"not_picked":["TH:CursedSword"],"picked":"TH:ElvenBoots","floor":26},{"not_picked":["alterego_mod:1TonWallop","alterego_mod:DeftHands"],"picked":"alterego_mod:GoddessCore","floor":29},{"not_picked":["alterego_mod:Table","alterego_mod:HighServant"],"picked":"alterego_mod:Tantrum","floor":30},{"not_picked":["TH:ElvenBoots"],"picked":"TH:CopperCoins","floor":33},{"not_picked":["alterego_mod:STier","alterego_mod:Tantrum"],"picked":"alterego_mod:TrickOrTreatment","floor":33},{"not_picked":["alterego_mod:Cycle","alterego_mod:Punishment"],"picked":"alterego_mod:DeftHands","floor":34},{"not_picked":["alterego_mod:Maid","alterego_mod:DeftHands"],"picked":"alterego_mod:Lingerie","floor":35},{"not_picked":["Deep Breath","Dramatic Entrance"],"picked":"Panacea","floor":36},{"not_picked":["Metamorphosis","Replay:Bootleg Shield Generator"],"picked":"Magnetism","floor":36},{"not_picked":["alterego_mod:Jiggle","alterego_mod:Skirt+1"],"picked":"alterego_mod:RocketPunch+1","floor":38},{"not_picked":["alterego_mod:Belts","alterego_mod:SakuraLabyrinth"],"picked":"alterego_mod:TrashNCrash+1","floor":38},{"not_picked":["alterego_mod:Punishment+1","alterego_mod:Bounce"],"picked":"alterego_mod:Maid+1","floor":38},{"not_picked":["alterego_mod:BusterCard+1","alterego_mod:Cushion+1"],"picked":"alterego_mod:Collar","floor":40},{"not_picked":["alterego_mod:DeftHands","alterego_mod:TrashNCrash+1"],"picked":"alterego_mod:SakuraFive","floor":41},{"not_picked":["alterego_mod:Undulate","alterego_mod:Antipathy"],"picked":"alterego_mod:Cooking","floor":44},{"not_picked":["alterego_mod:Cycle+1","alterego_mod:1TonWallop+1"],"picked":"alterego_mod:BiFurious+1","floor":47},{"not_picked":["alterego_mod:BiFurious+1","alterego_mod:Jiggle"],"picked":"alterego_mod:ClassAdvantage","floor":48},{"not_picked":["TH:BikiniMail","TH:CopperCoins"],"picked":"SKIP","floor":48}],"player_experience":177137,"relics_obtained":[{"floor":8.0,"key":"Darkstone Periapt"},{"floor":11.0,"key":"infinitespire:EmpoweringShard"},{"floor":14,"key":"hubris:SlimyHat"},{"floor":15,"key":"Juzu Bracelet"},{"floor":26,"key":"Whetstone"},{"floor":43,"key":"hubris:BundleOfHerbs"},{"floor":44,"key":"Pocketwatch"},{"floor":48,"key":"Pet Ghost"}],"event_choices":[{"damage_healed":0.0,"max_hp_gain":0.0,"max_hp_loss":0.0,"gold_gain":0.0,"event_name":"World of Goop","player_choice":"Left Gold","floor":4.0,"gold_loss":50.0,"damage_taken":0.0},{"damage_healed":0.0,"max_hp_gain":0.0,"max_hp_loss":0.0,"gold_gain":0.0,"event_name":"Living Wall","player_choice":"Grow","floor":10.0,"gold_loss":0.0,"damage_taken":0.0,"cards_upgraded":["alterego_mod:Bunnysuit"]},{"damage_healed":0,"gold_gain":0,"player_choice":"Bought 0 Potions","damage_taken":0,"max_hp_gain":0,"max_hp_loss":0,"event_name":"The Woman in Blue","floor":20,"gold_loss":0},{"damage_healed":0,"gold_gain":0,"player_choice":"Leave","damage_taken":0,"max_hp_gain":0,"max_hp_loss":0,"event_name":"FaceTrader","floor":27,"gold_loss":0},{"damage_healed":0,"gold_gain":0,"player_choice":"Copied","damage_taken":0,"max_hp_gain":0,"max_hp_loss":0,"event_name":"Duplicator","floor":28,"gold_loss":0,"cards_obtained":["infinitespire:Collect"]},{"damage_healed":0,"gold_gain":0,"player_choice":"Memory 3","damage_taken":10,"max_hp_gain":0,"max_hp_loss":0,"event_name":"SensoryStone","floor":36,"gold_loss":0},{"damage_healed":0,"gold_gain":0,"player_choice":"Fight","damage_taken":0,"max_hp_gain":0,"max_hp_loss":0,"event_name":"Mysterious Sphere","floor":44,"gold_loss":0},{"cards_removed":["alterego_mod:PresenceConcealment"],"damage_healed":0,"gold_gain":0,"player_choice":"Removed Power","damage_taken":0,"max_hp_gain":0,"max_hp_loss":0,"event_name":"Falling","floor":46,"gold_loss":0}],"is_beta":false,"boss_relics":[{"not_picked":["Black Star","Calling Bell"],"picked":"Replay:Grab Bag"},{"not_picked":["ReplayTheSpireMod:Onyx Gauntlets","Sozu"],"picked":"hubris:RunicObelisk"},{"not_picked":["hubris:VirtuousBlindfold","Abe\u0027s Treasure"],"picked":"hubris:GrandSneckoEye"},{"not_picked":["hubris:ScarierMask","Empty Cage"],"picked":"hubris:Backtick"},{"not_picked":["SacredBark","hubris:Stopwatch"],"picked":"Tiny House"}],"items_purged_floors":[37],"is_endless":false,"potions_floor_spawned":[1,7,8,16,18,29,35,48],"ascension_level":0}}