{"host":"sum4dy402bbv9y4o","time":1611793985,"event":{"mods":["Aspiration","BaseMod","Conspire","Highlight Path","Minty Spire (QoL Compilation)","StSLib"],"gold_per_floor":[109,109,120,139,23,23,55,73,73,23,50,50,76,76,76,151,151,161,186,186,14,30,46,46,61,88,114,126,141,171,189,189,265,265,284,304,38,48,48,59,93,110,165,165,180,180,180,194,194,194,194],"floor_reached":52,"language":"ENG","playtime":3397,"items_purged":[],"score":2117,"play_id":"5bc4e1b9-6c9e-470b-b2f9-0ed8c0d7fddb","local_time":"20210128033305","is_ascension_mode":true,"campfire_choices":[{"data":"Eruption","floor":6,"key":"SMITH"},{"data":"MentalFortress","floor":12,"key":"SMITH"},{"data":"LessonLearned","floor":15,"key":"SMITH"},{"data":"TalkToTheHand","floor":32,"key":"SMITH"},{"floor":44,"key":"REST"},{"data":"1","floor":46,"key":"LIFT"},{"floor":49,"key":"REST"}],"circlet_count":0,"master_deck":["AscendersBane","Eruption+1","Vigilance","FollowUp","CutThroughFate+1","CutThroughFate","Weave+1","MentalFortress+1","EmptyMind+1","BowlingBash","ThirdEye+1","JustLucky+1","LessonLearned+1","Brilliance+1","InnerPeace+1","Nirvana+1","Halt+1","Wireheading+1","WindmillStrike+1","FollowUp","EmptyBody+1","Protect","Wallop+1","TalkToTheHand+1","Adaptation+1","EmptyFist+1","EmptyBody+1","Parasite","MentalFortress+1","Decay","Halt"],"relics":["PureWater","aspiration:Nostalgia","Burning Blood","HornCleat","Orichalcum","Yang","aspiration:ChemicalBlood","Happy Flower","Pandora\u0027s Box","Red Mask","War Paint","Smiling Mask","Regal Pillow","Frozen Egg 2","Girya","Shuriken","PreservedInsect","conspire:TopHat"],"acts_visited":["Exordium","TheCity","TheBeyond"],"potions_floor_usage":[13,18,19,27,27,28,28,30,33,33,33,33,38,38,40,41,41,41,41,50,50,50,50,51],"damage_taken":[{"damage":0,"enemies":"Cultist","floor":1,"turns":3},{"damage":0,"enemies":"Jaw Worm","floor":3,"turns":2},{"damage":0,"enemies":"Small Slimes","floor":4,"turns":2},{"damage":0,"enemies":"Gremlin Nob","floor":7,"turns":2},{"damage":1,"enemies":"Blue Slaver","floor":8,"turns":2},{"damage":8,"enemies":"3 Sentries","floor":11,"turns":5},{"damage":15,"enemies":"Gremlin Nob","floor":13,"turns":4},{"damage":0,"enemies":"Hexaghost","floor":16,"turns":9},{"damage":8,"enemies":"Shell Parasite","floor":18,"turns":3},{"damage":5,"enemies":"Masked Bandits","floor":19,"turns":5},{"damage":7,"enemies":"3 Byrds","floor":22,"turns":9},{"damage":1,"enemies":"Snake Plant","floor":23,"turns":4},{"damage":2,"enemies":"Centurion and Healer","floor":25,"turns":5},{"damage":0,"enemies":"Gremlin Leader","floor":27,"turns":4},{"damage":5,"enemies":"Chosen and Byrds","floor":28,"turns":6},{"damage":0,"enemies":"3 Cultists","floor":29,"turns":5},{"damage":0,"enemies":"Slavers","floor":30,"turns":6},{"damage":1,"enemies":"Snake Plant","floor":31,"turns":6},{"damage":43,"enemies":"conspire:MysteriousRune","floor":33,"turns":12},{"damage":41,"enemies":"3 Darklings","floor":35,"turns":8},{"damage":2,"enemies":"Orb Walker","floor":36,"turns":5},{"damage":2,"enemies":"Writhing Mass","floor":38,"turns":6},{"damage":13,"enemies":"Sphere and 2 Shapes","floor":40,"turns":5},{"damage":14,"enemies":"Giant Head","floor":41,"turns":7},{"damage":27,"enemies":"Spire Growth","floor":42,"turns":7},{"damage":3,"enemies":"3 Darklings","floor":45,"turns":7},{"damage":13,"enemies":"4 Shapes","floor":48,"turns":7},{"damage":41,"enemies":"Donu and Deca","floor":50,"turns":9},{"damage":20,"enemies":"conspire:OrnateMirror","floor":51,"turns":14}],"seed_played":"7086324805563263226","potions_obtained":[{"floor":1,"key":"Block Potion"},{"floor":4,"key":"LiquidBronze"},{"floor":8,"key":"Block Potion"},{"floor":16,"key":"SkillPotion"},{"floor":25,"key":"PowerPotion"},{"floor":29,"key":"LiquidMemories"},{"floor":31,"key":"AttackPotion"},{"floor":33,"key":"conspire:TimeTravelPotion"},{"floor":38,"key":"Fire Potion"},{"floor":40,"key":"Energy Potion"},{"floor":41,"key":"Regen Potion"},{"floor":41,"key":"Fruit Juice"},{"floor":50,"key":"Dexterity Potion"},{"floor":50,"key":"AttackPotion"}],"is_trial":false,"path_per_floor":["M","?","M","M","$","R","E","M","T","$","E","R","E","?","R","B",null,"M","?","?","$","M","M","T","M","T","E","M","M","E","M","R","B",null,"M","M","$","M","?","M","E","M","T","R","M","R","?","M","R","B","B",null],"character_chosen":"WATCHER","items_purchased":["Weave","MentalFortress","ThirdEye","War Paint","Shuriken"],"campfire_rested":2,"item_purchase_floors":[5,5,10,21,37],"current_hp_per_floor":[67,67,68,68,68,68,68,68,68,68,66,66,57,57,57,63,67,65,66,66,66,65,68,68,68,68,68,68,68,68,68,68,67,68,33,37,37,41,41,34,40,19,19,55,58,58,58,51,73,38,24],"gold":194,"neow_bonus":"NOSTALGIA","is_daily":false,"chose_seed":false,"campfire_upgraded":4,"win_rate":0.0,"timestamp":1611793985,"path_taken":["M","?","M","?","$","R","E","M","T","?","E","R","E","?","R","BOSS","M","?","?","$","M","M","?","M","T","E","?","M","E","?","R","BOSS","M","M","$","M","?","M","E","?","T","R","M","R","?","M","R","BOSS","BOSS"],"items_purchased_type":["Card","Card","Card","Relic","Relic"],"build_version":"2020-12-22","purchased_purges":0,"victory":true,"max_hp_per_floor":[68,68,68,68,68,68,68,68,68,68,68,68,68,68,68,68,68,68,68,68,68,68,68,68,68,68,68,68,68,68,68,68,68,68,68,68,68,68,68,68,73,73,73,73,73,73,73,73,73,73,73],"card_choices":[{"not_picked":["Weave","EmptyMind"],"picked":"FollowUp","floor":1},{"not_picked":["Pray","ThirdEye"],"picked":"CutThroughFate","floor":3},{"not_picked":["Collect","Sanctity"],"picked":"CutThroughFate","floor":4},{"not_picked":["SashWhip","ConjureBlade"],"picked":"EmptyMind","floor":7},{"not_picked":["Consecrate","CrushJoints"],"picked":"BowlingBash","floor":8},{"not_picked":["MasterReality","Crescendo"],"picked":"JustLucky","floor":11},{"not_picked":["SashWhip","EmptyBody"],"picked":"LessonLearned","floor":13},{"not_picked":["BowlingBash","Meditate"],"picked":"EmptyBody+1","floor":18},{"not_picked":["Prostrate","PathToVictory"],"picked":"Protect","floor":19},{"not_picked":["PathToVictory","Consecrate+1"],"picked":"Wallop","floor":22},{"not_picked":["BowlingBash","PathToVictory"],"picked":"TalkToTheHand","floor":23},{"not_picked":["Pray","Wish","Prostrate"],"picked":"SKIP","floor":25},{"not_picked":["Nirvana+1","Blasphemy"],"picked":"Adaptation+1","floor":27},{"not_picked":["DeceiveReality","Wireheading+1","WaveOfTheHand"],"picked":"SKIP","floor":28},{"not_picked":["WheelKick","EmptyBody","Indignation"],"picked":"SKIP","floor":29},{"not_picked":["Collect","WheelKick","DeceiveReality"],"picked":"SKIP","floor":30},{"not_picked":["CrushJoints","FlyingSleeves+1"],"picked":"EmptyFist","floor":31},{"not_picked":["FollowUp","SashWhip+1"],"picked":"EmptyBody+1","floor":35},{"not_picked":["ThirdEye","Collect","Prostrate"],"picked":"SKIP","floor":36},{"not_picked":["Meditate","Wireheading+1"],"picked":"MentalFortress+1","floor":38},{"not_picked":["Crescendo+1","Prostrate","ForeignInfluence"],"picked":"SKIP","floor":40},{"not_picked":["FlyingSleeves","Scrawl","BattleHymn+1"],"picked":"SKIP","floor":41},{"not_picked":["PathToVictory","Protect"],"picked":"Halt","floor":42},{"not_picked":["PathToVictory","EmptyBody","CarveReality"],"picked":"SKIP","floor":45},{"not_picked":["EmptyBody","Swivel","Meditate+1"],"picked":"SKIP","floor":48}],"player_experience":3006463,"relics_obtained":[{"floor":7,"key":"Orichalcum"},{"floor":9,"key":"Yang"},{"floor":11,"key":"aspiration:ChemicalBlood"},{"floor":13,"key":"Happy Flower"},{"floor":19,"key":"Red Mask"},{"floor":24,"key":"Smiling Mask"},{"floor":26,"key":"Regal Pillow"},{"floor":27,"key":"Frozen Egg 2"},{"floor":30,"key":"Girya"},{"floor":41,"key":"PreservedInsect"},{"floor":43,"key":"conspire:TopHat"}],"event_choices":[{"damage_healed":0,"gold_gain":0,"player_choice":"Gave Potion","damage_taken":0,"relics_obtained":["HornCleat"],"max_hp_gain":0,"max_hp_loss":0,"event_name":"WeMeetAgain","floor":2,"gold_loss":0},{"damage_healed":0,"gold_gain":0,"player_choice":"Agree","damage_taken":0,"max_hp_gain":0,"max_hp_loss":0,"event_name":"conspire:LoneGhost","floor":14,"gold_loss":0},{"damage_healed":0,"gold_gain":0,"player_choice":"Fought Bandits","damage_taken":0,"max_hp_gain":0,"max_hp_loss":0,"event_name":"Masked Bandits","floor":19,"gold_loss":0},{"cards_removed":["Alpha"],"damage_healed":0,"gold_gain":0,"player_choice":"Elegance","damage_taken":0,"max_hp_gain":0,"max_hp_loss":0,"event_name":"Back to Basics","floor":20,"gold_loss":0},{"damage_healed":0,"gold_gain":0,"player_choice":"Cursed","damage_taken":0,"max_hp_gain":0,"max_hp_loss":0,"event_name":"Wheel of Change","floor":39,"gold_loss":0,"cards_obtained":["Decay"]},{"damage_healed":0,"gold_gain":0,"player_choice":"Ignored","damage_taken":0,"max_hp_gain":0,"max_hp_loss":0,"event_name":"Tomb of Lord Red Mask","floor":47,"gold_loss":0}],"is_beta":false,"boss_relics":[{"not_picked":["Busted Crown","aspiration:RitualDagger"],"picked":"Pandora\u0027s Box"},{"not_picked":["aspiration:RandomNobGenerator","aspiration:FutureDiary","Velvet Choker"]}],"items_purged_floors":[],"is_endless":false,"potions_floor_spawned":[1,4,8,16,25,29,31,38,40,41],"ascension_level":20}}