{"host":"sckme7d1fomdxamv","time":1611840921,"event":{"mods":["Act Like it!","BaseMod","Downfall","Friendly Minions","Gensokyo","Kiyohime（清姬）","Marisa（F雨　魔理沙）","Minty Spire (QoL Compilation)","READ ME - Guardian Mod","Rare Cards Sparkle","Remilia（蕾米莉亚）","Replay The Spire","Shop Mod","StSLib","The Bug Knight","The Hierophant","The Servant 0.9.4"],"gold_per_floor":[119,47,47,222,259,310,260,260,260,260,300,332,435,484,484,565,565,550,550,550,550,402,402,136,211,234,202,180,180,203,262,262,225,225,225,225],"floor_reached":35,"language":"ZHS","playtime":3381,"items_purged":["hierophant:Community"],"score":457,"play_id":"85305eb1-fe95-47b1-9539-9ebed22ddb70","local_time":"20210128213521","is_ascension_mode":false,"campfire_choices":[{"data":"hierophant:Glossolalia","floor":8,"key":"SMITH"},{"data":"hierophant:SecretStash","floor":10,"key":"SMITH"},{"floor":15,"key":"REST"},{"data":"hierophant:Repentance","floor":23,"key":"SMITH"},{"floor":29,"key":"REST"},{"floor":32,"key":"REST"}],"circlet_count":0,"master_deck":["hierophant:Punish","hierophant:ChurchCoffers","hierophant:SecretStash+1","hierophant:Community+1","hierophant:Glossolalia+1","hierophant:Smite","hierophant:HolyVerse+1","hierophant:OrnateBuckler","hierophant:HolyVerse","hierophant:PassingBell","hierophant:AuricShield+1","hierophant:AuricShield","hierophant:Doubloon","hierophant:Generosity+1","hierophant:Doubloon","hierophant:Prophecy+1","hierophant:RepressedViolence+1","hierophant:Generosity+1","hierophant:Sermon","hierophant:Repentance+1","hierophant:Doubloon","hierophant:Doubloon","hierophant:Charity","hierophant:Doubloon","hierophant:Sermon+1","hierophant:Shelter","hierophant:Doubloon","hierophant:Remorse+1","hierophant:Encroach","hierophant:RustyCrate+1","hierophant:Doubloon","hierophant:Doubloon","hierophant:Batter","hierophant:Shelter","hierophant:FaithHealing","hierophant:Empathy","hierophant:EyeForCoin"],"relics":["hierophant:PropheticMaskRelic","NeowsBlessing","InkBottle","Astrolabe","Juzu Bracelet","Guide Book","Centennial Puzzle","Pandora\u0027s Box"],"acts_visited":["Exordium","TheCity","TheBeyond"],"potions_floor_usage":[18,31,33,33],"damage_taken":[{"damage":0,"enemies":"Small Slimes","floor":1,"turns":1},{"damage":0,"enemies":"Jaw Worm","floor":5,"turns":1},{"damage":0,"enemies":"HollowMod:MossKnight","floor":6,"turns":1},{"damage":0,"enemies":"2 Louse","floor":11,"turns":1},{"damage":10,"enemies":"Exordium Thugs","floor":12,"turns":2},{"damage":1,"enemies":"Exordium Wildlife","floor":14,"turns":3},{"damage":29,"enemies":"Fading Forest","floor":16,"turns":11},{"damage":36,"enemies":"Chosen","floor":18,"turns":10},{"damage":18,"enemies":"Spheric Guardian","floor":25,"turns":4},{"damage":3,"enemies":"Centurion and Healer","floor":27,"turns":6},{"damage":0,"enemies":"Cultist and Chosen","floor":28,"turns":3},{"damage":9,"enemies":"3 Cultists","floor":30,"turns":4},{"damage":21,"enemies":"Snake Plant","floor":31,"turns":2},{"damage":25,"enemies":"Champ","floor":33,"turns":20},{"damage":95,"enemies":"Orb Walker","floor":35,"turns":5}],"seed_played":"564135825945687298","potions_obtained":[{"floor":1,"key":"FearPotion"},{"floor":6,"key":"BlessingOfTheForge"},{"floor":16,"key":"Weak Potion"},{"floor":25,"key":"Energy Potion"},{"floor":30,"key":"Fire Potion"}],"is_trial":false,"path_per_floor":["M","$","?","?","M","E","?","R","T","R","M","M","?","M","R","B",null,"M","?","?","?","$","R","$","M","T","M","M","R","M","M","R","B",null,"M"],"character_chosen":"HIEROPHANT","items_purchased":["hierophant:Community","hierophant:Repentance","hierophant:Doubloon","hierophant:Charity","Guide Book"],"campfire_rested":3,"item_purchase_floors":[2,22,24,24,24],"current_hp_per_floor":[75,75,75,75,75,75,75,75,75,75,75,65,35,34,56,37,75,39,39,39,39,39,39,39,21,21,18,18,40,31,10,32,7,75,0,0],"gold":225,"neow_bonus":"THREE_ENEMY_KILL","is_daily":false,"chose_seed":false,"campfire_upgraded":3,"win_rate":0.0,"timestamp":1611840921,"path_taken":["M","$","?","?","M","E","?","R","T","R","?","M","?","?","R","BOSS","M","?","?","?","?","R","$","M","T","M","M","R","M","M","R","BOSS","M"],"items_purchased_type":["Card","Card","Card","Card","Relic"],"build_version":"2020-12-22","purchased_purges":1,"victory":false,"max_hp_per_floor":[75,75,75,75,75,75,75,75,75,75,75,75,75,75,75,75,75,75,75,75,75,75,75,75,75,75,75,75,75,75,75,75,75,75,75,75],"card_choices":[{"not_picked":["hierophant:Shelter","hierophant:FieryStrike"],"picked":"hierophant:SecretStash","floor":1},{"not_picked":["hierophant:SealAway","hierophant:FlamingChariot"],"picked":"hierophant:Glossolalia","floor":5},{"not_picked":["hierophant:HammerAndAnvil","hierophant:Bribe"],"picked":"hierophant:Smite","floor":6},{"not_picked":["hierophant:SealAway","hierophant:Remorse"],"picked":"hierophant:HolyVerse","floor":11},{"not_picked":["hierophant:HammerAndAnvil","hierophant:PassingBell"],"picked":"hierophant:OrnateBuckler","floor":12},{"not_picked":["hierophant:SealAway","hierophant:ThreeLashes"],"picked":"hierophant:HolyVerse","floor":13},{"not_picked":["hierophant:SealAway","hierophant:Prophecy"],"picked":"hierophant:PassingBell","floor":13},{"not_picked":["hierophant:Embezzle","hierophant:Flagellation"],"picked":"hierophant:AuricShield","floor":13},{"not_picked":["hierophant:DeathKnell","hierophant:RepressedViolence"],"picked":"hierophant:AuricShield","floor":14},{"not_picked":["hierophant:DeathKnell","hierophant:WrathOfGod"],"picked":"hierophant:Generosity","floor":16},{"not_picked":["hierophant:ConvertCurrency","hierophant:HolyVerse"],"picked":"hierophant:Sermon","floor":18},{"not_picked":["hierophant:FlamingChariot+1","hierophant:Purify"],"picked":"hierophant:Sermon+1","floor":25},{"not_picked":["hierophant:Purify","hierophant:AuricBeam+1"],"picked":"hierophant:Shelter","floor":27},{"not_picked":["hierophant:AuricShield","hierophant:Upheaval+1"],"picked":"hierophant:Remorse+1","floor":28},{"not_picked":["hierophant:Batter","hierophant:AuricBeam"],"picked":"hierophant:Encroach","floor":30},{"not_picked":["hierophant:Glossolalia","hierophant:DisplayOfPower"],"picked":"hierophant:RustyCrate+1","floor":31},{"not_picked":["hierophant:Generosity","hierophant:Anathema"],"picked":"hierophant:Batter","floor":33}],"player_experience":230148,"relics_obtained":[{"floor":6,"key":"InkBottle"},{"floor":26,"key":"Centennial Puzzle"}],"event_choices":[{"damage_healed":0,"gold_gain":175,"player_choice":"AGREE","damage_taken":0,"max_hp_gain":0,"max_hp_loss":0,"event_name":"Liars Game","floor":4,"gold_loss":0,"cards_obtained":["Doubt"]},{"cards_removed":["Doubt"],"damage_healed":0,"gold_gain":0,"player_choice":"Card Removal","damage_taken":0,"max_hp_gain":0,"max_hp_loss":0,"event_name":"The Cleric","floor":7,"gold_loss":50},{"damage_healed":0,"gold_gain":0,"player_choice":"Ignored","damage_taken":0,"max_hp_gain":0,"max_hp_loss":0,"event_name":"Vampires","floor":19,"gold_loss":0},{"damage_healed":0,"gold_gain":0,"player_choice":"Gave Potion","damage_taken":0,"relics_obtained":["Juzu Bracelet"],"max_hp_gain":0,"max_hp_loss":0,"event_name":"WeMeetAgain","floor":20,"gold_loss":0},{"damage_healed":0,"gold_gain":0,"player_choice":"Upgraded","damage_taken":0,"max_hp_gain":0,"max_hp_loss":0,"event_name":"Upgrade Shrine","floor":21,"gold_loss":0,"cards_upgraded":["hierophant:HolyVerse"]}],"is_beta":false,"boss_relics":[{"not_picked":["Busted Crown","Cursed Key"],"picked":"Astrolabe"},{"not_picked":["Coffee Dripper","Fusion Hammer"],"picked":"Pandora\u0027s Box"}],"items_purged_floors":[22],"is_endless":false,"potions_floor_spawned":[1,6,16,25,30],"killed_by":"Orb Walker","ascension_level":0}}