{"host":"684z1xpuwaoqmmh1","time":1611825657,"event":{"mods":["BaseMod","Downfall","Hermit","Jorbs\u0027s Wanderer Trilogy","Marisa????????","Minty Spire (QoL Compilation)","Robot Space Explorer","Shade Mod","StSLib","The Bug Knight","The Cursed","The Dragon Tamer","The Hayseed","The Hierophant","The Marked","The Mystic","The Runesmith","The Senshi"],"gold_per_floor":[119,44,44,44,44,75,75,111,186,186,209,230,230,273,273,383,383,398,409,424,451,52,52,88,187,187,228,228,228],"floor_reached":28,"language":"ENG","playtime":1083,"items_purged":["Runesmith:Strike_RS","Regret"],"score":405,"play_id":"3ef4db32-6d6d-49c2-b559-c7aa3d8619ad","local_time":"20210128112057","is_ascension_mode":true,"campfire_choices":[{"data":"Runesmith:CraftFirestone","floor":7.0,"key":"SMITH"},{"data":"Runesmith:Repurpose","floor":10.0,"key":"SMITH"},{"data":"Runesmith:GoWithTheFlow","floor":13,"key":"SMITH"},{"data":"Runesmith:OneForEveryone","floor":15,"key":"SMITH"},{"floor":23,"key":"REST"}],"circlet_count":0,"master_deck":["Runesmith:Strike_RS","Runesmith:Strike_RS","Runesmith:Strike_RS","Runesmith:Defend_RS","Runesmith:Defend_RS","Runesmith:Defend_RS","Runesmith:CraftFirestone+1","Runesmith:Fortify","Runesmith:OneForEveryone+1","Runesmith:Repurpose+1","Runesmith:UnstableHammer","Runesmith:CraftReservo","Runesmith:CraftMagma","Runesmith:GoWithTheFlow+1","Runesmith:NanitesCloud","Runesmith:GrandSlam","Runesmith:Superposition+1","Runesmith:HeatedChisel","Runesmith:EarthShield"],"relics":["Runesmith:BrokenRuby","NeowsBlessing","Nunchaku","Akabeko","CeramicFish","HollowMod:StagPassRelic","hexamod:CandleOfCauterizing","Busted Crown","Runesmith:MiniCore","Sling","Centennial Puzzle","Thread and Needle","MealTicket"],"acts_visited":["Exordium","TheCity"],"potions_floor_usage":[18,20,24,28],"damage_taken":[{"damage":0.0,"enemies":"Small Slimes","floor":1.0,"turns":1.0},{"damage":0.0,"enemies":"Lagavulin","floor":6.0,"turns":1.0},{"damage":0.0,"enemies":"Gremlin Nob","floor":8.0,"turns":1.0},{"damage":0.0,"enemies":"2 Louse","floor":11.0,"turns":2.0},{"damage":3,"enemies":"Cultist","floor":12,"turns":3},{"damage":6,"enemies":"3 Sentries","floor":14,"turns":5},{"damage":23,"enemies":"The Guardian","floor":16,"turns":11},{"damage":0,"enemies":"3 Byrds","floor":18,"turns":4},{"damage":16,"enemies":"Spheric Guardian","floor":19,"turns":4},{"damage":0,"enemies":"3 Cultists","floor":20,"turns":6},{"damage":18,"enemies":"Snake Plant","floor":21,"turns":4},{"damage":24,"enemies":"Book of Stabbing","floor":24,"turns":3},{"damage":13,"enemies":"HollowMod:Nosk","floor":27,"turns":2},{"damage":12,"enemies":"Masked Bandits","floor":28,"turns":4}],"seed_played":"5046472936512710863","potions_obtained":[{"floor":1.0,"key":"DuplicationPotion"},{"floor":11.0,"key":"FearPotion"},{"floor":12,"key":"Fire Potion"},{"floor":19,"key":"DistilledChaos"},{"floor":24,"key":"Dexterity Potion"}],"is_trial":false,"path_per_floor":["M","$","?","?","?","E","R","E","T","R","M","M","R","E","R","B",null,"M","M","M","M","$","R","E","?","T","E","?"],"character_chosen":"RUNESMITH_CLASS","items_purchased":["Runesmith:MiniCore","Sling"],"campfire_rested":1,"item_purchase_floors":[22,22],"current_hp_per_floor":[70,70,70,70,70,70,70,70,70,70,70,67,67,61,61,38,62,62,46,46,28,28,49,25,25,25,12,0,0],"gold":228,"neow_bonus":"THREE_ENEMY_KILL","is_daily":false,"chose_seed":false,"campfire_upgraded":4,"win_rate":0.0,"timestamp":1611825657,"path_taken":["M","$","?","?","?","E","R","E","T","R","?","M","R","E","R","BOSS","M","M","M","M","$","R","E","?","T","E","?"],"items_purchased_type":["Relic","Relic"],"build_version":"2020-12-22","purchased_purges":2,"victory":false,"max_hp_per_floor":[70,70,70,70,70,70,70,70,70,70,70,70,70,70,70,70,70,70,70,70,70,70,70,70,70,70,70,70,70],"card_choices":[{"not_picked":["Runesmith:BackupBattery","Runesmith:HammerTime"],"picked":"Runesmith:OneForEveryone","floor":1.0},{"not_picked":["Runesmith:HammerAndChisel","Runesmith:CraftProtectio"],"picked":"Runesmith:UnstableHammer","floor":6.0},{"not_picked":["Runesmith:WhiteBalance","Runesmith:Augment"],"picked":"Runesmith:CraftReservo","floor":8.0},{"not_picked":["Runesmith:ChiselStab","Runesmith:HammerThrow"],"picked":"Runesmith:CraftMagma","floor":11.0},{"not_picked":["Runesmith:Accelerate","Runesmith:CraftObretio"],"picked":"Runesmith:GoWithTheFlow","floor":12},{"not_picked":["Runesmith:HammerThrow","Runesmith:CraftProtectio"],"picked":"Runesmith:NanitesCloud","floor":14},{"not_picked":["Runesmith:LastStand","Runesmith:CraftPrismatica"],"picked":"Runesmith:GrandSlam","floor":16},{"not_picked":["Runesmith:Empowerment"],"picked":"SKIP","floor":18},{"not_picked":["Runesmith:UnstableHammer"],"picked":"SKIP","floor":19},{"not_picked":["Runesmith:CraftReservo+1"],"picked":"SKIP","floor":20},{"not_picked":[],"picked":"Runesmith:Superposition+1","floor":21},{"not_picked":[],"picked":"Runesmith:HeatedChisel","floor":24},{"not_picked":[],"picked":"Runesmith:EarthShield","floor":27}],"player_experience":2975706,"relics_obtained":[{"floor":6.0,"key":"Akabeko"},{"floor":8.0,"key":"CeramicFish"},{"floor":9.0,"key":"HollowMod:StagPassRelic"},{"floor":14,"key":"hexamod:CandleOfCauterizing"},{"floor":24,"key":"Centennial Puzzle"},{"floor":26,"key":"Thread and Needle"},{"floor":27,"key":"MealTicket"}],"event_choices":[{"damage_healed":0.0,"max_hp_gain":0.0,"max_hp_loss":0.0,"gold_gain":0.0,"event_name":"Big Fish","player_choice":"Box","floor":3.0,"gold_loss":0.0,"damage_taken":0.0,"relics_obtained":["Nunchaku"],"cards_obtained":["Regret"]},{"damage_healed":0.0,"max_hp_gain":0.0,"max_hp_loss":0.0,"gold_gain":0.0,"event_name":"Liars Game","player_choice":"Ignored","floor":4.0,"gold_loss":0.0,"damage_taken":0.0},{"damage_healed":0.0,"max_hp_gain":0.0,"max_hp_loss":0.0,"gold_gain":0.0,"cards_transformed":["Runesmith:Defend_RS"],"event_name":"Transmorgrifier","player_choice":"Transformed","floor":5.0,"gold_loss":0.0,"damage_taken":0.0,"cards_obtained":["Runesmith:Repurpose"]},{"damage_healed":0,"gold_gain":99,"player_choice":"Stole From Cult","damage_taken":0,"max_hp_gain":0,"max_hp_loss":0,"event_name":"Nest","floor":25,"gold_loss":0},{"damage_healed":0,"gold_gain":0,"player_choice":"Fought Bandits","damage_taken":0,"max_hp_gain":0,"max_hp_loss":0,"event_name":"Masked Bandits","floor":28,"gold_loss":0}],"is_beta":false,"boss_relics":[{"not_picked":["Fusion Hammer","Ectoplasm"],"picked":"Busted Crown"}],"items_purged_floors":[2,22],"is_endless":false,"potions_floor_spawned":[1,11,12,14,16,19,24],"killed_by":"Masked Bandits","ascension_level":5}}