{"host":"l84l8xigz5v5foa2","time":1611822465,"event":{"mods":["2.2 Compatiblity","AchievementEnabler","BaseMod","Better Note","Better Vampires","Card Filter","Colored Map","DeckTracker","Downfall","Gremlin Skip","Highlight Path","Keyboard Shortcuts","Minty Spire (QoL Compilation)","Permanent Neow","Quick Restart","Relic Filter","Relic Stats","StSLib","SuperFastMode","Transform Curses","Unknown Chances"],"gold_per_floor":[0,18,32,32,42,71,71,171,81,99,99,109,109,120,132,228,228,228,246,7,22,32,32,55,55,65,165,65,84,109,119,135,240,240,240,257,271,271,282,293,320,373,287,287,187,221,121,135,147,147,147,175,22,22,22,22,22,22],"floor_reached":56,"language":"ENG","playtime":5603,"items_purged":["bronze:Strike","bronze:Strike"],"score":848,"play_id":"0151a122-a7d2-4c28-b2d5-13a8f2ef036a","local_time":"20210128172745","is_ascension_mode":true,"campfire_choices":[{"data":"bronze:Goto","floor":1.0,"key":"SMITH"},{"data":"bronze:FineTuning","floor":11.0,"key":"SMITH"},{"data":"bronze:Return","floor":13.0,"key":"SMITH"},{"data":"bronze:ItsAFeature","floor":18.0,"key":"SMITH"},{"floor":23.0,"key":"RECALL"},{"data":"bronze:Verify","floor":25.0,"key":"SMITH"},{"data":"bronze:Assembly","floor":28.0,"key":"SMITH"},{"data":"bronze:Repulsor","floor":35.0,"key":"SMITH"},{"data":"Secret Technique","floor":45.0,"key":"SMITH"},{"data":"bronze:Format","floor":47.0,"key":"SMITH"},{"data":"bronze:BuggyMess","floor":54,"key":"SMITH"}],"circlet_count":0,"master_deck":["bronze:Strike","bronze:Defend","bronze:Defend","bronze:Defend","bronze:Defend","bronze:Replicate","bronze:Goto+1","bronze:FollowUp","bronze:Repair","bronze:Return+1","bronze:Assembly+1","bronze:FineTuning+1","bronze:ItsAFeature+1","bronze:CloningBeam","bronze:ChosenStrike","bronze:Verify+1","bronze:MaxOutput","bronze:Repulsor+1","bronze:WhirlingStrike+1","bronze:Fortify+1","bronze:Virus","bronze:BuggyMess+1","bronze:Iterate+1","bronze:Constructor+1","bronze:Format+1","Secret Technique+1","bronze:Iterate+1","bronze:MaxOutput","bronze:Terminator+1","bronze:AlphaBuild","bronze:HardenedForm"],"relics":["bronze:BronzeCore","Torii","MealTicket","Mummified Hand","sneckomod:SneckoTalon","bronze:BronzeIdol","Ancient Tea Set","downfall:HeartBlessingRed","Red Mask","Sozu","Blue Candle","champ:DeflectingBracers","Guardian:BottledAnomaly","downfall:HeartBlessingBlue","Dream Catcher","downfall:HeartBlessingGreen","Centennial Puzzle"],"acts_visited":["TheCity","TheBeyond","TheEnding"],"potions_floor_usage":[56],"damage_taken":[{"damage":1.0,"enemies":"Small Slimes","floor":2.0,"turns":4.0},{"damage":2.0,"enemies":"Jaw Worm","floor":3.0,"turns":4.0},{"damage":0.0,"enemies":"Cultist","floor":5.0,"turns":3.0},{"damage":7.0,"enemies":"Lagavulin","floor":6.0,"turns":7.0},{"damage":0.0,"enemies":"downfall:FleeingMerchant","floor":9.0,"turns":4.0},{"damage":4.0,"enemies":"Lots of Slimes","floor":10.0,"turns":4.0},{"damage":1.0,"enemies":"3 Louse","floor":12.0,"turns":3.0},{"damage":0.0,"enemies":"Red Slaver","floor":14.0,"turns":3.0},{"damage":1.0,"enemies":"Blue Slaver","floor":15.0,"turns":3.0},{"damage":43.0,"enemies":"DF_ARCHETYPE_STREAMLINE","floor":16.0,"turns":11.0},{"damage":0.0,"enemies":"3 Byrds","floor":19.0,"turns":4.0},{"damage":4.0,"enemies":"downfall:FleeingMerchant","floor":20.0,"turns":4.0},{"damage":0.0,"enemies":"Spheric Guardian","floor":21.0,"turns":3.0},{"damage":8.0,"enemies":"Snake Plant","floor":22.0,"turns":5.0},{"damage":21.0,"enemies":"Sentry and Sphere","floor":26.0,"turns":5.0},{"damage":11.0,"enemies":"Cultist and Chosen","floor":29.0,"turns":4.0},{"damage":2.0,"enemies":"Masked Bandits","floor":30.0,"turns":3.0},{"damage":0.0,"enemies":"Chosen and Byrds","floor":31.0,"turns":5.0},{"damage":0.0,"enemies":"Centurion and Healer","floor":32.0,"turns":5.0},{"damage":17.0,"enemies":"IC_MUSHROOM_ARCHETYPE","floor":33.0,"turns":7.0},{"damage":0.0,"enemies":"Orb Walker","floor":36.0,"turns":2.0},{"damage":0.0,"enemies":"3 Shapes","floor":37.0,"turns":2.0},{"damage":18.0,"enemies":"Maw","floor":39.0,"turns":6.0},{"damage":21.0,"enemies":"3 Darklings","floor":40.0,"turns":6.0},{"damage":14.0,"enemies":"2 Orb Walkers","floor":42.0,"turns":4.0},{"damage":2.0,"enemies":"downfall:FleeingMerchant","floor":43.0,"turns":4.0},{"damage":0.0,"enemies":"Reptomancer","floor":46.0,"turns":5.0},{"damage":0.0,"enemies":"Transient","floor":48.0,"turns":5.0},{"damage":1.0,"enemies":"Sphere and 2 Shapes","floor":49.0,"turns":3.0},{"damage":0.0,"enemies":"SI_POISON_ARCHETYPE","floor":50.0,"turns":6.0},{"damage":69,"enemies":"downfall:CharBossMerchant","floor":52,"turns":7},{"damage":25,"enemies":"downfall:NeowBoss","floor":55,"turns":11},{"damage":32,"enemies":"downfall:NeowBossFinal","floor":56,"turns":3}],"seed_played":"204728786840479290","potions_obtained":[{"floor":2.0,"key":"SpeedPotion"},{"floor":6.0,"key":"SteroidPotion"},{"floor":10.0,"key":"SpeedPotion"},{"floor":12.0,"key":"LiquidMemories"},{"floor":14.0,"key":"LiquidMemories"},{"floor":21.0,"key":"Weak Potion"},{"floor":22.0,"key":"Block Potion"},{"floor":29.0,"key":"bronze:FreeFunctionsPotion"},{"floor":33.0,"key":"DuplicationPotion"}],"is_trial":false,"path_per_floor":["R","M","M","?","M","E","T","?","$","M","R","M","R","M","M","B",null,"R","M","$","M","M","R","T","R","M","?","R","M","?","M","M","B",null,"R","M","M","?","M","M","T","?","$","?","R","E","R","M","M","B",null,"E","$","R","B","B"],"character_chosen":"THE_AUTOMATON","items_purchased":["bronze:BronzeIdol","bronze:Repulsor","Guardian:BottledAnomaly","Secret Technique","bronze:HardenedForm"],"campfire_rested":0,"item_purchase_floors":[20,20,43,43,53],"current_hp_per_floor":[70,69,67,72,75,68,68,68,75,75,75,75,75,75,74,38,75,75,75,71,75,67,67,67,67,53,53,53,49,47,54,61,44,75,75,75,75,70,57,43,43,36,56,56,66,80,80,80,85,85,85,16,31,31,13,0,0,0],"gold":22,"neow_bonus":"ONE_RARE_RELIC","is_daily":false,"chose_seed":false,"campfire_upgraded":10,"win_rate":0.0,"timestamp":1611822465,"path_taken":["R","M","M","?","M","E","T","?","?","M","R","M","R","?","M","BOSS","R","M","$","M","M","R","T","R","?","?","R","?","?","M","M","BOSS","R","M","M","?","M","M","T","?","$","?","R","E","R","M","M","BOSS","E","$","R","BOSS","BOSS"],"items_purchased_type":["Relic","Card","Relic","Card","Card"],"build_version":"2020-12-22","purchased_purges":2,"victory":false,"max_hp_per_floor":[70,70,70,75,75,75,75,75,75,75,75,75,75,75,75,75,75,75,75,75,75,75,75,75,75,75,75,75,75,75,75,75,75,75,75,75,75,75,75,75,75,75,75,75,85,85,85,85,85,85,85,85,85,85,85,85,85,85],"relic_stats":{"Sozu":3,"Dream Catcher":0,"Centennial Puzzle":[5],"Torii":56,"counters":[33,155],"Mummified Hand":[88],"Blue Candle":[4],"MealTicket":37,"obtain_stats":[{"bronze:BronzeCore":0,"Torii":0,"downfall:HeartBlessingRed":28,"Blue Candle":38,"downfall:HeartBlessingGreen":47,"champ:DeflectingBracers":42,"sneckomod:SneckoTalon":17,"Ancient Tea Set":24,"bronze:BronzeIdol":20,"Sozu":34,"Dream Catcher":46,"Centennial Puzzle":52,"Mummified Hand":7,"downfall:HeartBlessingBlue":45,"MealTicket":6,"Red Mask":30,"Guardian:BottledAnomaly":43},{"bronze:BronzeCore":0,"Torii":0,"downfall:HeartBlessingRed":15,"Blue Candle":22,"downfall:HeartBlessingGreen":27,"champ:DeflectingBracers":25,"sneckomod:SneckoTalon":10,"Ancient Tea Set":14,"bronze:BronzeIdol":12,"Sozu":20,"Dream Catcher":27,"Centennial Puzzle":31,"Mummified Hand":4,"downfall:HeartBlessingBlue":26,"MealTicket":4,"Red Mask":17,"Guardian:BottledAnomaly":26},{"bronze:BronzeCore":0,"Torii":0,"downfall:HeartBlessingRed":67,"Blue Candle":95,"downfall:HeartBlessingGreen":120,"champ:DeflectingBracers":111,"sneckomod:SneckoTalon":46,"Ancient Tea Set":62,"bronze:BronzeIdol":54,"Sozu":91,"Dream Catcher":120,"Centennial Puzzle":141,"Mummified Hand":18,"downfall:HeartBlessingBlue":115,"MealTicket":18,"Red Mask":74,"Guardian:BottledAnomaly":115}]},"card_choices":[{"not_picked":["bronze:Branch","bronze:Deprecate"],"picked":"bronze:FollowUp","floor":2.0},{"not_picked":["bronze:ForceShield","bronze:MaxOutput"],"picked":"bronze:Repair","floor":3.0},{"not_picked":["bronze:NullPointer","bronze:BugBarrage"],"picked":"bronze:Return","floor":5.0},{"not_picked":["bronze:ThunderWave","bronze:OilSpill"],"picked":"bronze:Assembly","floor":6.0},{"not_picked":["bronze:BitShift","bronze:MaxOutput"],"picked":"bronze:FineTuning","floor":9.0},{"not_picked":["bronze:ForLoop","bronze:WhirlingStrike"],"picked":"bronze:ItsAFeature","floor":10.0},{"not_picked":["bronze:Deprecate","bronze:InfiniteBeams","bronze:BronzeArmor"],"picked":"SKIP","floor":12.0},{"not_picked":["bronze:Constructor","bronze:Frontload"],"picked":"bronze:CloningBeam","floor":14.0},{"not_picked":["bronze:DelayedGuard","bronze:Flail"],"picked":"bronze:ChosenStrike","floor":15.0},{"not_picked":["bronze:Break","bronze:CleanCode"],"picked":"bronze:Verify","floor":16.0},{"not_picked":["bronze:BitShift","bronze:WildBeam","bronze:BuggyMess+1"],"picked":"SKIP","floor":19.0},{"not_picked":["bronze:FineTuning","bronze:Branch+1"],"picked":"bronze:MaxOutput","floor":20.0},{"not_picked":["bronze:WildBeam+1","bronze:Fortify","bronze:MaxOutput"],"picked":"SKIP","floor":21.0},{"not_picked":["bronze:DelayedSlice","bronze:FineTuning"],"picked":"bronze:WhirlingStrike+1","floor":22.0},{"not_picked":["bronze:Invalidate","bronze:Backtrace","bronze:Separator"],"picked":"SKIP","floor":26.0},{"not_picked":["bronze:Repulsor","bronze:Return+1","bronze:Refactor+1"],"picked":"SKIP","floor":29.0},{"not_picked":["bronze:ChildClass","bronze:Invalidate"],"picked":"bronze:Fortify+1","floor":31.0},{"not_picked":["bronze:Deprecate","bronze:DelayedGuard","bronze:ChosenStrike"],"picked":"SKIP","floor":32.0},{"not_picked":["bronze:BurnOut","bronze:Format"],"picked":"bronze:Virus","floor":33.0},{"not_picked":["bronze:Frontload+1","bronze:BronzeArmor+1","bronze:Shield+1"],"picked":"SKIP","floor":36.0},{"not_picked":["bronze:Shell","bronze:Invalidate"],"picked":"bronze:BuggyMess","floor":37.0},{"not_picked":["bronze:ChildClass","bronze:Optimize"],"picked":"bronze:Iterate+1","floor":39.0},{"not_picked":["bronze:ItsAFeature+1","bronze:BugBarrage+1"],"picked":"bronze:Constructor+1","floor":40.0},{"not_picked":["bronze:BitShift+1","bronze:WhirlingStrike+1"],"picked":"bronze:Format","floor":42.0},{"not_picked":["bronze:Invalidate+1","bronze:Turbo","bronze:FollowUp"],"picked":"SKIP","floor":43.0},{"not_picked":["bronze:ClassDefault+1","bronze:BuggyMess+1"],"picked":"bronze:Iterate+1","floor":46.0},{"not_picked":["bronze:Safeguard","bronze:ChosenStrike"],"picked":"bronze:MaxOutput","floor":48.0},{"not_picked":["bronze:Invalidate+1","bronze:GetLatest"],"picked":"bronze:Terminator+1","floor":49.0},{"not_picked":["bronze:Shell","bronze:DelayedGuard+1"],"picked":"bronze:AlphaBuild","floor":52}],"player_experience":3468197,"relics_obtained":[{"floor":6.0,"key":"MealTicket"},{"floor":7.0,"key":"Mummified Hand"},{"floor":24.0,"key":"Ancient Tea Set"},{"floor":30.0,"key":"Red Mask"},{"floor":42.0,"key":"champ:DeflectingBracers"},{"floor":46.0,"key":"Dream Catcher"},{"floor":52,"key":"Centennial Puzzle"}],"event_choices":[{"damage_healed":0.0,"max_hp_gain":5.0,"max_hp_loss":0.0,"gold_gain":0.0,"event_name":"Big Fish","player_choice":"Donut","floor":4.0,"gold_loss":0.0,"damage_taken":0.0},{"damage_healed":0.0,"max_hp_gain":0.0,"max_hp_loss":0.0,"gold_gain":0.0,"event_name":"Masked Bandits","player_choice":"Fought Bandits","floor":30.0,"gold_loss":0.0,"damage_taken":0.0},{"damage_healed":0.0,"max_hp_gain":0.0,"max_hp_loss":0.0,"gold_gain":0.0,"event_name":"Mysterious Sphere","player_choice":"Fight","floor":42.0,"gold_loss":0.0,"damage_taken":0.0},{"cards_removed":["bronze:Strike"],"damage_healed":0.0,"max_hp_gain":0.0,"max_hp_loss":0.0,"gold_gain":0.0,"event_name":"Wheel of Change","player_choice":"Card Removal","floor":44.0,"gold_loss":0.0,"damage_taken":0.0}],"is_beta":false,"boss_relics":[{"not_picked":["Snecko Eye","Calling Bell"],"picked":"sneckomod:SneckoTalon"},{"not_picked":["expansioncontent:StudyCardRelic","Fusion Hammer"],"picked":"Sozu"}],"items_purged_floors":[9,43],"is_endless":false,"potions_floor_spawned":[2,6,10,12,14,21,22,29,33,37,40,46],"killed_by":"downfall:NeowBossFinal","ascension_level":1}}