{"host":"jwbw4f4imxd0v0b0","time":1611815946,"event":{"mods":["BaseMod","Colored Map","Highlight Path","Minty Spire (QoL Compilation)","Relic Stats","StSLib"],"gold_per_floor":[209,209,226,18,18,45,45,77,77,102,112,132,132,143,143,240,240,252,351,266,281,13,13,39,39,39,39,54,54,54,86,86,182,182,198,208,208,33,87,122,137,166,191,191,14,14,26,53,53,53],"floor_reached":51,"language":"ENG","playtime":3223,"items_purged":["Defend_B","Decay"],"score":1375,"play_id":"62c0b480-e55e-4817-80bf-93a772c6daff","local_time":"20210128003906","is_ascension_mode":true,"campfire_choices":[{"data":"Glacier","floor":7,"key":"SMITH"},{"data":"Zap","floor":13,"key":"SMITH"},{"data":"Fasting2","floor":15,"key":"SMITH"},{"data":"Echo Form","floor":23,"key":"SMITH"},{"data":"Riddle With Holes","floor":25,"key":"SMITH"},{"data":"Pain","floor":29,"key":"PURGE"},{"data":"Writhe","floor":32,"key":"PURGE"},{"data":"Writhe","floor":44,"key":"PURGE"},{"data":"Barrage","floor":46,"key":"SMITH"},{"data":"Defragment","floor":49,"key":"SMITH"}],"circlet_count":0,"master_deck":["Strike_B+1","Defend_B+1","Defend_B+1","Zap+1","Dualcast","Beam Cell","Glacier+1","Coolheaded","Fasting2+1","Riddle With Holes+1","Apotheosis+1","ForeignInfluence+1","Fission+1","Echo Form+1","Good Instincts+1","JustLucky","BootSequence+1","PiercingWail+1","Echo Form","Melter+1","Leap+1","Heatsinks+1","Defragment+1","Barricade","Barrage+1","Sword Boomerang+1","Acrobatics+1"],"relics":["Cracked Core","PrismaticShard","Eternal Feather","Singing Bowl","Potion Belt","Toxic Egg 2","Cursed Key","InkBottle","Membership Card","Happy Flower","Peace Pipe","War Paint","Kunai","Astrolabe","Bronze Scales","Vajra","Blue Candle","Prayer Wheel","PreservedInsect","Sling","Mercury Hourglass"],"acts_visited":["Exordium","TheCity","TheBeyond"],"potions_floor_usage":[6,21,21,24,40,40,50,50,50,50,50],"damage_taken":[{"damage":7,"enemies":"Small Slimes","floor":1,"turns":4},{"damage":0,"enemies":"Cultist","floor":3,"turns":2},{"damage":0,"enemies":"3 Sentries","floor":6,"turns":11},{"damage":13,"enemies":"Lagavulin","floor":8,"turns":10},{"damage":29,"enemies":"Gremlin Nob","floor":10,"turns":6},{"damage":0,"enemies":"2 Louse","floor":11,"turns":2},{"damage":10,"enemies":"Exordium Wildlife","floor":12,"turns":4},{"damage":0,"enemies":"Blue Slaver","floor":14,"turns":4},{"damage":0,"enemies":"The Guardian","floor":16,"turns":14},{"damage":0,"enemies":"Shell Parasite","floor":18,"turns":7},{"damage":12,"enemies":"2 Thieves","floor":21,"turns":2},{"damage":20,"enemies":"Slavers","floor":24,"turns":4},{"damage":5,"enemies":"Snecko","floor":28,"turns":4},{"damage":9,"enemies":"Book of Stabbing","floor":31,"turns":4},{"damage":18,"enemies":"Automaton","floor":33,"turns":12},{"damage":8,"enemies":"3 Darklings","floor":35,"turns":5},{"damage":0,"enemies":"3 Shapes","floor":36,"turns":4},{"damage":8,"enemies":"Reptomancer","floor":40,"turns":9},{"damage":5,"enemies":"3 Darklings","floor":41,"turns":5},{"damage":1,"enemies":"Giant Head","floor":42,"turns":7},{"damage":1,"enemies":"Jaw Worm Horde","floor":47,"turns":4},{"damage":8,"enemies":"Nemesis","floor":48,"turns":3},{"damage":0,"enemies":"Time Eater","floor":50,"turns":10}],"seed_played":"8627837830208889005","potions_obtained":[{"floor":3,"key":"Fire Potion"},{"floor":11,"key":"Explosive Potion"},{"floor":14,"key":"SteroidPotion"},{"floor":21,"key":"DuplicationPotion"},{"floor":24,"key":"FocusPotion"},{"floor":28,"key":"Swift Potion"},{"floor":37,"key":"DistilledChaos"},{"floor":37,"key":"FearPotion"},{"floor":37,"key":"Ancient Potion"},{"floor":41,"key":"Fire Potion"},{"floor":42,"key":"PotionOfCapacity"}],"is_trial":false,"path_per_floor":["M","?","M","$","?","E","R","E","T","E","M","M","R","M","R","B",null,"M","?","?","M","$","R","E","R","T","?","M","R","?","E","R","B",null,"M","M","?","$","T","E","M","E","T","R","$","R","M","E","R","B",null],"character_chosen":"DEFECT","items_purchased":["PrismaticShard","Coolheaded","Membership Card","Fission+1","Echo Form","Defragment","Bronze Scales","PowerPotion","Barrage","PotionOfCapacity","Sling"],"campfire_rested":0,"item_purchase_floors":[4,4,22,22,22,38,38,38,45,45,45],"current_hp_per_floor":[61,46,46,46,46,46,52,41,41,14,14,6,12,12,18,18,65,67,67,67,55,55,64,44,53,53,53,48,60,60,51,63,45,74,68,70,70,70,70,62,59,60,60,75,75,90,89,83,93,93],"gold":53,"neow_bonus":"HUNDRED_GOLD","is_daily":false,"chose_seed":false,"campfire_upgraded":7,"win_rate":0.0,"timestamp":1611815946,"path_taken":["M","?","M","$","?","E","R","E","T","E","M","?","R","M","R","BOSS","M","?","?","M","?","R","E","R","T","?","M","R","?","E","R","BOSS","M","M","?","$","?","E","?","E","T","R","$","R","M","E","R","BOSS"],"items_purchased_type":["Relic","Card","Relic","Card","Card","Card","Relic","Potion","Card","Potion","Relic"],"build_version":"2020-12-22","purchased_purges":2,"victory":true,"max_hp_per_floor":[75,75,75,75,75,75,75,77,77,79,79,81,81,81,81,81,81,83,83,83,83,83,83,83,83,83,83,83,83,83,83,83,83,83,85,87,87,87,87,87,89,91,91,91,91,91,91,93,93,93],"relic_stats":{"Singing Bowl":18,"Happy Flower":[22],"counters":[23,137],"Astrolabe":["Melter","Leap","Heatsinks"],"Blue Candle":[2],"Eternal Feather":100,"PreservedInsect":50,"War Paint":["Defend_B","Defend_B"],"Cursed Key":3,"Mercury Hourglass":[24],"Peace Pipe":3,"Bronze Scales":[120],"Prayer Wheel":1,"Kunai":[17],"obtain_stats":[{"Potion Belt":9,"Singing Bowl":8,"Happy Flower":24,"Astrolabe":34,"Blue Candle":40,"Vajra":39,"Eternal Feather":6,"PreservedInsect":43,"War Paint":27,"PrismaticShard":4,"Cursed Key":17,"Sling":45,"Mercury Hourglass":48,"Peace Pipe":26,"Bronze Scales":38,"Prayer Wheel":42,"Membership Card":22,"Kunai":31,"Toxic Egg 2":10,"Cracked Core":0,"InkBottle":20},{"Potion Belt":4,"Singing Bowl":4,"Happy Flower":12,"Astrolabe":15,"Blue Candle":18,"Vajra":17,"Eternal Feather":3,"PreservedInsect":20,"War Paint":12,"PrismaticShard":2,"Cursed Key":9,"Sling":20,"Mercury Hourglass":22,"Peace Pipe":12,"Bronze Scales":17,"Prayer Wheel":20,"Membership Card":11,"Kunai":14,"Toxic Egg 2":5,"Cracked Core":0,"InkBottle":10},{"Potion Belt":27,"Singing Bowl":27,"Happy Flower":70,"Astrolabe":90,"Blue Candle":108,"Vajra":99,"Eternal Feather":17,"PreservedInsect":120,"War Paint":70,"PrismaticShard":6,"Cursed Key":57,"Sling":120,"Mercury Hourglass":127,"Peace Pipe":70,"Bronze Scales":99,"Prayer Wheel":120,"Membership Card":66,"Kunai":78,"Toxic Egg 2":33,"Cracked Core":0,"InkBottle":64}],"InkBottle":[35]},"card_choices":[{"not_picked":["Undo","Streamline"],"picked":"Beam Cell","floor":1},{"not_picked":["Beam Cell","Conserve Battery"],"picked":"Glacier","floor":3},{"not_picked":["Thunder Strike","Power Through","Dark Embrace"],"picked":"SKIP","floor":6},{"not_picked":["Auto Shields","Entrench","Cloak And Dagger"],"picked":"Singing Bowl","floor":8},{"not_picked":["Envenom","Clothesline","Gash"],"picked":"Singing Bowl","floor":10},{"not_picked":["Accuracy","Sucker Punch"],"picked":"Fasting2","floor":11},{"not_picked":["Consecrate","Blood for Blood","Setup+1"],"picked":"Singing Bowl","floor":12},{"not_picked":["Compile Driver","Indignation+1"],"picked":"Riddle With Holes","floor":14},{"not_picked":["Brilliance","Immolate"],"picked":"Apotheosis+1","floor":16},{"not_picked":["EmptyMind+1","Outmaneuver+1","Wild Strike"],"picked":"Singing Bowl","floor":18},{"not_picked":["True Grit+1","CarveReality+1"],"picked":"ForeignInfluence+1","floor":21},{"not_picked":["Bouncing Flask+1","Protect+1"],"picked":"Good Instincts+1","floor":24},{"not_picked":["Glacier+1","Cold Snap"],"picked":"JustLucky","floor":28},{"not_picked":["FlyingSleeves","Electrodynamics"],"picked":"PiercingWail+1","floor":31},{"not_picked":["Multi-Cast+1","Impervious+1"],"picked":"Echo Form","floor":33},{"not_picked":["Rampage","Fasting2","Static Discharge"],"picked":"Singing Bowl","floor":35},{"not_picked":["Tactician+1","Compile Driver+1","Evaluate+1"],"picked":"Singing Bowl","floor":36},{"not_picked":["Dodge and Roll+1","Hemokinesis+1"],"picked":"Barricade","floor":40},{"not_picked":["CutThroughFate","Cold Snap","Beam Cell+1"],"picked":"Singing Bowl","floor":41},{"not_picked":["Iron Wave+1","LessonLearned","Deep Breath+1"],"picked":"Singing Bowl","floor":42},{"not_picked":["Flying Knee+1","PathToVictory+1"],"picked":"Sword Boomerang+1","floor":47},{"not_picked":["ClearTheMind+1","Force Field+1"],"picked":"Acrobatics+1","floor":47},{"not_picked":["Gash","Purity+1","Enlightenment+1"],"picked":"Singing Bowl","floor":48}],"player_experience":1155887,"relics_obtained":[{"floor":6,"key":"Eternal Feather"},{"floor":8,"key":"Singing Bowl"},{"floor":9,"key":"Potion Belt"},{"floor":10,"key":"Toxic Egg 2"},{"floor":24,"key":"Happy Flower"},{"floor":26,"key":"Peace Pipe"},{"floor":31,"key":"Kunai"},{"floor":39,"key":"Vajra"},{"floor":40,"key":"Blue Candle"},{"floor":42,"key":"Prayer Wheel"},{"floor":43,"key":"PreservedInsect"},{"floor":48,"key":"Mercury Hourglass"}],"event_choices":[{"damage_healed":0,"gold_gain":0,"player_choice":"Entered Light","damage_taken":15,"max_hp_gain":0,"max_hp_loss":0,"event_name":"Shining Light","floor":2,"gold_loss":0,"cards_upgraded":["Strike_B","Strike_B"]},{"cards_removed":["Strike_B"],"damage_healed":0,"gold_gain":0,"player_choice":"Offered Basic","damage_taken":0,"max_hp_gain":0,"max_hp_loss":0,"event_name":"Bonfire Elementals","floor":5,"gold_loss":0},{"damage_healed":0,"gold_gain":99,"player_choice":"Stole From Cult","damage_taken":0,"max_hp_gain":0,"max_hp_loss":0,"event_name":"Nest","floor":19,"gold_loss":0},{"damage_healed":0,"gold_gain":0,"player_choice":"Obtained Relic","damage_taken":0,"relics_obtained":["InkBottle"],"max_hp_gain":0,"max_hp_loss":0,"event_name":"Addict","floor":20,"gold_loss":85},{"damage_healed":0,"gold_gain":0,"player_choice":"Opened","damage_taken":0,"relics_obtained":["War Paint"],"max_hp_gain":0,"max_hp_loss":0,"event_name":"The Mausoleum","floor":27,"gold_loss":0,"cards_obtained":["Writhe"]},{"damage_healed":0,"gold_gain":0,"player_choice":"Read","damage_taken":0,"max_hp_gain":0,"max_hp_loss":0,"event_name":"The Library","floor":30,"gold_loss":0,"cards_obtained":["BootSequence"]},{"damage_healed":0,"gold_gain":0,"player_choice":"Got Potions","damage_taken":0,"max_hp_gain":0,"max_hp_loss":0,"event_name":"Lab","floor":37,"gold_loss":0}],"is_beta":false,"boss_relics":[{"not_picked":["Calling Bell","Black Star"],"picked":"Cursed Key"},{"not_picked":["Tiny House","Busted Crown"],"picked":"Astrolabe"}],"items_purged_floors":[38,45],"is_endless":false,"potions_floor_spawned":[3,11,14,21,24,28,41,42,48],"ascension_level":9}}