{"host":"ktoxvvst1mwxww91","time":1611831415,"event":{"mods":["BaseMod","Downfall","Minty Spire (QoL Compilation)","StSLib"],"gold_per_floor":[99,110,20,38,213,244,244,279,279,279,279,379,379,393,412,514,514,514,514,591,601,615,643,667,695,695,695,715,715,150,176,187,187,187,187],"floor_reached":33,"language":"ENG","playtime":1261,"items_purged":["Slimebound:Strike_Slimebound","Slimebound:Tackle"],"score":392,"play_id":"260715b3-2c5b-4f9c-8b4b-0f1ec7a134ab","local_time":"20210128115655","is_ascension_mode":true,"campfire_choices":[{"data":"Slimebound:Split","floor":1,"key":"SMITH"},{"floor":9,"key":"REST"},{"floor":11,"key":"REST"},{"floor":13,"key":"REST"},{"data":"Slimebound:Darklings","floor":18,"key":"SMITH"},{"floor":27,"key":"REST"},{"floor":29,"key":"REST"}],"circlet_count":0,"master_deck":["Slimebound:Defend_Slimebound","Slimebound:Defend_Slimebound","Slimebound:Defend_Slimebound","Slimebound:Defend_Slimebound","Slimebound:Split+1","Slimebound:CorrosiveSpit","Slimebound:RollThrough","Slimebound:FinishingTackle","Slimebound:LeechingTouch","Slimebound:Darklings+1","Slimebound:MassFeed+1","Slimebound:Overexert","Slimebound:FlameTackle","Slimebound:SlimeBarrage","Slimebound:PressTheAttack","Slimebound:OneTwoCombo+1","Slimebound:Replication","Slimebound:SamplingLick","Slimebound:FlameTackle+1","Slimebound:PressTheAttack","Slimebound:Tackle+1","Slimebound:Tackle+1","Slimebound:Tackle+1","Slimebound:SplitMire+1","Slimebound:LivingWall","Slimebound:TagTeam","Slimebound:Schlurp+1","Slimebound:SplitLeeching"],"relics":["bronze:MakeshiftBattery","Omamori","Ornamental Fan","Pen Nib","Runic Pyramid","Enchiridion","Question Card","Akabeko","Whetstone","Ice Cream","Lee\u0027s Waffle","Blood Vial","Dream Catcher"],"acts_visited":["Exordium","TheCity"],"potions_floor_usage":[6,6,6,12,16,23,25,31],"damage_taken":[{"damage":8,"enemies":"Small Slimes","floor":2,"turns":4},{"damage":0,"enemies":"downfall:FleeingMerchant","floor":3,"turns":4},{"damage":0,"enemies":"2 Louse","floor":4,"turns":3},{"damage":29,"enemies":"Gremlin Nob","floor":6,"turns":4},{"damage":20,"enemies":"3 Sentries","floor":8,"turns":6},{"damage":17,"enemies":"downfall:Heads","floor":12,"turns":5},{"damage":7,"enemies":"Jaw Worm","floor":14,"turns":4},{"damage":14,"enemies":"Large Slime","floor":15,"turns":3},{"damage":36,"enemies":"IC_STATUS_ARCHETYPE","floor":16,"turns":6},{"damage":4,"enemies":"Chosen","floor":21,"turns":4},{"damage":12,"enemies":"Shell Parasite","floor":22,"turns":3},{"damage":33,"enemies":"Book of Stabbing","floor":23,"turns":4},{"damage":23,"enemies":"Gremlin Leader","floor":25,"turns":6},{"damage":9,"enemies":"3 Cultists","floor":28,"turns":3},{"damage":0,"enemies":"downfall:FleeingMerchant","floor":30,"turns":4},{"damage":37,"enemies":"Slavers","floor":31,"turns":3},{"damage":31,"enemies":"Snake Plant","floor":32,"turns":3},{"damage":101,"enemies":"DF_ARCHETYPE_CLAW","floor":33,"turns":8}],"seed_played":"-5063058422257753937","potions_obtained":[{"floor":4,"key":"EntropicBrew"},{"floor":6,"key":"champ:CounterPotion"},{"floor":14,"key":"Fire Potion"},{"floor":21,"key":"DistilledChaos"},{"floor":23,"key":"SkillPotion"},{"floor":25,"key":"FearPotion"}],"is_trial":false,"path_per_floor":["R","M","$","M","?","E","T","E","R","?","R","?","R","M","M","B",null,"R","?","T","M","M","E","T","E","?","R","M","R","$","E","M","B"],"character_chosen":"SLIMEBOUND","items_purchased":["Lee\u0027s Waffle","Blood Vial","Slimebound:TagTeam"],"campfire_rested":5,"item_purchase_floors":[30,30,30],"current_hp_per_floor":[65,57,57,57,57,28,28,8,27,32,53,36,57,50,44,8,78,78,62,62,62,54,25,25,2,2,29,20,47,97,64,50,0,0,0],"gold":187,"neow_bonus":"BOSS_RELIC","is_daily":false,"chose_seed":false,"campfire_upgraded":2,"win_rate":0.0,"timestamp":1611831415,"path_taken":["R","M","$","M","?","E","T","E","R","?","R","?","R","M","M","BOSS","R","?","?","M","M","E","T","E","?","R","M","R","$","E","M","BOSS"],"items_purchased_type":["Relic","Relic","Card"],"build_version":"2020-12-22","purchased_purges":2,"victory":false,"max_hp_per_floor":[65,65,65,65,65,65,65,65,65,70,70,70,70,70,78,78,78,78,78,78,82,86,90,90,90,90,90,90,90,97,101,101,101,101,101],"card_choices":[{"not_picked":["Slimebound:Prepare","Slimebound:LeechEnergy"],"picked":"Slimebound:RollThrough","floor":2},{"not_picked":["Slimebound:SamplingLick","Slimebound:GoopSpray"],"picked":"Slimebound:FinishingTackle","floor":3},{"not_picked":["Slimebound:SamplingLick","Slimebound:ItLooksTasty"],"picked":"Slimebound:LeechingTouch","floor":4},{"not_picked":["Slimebound:SplitAcid","Slimebound:GrowthPunch"],"picked":"Slimebound:Darklings","floor":6},{"not_picked":["Slimebound:DivideAndConquer","Slimebound:LeechEnergy"],"picked":"Slimebound:MassFeed","floor":8},{"not_picked":["Slimebound:ForwardTackle","Slimebound:DisruptingSlam"],"picked":"Slimebound:FlameTackle","floor":12},{"not_picked":["Slimebound:PressTheAttack","Slimebound:SlimeTap"],"picked":"Slimebound:SlimeBarrage","floor":14},{"not_picked":["Slimebound:LeechingTouch","Slimebound:HungryTackle"],"picked":"Slimebound:PressTheAttack","floor":15},{"not_picked":["Slimebound:LeechLife","Slimebound:WasteNot"],"picked":"Slimebound:OneTwoCombo","floor":16},{"not_picked":["Slimebound:RejuvenatingLick","Slimebound:SlimeSpikes","Slimebound:TongueLash"],"picked":"Slimebound:Replication","floor":21},{"not_picked":["Slimebound:AcidTongue","Slimebound:HauntingLick","Slimebound:TongueLash"],"picked":"Slimebound:SamplingLick","floor":22},{"not_picked":["Slimebound:Dissolve","Slimebound:AcidTongue","Slimebound:HauntingLick"],"picked":"Slimebound:FlameTackle","floor":23},{"not_picked":["Slimebound:ForwardTackle","Slimebound:Grow","Slimebound:SplitLeeching"],"picked":"Slimebound:PressTheAttack","floor":25},{"not_picked":["Slimebound:LeechingTouch","Slimebound:LeechEnergy","Slimebound:Replication"],"picked":"Slimebound:SplitMire+1","floor":28},{"not_picked":["Slimebound:OneTwoCombo","Slimebound:HungryTackle","Slimebound:LeechingTouch"],"picked":"Slimebound:LivingWall","floor":30},{"not_picked":["Slimebound:ItLooksTasty","Slimebound:SlimeBrawl","Slimebound:Dissolve"],"picked":"Slimebound:Schlurp+1","floor":31},{"not_picked":["Slimebound:GoopTackle+1","Slimebound:OneTwoCombo","Slimebound:HauntingLick"],"picked":"Slimebound:SplitLeeching","floor":32}],"player_experience":861439,"relics_obtained":[{"floor":6,"key":"Omamori"},{"floor":7,"key":"Ornamental Fan"},{"floor":8,"key":"Pen Nib"},{"floor":19,"key":"Enchiridion"},{"floor":20,"key":"Question Card"},{"floor":23,"key":"Akabeko"},{"floor":24,"key":"Whetstone"},{"floor":25,"key":"Ice Cream"},{"floor":31,"key":"Dream Catcher"}],"event_choices":[{"damage_healed":0,"gold_gain":0,"player_choice":"Donut","damage_taken":0,"max_hp_gain":5,"max_hp_loss":0,"event_name":"Big Fish","floor":10,"gold_loss":0}],"is_beta":false,"boss_relics":[{"not_picked":["Astrolabe","Black Star"],"picked":"Runic Pyramid"}],"items_purged_floors":[3,30],"is_endless":false,"potions_floor_spawned":[4,6,14,21,23,25],"killed_by":"DF_ARCHETYPE_CLAW","ascension_level":2}}