{"host":"nz11ypxva4e39b7q","time":1611849575,"event":{"mods":["BaseMod","Better Third Choice","Better Vampires","Colored Map","Minty Spire (QoL Compilation)","Quick Restart","StSLib"],"gold_per_floor":[115,115,115,0,0,0,29,29,29,104,104,133,143,155,155,229,229,243,293,304,315,3,3,23,34,34,34,34,60,60,60],"floor_reached":30,"language":"ENG","playtime":1424,"items_purged":["Defend_B"],"score":612,"play_id":"cebc587d-dd26-4a42-b39d-1f0d7842c416","local_time":"20210128165935","is_ascension_mode":true,"campfire_choices":[{"data":"Defragment","floor":6.0,"key":"SMITH"},{"data":"Sweeping Beam","floor":8.0,"key":"SMITH"},{"data":"Zap","floor":15.0,"key":"SMITH"},{"floor":23.0,"key":"REST"},{"floor":28.0,"key":"REST"}],"circlet_count":0,"master_deck":["AscendersBane","Strike_B+1","Strike_B+1","Strike_B+1","Strike_B+1","Defend_B+1","Defend_B+1","Defend_B+1","Zap+1","Dualcast","Barrage","Doppelganger","Defragment+1","Coolheaded+1","Sweeping Beam+1","Go for the Eyes","Machine Learning","Compile Driver","Echo Form","Beam Cell","Defragment","Defragment+1"],"relics":["Cracked Core","NeowsBlessing","Oddly Smooth Stone","Nunchaku","The Courier","Shuriken","Torii","Velvet Choker","DollysMirror","War Paint","Molten Egg 2","Pen Nib"],"acts_visited":["Exordium","TheCity"],"potions_floor_usage":[],"damage_taken":[{"damage":0.0,"enemies":"Small Slimes","floor":1.0,"turns":1.0},{"damage":0.0,"enemies":"Lagavulin","floor":7.0,"turns":1.0},{"damage":0.0,"enemies":"Gremlin Nob","floor":12.0,"turns":1.0},{"damage":6.0,"enemies":"Jaw Worm","floor":13.0,"turns":3.0},{"damage":0.0,"enemies":"Cultist","floor":14.0,"turns":3.0},{"damage":32.0,"enemies":"Slime Boss","floor":16.0,"turns":7.0},{"damage":8.0,"enemies":"Spheric Guardian","floor":18.0,"turns":4.0},{"damage":6.0,"enemies":"3 Byrds","floor":20.0,"turns":4.0},{"damage":36.0,"enemies":"Cultist and Chosen","floor":21.0,"turns":7.0},{"damage":16.0,"enemies":"3 Cultists","floor":24.0,"turns":4.0},{"damage":7.0,"enemies":"Chosen and Byrds","floor":25.0,"turns":7.0},{"damage":20.0,"enemies":"Slavers","floor":29.0,"turns":6.0},{"damage":7,"enemies":"Snake Plant","floor":30,"turns":2}],"seed_played":"4520719026902107618","potions_obtained":[{"floor":12.0,"key":"FocusPotion"},{"floor":16.0,"key":"SneckoOil"},{"floor":18.0,"key":"PowerPotion"},{"floor":20.0,"key":"GamblersBrew"},{"floor":24.0,"key":"SteroidPotion"}],"is_trial":false,"path_per_floor":["M","$","?","$","?","R","E","R","T","?","?","E","M","M","R","B",null,"M","?","M","M","$","R","M","M","T","?","R","E","M"],"character_chosen":"DEFECT","items_purchased":["Defragment","Coolheaded","DollysMirror","War Paint"],"campfire_rested":2,"item_purchase_floors":[4,4,22,22],"current_hp_per_floor":[64,64,56,56,56,56,56,56,56,45,45,45,39,39,39,7,55,47,47,41,5,5,26,10,3,3,3,24,4,0,0],"gold":60,"neow_bonus":"THREE_ENEMY_KILL","is_daily":false,"chose_seed":false,"campfire_upgraded":3,"win_rate":0.0,"timestamp":1611849575,"path_taken":["M","$","?","$","?","R","E","R","T","?","?","E","M","M","R","BOSS","M","?","M","?","?","R","M","M","T","?","R","E","M"],"items_purchased_type":["Card","Card","Relic","Relic"],"build_version":"2020-12-22","purchased_purges":1,"victory":false,"max_hp_per_floor":[71,71,71,71,71,71,71,71,71,71,71,71,71,71,71,71,71,71,71,71,71,71,71,71,71,71,71,71,71,71,71],"card_choices":[{"not_picked":["Turbo","Redo"],"picked":"Barrage","floor":1.0},{"not_picked":["Streamline","Conserve Battery"],"picked":"Sweeping Beam","floor":7.0},{"not_picked":["Darkness","Compile Driver"],"picked":"Go for the Eyes","floor":12.0},{"not_picked":["Undo","Go for the Eyes"],"picked":"Machine Learning","floor":13.0},{"not_picked":["Streamline","Aggregate"],"picked":"Compile Driver","floor":14.0},{"not_picked":["Machine Learning","Amplify"],"picked":"Echo Form","floor":16.0},{"not_picked":["Rebound","Consume"],"picked":"Beam Cell","floor":18.0},{"not_picked":["Steam","Genetic Algorithm","White Noise+1"],"picked":"SKIP","floor":20.0},{"not_picked":["Recycle","Genetic Algorithm"],"picked":"Defragment","floor":21.0},{"not_picked":["Hologram","Genetic Algorithm","Compile Driver"],"picked":"SKIP","floor":24.0},{"not_picked":["Steam+1","Barrage","Ball Lightning"],"picked":"SKIP","floor":25.0},{"not_picked":["Redo+1","Storm","Hyperbeam+1"],"picked":"SKIP","floor":29}],"player_experience":1009641,"relics_obtained":[{"floor":7.0,"key":"The Courier"},{"floor":9.0,"key":"Shuriken"},{"floor":12.0,"key":"Torii"},{"floor":26.0,"key":"Molten Egg 2"},{"floor":29,"key":"Pen Nib"}],"event_choices":[{"damage_healed":0.0,"max_hp_gain":0.0,"max_hp_loss":0.0,"gold_gain":0.0,"event_name":"Big Fish","player_choice":"Box","floor":5.0,"gold_loss":0.0,"damage_taken":0.0,"relics_obtained":["Nunchaku"],"cards_obtained":["Regret"]},{"damage_healed":0.0,"max_hp_gain":0.0,"max_hp_loss":0.0,"gold_gain":75.0,"event_name":"betterThird:BetterGoop","player_choice":"Gold","floor":10.0,"gold_loss":0.0,"damage_taken":11.0},{"cards_removed":["Regret"],"damage_healed":0.0,"max_hp_gain":0.0,"max_hp_loss":0.0,"gold_gain":0.0,"event_name":"Living Wall","player_choice":"Forget","floor":11.0,"gold_loss":0.0,"damage_taken":0.0},{"damage_healed":0.0,"max_hp_gain":0.0,"max_hp_loss":0.0,"gold_gain":50.0,"event_name":"Golden Shrine","player_choice":"Pray","floor":19.0,"gold_loss":0.0,"damage_taken":0.0},{"damage_healed":0.0,"max_hp_gain":0.0,"max_hp_loss":6.0,"gold_gain":0.0,"event_name":"betterThird:BetterWriting","player_choice":"Simplicity","floor":27.0,"gold_loss":0.0,"damage_taken":0.0}],"is_beta":false,"boss_relics":[{"not_picked":["FrozenCore","Astrolabe"],"picked":"Velvet Choker"}],"items_purged_floors":[22],"is_endless":false,"potions_floor_spawned":[12,16,18,20,24],"killed_by":"Snake Plant","ascension_level":20}}