{"host":"w2kjv12xyhtt0cv2","time":1611811642,"event":{"mods":["Act Like it!","BaseMod","Colored Map","Friendly Minions","Gensokyo","GifTheSpireLib","Highlight Path","Hubris","Kiyohime（清姬）","Marisa（F雨　魔理沙）","Minty Spire (QoL Compilation)","Quick Restart","Reimu（博丽灵梦）","Relic Stats","Replay The Spire","RumiaBox-露米娅的神秘盒子","Shop Mod","Spicy Shops","StSLib","The Cursed","The Servant 0.9.4","UnlockEverythingMod","Waifu the Spire","[功能]功能增强和修复MOD","vexMod","【功能Mod】Neow奖励","【遗物卡牌】REMEMod","没有小屋子和绿帽子啦"],"gold_per_floor":[112,128,55,55,120,120,120],"floor_reached":6,"language":"ZHS","playtime":270,"items_purged":[],"score":49,"play_id":"e9c6f7af-81e0-40a6-8a32-c3cd5631e62d","local_time":"20210128132722","is_ascension_mode":true,"campfire_choices":[],"circlet_count":0,"master_deck":["TheCursedMod:Strike_TheCursed","TheCursedMod:Strike_TheCursed","TheCursedMod:Strike_TheCursed","TheCursedMod:Strike_TheCursed","TheCursedMod:Defend_TheCursed","TheCursedMod:Defend_TheCursed","TheCursedMod:Defend_TheCursed","TheCursedMod:Defend_TheCursed","TheCursedMod:CursedWand","TheCursedMod:CleanUpWorkshop","TheCursedMod:Dregs","hubris:Prefetch","AbeCurse","TheCursedMod:WearCloak","TheCursedMod:CursedBlade"],"relics":["REME_ComplimentaryCards","Abe\u0027s Treasure","Golden Idol","hubris:CrystalStatue"],"acts_visited":["Exordium"],"potions_floor_usage":[6],"damage_taken":[{"damage":0,"enemies":"Cultist","floor":1,"turns":4},{"damage":5,"enemies":"Small Slimes","floor":2,"turns":4},{"damage":16,"enemies":"Lagavulin","floor":6,"turns":4}],"seed_played":"3403841344321720416","potions_obtained":[{"floor":2,"key":"Block Potion"}],"is_trial":false,"path_per_floor":["M","M","$","?","?","E"],"character_chosen":"THE_CURSED","items_purchased":["TheCursedMod:CursedBlade"],"campfire_rested":0,"item_purchase_floors":[3],"current_hp_per_floor":[68,63,63,63,63,47,47],"gold":120,"neow_bonus":"BOSS_RELIC","is_daily":false,"chose_seed":false,"campfire_upgraded":0,"win_rate":0.0,"timestamp":1611811642,"path_taken":["M","?","$","?","?","E"],"items_purchased_type":["Card"],"build_version":"2020-12-22","purchased_purges":0,"victory":false,"max_hp_per_floor":[75,75,75,69,69,69,69],"relic_stats":{"counters":[3,12],"Golden Idol":13,"obtain_stats":[{"TheCursedMod:BlackMagic101":0,"hubris:CrystalStatue":5,"Golden Idol":4,"Abe\u0027s Treasure":0,"REME_ComplimentaryCards":0},{"TheCursedMod:BlackMagic101":0,"hubris:CrystalStatue":2,"Golden Idol":2,"Abe\u0027s Treasure":0,"REME_ComplimentaryCards":0},{"TheCursedMod:BlackMagic101":0,"hubris:CrystalStatue":8,"Golden Idol":8,"Abe\u0027s Treasure":0,"REME_ComplimentaryCards":0}]},"card_choices":[{"not_picked":["TheCursedMod:SurpriseAttack","TheCursedMod:CursedShiv"],"picked":"TheCursedMod:WearCloak","floor":1},{"not_picked":["TheCursedMod:WearCloak","TheCursedMod:EmpowerCircles","TheCursedMod:CircleOfFocus"],"picked":"SKIP","floor":2}],"player_experience":230483,"relics_obtained":[{"floor":5,"key":"hubris:CrystalStatue"}],"event_choices":[{"damage_healed":0,"gold_gain":0,"player_choice":"Lose Max HP","damage_taken":0,"relics_obtained":["Golden Idol"],"max_hp_gain":0,"max_hp_loss":6,"event_name":"Golden Idol","floor":4,"gold_loss":0}],"is_beta":false,"boss_relics":[],"items_purged_floors":[],"is_endless":false,"potions_floor_spawned":[2],"killed_by":"Lagavulin","ascension_level":9}}