{"host":"1v94wza6sq30pv3l","time":1611866982,"event":{"mods":["AchievementEnabler","BaseMod","Bestiary","Colored Powertips","Highlight Path","Minty Spire (QoL Compilation)","Relic Stats"],"gold_per_floor":[114,114,126,139,153,188,188,169,219,251,105,119,147,179,191,308,320,344,356,368,305,317,329,373,385,397,429,473,504,528,540,552,564,564],"floor_reached":33,"language":"ENG","playtime":2220,"items_purged":["Defend_B"],"score":338,"play_id":"adb3a592-5877-4faa-87ea-d1217bbd85d9","local_time":"20210128154942","is_ascension_mode":true,"campfire_choices":[{"data":"Zap","floor":7,"key":"SMITH"},{"data":"Fusion","floor":15,"key":"SMITH"},{"data":"Compile Driver","floor":23,"key":"SMITH"},{"data":"Static Discharge","floor":25,"key":"SMITH"},{"floor":32,"key":"REST"}],"circlet_count":0,"master_deck":["Strike_B","Strike_B","Defend_B","Defend_B","Zap+1","Dualcast","Sweeping Beam","Steam","Glacier","Go for the Eyes","Fusion+1","Barrage","Coolheaded","Doom and Gloom","Biased Cognition","Compile Driver+1","Electrodynamics","Barrage+1","Static Discharge+1","Sunder","Rip and Tear"],"relics":["Cracked Core","NeowsBlessing","Orichalcum","Bronze Scales","Shuriken","MawBank","Nuclear Battery","Nunchaku","Letter Opener","MealTicket","Ginger"],"acts_visited":["Exordium","TheCity"],"potions_floor_usage":[27,33,33],"damage_taken":[{"damage":0,"enemies":"Cultist","floor":1,"turns":1},{"damage":0,"enemies":"Small Slimes","floor":3,"turns":1},{"damage":0,"enemies":"2 Louse","floor":4,"turns":1},{"damage":0,"enemies":"Blue Slaver","floor":5,"turns":3},{"damage":11,"enemies":"Lagavulin","floor":6,"turns":12},{"damage":12,"enemies":"Exordium Thugs","floor":8,"turns":4},{"damage":8,"enemies":"Gremlin Nob","floor":10,"turns":4},{"damage":0,"enemies":"Red Slaver","floor":12,"turns":4},{"damage":3,"enemies":"Lagavulin","floor":13,"turns":8},{"damage":3,"enemies":"Large Slime","floor":14,"turns":4},{"damage":6,"enemies":"Slime Boss","floor":16,"turns":7},{"damage":1,"enemies":"Spheric Guardian","floor":18,"turns":3},{"damage":17,"enemies":"Gremlin Leader","floor":24,"turns":6},{"damage":0,"enemies":"2 Thieves","floor":27,"turns":1},{"damage":31,"enemies":"Slavers","floor":28,"turns":4},{"damage":6,"enemies":"Centurion and Healer","floor":29,"turns":4},{"damage":15,"enemies":"Snake Plant","floor":30,"turns":3},{"damage":44,"enemies":"Collector","floor":33,"turns":7}],"seed_played":"-2123338482951296455","potions_obtained":[{"floor":4,"key":"SteroidPotion"},{"floor":5,"key":"LiquidMemories"},{"floor":6,"key":"PowerPotion"},{"floor":12,"key":"SpeedPotion"},{"floor":27,"key":"Explosive Potion"}],"is_trial":false,"path_per_floor":["M","?","M","M","M","E","R","M","T","E","$","M","E","M","R","B",null,"M","?","?","?","$","R","E","R","T","M","E","M","M","?","R","B"],"character_chosen":"DEFECT","items_purchased":["Doom and Gloom"],"campfire_rested":1,"item_purchase_floors":[11],"current_hp_per_floor":[75,75,75,75,75,64,64,52,52,44,44,44,41,38,38,32,75,74,74,74,74,74,74,57,57,57,57,26,20,5,5,27,0,0],"gold":564,"neow_bonus":"THREE_ENEMY_KILL","is_daily":false,"chose_seed":false,"campfire_upgraded":4,"win_rate":0.0,"timestamp":1611866982,"path_taken":["M","?","?","M","?","E","R","M","T","E","$","M","E","M","R","BOSS","M","?","?","?","?","R","E","R","T","M","E","M","?","?","R","BOSS"],"items_purchased_type":["Card"],"build_version":"2020-12-22","purchased_purges":1,"victory":false,"max_hp_per_floor":[75,75,75,75,75,75,75,75,75,75,75,75,75,75,75,75,75,75,75,75,75,75,75,75,75,75,75,75,75,75,75,75,75,75],"relic_stats":{"Nunchaku":[5],"counters":[18,77],"Shuriken":[10],"Bronze Scales":[98],"MealTicket":0,"Letter Opener":[35],"Ginger":[5],"Orichalcum":[114],"MawBank":240,"obtain_stats":[{"Nunchaku":20,"NeowsBlessing":0,"Shuriken":10,"Bronze Scales":9,"MealTicket":26,"Letter Opener":24,"Ginger":28,"Orichalcum":6,"Cracked Core":0,"MawBank":13,"Nuclear Battery":17},{"Nunchaku":12,"NeowsBlessing":0,"Shuriken":7,"Bronze Scales":6,"MealTicket":13,"Letter Opener":13,"Ginger":15,"Orichalcum":5,"Cracked Core":0,"MawBank":9,"Nuclear Battery":11},{"Nunchaku":52,"NeowsBlessing":0,"Shuriken":26,"Bronze Scales":22,"MealTicket":58,"Letter Opener":58,"Ginger":63,"Orichalcum":18,"Cracked Core":0,"MawBank":38,"Nuclear Battery":49}]},"card_choices":[{"not_picked":["Barrage","Lockon"],"picked":"Sweeping Beam","floor":1},{"not_picked":["Barrage","Glacier","Aggregate"],"picked":"SKIP","floor":3},{"not_picked":["Barrage","Aggregate"],"picked":"Glacier","floor":3},{"not_picked":["Steam","Storm"],"picked":"Go for the Eyes","floor":4},{"not_picked":["Hologram","Redo"],"picked":"Fusion","floor":5},{"not_picked":["Fusion","Leap"],"picked":"Barrage","floor":6},{"not_picked":["Sweeping Beam","Stack","Beam Cell"],"picked":"SKIP","floor":8},{"not_picked":["FTL","Scrape"],"picked":"Coolheaded","floor":10},{"not_picked":["Go for the Eyes","Ball Lightning"],"picked":"Biased Cognition","floor":12},{"not_picked":["Sweeping Beam","Reinforced Body","Redo"],"picked":"SKIP","floor":13},{"not_picked":["Conserve Battery","Turbo"],"picked":"Compile Driver","floor":14},{"not_picked":["Multi-Cast","Hyperbeam"],"picked":"Electrodynamics","floor":16},{"not_picked":["Hologram","Steam"],"picked":"Barrage+1","floor":18},{"not_picked":["Conserve Battery","Defragment+1"],"picked":"Static Discharge","floor":24},{"not_picked":["Melter","Undo","Hello World"],"picked":"SKIP","floor":27},{"not_picked":["Auto Shields","Rebound"],"picked":"Sunder","floor":28},{"not_picked":["Hologram","Beam Cell","Sunder"],"picked":"SKIP","floor":29},{"not_picked":["Sweeping Beam","Barrage","Gash"],"picked":"SKIP","floor":30}],"player_experience":116668,"relics_obtained":[{"floor":6,"key":"Orichalcum"},{"floor":9,"key":"Bronze Scales"},{"floor":10,"key":"Shuriken"},{"floor":13,"key":"MawBank"},{"floor":24,"key":"Letter Opener"},{"floor":26,"key":"MealTicket"},{"floor":28,"key":"Ginger"}],"event_choices":[{"damage_healed":0,"gold_gain":0,"cards_transformed":["Strike_B"],"player_choice":"Transformed","damage_taken":0,"max_hp_gain":0,"max_hp_loss":0,"event_name":"Transmorgrifier","floor":2,"gold_loss":0,"cards_obtained":["Steam"]},{"damage_healed":0,"gold_gain":0,"player_choice":"Ignored","damage_taken":0,"max_hp_gain":0,"max_hp_loss":0,"event_name":"Vampires","floor":19,"gold_loss":0},{"damage_healed":0,"gold_gain":0,"player_choice":"Opened","damage_taken":0,"relics_obtained":["Nunchaku"],"max_hp_gain":0,"max_hp_loss":0,"event_name":"The Mausoleum","floor":20,"gold_loss":0},{"cards_removed":["Defend_B"],"damage_healed":0,"gold_gain":0,"player_choice":"Gave Gold","damage_taken":0,"max_hp_gain":0,"max_hp_loss":0,"event_name":"Beggar","floor":21,"gold_loss":75},{"damage_healed":0,"gold_gain":0,"cards_transformed":["Strike_B"],"player_choice":"Transformed","damage_taken":0,"max_hp_gain":0,"max_hp_loss":0,"event_name":"Transmorgrifier","floor":31,"gold_loss":0,"cards_obtained":["Rip and Tear"]}],"is_beta":false,"boss_relics":[{"not_picked":["Philosopher\u0027s Stone","Cursed Key"],"picked":"Nuclear Battery"}],"items_purged_floors":[11],"is_endless":false,"potions_floor_spawned":[4,5,6,12,14,27,29],"killed_by":"Collector","ascension_level":2}}