{"host":"xobdcpbm4ckypiai","time":1611811275,"event":{"mods":["BaseMod","Conspire","Energized Spire","FoggyMod","Minty Spire (QoL Compilation)","Permanent Neow","Relic Stats","Replay The Spire","Spicy Shops","StSLib","The Jungle","UnlockEverythingMod","¡¾ÒÅÎï¿¨ÅÆ¡¿REMEMod"],"gold_per_floor":[119,208,308,324,324,357,357,357,357],"floor_reached":8,"language":"ZHS","playtime":269,"items_purged":[],"score":54,"play_id":"7c478712-c8aa-4f44-a3f4-42ab4c47721c","local_time":"20210128132115","is_ascension_mode":false,"campfire_choices":[],"circlet_count":0,"master_deck":["Strike_B","Strike_B","Strike_B","Strike_B","Defend_B","Defend_B+1","Defend_B","Defend_B","Zap","Dualcast","Immolate","FTL","Reprogram+1","Turbo"],"relics":["REME_ComplimentaryCards","energizedSpire:MagnifyingGlass","MealTicket","DataDisk"],"acts_visited":["Exordium"],"potions_floor_usage":[8],"damage_taken":[{"damage":3.0,"enemies":"Jaw Worm","floor":1.0,"turns":3.0},{"damage":2.0,"enemies":"2 Louse","floor":4.0,"turns":3.0},{"damage":26.0,"enemies":"3 Sentries","floor":6.0,"turns":6.0},{"damage":5,"enemies":"Gremlin Nob","floor":8,"turns":2}],"seed_played":"4426693796664208924","potions_obtained":[{"floor":4.0,"key":"ColorlessPotion"}],"is_trial":false,"path_per_floor":["M","?","?","M","?","E","?","E"],"character_chosen":"DEFECT","items_purchased":[],"campfire_rested":0,"item_purchase_floors":[],"current_hp_per_floor":[72,42,42,40,45,19,3,0,0],"gold":357,"neow_bonus":"BOSS_RELIC","is_daily":false,"chose_seed":false,"campfire_upgraded":0,"win_rate":0.0,"timestamp":1611811275,"path_taken":["M","?","?","?","?","E","?","E"],"items_purchased_type":[],"build_version":"2020-12-22","purchased_purges":0,"victory":false,"max_hp_per_floor":[75,75,75,75,80,80,80,80,80],"relic_stats":{"counters":[4,14],"MealTicket":0,"obtain_stats":[{"DataDisk":6,"MealTicket":2,"energizedSpire:MagnifyingGlass":0,"Cracked Core":0,"REME_ComplimentaryCards":0},{"DataDisk":3,"MealTicket":1,"energizedSpire:MagnifyingGlass":0,"Cracked Core":0,"REME_ComplimentaryCards":0},{"DataDisk":12,"MealTicket":3,"energizedSpire:MagnifyingGlass":0,"Cracked Core":0,"REME_ComplimentaryCards":0}]},"card_choices":[{"not_picked":["Chill","Cold Snap"],"picked":"FTL","floor":1.0},{"not_picked":["Ball Lightning","Melter"],"picked":"Reprogram","floor":2.0},{"not_picked":["Coolheaded","Consume"],"picked":"Turbo","floor":2.0},{"not_picked":["BasicCrystalCard","Conserve Battery","Leap"],"picked":"SKIP","floor":4.0},{"not_picked":["Barrage","Cold Snap","Crystallizer"],"picked":"SKIP","floor":6.0}],"player_experience":72689,"relics_obtained":[{"floor":2.0,"key":"MealTicket"},{"floor":6.0,"key":"DataDisk"}],"event_choices":[{"damage_healed":0.0,"max_hp_gain":0.0,"max_hp_loss":0.0,"gold_gain":100.0,"event_name":"Golden Shrine","player_choice":"Pray","floor":3.0,"gold_loss":0.0,"damage_taken":0.0},{"damage_healed":0.0,"max_hp_gain":5.0,"max_hp_loss":0.0,"gold_gain":0.0,"event_name":"Big Fish","player_choice":"Donut","floor":5.0,"gold_loss":0.0,"damage_taken":0.0},{"damage_healed":0,"gold_gain":0,"player_choice":"Entered Light","damage_taken":16,"max_hp_gain":0,"max_hp_loss":0,"event_name":"Shining Light","floor":7,"gold_loss":0,"cards_upgraded":["Reprogram","Defend_B"]}],"is_beta":false,"boss_relics":[],"items_purged_floors":[],"is_endless":false,"potions_floor_spawned":[4],"killed_by":"Gremlin Nob","ascension_level":0}}