{"host":"vyjryxuuuxkt43k4","time":1611805214,"event":{"mods":["AchievementEnabler","BaseMod","Colored Map","DeckTracker","Keyboard Shortcuts","Minty Spire (QoL Compilation)","Permanent Neow","Quick Restart","Rare Cards Sparkle","StSLib","SuperFastMode","everything is the same but u backflip on backflip"],"gold_per_floor":[359,49,66,76,96,96,111,111,136,7,7,7,23,46,46,119,119,132,149,149,169,247,247,258,258,307,326,345,365,365,392,392,392,392],"floor_reached":33,"language":"KOR","playtime":781,"items_purged":["Strike_R","Strike_R"],"score":522,"play_id":"b17416f6-407d-4981-a3f5-3548688a1f31","local_time":"20210128124014","is_ascension_mode":true,"campfire_choices":[{"data":"Searing Blow","floor":6.0,"key":"SMITH"},{"data":"Searing Blow+1","floor":8.0,"key":"SMITH"},{"data":"Searing Blow+2","floor":11.0,"key":"SMITH"},{"data":"Searing Blow+3","floor":15.0,"key":"SMITH"},{"data":"Searing Blow+4","floor":23.0,"key":"SMITH"},{"data":"Searing Blow+5","floor":25.0,"key":"SMITH"},{"data":"Searing Blow+6","floor":30.0,"key":"SMITH"},{"data":"Searing Blow+7","floor":32.0,"key":"SMITH"}],"circlet_count":0,"master_deck":["AscendersBane","Strike_R","Strike_R","Strike_R","Defend_R","Defend_R","Defend_R","Defend_R","Bash","Pommel Strike","Feel No Pain","Searing Blow+8","Double Tap","Shrug It Off","Headbutt","Corruption","Flame Barrier","Immolate","Shrug It Off","Sentinel+1","Necronomicurse","Inflame+1","Reaper","Flame Barrier"],"relics":["Burning Blood","Bag of Marbles","Red Skull","Vajra","Sozu","Necronomicon","Ornamental Fan","Smiling Mask","Blood Vial"],"acts_visited":["Exordium","TheCity"],"potions_floor_usage":[],"damage_taken":[{"damage":16.0,"enemies":"2 Louse","floor":1.0,"turns":4.0},{"damage":0.0,"enemies":"Cultist","floor":3.0,"turns":3.0},{"damage":12.0,"enemies":"Jaw Worm","floor":4.0,"turns":2.0},{"damage":31.0,"enemies":"Exordium Wildlife","floor":5.0,"turns":3.0},{"damage":16.0,"enemies":"Large Slime","floor":7.0,"turns":4.0},{"damage":0.0,"enemies":"Blue Slaver","floor":13.0,"turns":3.0},{"damage":26.0,"enemies":"The Guardian","floor":16.0,"turns":13.0},{"damage":6.0,"enemies":"Spheric Guardian","floor":18.0,"turns":3.0},{"damage":16.0,"enemies":"Shell Parasite","floor":19.0,"turns":2.0},{"damage":0.0,"enemies":"3 Cultists","floor":21.0,"turns":1.0},{"damage":0.0,"enemies":"Snake Plant","floor":24.0,"turns":1.0},{"damage":0.0,"enemies":"Centurion and Healer","floor":27.0,"turns":4.0},{"damage":0.0,"enemies":"3 Cultists","floor":28.0,"turns":3.0},{"damage":0.0,"enemies":"Cultist and Chosen","floor":29.0,"turns":3.0},{"damage":20.0,"enemies":"Slavers","floor":31.0,"turns":3.0},{"damage":40,"enemies":"Automaton","floor":33,"turns":4}],"seed_played":"326067003224751699","potions_obtained":[{"floor":3.0,"key":"Explosive Potion"},{"floor":5.0,"key":"PowerPotion"},{"floor":16.0,"key":"Energy Potion"}],"is_trial":false,"path_per_floor":["M","$","M","M","M","R","M","R","T","$","R","?","M","T","R","B",null,"M","M","?","M","T","R","M","R","T","M","M","M","R","E","R","B"],"character_chosen":"IRONCLAD","items_purchased":["Feel No Pain","Bag of Marbles","Headbutt"],"campfire_rested":0,"item_purchase_floors":[2,2,10],"current_hp_per_floor":[58,58,64,58,33,33,23,23,23,23,23,23,29,29,29,9,53,53,43,22,28,28,28,34,34,34,40,46,52,52,38,38,0,0],"gold":392,"neow_bonus":"TWO_FIFTY_GOLD","is_daily":false,"chose_seed":false,"campfire_upgraded":8,"win_rate":0.0,"timestamp":1611805214,"path_taken":["M","$","M","M","M","R","M","R","T","$","R","?","?","?","R","BOSS","M","M","?","M","?","R","M","R","T","M","M","M","R","E","R","BOSS"],"items_purchased_type":["Card","Relic","Card"],"build_version":"2020-12-22","purchased_purges":2,"victory":false,"max_hp_per_floor":[68,68,68,68,68,68,68,68,68,68,68,68,68,68,68,68,68,68,68,68,68,68,68,68,68,68,68,68,68,68,68,68,68,68],"card_choices":[{"not_picked":["Thunderclap","Sever Soul"],"picked":"Pommel Strike","floor":1.0},{"not_picked":["Havoc","Bloodletting"],"picked":"Searing Blow","floor":3.0},{"not_picked":["Sever Soul","Clothesline"],"picked":"Double Tap","floor":4.0},{"not_picked":["Feel No Pain","Searing Blow"],"picked":"Shrug It Off","floor":5.0},{"not_picked":["Sever Soul","Searing Blow","Warcry"],"picked":"SKIP","floor":7.0},{"not_picked":["Seeing Red","Dropkick"],"picked":"Flame Barrier","floor":13.0},{"not_picked":["Reaper","Double Tap"],"picked":"Immolate","floor":16.0},{"not_picked":["Headbutt","Flex"],"picked":"Shrug It Off","floor":18.0},{"not_picked":["True Grit","Second Wind"],"picked":"Sentinel+1","floor":19.0},{"not_picked":["Anger","Iron Wave"],"picked":"Inflame+1","floor":21.0},{"not_picked":["Pummel","Warcry","Feel No Pain"],"picked":"SKIP","floor":24.0},{"not_picked":["Shrug It Off","Iron Wave"],"picked":"Reaper","floor":27.0},{"not_picked":["Cleave","Shrug It Off"],"picked":"Flame Barrier","floor":28.0},{"not_picked":["Clash","Flame Barrier","Iron Wave"],"picked":"SKIP","floor":29.0},{"not_picked":["Perfected Strike","Rupture","Cleave+1"],"picked":"SKIP","floor":31.0}],"player_experience":436575,"relics_obtained":[{"floor":9.0,"key":"Red Skull"},{"floor":14.0,"key":"Vajra"},{"floor":20.0,"key":"Necronomicon"},{"floor":22.0,"key":"Ornamental Fan"},{"floor":26.0,"key":"Smiling Mask"},{"floor":31.0,"key":"Blood Vial"}],"event_choices":[{"damage_healed":0.0,"max_hp_gain":0.0,"max_hp_loss":0.0,"gold_gain":0.0,"event_name":"Match and Keep!","player_choice":"1 cards matched","floor":12.0,"gold_loss":0.0,"damage_taken":0.0,"cards_obtained":["Corruption"]},{"damage_healed":0.0,"max_hp_gain":0.0,"max_hp_loss":0.0,"gold_gain":0.0,"event_name":"Cursed Tome","player_choice":"Obtained Book","floor":20.0,"gold_loss":0.0,"damage_taken":21.0}],"is_beta":false,"boss_relics":[{"not_picked":["Fusion Hammer","Runic Pyramid"],"picked":"Sozu"}],"items_purged_floors":[2,10],"is_endless":false,"potions_floor_spawned":[3,5,16,24,27,28,31],"killed_by":"Automaton","ascension_level":20}}