{"host":"2smcgt1ki1qcud40","time":1611830578,"event":{"mods":["BaseMod","Minty Spire (QoL Compilation)"],"gold_per_floor":[20,31,50,67,14,14,44,44,69,105,105,134,169,193,193,193,193],"floor_reached":16,"language":"ENG","playtime":538,"items_purged":[],"score":220,"play_id":"f1bb630b-526f-43c7-8494-168fc7c4e526","local_time":"20210128114258","is_ascension_mode":true,"campfire_choices":[{"data":"Blade Dance","floor":6,"key":"SMITH"},{"floor":11,"key":"REST"},{"data":"Noxious Fumes","floor":15,"key":"SMITH"}],"circlet_count":0,"master_deck":["AscendersBane","Strike_G","Strike_G","Strike_G","Strike_G","Strike_G","Defend_G","Defend_G","Defend_G","Defend_G","Defend_G","Survivor","Neutralize","Backstab","Noxious Fumes+1","Bane","Blade Dance+1","All Out Attack","Poisoned Stab","PiercingWail","Choke","Deflect"],"relics":["Ring of the Snake","Ice Cream","PreservedInsect","CeramicFish","Omamori","Peace Pipe","Strawberry"],"acts_visited":["Exordium"],"potions_floor_usage":[12,16,16],"damage_taken":[{"damage":3,"enemies":"Jaw Worm","floor":1,"turns":5},{"damage":0,"enemies":"2 Louse","floor":2,"turns":4},{"damage":1,"enemies":"Cultist","floor":3,"turns":3},{"damage":2,"enemies":"Large Slime","floor":4,"turns":8},{"damage":17,"enemies":"Gremlin Nob","floor":7,"turns":4},{"damage":12,"enemies":"Lagavulin","floor":10,"turns":5},{"damage":4,"enemies":"Exordium Thugs","floor":12,"turns":3},{"damage":13,"enemies":"Gremlin Nob","floor":13,"turns":3},{"damage":11,"enemies":"Looter","floor":14,"turns":2},{"damage":25,"enemies":"Slime Boss","floor":16,"turns":6}],"seed_played":"1453956852682212184","potions_obtained":[{"floor":3,"key":"EssenceOfSteel"},{"floor":4,"key":"Explosive Potion"},{"floor":10,"key":"Block Potion"},{"floor":14,"key":"AttackPotion"}],"is_trial":false,"path_per_floor":["M","M","M","M","$","R","E","?","T","E","R","M","E","M","R","B"],"character_chosen":"THE_SILENT","items_purchased":["Blade Dance"],"campfire_rested":1,"item_purchase_floors":[5],"current_hp_per_floor":[56,56,55,53,53,53,36,31,31,19,38,34,28,17,17,0,0],"gold":193,"neow_bonus":"ONE_RARE_RELIC","is_daily":false,"chose_seed":false,"campfire_upgraded":2,"win_rate":0.0,"timestamp":1611830578,"path_taken":["M","M","M","M","$","R","E","?","T","E","R","M","E","M","R","BOSS"],"items_purchased_type":["Card"],"build_version":"2020-12-22","purchased_purges":0,"victory":false,"max_hp_per_floor":[66,66,66,66,66,66,66,66,66,66,66,66,73,73,73,73,73],"card_choices":[{"not_picked":["Outmaneuver","Backflip","Masterful Stab"],"picked":"SKIP","floor":1},{"not_picked":["Dodge and Roll","Acrobatics"],"picked":"Backstab","floor":2},{"not_picked":["Dodge and Roll","Cloak And Dagger"],"picked":"Noxious Fumes","floor":3},{"not_picked":["Acrobatics","Cloak And Dagger"],"picked":"Bane","floor":4},{"not_picked":["Tactician","Accuracy"],"picked":"All Out Attack","floor":7},{"not_picked":["Backflip","Expertise"],"picked":"Poisoned Stab","floor":10},{"not_picked":["Expertise","Deadly Poison"],"picked":"PiercingWail","floor":12},{"not_picked":["Slice","Flying Knee"],"picked":"Choke","floor":13},{"not_picked":["Bane","Blur"],"picked":"Deflect","floor":14}],"player_experience":694312,"relics_obtained":[{"floor":7,"key":"PreservedInsect"},{"floor":9,"key":"Omamori"},{"floor":10,"key":"Peace Pipe"},{"floor":13,"key":"Strawberry"}],"event_choices":[{"damage_healed":0,"gold_gain":0,"player_choice":"Success","damage_taken":5,"relics_obtained":["CeramicFish"],"max_hp_gain":0,"max_hp_loss":0,"event_name":"Scrap Ooze","floor":8,"gold_loss":0}],"is_beta":false,"boss_relics":[],"items_purged_floors":[],"is_endless":false,"potions_floor_spawned":[3,4,10,14],"killed_by":"Slime Boss","ascension_level":16}}