{"host":"zk71suw73lg2r165","time":1611793261,"event":{"mods":["BaseMod","Colored Map","Minty Spire (QoL Compilation)","Permanent Neow","Relic Stats","StSLib"],"gold_per_floor":[118,131,149,224,240,240,240,265,265,265,265],"floor_reached":10,"language":"ENG","playtime":991,"items_purged":[],"score":136,"play_id":"b5e3d72c-e1ca-4ac5-b32f-62068815fddb","local_time":"20210127192101","is_ascension_mode":true,"campfire_choices":[{"data":"Reboot","floor":6,"key":"SMITH"}],"circlet_count":0,"master_deck":["AscendersBane","Strike_B","Strike_B","Strike_B","Strike_B","Defend_B","Defend_B","Defend_B","Defend_B","Zap","Dualcast","Reboot+1","Turbo","Beam Cell","Glacier","Steam Power","Doom and Gloom"],"relics":["Cracked Core","Potion Belt","Toxic Egg 2","Boot"],"acts_visited":["Exordium"],"potions_floor_usage":[5],"damage_taken":[{"damage":0,"enemies":"2 Louse","floor":1,"turns":1},{"damage":12,"enemies":"Small Slimes","floor":2,"turns":2},{"damage":0,"enemies":"Cultist","floor":3,"turns":2},{"damage":8,"enemies":"Large Slime","floor":5,"turns":8},{"damage":25,"enemies":"3 Sentries","floor":8,"turns":12},{"damage":20,"enemies":"Gremlin Nob","floor":10,"turns":2}],"seed_played":"-7009851854595467237","potions_obtained":[{"floor":1,"key":"Swift Potion"},{"floor":2,"key":"SteroidPotion"}],"is_trial":false,"path_per_floor":["M","M","M","?","M","R","?","E","T","E"],"character_chosen":"DEFECT","items_purchased":[],"campfire_rested":0,"item_purchase_floors":[],"current_hp_per_floor":[64,52,52,41,33,33,33,8,8,0,0],"gold":265,"neow_bonus":"ONE_RANDOM_RARE_CARD","is_daily":false,"chose_seed":false,"campfire_upgraded":1,"win_rate":0.0,"timestamp":1611793261,"path_taken":["M","M","M","?","M","R","?","E","T","E"],"items_purchased_type":[],"build_version":"2020-12-22","purchased_purges":0,"victory":false,"max_hp_per_floor":[71,71,71,71,71,71,71,71,71,71,71],"relic_stats":{"counters":[6,27],"Boot":[2],"obtain_stats":[{"Potion Belt":7,"Toxic Egg 2":8,"Cracked Core":0,"Boot":9},{"Potion Belt":4,"Toxic Egg 2":5,"Cracked Core":0,"Boot":5},{"Potion Belt":13,"Toxic Egg 2":25,"Cracked Core":0,"Boot":25}]},"card_choices":[{"not_picked":["Force Field","Steam"],"picked":"Turbo","floor":1},{"not_picked":["Hologram","Steam"],"picked":"Beam Cell","floor":2},{"not_picked":["Compile Driver","Barrage"],"picked":"Glacier","floor":3},{"not_picked":["Fusion","Stack"],"picked":"Steam Power","floor":5},{"not_picked":["Ball Lightning","Cold Snap"],"picked":"Doom and Gloom","floor":8}],"player_experience":1391921,"relics_obtained":[{"floor":8,"key":"Toxic Egg 2"},{"floor":9,"key":"Boot"}],"event_choices":[{"damage_healed":0,"gold_gain":75,"player_choice":"Gather Gold","damage_taken":11,"max_hp_gain":0,"max_hp_loss":0,"event_name":"World of Goop","floor":4,"gold_loss":0},{"damage_healed":0,"gold_gain":0,"player_choice":"Gave Potion","damage_taken":0,"relics_obtained":["Potion Belt"],"max_hp_gain":0,"max_hp_loss":0,"event_name":"WeMeetAgain","floor":7,"gold_loss":0}],"is_beta":false,"boss_relics":[],"items_purged_floors":[],"is_endless":false,"potions_floor_spawned":[1,2],"killed_by":"Gremlin Nob","ascension_level":20}}