{"host":"rolltorest","time":1611865891,"event":{"mods":["BaseMod","Jorbs\u0027s Wanderer Trilogy","Koishi","Minty Spire (QoL Compilation)","Relic Stats","Robot Space Explorer","Slay the Relics Exporter","StSLib","The Servant 0.9.4"],"gold_per_floor":[110,260,53,53,128,157,157,168,194,194,22,35,35,62,62,139,139,155,170,6,21,21,41,41,41,41,41,67,67,67,67,67],"floor_reached":31,"language":"ENG","playtime":731,"items_purged":["Doubt"],"score":568,"play_id":"22f35875-328c-4ff4-aff2-11c96edefe01","local_time":"20210128123131","is_ascension_mode":true,"campfire_choices":[{"data":"RobotSpaceExplorer:LaserBurst","floor":7,"key":"SMITH"},{"data":"RobotSpaceExplorer:Electropulse","floor":13,"key":"SMITH"},{"data":"RobotSpaceExplorer:Exploration","floor":15,"key":"SMITH"},{"floor":24,"key":"REST"},{"data":"RobotSpaceExplorer:Fix","floor":27,"key":"SMITH"}],"circlet_count":0,"master_deck":["AscendersBane","RobotSpaceExplorer:Strike","RobotSpaceExplorer:Strike","RobotSpaceExplorer:Defend","RobotSpaceExplorer:Defend","RobotSpaceExplorer:Defend","RobotSpaceExplorer:Defend","RobotSpaceExplorer:Scan","RobotSpaceExplorer:MiniLasers","RobotSpaceExplorer:GearShield","RobotSpaceExplorer:Electropulse+1","RobotSpaceExplorer:LaserBurst+1","RobotSpaceExplorer:Fix+1","RobotSpaceExplorer:Discharger","RobotSpaceExplorer:HighVoltage","RobotSpaceExplorer:ScrapShield","RobotSpaceExplorer:ChargingLaser","RobotSpaceExplorer:ShockMissile","RobotSpaceExplorer:DoubleFind+1","RobotSpaceExplorer:MiniDrones+1"],"relics":["RobotSpaceExplorer:RoboCore","NeowsBlessing","Centennial Puzzle","Bronze Scales","MealTicket","RobotSpaceExplorer:SearchSpecs","RobotSpaceExplorer:ClockworkSextant","Enchiridion","Molten Egg 2","Pantograph","Akabeko"],"acts_visited":["Exordium","TheCity"],"potions_floor_usage":[16,23,31,31],"damage_taken":[{"damage":0,"enemies":"Small Slimes","floor":1,"turns":1},{"damage":0,"enemies":"Lagavulin","floor":6,"turns":1},{"damage":0,"enemies":"2 Louse","floor":8,"turns":1},{"damage":0,"enemies":"Cultist","floor":12,"turns":3},{"damage":3,"enemies":"Gremlin Nob","floor":14,"turns":3},{"damage":41,"enemies":"Hexaghost","floor":16,"turns":9},{"damage":31,"enemies":"2 Thieves","floor":18,"turns":3},{"damage":10,"enemies":"Chosen","floor":19,"turns":5},{"damage":0,"enemies":"3 Cultists","floor":21,"turns":2},{"damage":22,"enemies":"Centurion and Healer","floor":23,"turns":6},{"damage":30,"enemies":"Gremlin Leader","floor":28,"turns":4},{"damage":12,"enemies":"Colosseum Slavers","floor":31,"turns":2},{"damage":31,"enemies":"Colosseum Nobs","floor":31,"turns":3}],"seed_played":"189703678597728319","potions_obtained":[{"floor":6,"key":"SneckoOil"},{"floor":8,"key":"PowerPotion"},{"floor":12,"key":"RobotSpaceExplorer:LiquidFusion"},{"floor":16,"key":"GamblersBrew"},{"floor":28,"key":"LiquidMemories"}],"is_trial":false,"path_per_floor":["M","?","$","?","?","E","R","M","T","?","$","M","R","E","R","B",null,"M","M","$","M","?","M","R","?","T","R","E","?","$","?"],"character_chosen":"RobotSpaceExplorer","items_purchased":["RobotSpaceExplorer:Electropulse","RobotSpaceExplorer:LaserBurst","RobotSpaceExplorer:HighVoltage","RobotSpaceExplorer:ClockworkSextant"],"campfire_rested":1,"item_purchase_floors":[3,3,11,20],"current_hp_per_floor":[64,64,64,57,46,46,46,50,50,50,50,54,54,55,55,18,58,31,25,40,44,23,5,26,40,40,40,16,16,31,0,0],"gold":67,"neow_bonus":"THREE_ENEMY_KILL","is_daily":false,"chose_seed":false,"campfire_upgraded":4,"win_rate":0.0,"timestamp":1611865891,"path_taken":["M","?","$","?","?","E","R","M","T","?","$","?","R","E","R","BOSS","M","M","$","M","?","M","R","?","T","R","E","?","$","?"],"items_purchased_type":["Card","Card","Card","Relic"],"build_version":"2020-12-18","purchased_purges":1,"victory":false,"max_hp_per_floor":[71,71,71,71,71,71,71,71,71,71,71,71,71,71,71,71,71,71,71,71,71,71,71,71,71,71,71,71,71,71,71,71],"relic_stats":{"Centennial Puzzle":[24],"counters":[13,43],"Bronze Scales":[98],"Pantograph":0,"MealTicket":30,"obtain_stats":[{"RobotSpaceExplorer:ClockworkSextant":20,"Centennial Puzzle":6,"NeowsBlessing":0,"Bronze Scales":9,"Pantograph":26,"Enchiridion":22,"RobotSpaceExplorer:RoboCore":0,"MealTicket":14,"Molten Egg 2":23,"RobotSpaceExplorer:SearchSpecs":17,"Akabeko":28},{"RobotSpaceExplorer:ClockworkSextant":8,"Centennial Puzzle":2,"NeowsBlessing":0,"Bronze Scales":3,"Pantograph":10,"Enchiridion":9,"RobotSpaceExplorer:RoboCore":0,"MealTicket":5,"Molten Egg 2":10,"RobotSpaceExplorer:SearchSpecs":6,"Akabeko":11},{"RobotSpaceExplorer:ClockworkSextant":26,"Centennial Puzzle":2,"NeowsBlessing":0,"Bronze Scales":3,"Pantograph":34,"Enchiridion":28,"RobotSpaceExplorer:RoboCore":0,"MealTicket":9,"Molten Egg 2":34,"RobotSpaceExplorer:SearchSpecs":18,"Akabeko":38}]},"card_choices":[{"not_picked":["RobotSpaceExplorer:ShockKick","RobotSpaceExplorer:IronShell"],"picked":"RobotSpaceExplorer:GearShield","floor":1},{"not_picked":["RobotSpaceExplorer:GlueShot","RobotSpaceExplorer:Probe"],"picked":"RobotSpaceExplorer:Fix","floor":6},{"not_picked":["RobotSpaceExplorer:GlueShot","RobotSpaceExplorer:SwiftStep"],"picked":"RobotSpaceExplorer:Discharger","floor":8},{"not_picked":["RobotSpaceExplorer:Counterblock","RobotSpaceExplorer:GlueShot"],"picked":"RobotSpaceExplorer:ScrapShield","floor":12},{"not_picked":["RobotSpaceExplorer:IronShell","RobotSpaceExplorer:Ammunition"],"picked":"RobotSpaceExplorer:Exploration","floor":14},{"not_picked":["RobotSpaceExplorer:DroneSwarm","RobotSpaceExplorer:Arsenal"],"picked":"RobotSpaceExplorer:ChargingLaser","floor":16},{"not_picked":["RobotSpaceExplorer:ShockKick","RobotSpaceExplorer:SlimeMissile","RobotSpaceExplorer:FreezeRay+1"],"picked":"SKIP","floor":18},{"not_picked":["RobotSpaceExplorer:Ammunition","RobotSpaceExplorer:ShockKick"],"picked":"RobotSpaceExplorer:ShockMissile","floor":19},{"not_picked":["RobotSpaceExplorer:StarDust","RobotSpaceExplorer:BigMissile+1","RobotSpaceExplorer:Probe"],"picked":"SKIP","floor":21},{"not_picked":["RobotSpaceExplorer:FrostMissile+1","RobotSpaceExplorer:FranticSearch"],"picked":"RobotSpaceExplorer:DoubleFind+1","floor":23},{"not_picked":["RobotSpaceExplorer:Pulsar","RobotSpaceExplorer:Ammunition"],"picked":"RobotSpaceExplorer:MiniDrones+1","floor":28}],"player_experience":2258473,"relics_obtained":[{"floor":6,"key":"Centennial Puzzle"},{"floor":9,"key":"Bronze Scales"},{"floor":14,"key":"MealTicket"},{"floor":22,"key":"Enchiridion"},{"floor":23,"key":"Molten Egg 2"},{"floor":26,"key":"Pantograph"},{"floor":28,"key":"Akabeko"}],"event_choices":[{"damage_healed":0,"gold_gain":150,"player_choice":"AGREE","damage_taken":0,"max_hp_gain":0,"max_hp_loss":0,"event_name":"Liars Game","floor":2,"gold_loss":0,"cards_obtained":["Doubt"]},{"cards_removed":["RobotSpaceExplorer:Strike"],"damage_healed":0,"gold_gain":0,"player_choice":"Card Removal","damage_taken":7,"max_hp_gain":0,"max_hp_loss":0,"event_name":"Golden Wing","floor":4,"gold_loss":0},{"damage_healed":0,"gold_gain":75,"player_choice":"Gather Gold","damage_taken":11,"max_hp_gain":0,"max_hp_loss":0,"event_name":"World of Goop","floor":5,"gold_loss":0},{"cards_removed":["RobotSpaceExplorer:Strike"],"damage_healed":0,"gold_gain":0,"player_choice":"Offered Basic","damage_taken":0,"max_hp_gain":0,"max_hp_loss":0,"event_name":"Bonfire Elementals","floor":10,"gold_loss":0},{"damage_healed":0,"gold_gain":0,"player_choice":"Obtained Book","damage_taken":21,"max_hp_gain":0,"max_hp_loss":0,"event_name":"Cursed Tome","floor":22,"gold_loss":0},{"damage_healed":14,"gold_gain":0,"player_choice":"Heal","damage_taken":0,"max_hp_gain":0,"max_hp_loss":0,"event_name":"The Library","floor":25,"gold_loss":0},{"damage_healed":0,"gold_gain":0,"player_choice":"Ignored","damage_taken":0,"max_hp_gain":0,"max_hp_loss":0,"event_name":"Vampires","floor":29,"gold_loss":0},{"damage_healed":0,"gold_gain":0,"player_choice":"Fight","damage_taken":0,"max_hp_gain":0,"max_hp_loss":0,"event_name":"Colosseum","floor":31,"gold_loss":0},{"damage_healed":0,"gold_gain":0,"player_choice":"Fought Nobs","damage_taken":0,"max_hp_gain":0,"max_hp_loss":0,"event_name":"Colosseum","floor":31,"gold_loss":0}],"is_beta":true,"boss_relics":[{"not_picked":["Runic Dome","Snecko Eye"],"picked":"RobotSpaceExplorer:SearchSpecs"}],"items_purged_floors":[3],"is_endless":false,"potions_floor_spawned":[6,8,12,16,18,28],"killed_by":"Colosseum Nobs","ascension_level":20}}