{"host":"z9grmtg2w0nmz8n1","time":1611795695,"event":{"mods":["Aspiration","BaseMod","Better Altar","Better Match","Better Note","Better Sensory Stone","Better Skull","Better Third Choice","BetterRewards","CCEM2","Clawfect","Colored Map","Conspire","GifTheSpireLib","Halation","Highlight Path","Hubris","Hunter ??","Jedi Mod","Minty Spire (QoL Compilation)","Permanent Neow","Reliquary","Replay The Spire","Shop Mod","Spicy Shops","StSLib","Stuff the Spire","The Administrix","The Blackbeard","The Runesmith","The Servant 0.9.4"],"gold_per_floor":[118,40,72,89,99,99,133,133,159,193,193,224,243,254,254,254,254],"floor_reached":16,"language":"ENG","playtime":698,"items_purged":[],"score":126,"play_id":"8e964570-5eda-498c-9cb0-cd946574c041","local_time":"20210127230135","is_ascension_mode":true,"campfire_choices":[{"floor":6,"key":"RECALL"},{"data":"Rupture","floor":8,"key":"SMITH"},{"floor":15,"key":"REST"}],"circlet_count":0,"master_deck":["Strike_R","Strike_R","Strike_R","Strike_R","Defend_R","Defend_R","Defend_R","Defend_R","Bash","StuffTheSpire:Incineration","Rupture+1","Flame Barrier","jedi:collectorstrike","Blood for Blood"],"relics":["Burning Blood","NeowsBlessing","CCEMRelics:D6","jedi:purplefairy","CCEMRelics:ImbuedSpirit","Tiny Chest"],"acts_visited":["Exordium"],"potions_floor_usage":[7,16],"damage_taken":[{"damage":0,"enemies":"conspire:RoseBush","floor":1,"turns":1},{"damage":0,"enemies":"conspire:MimicChest","floor":3,"turns":1},{"damage":0,"enemies":"2 Louse","floor":4,"turns":1},{"damage":0,"enemies":"Small Slimes","floor":5,"turns":3},{"damage":37,"enemies":"Lagavulin","floor":7,"turns":6},{"damage":19,"enemies":"Replay:BlueRogue","floor":10,"turns":8},{"damage":34,"enemies":"Gremlin Nob","floor":12,"turns":5},{"damage":0,"enemies":"Exordium Wildlife","floor":13,"turns":5},{"damage":0,"enemies":"Looter","floor":14,"turns":4},{"damage":59,"enemies":"Fading Forest","floor":16,"turns":7}],"seed_played":"-4631406526465684737","potions_obtained":[{"floor":5,"key":"Strength Potion"},{"floor":12,"key":"Elixir"},{"floor":13,"key":"SteroidPotion"},{"floor":14,"key":"Explosive Potion"}],"is_trial":false,"path_per_floor":["M","$","?","M","M","R","E","R","T","E","?","E","M","M","R","B"],"character_chosen":"IRONCLAD","items_purchased":["Rupture"],"campfire_rested":1,"item_purchase_floors":[2],"current_hp_per_floor":[80,80,80,80,80,80,49,54,54,41,41,13,19,25,49,0,0],"gold":254,"neow_bonus":"THREE_ENEMY_KILL","is_daily":false,"chose_seed":false,"campfire_upgraded":1,"win_rate":0.0,"timestamp":1611795695,"path_taken":["M","$","?","M","M","R","E","R","T","E","?","E","M","M","R","BOSS"],"items_purchased_type":["Card"],"build_version":"2020-12-22","purchased_purges":0,"victory":false,"max_hp_per_floor":[80,80,80,80,80,80,80,80,80,80,80,80,80,80,80,80,80],"card_choices":[{"not_picked":["Wild Strike","Entrench"],"picked":"StuffTheSpire:Incineration","floor":1},{"not_picked":["ReplayTheSpireMod:Corrosion Curse","True Grit","Thunderclap"],"picked":"SKIP","floor":4},{"not_picked":["StuffTheSpire:BloodClot","Havoc"],"picked":"Flame Barrier","floor":5},{"not_picked":["Shockwave","Massacre"],"picked":"jedi:collectorstrike","floor":7},{"not_picked":["Burning Pact","StuffTheSpire:Slingshot"],"picked":"Blood for Blood","floor":10},{"not_picked":["StuffTheSpire:Slingshot","jedi:fear"],"picked":"jedi:collectorstrike","floor":12},{"not_picked":["Perfected Strike","Entrench","Replay:Undeath\u0027s Touch"],"picked":"SKIP","floor":13},{"not_picked":["Whirlwind","Body Slam"],"picked":"jedi:collectorstrike","floor":14}],"player_experience":855393,"relics_obtained":[{"floor":3,"key":"CCEMRelics:D6"},{"floor":7,"key":"jedi:purplefairy"},{"floor":10,"key":"CCEMRelics:ImbuedSpirit"},{"floor":12,"key":"Tiny Chest"}],"event_choices":[{"cards_removed":["Strike_R"],"damage_healed":0,"gold_gain":0,"player_choice":"Forget","damage_taken":0,"max_hp_gain":0,"max_hp_loss":0,"event_name":"Living Wall","floor":11,"gold_loss":0}],"is_beta":false,"boss_relics":[],"items_purged_floors":[],"is_endless":false,"potions_floor_spawned":[5,12,13,14],"killed_by":"Fading Forest","ascension_level":1}}