{"host":"4ag909k4xupnj24b","time":1611838287,"event":{"mods":["BaseMod","Minty Spire (QoL Compilation)","StSLib"],"gold_per_floor":[99,99,99,99,99,99,99,99,99,99,99,48,48,48,48,48,48,48,48,48,48,48,48,48,48,48,48,48,48,48],"floor_reached":29,"language":"ENG","playtime":2460,"items_purged":[],"score":536,"play_id":"123eba9f-d562-443a-9687-89d6acd7c83c","local_time":"20210128045127","is_ascension_mode":true,"campfire_choices":[{"data":"Defragment","floor":8,"key":"SMITH"},{"floor":10,"key":"REST"},{"data":"Loop","floor":13,"key":"SMITH"},{"data":"Zap","floor":15,"key":"SMITH"},{"floor":24,"key":"REST"},{"floor":27,"key":"REST"}],"circlet_count":0,"master_deck":["AscendersBane","Zap+1","Dualcast","Undo","Sweeping Beam","Defragment+1","Loop+1","Auto Shields","Sweeping Beam","Cold Snap","Hologram+1","Skim+1","Fission+1","Doom and Gloom","Scrape","Capacitor","Darkness+1","Rebound","Rip and Tear","Meteor Strike","Darkness+1","Double Energy+1","Leap+1","Force Field+1"],"relics":["Ectoplasm","Blue Candle","Toxic Egg 2","Lantern","Pandora\u0027s Box","Incense Burner","WingedGreaves","Oddly Smooth Stone"],"acts_visited":["Exordium","TheCity"],"potions_floor_usage":[6,14,14],"damage_taken":[{"damage":0,"enemies":"2 Louse","floor":1,"turns":3},{"damage":1,"enemies":"Cultist","floor":3,"turns":4},{"damage":0,"enemies":"Jaw Worm","floor":4,"turns":3},{"damage":17,"enemies":"Lots of Slimes","floor":5,"turns":6},{"damage":27,"enemies":"Lagavulin","floor":6,"turns":5},{"damage":1,"enemies":"Exordium Wildlife","floor":7,"turns":4},{"damage":0,"enemies":"Large Slime","floor":11,"turns":3},{"damage":0,"enemies":"3 Sentries","floor":14,"turns":7},{"damage":13,"enemies":"Slime Boss","floor":16,"turns":10},{"damage":0,"enemies":"3 Byrds","floor":18,"turns":2},{"damage":14,"enemies":"Shell Parasite","floor":19,"turns":4},{"damage":30,"enemies":"Gremlin Leader","floor":23,"turns":5},{"damage":16,"enemies":"Slavers","floor":25,"turns":4},{"damage":22,"enemies":"Snake Plant","floor":28,"turns":3},{"damage":29,"enemies":"Chosen and Byrds","floor":29,"turns":5}],"seed_played":"5272845483871279632","potions_obtained":[{"floor":1,"key":"LiquidMemories"},{"floor":4,"key":"Regen Potion"},{"floor":6,"key":"SkillPotion"},{"floor":14,"key":"Explosive Potion"},{"floor":19,"key":"Strength Potion"}],"is_trial":false,"path_per_floor":["M","?","M","M","M","E","M","R","T","R","M","$","R","E","R","B",null,"M","M","T","$","?","E","R","E","T","R","M","M"],"character_chosen":"DEFECT","items_purchased":["Hologram+1"],"campfire_rested":3,"item_purchase_floors":[12],"current_hp_per_floor":[64,64,63,63,46,19,18,18,18,39,39,39,39,54,54,41,64,64,50,50,50,50,20,41,25,25,46,24,0,0],"gold":48,"neow_bonus":"BOSS_RELIC","is_daily":false,"chose_seed":false,"campfire_upgraded":3,"win_rate":0.0,"timestamp":1611838287,"path_taken":["M","?","M","M","?","E","M","R","T","R","M","?","R","E","R","BOSS","M","M","?","$","?","E","R","E","T","R","?","M"],"items_purchased_type":["Card"],"build_version":"2020-12-22","purchased_purges":0,"victory":false,"max_hp_per_floor":[71,71,71,71,71,71,71,71,71,71,71,71,71,71,71,71,71,71,71,71,71,71,71,71,71,71,71,71,71,71],"card_choices":[{"not_picked":["Beam Cell","Chill"],"picked":"Undo","floor":1},{"not_picked":["Gash","Reprogram"],"picked":"Sweeping Beam","floor":3},{"not_picked":["Hello World","Compile Driver"],"picked":"Defragment","floor":4},{"not_picked":["Steam Power","Stack"],"picked":"Loop","floor":5},{"not_picked":["Go for the Eyes","Lockon"],"picked":"Auto Shields","floor":6},{"not_picked":["Steam","Hologram"],"picked":"Sweeping Beam","floor":7},{"not_picked":["Aggregate+1","Rebound"],"picked":"Cold Snap","floor":11},{"not_picked":["Aggregate+1","Hologram+1"],"picked":"Skim+1","floor":14},{"not_picked":["Hyperbeam","All For One"],"picked":"Fission+1","floor":16},{"not_picked":["Ball Lightning","Streamline"],"picked":"Darkness+1","floor":18},{"not_picked":["Stack+1","Cold Snap"],"picked":"Double Energy+1","floor":19},{"not_picked":["Turbo+1","Machine Learning"],"picked":"Leap+1","floor":23},{"not_picked":["Compile Driver","Redo+1","Ball Lightning"],"picked":"SKIP","floor":25},{"not_picked":["Aggregate+1","Compile Driver"],"picked":"Force Field+1","floor":28}],"player_experience":882610,"relics_obtained":[{"floor":6,"key":"Blue Candle"},{"floor":9,"key":"Toxic Egg 2"},{"floor":14,"key":"Lantern"},{"floor":20,"key":"Incense Burner"},{"floor":23,"key":"WingedGreaves"},{"floor":25,"key":"Oddly Smooth Stone"}],"event_choices":[{"cards_removed":["Defend_B"],"damage_healed":0,"gold_gain":0,"player_choice":"Offered Basic","damage_taken":0,"max_hp_gain":0,"max_hp_loss":0,"event_name":"Bonfire Elementals","floor":2,"gold_loss":0},{"damage_healed":0,"gold_gain":50,"player_choice":"Pray","damage_taken":0,"max_hp_gain":0,"max_hp_loss":0,"event_name":"Golden Shrine","floor":22,"gold_loss":0}],"is_beta":false,"boss_relics":[{"not_picked":["Empty Cage","Black Star"],"picked":"Pandora\u0027s Box"}],"items_purged_floors":[],"is_endless":false,"potions_floor_spawned":[1,4,6,11,14,19,28],"killed_by":"Chosen and Byrds","ascension_level":16}}