{"host":"6bsan6hkua32tfq7","time":1611850886,"event":{"mods":["BaseMod","Better Third Choice","Colored Map","Highlight Path","Minty Spire (QoL Compilation)","StSLib"],"gold_per_floor":[119,137,150,150,161,177,177,177,177,211,228,228,259,272,272,349,349,360,360,360,360],"floor_reached":20,"language":"ENG","playtime":1284,"items_purged":[],"score":422,"play_id":"5925ce69-b1ed-4f1a-93ad-990a1dae8bf3","local_time":"20210128172126","is_ascension_mode":true,"campfire_choices":[{"data":"All Out Attack","floor":7,"key":"SMITH"},{"data":"Deadly Poison","floor":12,"key":"SMITH"},{"floor":15,"key":"REST"}],"circlet_count":0,"master_deck":["AscendersBane","Strike_G","Strike_G+1","Strike_G+1","Strike_G","Strike_G","Defend_G","Defend_G","Defend_G","Defend_G","Defend_G","Survivor","Neutralize","CurseOfTheBell","Deadly Poison+1","Dash","All Out Attack+1","Catalyst","Footwork","Footwork","After Image","Die Die Die","Well Laid Plans","Corpse Explosion","Catalyst"],"relics":["Calling Bell","Bag of Marbles","Singing Bowl","TungstenRod","Whetstone","PreservedInsect","Kunai","Sozu"],"acts_visited":["Exordium","TheCity"],"potions_floor_usage":[10,14,20],"damage_taken":[{"damage":0,"enemies":"2 Louse","floor":1,"turns":4},{"damage":14,"enemies":"Jaw Worm","floor":2,"turns":4},{"damage":0,"enemies":"Cultist","floor":3,"turns":4},{"damage":0,"enemies":"Looter","floor":5,"turns":2},{"damage":2,"enemies":"Exordium Wildlife","floor":6,"turns":4},{"damage":0,"enemies":"Gremlin Nob","floor":10,"turns":3},{"damage":0,"enemies":"Lots of Slimes","floor":11,"turns":1},{"damage":11,"enemies":"3 Sentries","floor":13,"turns":5},{"damage":18,"enemies":"Large Slime","floor":14,"turns":4},{"damage":19,"enemies":"The Guardian","floor":16,"turns":12},{"damage":20,"enemies":"Shell Parasite","floor":18,"turns":6},{"damage":41,"enemies":"Masked Bandits","floor":20,"turns":3}],"seed_played":"-5978487018350716406","potions_obtained":[{"floor":5,"key":"BlessingOfTheForge"},{"floor":13,"key":"Poison Potion"},{"floor":16,"key":"Poison Potion"}],"is_trial":false,"path_per_floor":["M","M","M","?","M","M","R","?","T","E","M","R","E","M","R","B",null,"M","?","?"],"character_chosen":"THE_SILENT","items_purchased":[],"campfire_rested":1,"item_purchase_floors":[],"current_hp_per_floor":[59,45,45,50,50,48,48,48,48,48,48,48,37,19,40,21,59,39,39,0,0],"gold":360,"neow_bonus":"BOSS_RELIC","is_daily":false,"chose_seed":false,"campfire_upgraded":2,"win_rate":0.0,"timestamp":1611850886,"path_taken":["M","M","M","?","M","M","R","?","T","E","M","R","E","M","R","BOSS","M","?","?"],"items_purchased_type":[],"build_version":"2020-12-22","purchased_purges":0,"victory":false,"max_hp_per_floor":[66,66,66,71,71,71,71,71,71,71,71,71,71,71,71,71,71,71,71,71,71],"card_choices":[{"not_picked":["Concentrate","Deflect"],"picked":"Deadly Poison","floor":1},{"not_picked":["Underhanded Strike","Infinite Blades"],"picked":"Dash","floor":2},{"not_picked":["Backflip","Quick Slash"],"picked":"All Out Attack","floor":3},{"not_picked":["Backflip","Expertise"],"picked":"Catalyst","floor":5},{"not_picked":["Eviscerate","Dagger Spray"],"picked":"Footwork","floor":6},{"not_picked":["Deflect","Choke"],"picked":"Footwork","floor":10},{"not_picked":["Caltrops","Bane"],"picked":"After Image","floor":11},{"not_picked":["Prepared","Concentrate"],"picked":"Die Die Die","floor":13},{"not_picked":["Prepared","Dodge and Roll"],"picked":"Well Laid Plans","floor":14},{"not_picked":["Grand Finale","Unload"],"picked":"Corpse Explosion","floor":16},{"not_picked":["Sucker Punch","Slice"],"picked":"Catalyst","floor":18}],"player_experience":5326663,"relics_obtained":[{"floor":0,"key":"Bag of Marbles"},{"floor":0,"key":"Singing Bowl"},{"floor":0,"key":"TungstenRod"},{"floor":9,"key":"Whetstone"},{"floor":10,"key":"PreservedInsect"},{"floor":13,"key":"Kunai"}],"event_choices":[{"damage_healed":0,"gold_gain":0,"player_choice":"Donut","damage_taken":0,"max_hp_gain":5,"max_hp_loss":0,"event_name":"Big Fish","floor":4,"gold_loss":0},{"damage_healed":0,"gold_gain":0,"player_choice":"Ignored","damage_taken":177,"max_hp_gain":0,"max_hp_loss":0,"event_name":"betterThird:BetterSerpent","floor":8,"gold_loss":0},{"damage_healed":0,"gold_gain":0,"player_choice":"Ignored","damage_taken":0,"max_hp_gain":0,"max_hp_loss":0,"event_name":"Vampires","floor":19,"gold_loss":0},{"damage_healed":0,"gold_gain":0,"player_choice":"Fought Bandits","damage_taken":0,"max_hp_gain":0,"max_hp_loss":0,"event_name":"Masked Bandits","floor":20,"gold_loss":0}],"is_beta":false,"boss_relics":[{"not_picked":["HoveringKite","Velvet Choker"],"picked":"Sozu"}],"items_purged_floors":[],"is_endless":false,"potions_floor_spawned":[5,13,16],"killed_by":"Masked Bandits","ascension_level":20}}