{"host":"2q4w55ev63ot6isg","time":1611795611,"event":{"mods":["Aspiration","BaseMod","Downfall","Hubris","Marisa????????","Minty Spire (QoL Compilation)","Replay The Spire","StSLib","The Cursed","The Jungle","The Servant 0.9.4"],"gold_per_floor":[99,113,113,125,33,52,105,105,117,117,48,73,90,109,128,224,224,224,240,251,0,10,10,10,10,27,52,52,52,52,178,193,294,294,194,212,17,30,47,86,86,123,23,49,78,110,119,141,258,258,258,258],"floor_reached":50,"language":"ENG","playtime":2705,"items_purged":["Delirium"],"score":725,"play_id":"663ded0c-877e-4545-a204-5ae12cefd21a","local_time":"20210127170011","is_ascension_mode":false,"campfire_choices":[{"floor":1,"key":"DIG"},{"data":"Slimebound:Grow","floor":8,"key":"SMITH"},{"data":"Slimebound:GrowthPunch","floor":10,"key":"SMITH"},{"floor":18,"key":"DIG"},{"data":"expansioncontent:StudyTheSpire","floor":23,"key":"SMITH"},{"data":"Slimebound:TongueLash","floor":25,"key":"SMITH"},{"data":"Slimebound:SamplingLick","floor":30,"key":"SMITH"},{"floor":35,"key":"RECALL"},{"data":"Slimebound:SamplingLick","floor":43,"key":"SMITH"}],"circlet_count":0,"master_deck":["Slimebound:Strike_Slimebound","Slimebound:Strike_Slimebound","Slimebound:Tackle","Slimebound:Defend_Slimebound","Slimebound:Defend_Slimebound","Slimebound:Defend_Slimebound","Slimebound:Defend_Slimebound","Slimebound:Split","Slimebound:CorrosiveSpit","Slimebound:RejuvenatingLick","Slimebound:SplitMire","Slimebound:GrowthPunch+1","Slimebound:MegaLick","Slimebound:Grow+1","Slimebound:TongueLash+1","Slimebound:HauntingLick","Slimebound:SamplingLick","Slimebound:GoopSpray","Slimebound:Schlurp","Slimebound:MegaLick","Slimebound:LeechEnergy","Slimebound:MassFeed","Slimebound:Equalize+1","Slimebound:SamplingLick","Slimebound:SamplingLick+1","expansioncontent:StudyTheSpire+1","Slimebound:LivingWall","Slimebound:GrowthPunch+1","Slimebound:RainOfGoop","Slimebound:SamplingLick+1","Slimebound:SpikyOuterGoop+1","Slimebound:WasteNot+1","downfall:Icky","downfall:Icky","Slimebound:DouseInSlime+1","Slimebound:HauntingLick","Slimebound:Prepare+1","Slimebound:LeechEnergy+1","Slimebound:Equalize","Slimebound:HauntingLick","Slimebound:RejuvenatingLick+1","Parasite","Slimebound:ViciousTackle","Pain","Slimebound:GoopSpray"],"relics":["Slimebound:AbsorbEndCombat","Gremlin Food","Replay:Bottled Eggs","Pondfish Scales","Art of War","Replay:Rubber Ducky","Black Star","aspiration:AnachronicSnailShell","Golden Egg","Garlic","Vajra","hubris:Icosahedron","The Courier","Orichalcum","Replay:Ancient Bell","Bronze Scales","Replay:WaspNest","Ice Cream","downfall:HeartBlessingGreen","Simple Rune","CeramicFish","Strawberry","Kunai","Lantern","Mercury Hourglass","downfall:HeartBlessingRed","WarpedTongs"],"acts_visited":["Exordium","TheCity","TheBeyond"],"potions_floor_usage":[16,22,31,40,42,42,44,50,50],"damage_taken":[{"damage":6,"enemies":"Jaw Worm","floor":2,"turns":3},{"damage":0,"enemies":"Cultist","floor":4,"turns":3},{"damage":1,"enemies":"downfall:FleeingMerchant","floor":5,"turns":4},{"damage":0,"enemies":"Small Slimes","floor":6,"turns":2},{"damage":0,"enemies":"Red Slaver","floor":9,"turns":3},{"damage":4,"enemies":"downfall:FleeingMerchant","floor":11,"turns":4},{"damage":15,"enemies":"Lagavulin","floor":12,"turns":5},{"damage":0,"enemies":"Blue Slaver","floor":13,"turns":3},{"damage":0,"enemies":"2 Fungi Beasts","floor":14,"turns":3},{"damage":0,"enemies":"3 Louse","floor":15,"turns":3},{"damage":0,"enemies":"IC_STATUS_ARCHETYPE","floor":16,"turns":8},{"damage":1,"enemies":"Shell Parasite","floor":19,"turns":5},{"damage":4,"enemies":"Centurion and Healer","floor":20,"turns":6},{"damage":0,"enemies":"downfall:FleeingMerchant","floor":21,"turns":4},{"damage":11,"enemies":"Snake Plant","floor":22,"turns":4},{"damage":1,"enemies":"Shelled Parasite and Fungi","floor":26,"turns":4},{"damage":1,"enemies":"Replay:Snechameleon","floor":27,"turns":7},{"damage":3,"enemies":"Book of Stabbing","floor":31,"turns":5},{"damage":0,"enemies":"Chosen and Byrds","floor":32,"turns":6},{"damage":10,"enemies":"WA_ARCHETYPE_CALM","floor":33,"turns":11},{"damage":8,"enemies":"Orb Walker","floor":36,"turns":6},{"damage":7,"enemies":"downfall:FleeingMerchant","floor":37,"turns":4},{"damage":0,"enemies":"3 Darklings","floor":38,"turns":6},{"damage":5,"enemies":"4 Shapes","floor":39,"turns":6},{"damage":1,"enemies":"Giant Head","floor":40,"turns":8},{"damage":11,"enemies":"Reptomancer","floor":42,"turns":11},{"damage":17,"enemies":"Jaw Worm Horde","floor":44,"turns":4},{"damage":0,"enemies":"Maw","floor":45,"turns":6},{"damage":6,"enemies":"Writhing Mass","floor":46,"turns":6},{"damage":6,"enemies":"3 Darklings","floor":48,"turns":4},{"damage":0,"enemies":"Jaw Worm Horde","floor":49,"turns":4},{"damage":115,"enemies":"SI_POISON_ARCHETYPE","floor":50,"turns":7}],"seed_played":"-7206002395110240643","potions_obtained":[{"floor":6,"key":"Adrenaline Potion"},{"floor":12,"key":"Doom Potion"},{"floor":14,"key":"Weak Potion"},{"floor":15,"key":"Weak Potion"},{"floor":16,"key":"Energy Potion"},{"floor":27,"key":"Energy Potion"},{"floor":32,"key":"Guardian:BlockOnCardUsePotion"},{"floor":33,"key":"PowerPotion"},{"floor":40,"key":"AttackPotion"},{"floor":44,"key":"Slimebound:SlimedPotion"},{"floor":46,"key":"Elixir"}],"is_trial":false,"path_per_floor":["R","M","?","M","$","M","T","R","M","R","$","E","M","M","M","B",null,"R","M","M","$","M","R","T","R","M","E","?","?","R","E","M","B",null,"R","M","$","M","M","E","T","E","R","M","M","M","?","M","M","B"],"character_chosen":"SLIMEBOUND","items_purchased":["Slimebound:MegaLick","Slimebound:SamplingLick","expansioncontent:StudyTheSpire","Slimebound:LivingWall","Simple Rune"],"campfire_rested":0,"item_purchase_floors":[5,11,21,21,37],"current_hp_per_floor":[65,62,59,63,64,65,65,65,65,65,62,52,58,62,65,65,65,65,65,65,65,58,58,58,58,65,65,65,65,65,62,65,55,65,65,62,59,67,68,75,75,75,75,72,78,75,75,78,78,0,0,0],"gold":258,"neow_bonus":"RANDOM_COMMON_RELIC","is_daily":false,"chose_seed":false,"campfire_upgraded":6,"win_rate":0.0,"timestamp":1611795611,"path_taken":["R","M","?","M","?","M","T","R","?","R","$","E","M","M","M","BOSS","R","M","M","$","M","R","T","R","M","E","?","?","R","E","M","BOSS","R","M","$","M","?","E","T","E","R","M","M","M","?","M","M","BOSS"],"items_purchased_type":["Card","Card","Card","Card","Relic"],"build_version":"2020-12-22","purchased_purges":1,"victory":false,"max_hp_per_floor":[65,65,65,65,65,65,65,65,65,65,65,65,65,65,65,65,65,65,65,65,65,65,65,65,65,65,65,65,65,65,65,65,65,65,65,68,68,68,68,75,75,75,75,75,78,78,78,78,78,78,78,78],"card_choices":[{"not_picked":["Slimebound:SplitMire","Slimebound:GoopSpray"],"picked":"Slimebound:RejuvenatingLick","floor":2},{"not_picked":["Slimebound:ComboTackle","Slimebound:SplitBruiser"],"picked":"Slimebound:SplitMire","floor":4},{"not_picked":["Slimebound:MinionMaster","Slimebound:LeechingTouch"],"picked":"Slimebound:GrowthPunch","floor":5},{"not_picked":["Slimebound:Schlurp","Slimebound:Chomp"],"picked":"Slimebound:Grow","floor":6},{"not_picked":["Slimebound:LeechingTouch","Slimebound:SplitAcid"],"picked":"Slimebound:TongueLash","floor":9},{"not_picked":["Slimebound:SlimeBarrage","Slimebound:MinionMaster"],"picked":"Slimebound:HauntingLick","floor":11},{"not_picked":["Slimebound:LeechEnergy","Slimebound:LeadByExample"],"picked":"Slimebound:GoopSpray","floor":12},{"not_picked":["Slimebound:SplitBruiser","Slimebound:PrepareCrush"],"picked":"Slimebound:Schlurp","floor":13},{"not_picked":["Slimebound:SlimeBrawl","Slimebound:FinishingTackle"],"picked":"Slimebound:MegaLick","floor":14},{"not_picked":["Slimebound:SplitAcid","Slimebound:SlimeBarrage"],"picked":"Slimebound:LeechEnergy","floor":15},{"not_picked":["Slimebound:FirmFortitude","Slimebound:MassRepurpose"],"picked":"Slimebound:MassFeed","floor":16},{"not_picked":["Slimebound:SplitBruiser+1","Slimebound:SamplingLick"],"picked":"Slimebound:Equalize+1","floor":19},{"not_picked":["Slimebound:Nibble+1","Slimebound:HauntingLick"],"picked":"Slimebound:SamplingLick","floor":20},{"not_picked":["Slimebound:RollThrough+1","Slimebound:Grow"],"picked":"Slimebound:SamplingLick","floor":21},{"not_picked":["Slimebound:PressTheAttack","Slimebound:SlimeBarrage+1","Slimebound:SplitLeeching"],"picked":"SKIP","floor":22},{"not_picked":["Slimebound:ForwardTackle+1","Slimebound:LeadByExample"],"picked":"Slimebound:GrowthPunch+1","floor":26},{"not_picked":["Slimebound:MinionMaster","Slimebound:LeechingTouch"],"picked":"Slimebound:RainOfGoop","floor":27},{"not_picked":["Slimebound:Grow+1","Slimebound:SplitBruiser+1"],"picked":"Slimebound:SamplingLick","floor":31},{"not_picked":["Slimebound:ItLooksTasty+1","Slimebound:RollThrough"],"picked":"Slimebound:SpikyOuterGoop+1","floor":32},{"not_picked":["Slimebound:DouseInSlime","Slimebound:OozeBath"],"picked":"Slimebound:WasteNot","floor":33},{"not_picked":["Voices","hubris:Lust"],"picked":"Delirium","floor":34},{"not_picked":["Writhe","Shame"],"picked":"downfall:Icky","floor":34},{"not_picked":["Regret","Replay:Hysterical Blindness"],"picked":"downfall:Icky","floor":34},{"not_picked":["Slimebound:SplitAcid","Slimebound:RollThrough+1","Slimebound:SplitBruiser"],"picked":"SKIP","floor":36},{"not_picked":["Slimebound:SplitAcid","Slimebound:ProtectTheBoss"],"picked":"Slimebound:DouseInSlime","floor":37},{"not_picked":["Slimebound:RollThrough+1","Slimebound:SplitAcid"],"picked":"Slimebound:HauntingLick","floor":38},{"not_picked":["Slimebound:GoopTackle","Slimebound:SplitMire"],"picked":"Slimebound:Prepare+1","floor":39},{"not_picked":["Slimebound:MassRepurpose","Slimebound:LevelUp"],"picked":"Slimebound:LeechEnergy+1","floor":40},{"not_picked":["Slimebound:SlimeSpikes+1","Slimebound:PressTheAttack+1"],"picked":"Slimebound:Equalize","floor":42},{"not_picked":["Slimebound:Dissolve","Slimebound:Repurpose"],"picked":"Slimebound:HauntingLick","floor":44},{"not_picked":["Slimebound:PressTheAttack","Slimebound:MegaLick+1"],"picked":"Slimebound:RejuvenatingLick+1","floor":45},{"not_picked":["Slimebound:FinishingTackle+1","Slimebound:LeechEnergy"],"picked":"Slimebound:ViciousTackle","floor":46},{"not_picked":["Slimebound:SplitAcid+1","Slimebound:SplitLeeching"],"picked":"Slimebound:GoopSpray","floor":48},{"not_picked":["Slimebound:LeadByExample+1","Slimebound:SlimeSpikes","Slimebound:Nibble"],"picked":"SKIP","floor":49}],"player_experience":179091,"relics_obtained":[{"floor":1,"key":"Replay:Bottled Eggs"},{"floor":7,"key":"Art of War"},{"floor":12,"key":"Replay:Rubber Ducky"},{"floor":18,"key":"aspiration:AnachronicSnailShell"},{"floor":24,"key":"Golden Egg"},{"floor":27,"key":"Garlic"},{"floor":27,"key":"Vajra"},{"floor":31,"key":"The Courier"},{"floor":31,"key":"Orichalcum"},{"floor":40,"key":"CeramicFish"},{"floor":40,"key":"Strawberry"},{"floor":41,"key":"Kunai"},{"floor":42,"key":"Lantern"},{"floor":42,"key":"Mercury Hourglass"}],"event_choices":[{"damage_healed":0,"gold_gain":0,"player_choice":"Success","damage_taken":3,"relics_obtained":["Pondfish Scales"],"max_hp_gain":0,"max_hp_loss":0,"event_name":"Scrap Ooze","floor":3,"gold_loss":0},{"cards_removed":["Slimebound:Strike_Slimebound"],"damage_healed":0,"gold_gain":0,"player_choice":"Offered Basic","damage_taken":0,"max_hp_gain":0,"max_hp_loss":0,"event_name":"Bonfire Elementals","floor":29,"gold_loss":0},{"damage_healed":0,"gold_gain":0,"player_choice":"Rummage","damage_taken":0,"relics_obtained":["WarpedTongs"],"max_hp_gain":0,"max_hp_loss":0,"event_name":"Accursed Blacksmith","floor":47,"gold_loss":0,"cards_obtained":["Pain"]}],"is_beta":false,"boss_relics":[{"not_picked":["Replay:Drink Me","SlaversCollar"],"picked":"Black Star"},{"not_picked":["Tiny House","Kintsugi"],"picked":"Replay:Ancient Bell"},{"not_picked":["Slimebound:AggressiveSlimeRelic","aspiration:HiddenCompartment"],"picked":"Bronze Scales"},{"not_picked":["aspiration:StickyExplosives_weak","Replay:Accelerometer"],"picked":"Replay:WaspNest"},{"not_picked":["Replay:Towering Pillar of Hats","Peace Pipe"],"picked":"Ice Cream"}],"items_purged_floors":[37],"is_endless":false,"potions_floor_spawned":[6,12,14,15,16,27,32,33,38,39,40,44,46],"killed_by":"SI_POISON_ARCHETYPE","ascension_level":0}}