{"host":"oz0i1fpezyhy8r2h","time":1611847644,"event":{"mods":["ATMod(∞¢Ë™Mod)","Act Like it!","Arknights The Spire","BaseMod","KinomotoSakuraMod(ƒæ÷Æ±æ”£)","Minty Spire (QoL Compilation)","Reimu£®≤©¿ˆ¡È√Œ£©","Remilia£®¿Ÿ√◊¿Ú—«£©","StSLib","The Bug Knight","°æ“≈ŒÔø®≈∆°øREMEMod"],"gold_per_floor":[14,40,50,70,83,111,127,127,427,427,427,447,477,487,487,487,487],"floor_reached":16,"language":"ZHS","playtime":1009,"items_purged":[],"score":154,"play_id":"feded90b-7e9f-471c-a866-b36bbb74f50d","local_time":"20210128232724","is_ascension_mode":true,"campfire_choices":[{"data":"ats:Thermite Blade","floor":8.0,"key":"SMITH"},{"data":"ats:Emotion Absorption","floor":11.0,"key":"SMITH"},{"data":"ats:Dogmatic Field","floor":15.0,"key":"SMITH"}],"circlet_count":0,"master_deck":["ats:Strike C","ats:Strike G","ats:Strike S","ats:Armor Crushing Shot","ats:Defend","ats:Defend","ats:Defend","ats:Defend","ats:Emotion Absorption+1","ats:Composite Medical Shells","ats:Thorns","ats:Magnetic Hammer","ats:Thermite Blade+1","ats:Encircling Forest","ats:Dogmatic Field+1"],"relics":["ats:Sanity","AT_ATBox","REME_ComplimentaryCards","Thread and Needle","Bag of Marbles","ats:Originium","REME_HourglassOfDeath","Old Coin","Singing Bowl"],"acts_visited":["Exordium"],"potions_floor_usage":[16,16,16],"damage_taken":[{"damage":0.0,"enemies":"Cultist","floor":1.0,"turns":4.0},{"damage":2.0,"enemies":"Jaw Worm","floor":3.0,"turns":4.0},{"damage":5.0,"enemies":"2 Louse","floor":4.0,"turns":2.0},{"damage":4.0,"enemies":"Blue Slaver","floor":5.0,"turns":5.0},{"damage":28.0,"enemies":"Lagavulin","floor":6.0,"turns":9.0},{"damage":2.0,"enemies":"Large Slime","floor":7.0,"turns":8.0},{"damage":0.0,"enemies":"3 Louse","floor":12.0,"turns":3.0},{"damage":1.0,"enemies":"3 Sentries","floor":13.0,"turns":6.0},{"damage":7.0,"enemies":"Blue Slaver","floor":14.0,"turns":6.0},{"damage":16,"enemies":"Slime Boss","floor":16,"turns":6}],"seed_played":"-5218872798671456319","potions_obtained":[{"floor":3.0,"key":"Energy Potion"},{"floor":12.0,"key":"GamblersBrew"},{"floor":13.0,"key":"CultistPotion"}],"is_trial":false,"path_per_floor":["M","T","M","M","M","E","M","R","T","?","R","M","E","M","R","B"],"character_chosen":"DOCTOR_CLASS","items_purchased":[],"campfire_rested":0,"item_purchase_floors":[],"current_hp_per_floor":[65,65,63,58,54,26,24,24,24,24,24,24,23,18,18,2,2],"gold":487,"neow_bonus":"ONE_RARE_RELIC","is_daily":false,"chose_seed":false,"campfire_upgraded":3,"win_rate":0.0,"timestamp":1611847644,"path_taken":["M","?","M","M","M","E","M","R","T","?","R","M","E","M","R","BOSS"],"items_purchased_type":[],"build_version":"2020-12-22","purchased_purges":0,"victory":false,"max_hp_per_floor":[72,72,72,72,72,72,72,72,72,72,72,72,72,74,74,74,74],"card_choices":[{"not_picked":["ats:Very Hot Blade","ats:Absolute Focus"],"picked":"ats:Composite Medical Shells","floor":1.0},{"not_picked":["ats:Poison Spread","ats:Closed Bolt Burst Fire","ats:Consecutive Shot Auto"],"picked":"SKIP","floor":3.0},{"not_picked":["ats:Explosion Area Strengthen","ats:Phantom"],"picked":"ats:Thorns","floor":4.0},{"not_picked":["ats:Leaping Hammer","ats:Beaten Up"],"picked":"ats:Magnetic Hammer","floor":5.0},{"not_picked":["ats:Assault Order","ats:Poison Spread","ats:Demon Strength"],"picked":"SKIP","floor":6.0},{"not_picked":["ats:Hammer On","ats:Mental Burst"],"picked":"ats:Thermite Blade","floor":7.0},{"not_picked":["ats:Blood Oath","ats:Absolute Focus","ats:Cat Scratch"],"picked":"SKIP","floor":12.0},{"not_picked":["ats:Explosion Area Strengthen","ats:Assault Order"],"picked":"ats:Dogmatic Field","floor":13.0},{"not_picked":["ats:Hammer On","ats:Sword Rain","ats:Consecutive Shot Auto"],"picked":"Singing Bowl","floor":14.0}],"player_experience":181776,"relics_obtained":[{"floor":2.0,"key":"Bag of Marbles"},{"floor":6.0,"key":"ats:Originium"},{"floor":6.0,"key":"REME_HourglassOfDeath"},{"floor":9.0,"key":"Old Coin"},{"floor":13.0,"key":"ats:Originium"},{"floor":13.0,"key":"Singing Bowl"}],"event_choices":[{"damage_healed":0.0,"max_hp_gain":0.0,"max_hp_loss":0.0,"gold_gain":0.0,"cards_transformed":["ats:Strike V"],"event_name":"Transmorgrifier","player_choice":"Transformed","floor":10.0,"gold_loss":0.0,"damage_taken":0.0,"cards_obtained":["ats:Encircling Forest"]}],"is_beta":false,"boss_relics":[],"items_purged_floors":[],"is_endless":false,"potions_floor_spawned":[3,12,13],"killed_by":"Slime Boss","ascension_level":7}}