{"host":"Qube","time":1611810752,"event":{"mods":["AchievementEnabler","BaseMod","Colored Map","Colored Powertips","Highlight Path","Minty Spire (QoL Compilation)","Permanent Neow","Quick Restart","Random Character Button","StSLib"],"gold_per_floor":[112,123,141,160,160,160,188,188,215,240,240,258,258,258,258,359,359,369,35,52,67,93,93,121,121,147,174,174,202,233,246,246,246,246],"floor_reached":33,"language":"ENG","playtime":1440,"items_purged":[],"score":381,"play_id":"98e0b3ab-043c-4cd9-933d-76d15d1aedc2","local_time":"20210127211232","is_ascension_mode":true,"campfire_choices":[{"data":"Undo","floor":6.0,"key":"SMITH"},{"data":"Buffer","floor":11.0,"key":"SMITH"},{"data":"Barrage","floor":13.0,"key":"SMITH"},{"data":"Chill","floor":15.0,"key":"SMITH"},{"data":"Hyperbeam","floor":23,"key":"SMITH"},{"data":"Doom and Gloom","floor":25,"key":"SMITH"},{"data":"Ball Lightning","floor":28,"key":"SMITH"},{"floor":32,"key":"REST"}],"circlet_count":0,"master_deck":["Strike_B+1","Strike_B","Strike_B","Strike_B","Defend_B+1","Defend_B","Defend_B+1","Defend_B","Zap","Dualcast","Undo+1","Ball Lightning+1","Cold Snap+1","Barrage+1","Buffer+1","Chill+1","Hyperbeam+1","Doom and Gloom+1","Undo"],"relics":["Snecko Eye","Vajra","Happy Flower","Toy Ornithopter","Busted Crown","Symbiotic Virus","Juzu Bracelet","Anchor","War Paint","Tiny Chest","Dream Catcher","Red Mask"],"acts_visited":["TheCity"],"potions_floor_usage":[24,24,29],"damage_taken":[{"damage":1.0,"enemies":"Jaw Worm","floor":1.0,"turns":4.0},{"damage":0.0,"enemies":"2 Louse","floor":2.0,"turns":5.0},{"damage":1.0,"enemies":"Cultist","floor":3.0,"turns":5.0},{"damage":0.0,"enemies":"Blue Slaver","floor":4.0,"turns":3.0},{"damage":10.0,"enemies":"3 Sentries","floor":7.0,"turns":7.0},{"damage":6.0,"enemies":"Lagavulin","floor":10.0,"turns":6.0},{"damage":0.0,"enemies":"Large Slime","floor":12.0,"turns":5.0},{"damage":0,"enemies":"Slime Boss","floor":16,"turns":7},{"damage":0,"enemies":"Spheric Guardian","floor":18,"turns":4},{"damage":3,"enemies":"Shell Parasite","floor":20,"turns":4},{"damage":0,"enemies":"Centurion and Healer","floor":21,"turns":4},{"damage":4,"enemies":"Gremlin Leader","floor":24,"turns":6},{"damage":12,"enemies":"Book of Stabbing","floor":27,"turns":5},{"damage":20,"enemies":"Gremlin Leader","floor":29,"turns":5},{"damage":0,"enemies":"Masked Bandits","floor":30,"turns":3},{"damage":0,"enemies":"Sentry and Sphere","floor":31,"turns":3},{"damage":27,"enemies":"Collector","floor":33,"turns":8}],"seed_played":"5192159931330923863","potions_obtained":[{"floor":1.0,"key":"Block Potion"},{"floor":2.0,"key":"FocusPotion"},{"floor":3.0,"key":"DistilledChaos"},{"floor":10.0,"key":"PowerPotion"},{"floor":18,"key":"SkillPotion"},{"floor":24,"key":"Ancient Potion"},{"floor":29,"key":"SmokeBomb"},{"floor":30,"key":"Fire Potion"},{"floor":31,"key":"Fruit Juice"}],"is_trial":false,"path_per_floor":["M","M","M","M","?","R","E","?","T","E","R","M","R","?","R","B",null,"M","$","M","M","T","R","E","R","T","E","R","E","?","M","R","B"],"character_chosen":"DEFECT","items_purchased":["Doom and Gloom","Symbiotic Virus"],"campfire_rested":1,"item_purchase_floors":[19,19],"current_hp_per_floor":[74,74,73,73,78,78,68,52,52,46,46,46,46,46,46,46,80,80,80,77,77,77,77,76,76,76,64,64,49,49,49,73,46,46],"gold":246,"neow_bonus":"BOSS_RELIC","is_daily":false,"chose_seed":false,"campfire_upgraded":7,"win_rate":0.0,"timestamp":1611810752,"path_taken":["M","M","M","M","?","R","E","?","T","E","R","M","R","?","R","BOSS","M","$","M","M","?","R","E","R","T","E","R","E","?","M","R","BOSS"],"items_purchased_type":["Card","Relic"],"build_version":"2020-12-18","purchased_purges":0,"victory":false,"max_hp_per_floor":[75,75,75,75,80,80,80,80,80,80,80,80,80,80,80,80,80,80,80,80,80,80,80,80,80,80,80,80,80,80,80,80,80,80],"card_choices":[{"not_picked":["Defragment","Barrage"],"picked":"Undo","floor":1.0},{"not_picked":["Chaos","Beam Cell"],"picked":"Ball Lightning","floor":2.0},{"not_picked":["Sweeping Beam","Aggregate"],"picked":"Cold Snap","floor":3.0},{"not_picked":["Turbo","Stack","Hologram"],"picked":"SKIP","floor":4.0},{"not_picked":["Sunder","Hologram"],"picked":"Barrage","floor":7.0},{"not_picked":["Barrage","Turbo"],"picked":"Buffer","floor":10.0},{"not_picked":["Hologram","Double Energy","Skim"],"picked":"SKIP","floor":12.0},{"not_picked":["Buffer","Core Surge"],"picked":"Hyperbeam","floor":16},{"not_picked":["Self Repair"],"picked":"SKIP","floor":18},{"not_picked":["Gash"],"picked":"SKIP","floor":20},{"not_picked":["Gash"],"picked":"SKIP","floor":21},{"not_picked":["Beam Cell"],"picked":"SKIP","floor":24},{"not_picked":["Barrage"],"picked":"SKIP","floor":27},{"not_picked":["Cold Snap"],"picked":"SKIP","floor":29},{"not_picked":["Stack"],"picked":"SKIP","floor":31},{"not_picked":[],"picked":"Undo","floor":32}],"player_experience":1001992,"relics_obtained":[{"floor":7.0,"key":"Vajra"},{"floor":9.0,"key":"Happy Flower"},{"floor":10.0,"key":"Toy Ornithopter"},{"floor":22,"key":"Juzu Bracelet"},{"floor":24,"key":"Anchor"},{"floor":26,"key":"War Paint"},{"floor":27,"key":"Tiny Chest"},{"floor":29,"key":"Dream Catcher"},{"floor":30,"key":"Red Mask"}],"event_choices":[{"damage_healed":0.0,"max_hp_gain":5.0,"max_hp_loss":0.0,"gold_gain":0.0,"event_name":"Big Fish","player_choice":"Donut","floor":5.0,"gold_loss":0.0,"damage_taken":0.0},{"damage_healed":0.0,"max_hp_gain":0.0,"max_hp_loss":0.0,"gold_gain":0.0,"event_name":"Shining Light","player_choice":"Entered Light","floor":8.0,"gold_loss":0.0,"damage_taken":16.0,"cards_upgraded":["Cold Snap","Strike_B"]},{"damage_healed":0.0,"max_hp_gain":0.0,"max_hp_loss":0.0,"gold_gain":0.0,"event_name":"Match and Keep!","player_choice":"1 cards matched","floor":14.0,"gold_loss":0.0,"damage_taken":0.0,"cards_obtained":["Chill"]},{"damage_healed":0,"gold_gain":0,"player_choice":"Fought Bandits","damage_taken":0,"max_hp_gain":0,"max_hp_loss":0,"event_name":"Masked Bandits","floor":30,"gold_loss":0}],"is_beta":true,"boss_relics":[{"not_picked":["Pandora\u0027s Box","SlaversCollar"],"picked":"Busted Crown"}],"items_purged_floors":[],"is_endless":false,"potions_floor_spawned":[1,2,3,10,18,24,29,30,31],"killed_by":"Collector","ascension_level":1}}