{"host":"4pckc3u5mqcilakq","time":1611837414,"event":{"mods":["AchievementEnabler","BaseMod","Colored Map","Colored Powertips","Highlight Path","Minty Spire (QoL Compilation)"],"gold_per_floor":[115,126,143,201,217,217,51,51,131,156,182,144,183,195,207,314,326,357,383,409,440,472,484,496,496],"floor_reached":24,"language":"ENG","playtime":1235,"items_purged":["Strike_B"],"score":263,"play_id":"2f853730-60d0-4cef-b54d-adc3697e11e5","local_time":"20210128153654","is_ascension_mode":true,"campfire_choices":[{"data":"Sunder","floor":6,"key":"SMITH"},{"data":"Defragment","floor":8,"key":"SMITH"},{"data":"Hologram","floor":15,"key":"SMITH"},{"floor":23,"key":"REST"}],"circlet_count":0,"master_deck":["Strike_B","Strike_B","Strike_B","Defend_B","Defend_B","Defend_B","Zap","Dualcast","Conserve Battery","Cold Snap","Sunder+1","Undo","Defragment+1","Coolheaded","Hologram+1","Electrodynamics","Creative AI","Cold Snap+1"],"relics":["Cracked Core","NeowsBlessing","The Courier","MawBank","Ginger","Busted Crown"],"acts_visited":["Exordium","TheCity"],"potions_floor_usage":[18,24],"damage_taken":[{"damage":0,"enemies":"Small Slimes","floor":1,"turns":1},{"damage":0,"enemies":"Jaw Worm","floor":2,"turns":1},{"damage":0,"enemies":"Cultist","floor":3,"turns":1},{"damage":16,"enemies":"Gremlin Gang","floor":5,"turns":4},{"damage":7,"enemies":"Lagavulin","floor":10,"turns":8},{"damage":2,"enemies":"Blue Slaver","floor":11,"turns":3},{"damage":3,"enemies":"3 Sentries","floor":13,"turns":5},{"damage":33,"enemies":"Slime Boss","floor":16,"turns":9},{"damage":8,"enemies":"3 Byrds","floor":18,"turns":3},{"damage":21,"enemies":"Spheric Guardian","floor":19,"turns":6},{"damage":1,"enemies":"3 Cultists","floor":20,"turns":4},{"damage":11,"enemies":"Centurion and Healer","floor":21,"turns":8},{"damage":9,"enemies":"Chosen and Byrds","floor":22,"turns":5},{"damage":32,"enemies":"Slavers","floor":24,"turns":1}],"seed_played":"-5877280058368518921","potions_obtained":[{"floor":2,"key":"Explosive Potion"},{"floor":5,"key":"Ancient Potion"},{"floor":16,"key":"Explosive Potion"},{"floor":20,"key":"PotionOfCapacity"},{"floor":21,"key":"Energy Potion"}],"is_trial":false,"path_per_floor":["M","M","M","?","M","R","$","R","T","E","M","?","E","$","R","B",null,"M","M","M","M","M","R","E"],"character_chosen":"DEFECT","items_purchased":["Defragment","Coolheaded"],"campfire_rested":1,"item_purchase_floors":[7,7],"current_hp_per_floor":[75,75,75,75,59,59,59,59,59,52,50,50,47,47,47,14,60,52,31,30,19,10,32,0,0],"gold":496,"neow_bonus":"THREE_ENEMY_KILL","is_daily":false,"chose_seed":false,"campfire_upgraded":3,"win_rate":0.0,"timestamp":1611837414,"path_taken":["M","M","M","?","M","R","$","R","T","E","M","?","E","?","R","BOSS","M","M","M","M","M","R","E"],"items_purchased_type":["Card","Card"],"build_version":"2020-12-22","purchased_purges":1,"victory":false,"max_hp_per_floor":[75,75,75,75,75,75,75,75,75,75,75,75,75,75,75,75,75,75,75,75,75,75,75,75,75],"card_choices":[{"not_picked":["Compile Driver","Hello World"],"picked":"Conserve Battery","floor":1},{"not_picked":["Streamline","Blizzard"],"picked":"Cold Snap","floor":2},{"not_picked":["Leap","Sunder","Barrage"],"picked":"SKIP","floor":3},{"not_picked":["Leap","Barrage"],"picked":"Sunder","floor":3},{"not_picked":["Blizzard","Beam Cell"],"picked":"Undo","floor":5},{"not_picked":["Gash","Sweeping Beam"],"picked":"Hologram","floor":10},{"not_picked":["Coolheaded","Darkness"],"picked":"Electrodynamics","floor":11},{"not_picked":["Doom and Gloom","Sweeping Beam","Beam Cell"],"picked":"SKIP","floor":13},{"not_picked":["Core Surge","Buffer"],"picked":"Creative AI","floor":16},{"not_picked":["Conserve Battery"],"picked":"SKIP","floor":18},{"not_picked":["Reinforced Body"],"picked":"SKIP","floor":19},{"not_picked":[],"picked":"Cold Snap+1","floor":20},{"not_picked":["Steam"],"picked":"SKIP","floor":21},{"not_picked":["Auto Shields"],"picked":"SKIP","floor":22}],"player_experience":208752,"relics_obtained":[{"floor":9,"key":"The Courier"},{"floor":10,"key":"MawBank"},{"floor":13,"key":"Ginger"}],"event_choices":[{"damage_healed":0,"gold_gain":58,"player_choice":"Gained Gold","damage_taken":0,"max_hp_gain":0,"max_hp_loss":0,"event_name":"Golden Wing","floor":4,"gold_loss":0},{"cards_removed":["Defend_B"],"damage_healed":0,"gold_gain":0,"player_choice":"Card Removal","damage_taken":0,"max_hp_gain":0,"max_hp_loss":0,"event_name":"The Cleric","floor":12,"gold_loss":50}],"is_beta":false,"boss_relics":[{"not_picked":["Coffee Dripper","Snecko Eye"],"picked":"Busted Crown"}],"items_purged_floors":[7],"is_endless":false,"potions_floor_spawned":[2,5,16,20,21],"killed_by":"Slavers","ascension_level":5}}