{"host":"a1eatafr7pisesky","time":1611824973,"event":{"mods":["AchievementEnabler","BaseMod","Colored Map","Keyboard Shortcuts","Minty Spire (QoL Compilation)","Say the Spire","StSLib","SuperFastMode","everything is the same but u backflip on backflip"],"gold_per_floor":[112,112,112,131,151,186,186,220,520,538,571,571,587,622,622,697,697,708,618,543,563,563,592,592,606,606,618,629,291,561,40,40,114,114,131,59,70,81,81,107,107,136,136,169,169,189,207,227,227,227,227],"floor_reached":50,"language":"KOR","playtime":1359,"items_purged":["Combust+1","Thunderclap","Warcry+1"],"score":1082,"play_id":"ffc95ae1-d312-4092-b517-c139fca091fc","local_time":"20210128180933","is_ascension_mode":true,"campfire_choices":[{"data":"Bloodletting","floor":7.0,"key":"SMITH"},{"floor":12.0,"key":"REST"},{"data":"Shrug It Off","floor":15.0,"key":"SMITH"},{"data":"Ghostly","floor":24.0,"key":"SMITH"},{"data":"Barricade","floor":32.0,"key":"SMITH"},{"data":"Ghostly","floor":41.0,"key":"SMITH"},{"data":"Ghostly","floor":45.0,"key":"SMITH"},{"floor":49.0,"key":"RECALL"}],"circlet_count":0,"master_deck":["AscendersBane","Strike_R","Strike_R","Strike_R","Strike_R","Strike_R","Bash+1","Perfected Strike+1","Shrug It Off+1","Bloodletting+1","Pommel Strike+1","Perfected Strike+1","Reaper+1","Power Through+1","Flex","Perfected Strike+1","Ghostly+1","Ghostly+1","Ghostly","Ghostly+1","Ghostly","Shrug It Off","Blood for Blood+1","Barricade+1","Wild Strike+1","Body Slam+1","Body Slam+1","Dark Embrace","Havoc"],"relics":["Burning Blood","NeowsBlessing","Ginger","Molten Egg 2","Old Coin","MealTicket","Regal Pillow","Astrolabe","Mummified Hand","Shuriken","Sundial","Busted Crown","CeramicFish","Pear","Oddly Smooth Stone"],"acts_visited":["Exordium","TheCity","TheBeyond"],"potions_floor_usage":[50],"damage_taken":[{"damage":0.0,"enemies":"2 Louse","floor":1.0,"turns":1.0},{"damage":0.0,"enemies":"Jaw Worm","floor":4.0,"turns":1.0},{"damage":0.0,"enemies":"Cultist","floor":5.0,"turns":1.0},{"damage":19.0,"enemies":"Gremlin Nob","floor":6.0,"turns":3.0},{"damage":61.0,"enemies":"Lagavulin","floor":8.0,"turns":7.0},{"damage":6.0,"enemies":"Large Slime","floor":10.0,"turns":5.0},{"damage":2.0,"enemies":"3 Sentries","floor":11.0,"turns":5.0},{"damage":6.0,"enemies":"Exordium Thugs","floor":13.0,"turns":3.0},{"damage":13.0,"enemies":"Lagavulin","floor":14.0,"turns":6.0},{"damage":28.0,"enemies":"Hexaghost","floor":16.0,"turns":8.0},{"damage":10.0,"enemies":"Chosen","floor":18.0,"turns":4.0},{"damage":3.0,"enemies":"Spheric Guardian","floor":21.0,"turns":3.0},{"damage":7.0,"enemies":"Book of Stabbing","floor":23.0,"turns":5.0},{"damage":10.0,"enemies":"Snake Plant","floor":25.0,"turns":3.0},{"damage":30.0,"enemies":"3 Cultists","floor":27.0,"turns":6.0},{"damage":2.0,"enemies":"Snecko","floor":28.0,"turns":5.0},{"damage":8.0,"enemies":"Automaton","floor":33.0,"turns":10.0},{"damage":2.0,"enemies":"3 Darklings","floor":35.0,"turns":6.0},{"damage":1.0,"enemies":"3 Shapes","floor":37.0,"turns":5.0},{"damage":27.0,"enemies":"Writhing Mass","floor":38.0,"turns":7.0},{"damage":13.0,"enemies":"Giant Head","floor":40.0,"turns":9.0},{"damage":6.0,"enemies":"Reptomancer","floor":42.0,"turns":6.0},{"damage":3.0,"enemies":"Nemesis","floor":44.0,"turns":9.0},{"damage":6.0,"enemies":"Jaw Worm Horde","floor":46.0,"turns":5.0},{"damage":9.0,"enemies":"Sphere and 2 Shapes","floor":47.0,"turns":4.0},{"damage":18.0,"enemies":"3 Darklings","floor":48.0,"turns":6.0},{"damage":62,"enemies":"Time Eater","floor":50,"turns":10}],"seed_played":"-7583563393260850909","potions_obtained":[{"floor":4.0,"key":"Explosive Potion"},{"floor":8.0,"key":"DuplicationPotion"},{"floor":13.0,"key":"ColorlessPotion"},{"floor":14.0,"key":"Weak Potion"},{"floor":18.0,"key":"DistilledChaos"},{"floor":28.0,"key":"BlessingOfTheForge"},{"floor":38.0,"key":"Ancient Potion"},{"floor":40.0,"key":"Explosive Potion"},{"floor":42.0,"key":"CultistPotion"}],"is_trial":false,"path_per_floor":["M","?","?","M","M","E","R","E","T","M","E","R","M","E","R","B",null,"M","?","$","M","?","E","R","M","T","M","M","$","?","$","R","B",null,"M","$","M","M","?","E","R","E","T","E","R","M","M","M","R","B"],"character_chosen":"IRONCLAD","items_purchased":["Barricade","Wild Strike+1","Body Slam+1","Sundial","Shrug It Off","Body Slam+1","Block Potion","Dark Embrace"],"campfire_rested":1,"item_purchase_floors":[29,29,29,31,31,31,31,36],"current_hp_per_floor":[74,79,79,80,80,67,67,12,12,12,16,40,40,33,33,11,63,64,64,79,80,40,39,39,35,35,16,20,35,8,23,23,30,38,40,40,40,19,19,12,12,28,28,41,41,50,47,41,41,0,0],"gold":227,"neow_bonus":"THREE_ENEMY_KILL","is_daily":false,"chose_seed":false,"campfire_upgraded":6,"win_rate":0.0,"timestamp":1611824973,"path_taken":["M","?","?","M","M","E","R","E","T","?","E","R","M","E","R","BOSS","M","?","?","?","?","E","R","M","T","M","M","$","?","$","R","BOSS","M","$","M","?","?","E","R","E","T","E","R","M","M","?","R","BOSS"],"items_purchased_type":["Card","Card","Card","Relic","Card","Card","Potion","Card"],"build_version":"2020-12-22","purchased_purges":3,"victory":false,"max_hp_per_floor":[75,80,80,80,80,80,80,80,80,80,80,80,80,80,80,80,80,80,80,80,80,40,40,40,40,40,40,40,40,40,40,40,40,40,40,40,40,40,40,40,40,50,50,50,50,50,50,50,50,50,50],"card_choices":[{"not_picked":["Twin Strike","Carnage"],"picked":"Perfected Strike","floor":1.0},{"not_picked":["Body Slam","Intimidate"],"picked":"Shrug It Off","floor":4.0},{"not_picked":["Sentinel","Sever Soul"],"picked":"Bloodletting","floor":5.0},{"not_picked":["Rampage","Dark Embrace"],"picked":"Thunderclap","floor":6.0},{"not_picked":["Headbutt+1","Havoc"],"picked":"Pommel Strike+1","floor":8.0},{"not_picked":["Warcry","Berserk"],"picked":"Perfected Strike+1","floor":10.0},{"not_picked":["Power Through","Sword Boomerang+1","Headbutt+1"],"picked":"SKIP","floor":11.0},{"not_picked":["Hemokinesis+1","Clash+1","Heavy Blade+1"],"picked":"SKIP","floor":13.0},{"not_picked":["Reckless Charge+1","Fire Breathing","Body Slam+1"],"picked":"SKIP","floor":14.0},{"not_picked":["Barricade","Impervious"],"picked":"Reaper+1","floor":16.0},{"not_picked":["Cleave+1","Wild Strike+1"],"picked":"Flex","floor":18.0},{"not_picked":["Anger+1","Heavy Blade+1"],"picked":"Perfected Strike+1","floor":21.0},{"not_picked":["Wild Strike+1","Clothesline+1","Searing Blow+1"],"picked":"SKIP","floor":23.0},{"not_picked":["Power Through","Spot Weakness","Iron Wave+1"],"picked":"SKIP","floor":25.0},{"not_picked":["Sword Boomerang+1","Disarm"],"picked":"Shrug It Off","floor":27.0},{"not_picked":["Battle Trance","True Grit+1"],"picked":"Blood for Blood+1","floor":28.0},{"not_picked":["Armaments"],"picked":"SKIP","floor":35.0},{"not_picked":["Clash+1"],"picked":"SKIP","floor":37.0},{"not_picked":["Warcry+1"],"picked":"SKIP","floor":38.0},{"not_picked":["Clash+1"],"picked":"SKIP","floor":40.0},{"not_picked":["Whirlwind+1"],"picked":"SKIP","floor":42.0},{"not_picked":["Sword Boomerang+1"],"picked":"SKIP","floor":44.0},{"not_picked":["Sword Boomerang+1"],"picked":"SKIP","floor":46.0},{"not_picked":["Warcry"],"picked":"SKIP","floor":47.0},{"not_picked":["Headbutt+1"],"picked":"SKIP","floor":48.0}],"player_experience":375066,"relics_obtained":[{"floor":6.0,"key":"Ginger"},{"floor":8.0,"key":"Molten Egg 2"},{"floor":9.0,"key":"Old Coin"},{"floor":11.0,"key":"MealTicket"},{"floor":14.0,"key":"Regal Pillow"},{"floor":23.0,"key":"Mummified Hand"},{"floor":26.0,"key":"Shuriken"},{"floor":40.0,"key":"CeramicFish"},{"floor":42.0,"key":"Pear"},{"floor":44.0,"key":"Oddly Smooth Stone"}],"event_choices":[{"damage_healed":0.0,"max_hp_gain":5.0,"max_hp_loss":0.0,"gold_gain":0.0,"event_name":"Big Fish","player_choice":"Donut","floor":2.0,"gold_loss":0.0,"damage_taken":0.0},{"damage_healed":0.0,"max_hp_gain":0.0,"max_hp_loss":0.0,"gold_gain":0.0,"event_name":"Accursed Blacksmith","player_choice":"Forge","floor":3.0,"gold_loss":0.0,"damage_taken":0.0,"cards_upgraded":["Perfected Strike"]},{"cards_removed":["Defend_R"],"damage_healed":0.0,"max_hp_gain":0.0,"max_hp_loss":0.0,"gold_gain":0.0,"event_name":"Designer","player_choice":"Upgrade and Remove","floor":19.0,"gold_loss":90.0,"damage_taken":0.0,"cards_upgraded":["Bash"]},{"damage_healed":0.0,"max_hp_gain":0.0,"max_hp_loss":40.0,"gold_gain":0.0,"event_name":"Ghosts","player_choice":"Became a Ghost","floor":22.0,"gold_loss":0.0,"damage_taken":0.0,"cards_obtained":["Ghostly","Ghostly","Ghostly","Ghostly","Ghostly"]},{"damage_healed":0.0,"max_hp_gain":0.0,"max_hp_loss":0.0,"gold_gain":270.0,"event_name":"Knowing Skull","player_choice":"GOLD GOLD GOLD ","floor":30.0,"potions_obtained":[],"gold_loss":0.0,"damage_taken":27.0,"cards_obtained":[]},{"damage_healed":0.0,"max_hp_gain":0.0,"max_hp_loss":0.0,"gold_gain":0.0,"cards_transformed":["Shrug It Off"],"event_name":"Transmorgrifier","player_choice":"Transformed","floor":39.0,"gold_loss":0.0,"damage_taken":0.0,"cards_obtained":["Havoc"]}],"is_beta":false,"boss_relics":[{"not_picked":["SacredBark","Empty Cage"],"picked":"Astrolabe"},{"not_picked":["Tiny House","Philosopher\u0027s Stone"],"picked":"Busted Crown"}],"items_purged_floors":[20,29,31],"is_endless":false,"potions_floor_spawned":[4,8,13,14,18,28,38,40,42,46,48],"killed_by":"Time Eater","ascension_level":14}}