{"host":"4duaicl1ekzuzyk8","time":1611809985,"event":{"mods":["2.2 Compatiblity","BaseMod","Challenge The Spire","Downfall","Minty Spire (QoL Compilation)","Quick Restart","Random Character Button","StSLib","Unceasing Turn Reminder"],"gold_per_floor":[99,99,99,160,160,10,58,78,91,91,91,108,8,0,11,11,11,11],"floor_reached":16,"language":"ENG","playtime":934,"items_purged":["bronze:Format"],"score":88,"play_id":"e8d11625-0206-4419-99f4-158fdebc088d","local_time":"20210128175945","is_ascension_mode":false,"campfire_choices":[{"floor":1,"key":"RECALL"},{"data":"bronze:Assembly","floor":10,"key":"SMITH"},{"floor":13,"key":"REST"}],"circlet_count":0,"master_deck":["bronze:Strike","bronze:Strike","bronze:Strike","bronze:Defend","bronze:Defend","bronze:Defend","bronze:Defend","bronze:Replicate+1","bronze:Goto+1","bronze:Iterate","bronze:ClassDefault","bronze:Assembly+1","bronze:Format","bronze:Flail","bronze:Shield","bronze:AlphaBuild","bronze:GetLatest"],"relics":["bronze:BronzeCore","downfall:HeartsMalice","Lantern","Ancient Tea Set","downfall:HeartBlessingRed"],"acts_visited":["Exordium"],"potions_floor_usage":[],"damage_taken":[{"damage":0,"enemies":"Cultist","floor":3,"turns":1},{"damage":0,"enemies":"Lagavulin Event","floor":4,"turns":1},{"damage":0,"enemies":"downfall:FleeingMerchant","floor":6,"turns":1},{"damage":1,"enemies":"Jaw Worm","floor":8,"turns":3},{"damage":5,"enemies":"2 Louse","floor":9,"turns":3},{"damage":10,"enemies":"Exordium Wildlife","floor":12,"turns":3},{"damage":0,"enemies":"downfall:FleeingMerchant","floor":14,"turns":4},{"damage":0,"enemies":"2 Fungi Beasts","floor":15,"turns":2},{"damage":81,"enemies":"DF_ARCHETYPE_STREAMLINE","floor":16,"turns":9}],"seed_played":"-2610931766239798297","potions_obtained":[{"floor":4,"key":"champ:CounterPotion"},{"floor":8,"key":"CultistPotion"},{"floor":9,"key":"FearPotion"}],"is_trial":false,"path_per_floor":["R","?","M","?","?","$","T","M","M","R","?","M","R","$","M","B"],"character_chosen":"THE_AUTOMATON","items_purchased":["bronze:Assembly"],"campfire_rested":1,"item_purchase_floors":[6],"current_hp_per_floor":[70,70,70,70,58,58,58,57,52,52,52,42,63,63,63,0,0,0],"gold":11,"neow_bonus":"THREE_ENEMY_KILL","is_daily":false,"chose_seed":false,"campfire_upgraded":1,"win_rate":0.0,"timestamp":1611809985,"path_taken":["R","?","?","?","?","?","T","M","M","R","?","?","R","$","M","BOSS"],"items_purchased_type":["Card"],"build_version":"2020-12-22","purchased_purges":1,"victory":false,"max_hp_per_floor":[70,70,70,70,70,70,70,70,70,70,70,70,70,70,70,70,70,70],"card_choices":[{"not_picked":["bronze:ForceShield","bronze:Branch"],"picked":"bronze:Iterate","floor":3},{"not_picked":["bronze:OilSpill","bronze:Flail"],"picked":"bronze:ClassDefault","floor":6},{"not_picked":["bronze:Turbo","bronze:DelayedSlice"],"picked":"bronze:Format","floor":8},{"not_picked":["bronze:CutThrough","bronze:Iterate"],"picked":"bronze:Flail","floor":9},{"not_picked":["bronze:OilSpill","bronze:Shield","bronze:Invalidate"],"picked":"SKIP","floor":12},{"not_picked":["bronze:Branch","bronze:Overload"],"picked":"bronze:AlphaBuild","floor":14},{"not_picked":["bronze:FineTuning","bronze:Deprecate"],"picked":"bronze:GetLatest","floor":15}],"player_experience":556075,"relics_obtained":[{"floor":4,"key":"Lantern"}],"event_choices":[{"damage_healed":0,"gold_gain":0,"player_choice":"Success","damage_taken":12,"relics_obtained":["Ancient Tea Set"],"max_hp_gain":0,"max_hp_loss":0,"event_name":"Scrap Ooze","floor":5,"gold_loss":0},{"damage_healed":0,"gold_gain":0,"cards_transformed":["bronze:Strike"],"player_choice":"Change","damage_taken":0,"max_hp_gain":0,"max_hp_loss":0,"event_name":"Living Wall","floor":11,"gold_loss":0,"cards_obtained":["bronze:Shield"]}],"is_beta":false,"boss_relics":[],"items_purged_floors":[14],"is_endless":false,"potions_floor_spawned":[4,8,9],"killed_by":"DF_ARCHETYPE_STREAMLINE","ascension_level":0}}