{"host":"cnq91ghfhf6lz0gv","time":1611877619,"event":{"mods":["BaseMod","Clockwork Mod","Colored Map","Colored Powertips","Conspire","Downfall","Googly Eyes","Highlight Path","Minty Spire (QoL Compilation)","Replay The Spire","StSLib","SuperFastMode","The IronCluck","The Showman","slay the spire mod where everything is the same but ironclad has a cowboy hat"],"gold_per_floor":[0,15,33,47,65,76,76,94,94,111,111,111,111,132,132,57,75,180,180,180,197,216,216,233,246,246,111,122,122,22,39,39,39,57,152,152,127,147,165,185,185,201,247,97,113,129,155,206,106,122,139,139,139,171,99,99,99,99,99,99],"floor_reached":58,"language":"ENG","playtime":4185,"items_purged":["bronze:Defend"],"score":691,"play_id":"5977d4d8-4b04-43f2-a239-c1d5adf1bf81","local_time":"20210128184659","is_ascension_mode":false,"campfire_choices":[{"data":"bronze:Strike","floor":1,"key":"PURGE"},{"data":"bronze:OilSpill","floor":9,"key":"SMITH"},{"data":"bronze:Repair","floor":15,"key":"SMITH"},{"floor":20,"key":"RECALL"},{"data":"bronze:ItsAFeature","floor":30,"key":"SMITH"},{"data":"bronze:Defend","floor":49,"key":"SMITH"},{"data":"bronze:Defend","floor":56,"key":"SMITH"}],"circlet_count":0,"master_deck":["bronze:Defend+3","bronze:Replicate","bronze:OilSpill+1","bronze:OilSpill","bronze:Repair+1","bronze:BronzeOrb+1","bronze:OilSpill+1","bronze:ItsAFeature+1","bronze:MaxOutput+1","bronze:BronzeArmor+1","bronze:ItsAFeature"],"relics":["bronze:BronzeCore","PreservedInsect","Odd Mushroom","Replay:Drink Me","BargainBundle","HornCleat","downfall:HeartBlessingBlue","Velvet Choker","downfall:HeartBlessingRed","Blue Candle","Boot","Anchor","War Paint","Simple Rune","downfall:HeartBlessingGreen","Replay:Bottled Eggs"],"acts_visited":["Exordium","TheCity","TheBeyond","TheEnding"],"potions_floor_usage":[17,47,57,57,57,57,57],"damage_taken":[{"damage":1,"enemies":"conspire:RoseBush","floor":2,"turns":4},{"damage":1,"enemies":"Jaw Worm","floor":3,"turns":4},{"damage":0,"enemies":"2 Louse","floor":4,"turns":2},{"damage":6,"enemies":"Exordium Wildlife","floor":5,"turns":4},{"damage":17,"enemies":"Exordium Thugs","floor":6,"turns":4},{"damage":4,"enemies":"Blue Slaver","floor":8,"turns":3},{"damage":0,"enemies":"2 Fungi Beasts","floor":10,"turns":2},{"damage":11,"enemies":"The Mushroom Lair","floor":14,"turns":4},{"damage":0,"enemies":"downfall:FleeingMerchant","floor":16,"turns":4},{"damage":0,"enemies":"Gremlin Gang","floor":17,"turns":4},{"damage":42,"enemies":"DF_ARCHETYPE_STREAMLINE","floor":18,"turns":8},{"damage":20,"enemies":"conspire:FuzzyDice","floor":21,"turns":5},{"damage":2,"enemies":"Spheric Guardian","floor":22,"turns":3},{"damage":0,"enemies":"Centurion and Healer","floor":24,"turns":5},{"damage":1,"enemies":"conspire:HollyBat","floor":25,"turns":7},{"damage":7,"enemies":"downfall:FleeingMerchant","floor":27,"turns":4},{"damage":0,"enemies":"Snake Plant","floor":28,"turns":3},{"damage":13,"enemies":"Shelled Parasite and Fungi","floor":31,"turns":4},{"damage":5,"enemies":"3 Cultists","floor":34,"turns":5},{"damage":19,"enemies":"WA_ARCHETYPE_CALM","floor":35,"turns":7},{"damage":8,"enemies":"3 Shapes","floor":38,"turns":4},{"damage":6,"enemies":"3 Darklings","floor":39,"turns":3},{"damage":5,"enemies":"Writhing Mass","floor":40,"turns":4},{"damage":3,"enemies":"Spire Growth","floor":42,"turns":4},{"damage":0,"enemies":"Transient","floor":45,"turns":5},{"damage":4,"enemies":"Jaw Worm Horde","floor":46,"turns":3},{"damage":17,"enemies":"Reptomancer","floor":47,"turns":6},{"damage":0,"enemies":"Maw","floor":50,"turns":5},{"damage":0,"enemies":"3 Darklings","floor":51,"turns":3},{"damage":40,"enemies":"SI_POISON_ARCHETYPE","floor":52,"turns":8},{"damage":8,"enemies":"downfall:CharBossMerchant","floor":54,"turns":5},{"damage":16,"enemies":"downfall:NeowBoss","floor":57,"turns":13},{"damage":67,"enemies":"downfall:NeowBossFinal","floor":58,"turns":5}],"seed_played":"-48860028176235491","potions_obtained":[{"floor":3,"key":"Fruit Juice"},{"floor":4,"key":"Swift Potion"},{"floor":14,"key":"Adrenaline Potion"},{"floor":17,"key":"Strength Potion"},{"floor":18,"key":"champ:CounterPotion"},{"floor":24,"key":"champ:CounterPotion"},{"floor":35,"key":"EssenceOfSteel"},{"floor":38,"key":"PowerPotion"},{"floor":54,"key":"EntropicBrew"}],"is_trial":false,"path_per_floor":["R_BF","M","M","M","M","M","T","M","R","M","PTL","PTL","?","?","R","$","M","B",null,"R_BF","M","M","?","M","M","T","$","M","?","R","M","?","$","M","B",null,"R_BF","M","M","M","?","M","T","$","M","M","E","?","R","M","M","B",null,"E","$","R","B","B"],"character_chosen":"THE_AUTOMATON","items_purchased":["bronze:BronzeOrb+1","BargainBundle","bronze:ItsAFeature","HornCleat","Anchor","bronze:ItsAFeature"],"campfire_rested":0,"item_purchase_floors":[16,27,27,27,44,55],"current_hp_per_floor":[70,69,68,68,62,45,45,41,41,41,41,41,41,30,30,40,55,23,57,57,37,45,45,55,54,54,57,57,57,67,59,59,59,62,48,67,67,67,67,62,57,54,54,54,64,67,50,50,50,60,60,30,67,67,67,67,61,0,0,0],"gold":99,"neow_bonus":"REMOVE_TWO","is_daily":false,"chose_seed":false,"campfire_upgraded":5,"win_rate":0.0,"timestamp":1611877619,"path_taken":["R_BF","M","M","M","M","M","T","?","R","M","PTL","PTL","?","?","R","?","M","BOSS","R_BF","M","M","?","M","M","T","$","M","?","R","M","?","?","M","BOSS","R_BF","M","?","M","?","M","T","$","M","M","E","?","R","M","M","BOSS","E","$","R","BOSS","BOSS"],"items_purchased_type":["Card","Relic","Card","Relic","Relic","Card"],"build_version":"2020-12-22","purchased_purges":1,"victory":false,"max_hp_per_floor":[70,70,70,70,70,70,70,70,70,70,70,70,70,70,70,70,75,75,57,57,57,57,57,57,57,57,57,57,57,67,67,67,67,67,67,67,67,67,67,67,67,67,67,67,67,67,67,67,67,67,67,67,67,67,67,67,67,67,67,67],"card_choices":[{"not_picked":["bronze:Invalidate","bronze:DelayedGuard","bronze:Frontload"],"picked":"SKIP","floor":2},{"not_picked":["bronze:Invalidate","bronze:ForceShield","bronze:Overheat"],"picked":"SKIP","floor":3},{"not_picked":["bronze:DelayedSlice","bronze:Iterate"],"picked":"bronze:OilSpill","floor":4},{"not_picked":["bronze:Optimize","bronze:Allocate","bronze:Safeguard"],"picked":"SKIP","floor":5},{"not_picked":["bronze:Optimize","bronze:Branch","bronze:CutThrough"],"picked":"SKIP","floor":6},{"not_picked":["bronze:Repulsor","bronze:BugBarrage"],"picked":"bronze:OilSpill","floor":8},{"not_picked":["bronze:SpaghettiCode","bronze:BronzeArmor","bronze:ChildClass"],"picked":"SKIP","floor":10},{"not_picked":["bronze:Invalidate","bronze:BugBarrage"],"picked":"bronze:Repair","floor":14},{"not_picked":["bronze:DarkDash","bronze:OilSpill","bronze:Philosophize"],"picked":"SKIP","floor":16},{"not_picked":["bronze:Shell","bronze:BitShift","bronze:Deprecate"],"picked":"SKIP","floor":17},{"not_picked":["bronze:Mutator","bronze:Virus"],"picked":"bronze:Verify","floor":18},{"not_picked":["bronze:Deprecate","bronze:Shell","bronze:Shield+1"],"picked":"SKIP","floor":21},{"not_picked":["bronze:Invalidate","bronze:BronzeOrb+1","bronze:BitShift+1"],"picked":"SKIP","floor":22},{"not_picked":["bronze:Shield+1","bronze:ForceShield+1","bronze:Shell"],"picked":"SKIP","floor":24},{"not_picked":["bronze:Shield+1","bronze:ForceShield+1","bronze:Shell"],"picked":"SKIP","floor":24},{"not_picked":["bronze:Iterate","bronze:ForceShield"],"picked":"bronze:OilSpill+1","floor":25},{"not_picked":["bronze:Virus","bronze:BugBarrage","bronze:Allocate"],"picked":"SKIP","floor":27},{"not_picked":["bronze:CutThrough+1","bronze:BugBarrage+1","bronze:Optimize"],"picked":"SKIP","floor":28},{"not_picked":["bronze:Invalidate","bronze:Branch","bronze:Iterate"],"picked":"SKIP","floor":31},{"not_picked":["bronze:BronzeArmor","bronze:Fortify","bronze:Invalidate"],"picked":"SKIP","floor":34},{"not_picked":["bronze:CloningBeam+1","bronze:WhirlingStrike","bronze:ForceShield"],"picked":"SKIP","floor":38},{"not_picked":["bronze:BugBarrage+1","bronze:DelayedSlice+1","bronze:Turbo"],"picked":"SKIP","floor":39},{"not_picked":["bronze:Backtrace","bronze:Shell"],"picked":"bronze:MaxOutput","floor":40},{"not_picked":["bronze:FollowUp","bronze:ChildClass+1","bronze:NullPointer"],"picked":"SKIP","floor":42},{"not_picked":["bronze:Overheat+1","bronze:DarkDash+1","bronze:ChosenStrike"],"picked":"SKIP","floor":45},{"not_picked":["bronze:ChildClass+1","bronze:BronzeArmor","bronze:NullPointer+1"],"picked":"SKIP","floor":46},{"not_picked":["bronze:BugBarrage+1","bronze:Flail"],"picked":"bronze:BronzeArmor+1","floor":47},{"not_picked":["bronze:DelayedGuard+1","bronze:DigitalCarnage+1","bronze:BugBarrage+1"],"picked":"SKIP","floor":50},{"not_picked":["bronze:Overheat","bronze:Backtrace","bronze:Turbo+1"],"picked":"SKIP","floor":51},{"not_picked":["bronze:DarkDash+1","bronze:Shield","bronze:DelayedSlice"],"picked":"SKIP","floor":54}],"player_experience":187806,"relics_obtained":[{"floor":7,"key":"PreservedInsect"},{"floor":14,"key":"Odd Mushroom"},{"floor":43,"key":"Boot"},{"floor":47,"key":"War Paint"},{"floor":48,"key":"Simple Rune"},{"floor":54,"key":"Replay:Bottled Eggs"}],"event_choices":[{"damage_healed":0,"gold_gain":0,"player_choice":"Fought Mushrooms","damage_taken":0,"max_hp_gain":0,"max_hp_loss":0,"event_name":"Mushrooms","floor":14,"gold_loss":0}],"is_beta":false,"boss_relics":[{"not_picked":["bronze:MakeshiftBattery","Replay:Ancient Bell"],"picked":"Replay:Drink Me"},{"not_picked":["Philosopher\u0027s Stone","Kintsugi"],"picked":"Velvet Choker"}],"items_purged_floors":[27],"is_endless":false,"potions_floor_spawned":[3,4,14,17,18,24,25,28,34,35,38,39,46,54],"killed_by":"downfall:NeowBossFinal","ascension_level":0}}