{"host":"yy8mitdds7tg9c5m","time":1611875068,"event":{"mods":["Act Like it!","AlwaysNeverKeys","BaseMod","Better Note","Duelist Mod","GifTheSpireLib","Minty Spire (QoL Compilation)","Permanent Neow","Quick Restart","StSLib","egg"],"gold_per_floor":[137,148,73,88,167,198,227,227,227,227,245,272,290,303,303,400,400,412,426,445,266,277,309,309,328,381,381,407,506,532,547,547,646,696,712,403,403,253,353,367,378,404,404,434,35,35,35,45,45,45,45,45,45,78,78],"floor_reached":56,"language":"ENG","playtime":5372,"items_purged":["Doubt","theDuelist:Sparks","theDuelist:Sparks","theDuelist:CurseDarkness"],"score":1477,"play_id":"b5022abc-7596-4b33-a3a2-76d557795f13","local_time":"20210128190428","is_ascension_mode":false,"campfire_choices":[{"data":"theDuelist:Zektahawk","floor":8.0,"key":"SMITH"},{"data":"Blind","floor":10.0,"key":"SMITH"},{"data":"theDuelist:SpiderEgg","floor":15.0,"key":"SMITH"},{"data":"theDuelist:SpiderEgg","floor":24.0,"key":"SMITH"},{"data":"theDuelist:BugMatrix","floor":32.0,"key":"SMITH"},{"floor":46,"key":"REST"},{"data":"Sadistic Nature","floor":49,"key":"SMITH"},{"data":"theDuelist:BugMatrix","floor":52,"key":"SMITH"}],"circlet_count":0,"master_deck":["theDuelist:MotherSpider","theDuelist:BloodSparks","theDuelist:CastleWalls","theDuelist:CastleWalls","theDuelist:CrossSwordBeetle","theDuelist:EmpressMantis","theDuelist:RazorLizard","theDuelist:RazorLizard","theDuelist:KarakuriSpider","theDuelist:SpiderEgg+1","Blind+1","theDuelist:Zektahawk+1","theDuelist:MetalArmoredBug","theDuelist:BiteBug","theDuelist:RelinquishedSpider","theDuelist:BiteBug","theDuelist:UndergroundArachnid","theDuelist:SpiderEgg+1","theDuelist:Zektarrow","theDuelist:Forest","theDuelist:BugMatrix+1","theDuelist:BugMatrix+1","theDuelist:NeoBug","theDuelist:BugMatrix+1","theDuelist:DrillBug","theDuelist:InsectQueen+1","theDuelist:ZefraMetaltron+1","Sadistic Nature+1","theDuelist:MillenniumSpellbook","theDuelist:InsectKing+1","theDuelist:YamiForm+1","theDuelist:PoisonFangs+1","Parasite","theDuelist:PotGreed+1"],"relics":["theDuelist:MillenniumPuzzle","theDuelist:CardPoolRelic","theDuelist:CardPoolBasicRelic","theDuelist:BoosterPackPoolRelic","theDuelist:CardPoolAddRelic","theDuelist:CardPoolMinusRelic","theDuelist:CardPoolSaveRelic","theDuelist:CardPoolOptionsRelic","theDuelist:DuelistUrn","Question Card","Odd Mushroom","Pantograph","theDuelist:ElectricBurst","Snecko Eye","Paper Crane","Akabeko","Potion Belt","theDuelist:BoosterExtraAllRaresRelic","Tiny House","Charon\u0027s Ashes","InkBottle","MealTicket","Mummified Hand","theDuelist:MillenniumArmor","Red Skull"],"acts_visited":["Exordium","TheCity","TheBeyond","TheEnding"],"potions_floor_usage":[40,41,44,44,50],"damage_taken":[{"damage":0.0,"enemies":"Cultist","floor":1.0,"turns":4.0},{"damage":0.0,"enemies":"2 Louse","floor":2.0,"turns":2.0},{"damage":0.0,"enemies":"Small Slimes","floor":4.0,"turns":3.0},{"damage":26.0,"enemies":"3 Sentries","floor":6.0,"turns":14.0},{"damage":31.0,"enemies":"The Mushroom Lair","floor":7.0,"turns":7.0},{"damage":1.0,"enemies":"Red Slaver","floor":11.0,"turns":4.0},{"damage":0.0,"enemies":"Gremlin Nob","floor":12.0,"turns":5.0},{"damage":0.0,"enemies":"2 Fungi Beasts","floor":13.0,"turns":4.0},{"damage":0.0,"enemies":"Exordium Thugs","floor":14.0,"turns":3.0},{"damage":26.0,"enemies":"Slime Boss","floor":16.0,"turns":12.0},{"damage":0.0,"enemies":"Chosen","floor":18.0,"turns":4.0},{"damage":0.0,"enemies":"3 Byrds","floor":19.0,"turns":2.0},{"damage":0.0,"enemies":"Snake Plant","floor":20.0,"turns":2.0},{"damage":0.0,"enemies":"Centurion and Healer","floor":22.0,"turns":5.0},{"damage":0.0,"enemies":"theDuelist:KaibaA2","floor":23.0,"turns":4.0},{"damage":0.0,"enemies":"3 Cultists","floor":25.0,"turns":4.0},{"damage":15.0,"enemies":"Gremlin Leader","floor":28.0,"turns":6.0},{"damage":11.0,"enemies":"Book of Stabbing","floor":30.0,"turns":4.0},{"damage":14.0,"enemies":"Snake Plant","floor":31.0,"turns":2.0},{"damage":18.0,"enemies":"Collector","floor":33.0,"turns":8.0},{"damage":8,"enemies":"3 Shapes","floor":35,"turns":4},{"damage":21,"enemies":"Orb Walker","floor":40,"turns":4},{"damage":0,"enemies":"Sphere and 2 Shapes","floor":41,"turns":4},{"damage":0,"enemies":"Giant Head","floor":42,"turns":7},{"damage":85,"enemies":"Reptomancer","floor":44,"turns":5},{"damage":0,"enemies":"Writhing Mass","floor":48,"turns":3},{"damage":0,"enemies":"Awakened One","floor":50,"turns":9},{"damage":20,"enemies":"Shield and Spear","floor":54,"turns":3},{"damage":61,"enemies":"The Heart","floor":55,"turns":7}],"seed_played":"-3568439688301175053","potions_obtained":[{"floor":4.0,"key":"Weak Potion"},{"floor":7.0,"key":"theDuelist:TokenPotionB"},{"floor":11.0,"key":"theDuelist:MudBottle"},{"floor":12.0,"key":"SteroidPotion"},{"floor":16.0,"key":"theDuelist:CoolBottle"},{"floor":19.0,"key":"theDuelist:CoolBottle"},{"floor":23.0,"key":"Swift Potion"},{"floor":28.0,"key":"FearPotion"},{"floor":30.0,"key":"theDuelist:OrbBottle"},{"floor":33.0,"key":"FairyPotion"},{"floor":34,"key":"theDuelist:MudBottle"},{"floor":40,"key":"GamblersBrew"},{"floor":41,"key":"theDuelist:LavaBottle"}],"is_trial":false,"path_per_floor":["M","M","$","M","?","E","?","R","T","R","M","E","M","M","R","B",null,"M","M","M","$","M","E","R","M","T","?","E","?","E","M","R","B",null,"M","$","?","$","?","M","M","E","T","E","$","R","?","M","R","B",null,"R","$","E","B",null],"character_chosen":"THE_DUELIST","items_purchased":["theDuelist:BugMatrix","Sadistic Nature","Mummified Hand","theDuelist:MillenniumArmor"],"campfire_rested":1,"item_purchase_floors":[21,36,45,45],"current_hp_per_floor":[84,88,88,92,92,84,63,63,63,63,68,72,78,84,84,91,116,116,116,116,116,120,120,120,124,124,124,113,113,102,88,88,95,133,125,125,125,125,125,104,109,113,113,28,43,84,84,86,86,113,138,138,138,118,81],"gold":78,"neow_bonus":"ONE_RARE_RELIC","is_daily":false,"chose_seed":false,"campfire_upgraded":7,"win_rate":0.0,"timestamp":1611875068,"path_taken":["M","M","$","M","?","E","?","R","T","R","M","E","M","M","R","BOSS","M","M","M","$","M","E","R","M","T","?","E","?","E","?","R","BOSS","M","?","?","$","?","M","?","E","T","E","$","R","?","M","R","BOSS","R","$","E","BOSS"],"items_purchased_type":["Card","Card","Relic","Relic"],"build_version":"2020-12-22","purchased_purges":4,"victory":true,"max_hp_per_floor":[84,88,88,92,92,96,100,100,100,100,104,104,108,112,112,116,116,116,116,116,116,120,120,120,124,124,124,128,128,128,128,128,128,133,133,133,133,133,133,133,138,138,138,138,138,138,138,138,138,138,138,138,138,138,138],"card_choices":[{"not_picked":["theDuelist:DragonDowser","theDuelist:Aztekipede","theDuelist:HundredFootHorror","theDuelist:PinchHopper"],"picked":"theDuelist:KarakuriSpider","floor":1.0},{"not_picked":["theDuelist:WallThorns","theDuelist:SkullMarkLadybug","theDuelist:PoisonChain","theDuelist:IgnisHeat"],"picked":"theDuelist:SpiderEgg","floor":2.0},{"not_picked":["Dark Shackles","Deep Breath","Panache"],"picked":"Blind","floor":4.0},{"not_picked":["theDuelist:WallThorns","theDuelist:SkullMarkLadybug","theDuelist:PoisonousMayakashi","theDuelist:DarkBug"],"picked":"theDuelist:Zektahawk","floor":6.0},{"not_picked":["theDuelist:InsectKnight","theDuelist:TornadoDragon","theDuelist:ReptiliannePoison","theDuelist:BiteBug"],"picked":"theDuelist:MetalArmoredBug","floor":7.0},{"not_picked":["theDuelist:ManEaterBug","theDuelist:DragonDowser","theDuelist:TornadoDragon","theDuelist:MotherSpider"],"picked":"theDuelist:BiteBug","floor":11.0},{"not_picked":["theDuelist:EmpressMantis","theDuelist:CobraJar","theDuelist:BasicInsect","theDuelist:MareMare"],"picked":"theDuelist:RelinquishedSpider","floor":12.0},{"not_picked":["theDuelist:ManEaterBug","theDuelist:JiraiGumo","theDuelist:ArmoredBee","theDuelist:Grasschopper"],"picked":"theDuelist:BiteBug","floor":13.0},{"not_picked":["theDuelist:BeeListSoldier","theDuelist:RelinquishedSpider","theDuelist:Chiwen","theDuelist:Anteater"],"picked":"theDuelist:UndergroundArachnid","floor":14.0},{"not_picked":["theDuelist:Taotie","theDuelist:IgnisHeat","theDuelist:GigaMantis","theDuelist:Denglong"],"picked":"theDuelist:SpiderEgg","floor":16.0},{"not_picked":["theDuelist:Denglong+1","theDuelist:BugSignal","theDuelist:Grasschopper+1","theDuelist:Chiwen"],"picked":"theDuelist:Zektarrow","floor":18.0},{"not_picked":["theDuelist:BiteBug","theDuelist:MetalArmoredBug+1","theDuelist:ArmoredBee","theDuelist:EmpressMantis","theDuelist:BigInsect+1"],"picked":"SKIP","floor":19.0},{"not_picked":["theDuelist:Parasite+1","theDuelist:CorrosiveScales+1","theDuelist:Anteater+1"],"picked":"theDuelist:Forest","floor":20.0},{"not_picked":["theDuelist:Parasite","theDuelist:Forest","theDuelist:CorrosiveScales"],"picked":"theDuelist:BugMatrix","floor":22.0},{"not_picked":["theDuelist:BiteBug+1","theDuelist:RelinquishedSpider","theDuelist:Invigoration+1","theDuelist:GroundSpider"],"picked":"theDuelist:NeoBug","floor":23.0},{"not_picked":["theDuelist:DragonDowser","theDuelist:BeeListSoldier","theDuelist:MotherSpider+1","theDuelist:AtomicFirefly"],"picked":"theDuelist:BugMatrix","floor":25.0},{"not_picked":["theDuelist:ManEaterBug","theDuelist:KarakuriSpider+1","theDuelist:CobraJar","theDuelist:TornadoDragon+1","theDuelist:BrainCrusher+1"],"picked":"SKIP","floor":28.0},{"not_picked":["theDuelist:NeoBug+1","theDuelist:DragonDowser","theDuelist:RelinquishedSpider+1","theDuelist:BlockSpider"],"picked":"theDuelist:DrillBug","floor":30.0},{"not_picked":["theDuelist:DragonDowser","theDuelist:Lightserpent+1","theDuelist:MetalArmoredBug","theDuelist:HunterSpider","theDuelist:InsectPrincess"],"picked":"SKIP","floor":31.0},{"not_picked":["theDuelist:Zektkaliber+1","theDuelist:Zektahawk+1","theDuelist:Taotie","theDuelist:LinkSpider"],"picked":"theDuelist:InsectQueen+1","floor":33.0},{"not_picked":["theDuelist:HunterSpider","theDuelist:AtomicFirefly+1","theDuelist:TornadoDragon+1","theDuelist:SpiderWeb"],"picked":"theDuelist:ZefraMetaltron+1","floor":35},{"not_picked":["theDuelist:BeeListSoldier","theDuelist:SpiderWeb","theDuelist:EmpressMantis+1","theDuelist:Invigoration+1","theDuelist:BiteBug"],"picked":"SKIP","floor":40},{"not_picked":["theDuelist:IgnisHeat+1","theDuelist:SkullMarkLadybug+1","theDuelist:PoisonousWinds","theDuelist:SpiritualForest+1"],"picked":"theDuelist:InsectKing+1","floor":41},{"not_picked":["theDuelist:LightningVortex+1","theDuelist:Terraforming+1","theDuelist:UltraPolymerization","theDuelist:YellowBelliedOni"],"picked":"theDuelist:YamiForm+1","floor":42},{"not_picked":["theDuelist:CorrosiveScales+1","theDuelist:IgnisHeat+1","theDuelist:InsectQueen+1","theDuelist:SkullMarkLadybug"],"picked":"theDuelist:PoisonFangs+1","floor":44},{"not_picked":["theDuelist:Fissure","theDuelist:DianKeto+2","theDuelist:WormKing+1","theDuelist:ElectromagneticShield"],"picked":"theDuelist:PotGreed+1","floor":48},{"not_picked":["theDuelist:BeakedSnake+1","theDuelist:Denglong+1","theDuelist:Grasschopper+1"],"picked":"SKIP","floor":54}],"player_experience":283942,"relics_obtained":[{"floor":6.0,"key":"Question Card"},{"floor":7.0,"key":"Odd Mushroom"},{"floor":9.0,"key":"Pantograph"},{"floor":12.0,"key":"theDuelist:ElectricBurst"},{"floor":23.0,"key":"Paper Crane"},{"floor":26.0,"key":"Akabeko"},{"floor":28.0,"key":"Potion Belt"},{"floor":30.0,"key":"theDuelist:BoosterExtraAllRaresRelic"},{"floor":42,"key":"Charon\u0027s Ashes"},{"floor":43,"key":"InkBottle"},{"floor":44,"key":"MealTicket"},{"floor":54,"key":"Red Skull"}],"event_choices":[{"damage_healed":0.0,"max_hp_gain":0.0,"max_hp_loss":0.0,"gold_gain":79.0,"event_name":"Golden Wing","player_choice":"Gained Gold","floor":5.0,"gold_loss":0.0,"damage_taken":0.0},{"damage_healed":0.0,"max_hp_gain":0.0,"max_hp_loss":0.0,"gold_gain":0.0,"event_name":"Mushrooms","player_choice":"Fought Mushrooms","floor":7.0,"gold_loss":0.0,"damage_taken":0.0},{"damage_healed":0.0,"max_hp_gain":0.0,"max_hp_loss":0.0,"gold_gain":0.0,"event_name":"betterNote:BetterNote","player_choice":"Ignored","floor":27.0,"gold_loss":0.0,"damage_taken":0.0,"cards_obtained":["Berserk"]},{"damage_healed":0.0,"max_hp_gain":0.0,"max_hp_loss":0.0,"gold_gain":99.0,"event_name":"Nest","player_choice":"Stole From Cult","floor":29.0,"gold_loss":0.0,"damage_taken":0.0},{"damage_healed":0,"gold_gain":0,"player_choice":"Took item - Received: Millennium Spellbook","duelist":true,"damage_taken":0,"max_hp_gain":0,"max_hp_loss":0,"event_name":"Millennium Items","floor":37,"gold_loss":0},{"damage_healed":0,"gold_gain":100,"player_choice":"Pray","damage_taken":0,"max_hp_gain":0,"max_hp_loss":0,"event_name":"Golden Shrine","floor":39,"gold_loss":0},{"damage_healed":0,"gold_gain":0,"player_choice":"Traded Insect Knight for Mother Spider","duelist":true,"damage_taken":0,"max_hp_gain":0,"max_hp_loss":0,"event_name":"Card Trader","floor":47,"gold_loss":0}],"is_beta":false,"boss_relics":[{"not_picked":["Velvet Choker","HoveringKite"],"picked":"Snecko Eye"},{"not_picked":["Runic Pyramid","Pandora\u0027s Box"],"picked":"Tiny House"}],"items_purged_floors":[3,21,36,38],"is_endless":false,"potions_floor_spawned":[4,7,11,12,16,19,23,28,30,33,40,41],"ascension_level":0}}