{"host":"4cz9gr89nglr7k8k","time":1611854113,"event":{"mods":["BaseMod","Minty Spire (QoL Compilation)","Relic Stats","Slay-I"],"gold_per_floor":[109,36,46,46,117,149,149,179,179,179,196,34,34,45,45,117,117,136,15,27,27,77,77,23,23,50,62,62,33,33,51,51,129,179,190,24,24,38,38,38,58,83,135,135,135,135,135,151,151,151,151,151],"floor_reached":51,"language":"DEU","playtime":1437,"items_purged":[],"score":1327,"play_id":"558088e9-df18-47d6-838d-e54521d10749","local_time":"20210128181513","is_ascension_mode":true,"campfire_choices":[{"floor":7,"key":"REST"},{"data":"Immolate","floor":10,"key":"SMITH"},{"data":"Berserk","floor":15,"key":"SMITH"},{"floor":23,"key":"REST"},{"floor":25,"key":"REST"},{"data":"Demon Form","floor":30,"key":"SMITH"},{"floor":32,"key":"REST"},{"floor":40,"key":"REST"},{"floor":44,"key":"REST"},{"floor":46,"key":"REST"},{"floor":49,"key":"REST"}],"circlet_count":0,"master_deck":["AscendersBane","Strike_R+1","Strike_R+1","Strike_R+1","Strike_R+1","Strike_R+1","Defend_R+1","Defend_R+1","Defend_R+1","Defend_R+1","Bash","Pain","Twin Strike","Immolate+1","Shrug It Off","Offering","Sword Boomerang","Sword Boomerang","Clothesline","Combust","Offering","Berserk+1","Parasite","True Grit","Demon Form+1","Metallicize","Anger","Swift Strike","Spot Weakness","Heavy Blade","Parasite","Cleave","Clothesline","Ghostly Armor+1","Berserk+1","Inflame","Heavy Blade","Flex+1","Whirlwind+1","Rampage+1","Parasite","Clumsy","Madness","Madness","Thunderclap"],"relics":["Burning Blood","Kunai","Du-Vu Doll","Oddly Smooth Stone","Dead Branch","Orrery","Cursed Key","Tiny Chest","Tiny House","MealTicket","FossilizedHelix","Art of War","The Courier"],"acts_visited":["Exordium","TheCity","TheBeyond"],"potions_floor_usage":[20,21,33,33,50,50],"damage_taken":[{"damage":17,"enemies":"2 Louse","floor":1,"turns":2},{"damage":9,"enemies":"Cultist","floor":3,"turns":3},{"damage":22,"enemies":"3 Sentries","floor":6,"turns":4},{"damage":10,"enemies":"Gremlin Nob","floor":8,"turns":3},{"damage":4,"enemies":"Small Slimes","floor":11,"turns":2},{"damage":0,"enemies":"Looter","floor":14,"turns":1},{"damage":61,"enemies":"Hexaghost","floor":16,"turns":6},{"damage":50,"enemies":"Chosen","floor":18,"turns":5},{"damage":17,"enemies":"Spheric Guardian","floor":20,"turns":5},{"damage":0,"enemies":"Chosen and Byrds","floor":21,"turns":1},{"damage":21,"enemies":"Shelled Parasite and Fungi","floor":27,"turns":4},{"damage":6,"enemies":"Snake Plant","floor":31,"turns":2},{"damage":63,"enemies":"Collector","floor":33,"turns":8},{"damage":28,"enemies":"3 Darklings","floor":35,"turns":3},{"damage":36,"enemies":"3 Shapes","floor":38,"turns":5},{"damage":27,"enemies":"Transient","floor":41,"turns":6},{"damage":8,"enemies":"Mind Bloom Boss Battle","floor":42,"turns":7},{"damage":25,"enemies":"Writhing Mass","floor":48,"turns":4},{"damage":80,"enemies":"Donu and Deca","floor":50,"turns":6},{"damage":16,"enemies":"Awakened One","floor":51,"turns":3}],"seed_played":"3219034355240097923","potions_obtained":[{"floor":3,"key":"Ancient Potion"},{"floor":6,"key":"SmokeBomb"},{"floor":8,"key":"BloodPotion"},{"floor":27,"key":"PowerPotion"},{"floor":31,"key":"Regen Potion"},{"floor":34,"key":"Strength Potion"},{"floor":35,"key":"BlessingOfTheForge"}],"is_trial":false,"path_per_floor":["M","?","M","$","?","E","R","E","T","R","M","$","?","M","R","B",null,"M","$","M","M","?","R","$","R","T","M","?","$","R","M","R","B",null,"M","$","?","M","$","R","M","?","T","R","T","R","?","M","R","B","B"],"character_chosen":"IRONCLAD","items_purchased":["Orrery","Anger","Swift Strike","Heavy Blade","Clothesline","MealTicket"],"campfire_rested":8,"item_purchase_floors":[12,19,19,24,29,36],"current_hp_per_floor":[71,71,68,68,68,52,78,74,74,74,76,76,89,89,89,34,75,31,31,37,43,43,69,69,89,89,74,74,74,74,74,89,47,84,62,62,62,32,47,75,54,52,52,80,80,94,77,58,86,12,0,0],"gold":151,"neow_bonus":"TWENTY_PERCENT_HP_BONUS","is_daily":false,"chose_seed":false,"campfire_upgraded":3,"win_rate":0.0,"timestamp":1611854113,"path_taken":["M","?","?","$","?","E","R","E","T","R","M","$","?","M","R","BOSS","M","$","M","M","?","R","$","R","T","M","?","$","R","M","R","BOSS","M","$","?","M","$","R","M","?","T","R","?","R","?","M","R","BOSS","BOSS"],"items_purchased_type":["Relic","Card","Card","Card","Card","Relic"],"build_version":"2020-12-22","purchased_purges":0,"victory":false,"max_hp_per_floor":[89,89,89,89,89,89,89,89,89,89,89,89,89,89,89,89,89,89,89,89,89,89,89,89,89,89,89,89,89,89,89,89,89,94,94,94,94,94,94,94,94,94,94,94,94,94,94,94,94,94,94,94],"relic_stats":{"counters":[20,80],"Dead Branch":[29],"Tiny Chest":1,"MealTicket":15,"Art of War":[0],"Kunai":[22],"Cursed Key":3,"obtain_stats":[{"Tiny House":34,"Dead Branch":9,"Oddly Smooth Stone":8,"The Courier":45,"Cursed Key":17,"Burning Blood":0,"Du-Vu Doll":6,"Orrery":12,"Tiny Chest":26,"MealTicket":36,"Art of War":43,"Kunai":2,"FossilizedHelix":42},{"Tiny House":13,"Dead Branch":4,"Oddly Smooth Stone":4,"The Courier":17,"Cursed Key":7,"Burning Blood":0,"Du-Vu Doll":3,"Orrery":5,"Tiny Chest":10,"MealTicket":14,"Art of War":17,"Kunai":1,"FossilizedHelix":17},{"Tiny House":46,"Dead Branch":12,"Oddly Smooth Stone":12,"The Courier":67,"Cursed Key":21,"Burning Blood":0,"Du-Vu Doll":9,"Orrery":14,"Tiny Chest":32,"MealTicket":49,"Art of War":67,"Kunai":2,"FossilizedHelix":67}],"Burning Blood":108},"card_choices":[{"not_picked":["True Grit","Wild Strike"],"picked":"Twin Strike","floor":1},{"not_picked":["Flex","Bloodletting"],"picked":"Immolate","floor":3},{"not_picked":["Warcry","Sentinel"],"picked":"Shrug It Off","floor":6},{"not_picked":["True Grit","Barricade"],"picked":"Offering","floor":8},{"not_picked":["Combust","Body Slam"],"picked":"Sword Boomerang","floor":11},{"not_picked":["Headbutt","Shrug It Off"],"picked":"Sword Boomerang","floor":12},{"not_picked":["Limit Break","Armaments"],"picked":"Clothesline","floor":12},{"not_picked":["Evolve","Perfected Strike"],"picked":"Combust","floor":12},{"not_picked":["Perfected Strike","Bloodletting"],"picked":"Offering","floor":12},{"not_picked":["Whirlwind","Reckless Charge"],"picked":"Berserk","floor":12},{"not_picked":["Reckless Charge","Havoc"],"picked":"True Grit","floor":14},{"not_picked":["Offering","Brutality"],"picked":"Demon Form","floor":16},{"not_picked":["Searing Blow+1","Thunderclap"],"picked":"Metallicize","floor":18},{"not_picked":["Infernal Blade","Pommel Strike"],"picked":"Spot Weakness","floor":20},{"not_picked":["Heavy Blade","Combust"],"picked":"Cleave","floor":27},{"not_picked":["Burning Pact","Shrug It Off"],"picked":"Ghostly Armor+1","floor":31},{"not_picked":["Corruption","Exhume"],"picked":"Berserk","floor":33},{"not_picked":["Clothesline+1","Body Slam+1"],"picked":"Inflame","floor":34},{"not_picked":["Spot Weakness","Havoc+1"],"picked":"Heavy Blade","floor":35},{"not_picked":["Body Slam","Shrug It Off"],"picked":"Flex+1","floor":38},{"not_picked":["Heavy Blade","Perfected Strike"],"picked":"Whirlwind+1","floor":41},{"not_picked":["Sword Boomerang","Flex"],"picked":"Rampage+1","floor":42},{"not_picked":["Dark Embrace+1","Clash"],"picked":"Thunderclap","floor":48}],"player_experience":1528366,"relics_obtained":[{"floor":6,"key":"Du-Vu Doll"},{"floor":8,"key":"Oddly Smooth Stone"},{"floor":9,"key":"Dead Branch"},{"floor":26,"key":"Tiny Chest"},{"floor":42,"key":"FossilizedHelix"},{"floor":43,"key":"Art of War"},{"floor":45,"key":"The Courier"}],"event_choices":[{"damage_healed":0,"gold_gain":0,"player_choice":"Paid Gold","damage_taken":0,"relics_obtained":["Kunai"],"max_hp_gain":0,"max_hp_loss":0,"event_name":"WeMeetAgain","floor":2,"gold_loss":73},{"damage_healed":0,"gold_gain":71,"player_choice":"Gained Gold","damage_taken":0,"max_hp_gain":0,"max_hp_loss":0,"event_name":"Golden Wing","floor":5,"gold_loss":0},{"damage_healed":22,"gold_gain":0,"player_choice":"Healed and dodged fight","damage_taken":0,"max_hp_gain":0,"max_hp_loss":0,"event_name":"Mushrooms","floor":13,"gold_loss":0,"cards_obtained":["Parasite"]},{"damage_healed":0,"gold_gain":50,"player_choice":"Stole From Cult","damage_taken":0,"max_hp_gain":0,"max_hp_loss":0,"event_name":"Nest","floor":22,"gold_loss":0},{"damage_healed":0,"gold_gain":0,"player_choice":"Simplicity","damage_taken":0,"max_hp_gain":0,"max_hp_loss":0,"event_name":"Back to Basics","floor":28,"gold_loss":0,"cards_upgraded":["Strike_R","Strike_R","Strike_R","Strike_R","Strike_R","Defend_R","Defend_R","Defend_R","Defend_R"]},{"damage_healed":0,"gold_gain":0,"player_choice":"Ignored","damage_taken":0,"max_hp_gain":0,"max_hp_loss":0,"event_name":"Mysterious Sphere","floor":37,"gold_loss":0},{"damage_healed":0,"gold_gain":0,"player_choice":"Fight","damage_taken":0,"max_hp_gain":0,"max_hp_loss":0,"event_name":"MindBloom","floor":42,"gold_loss":0},{"damage_healed":0,"gold_gain":0,"player_choice":"Embrace Madness","damage_taken":17,"max_hp_gain":0,"max_hp_loss":0,"event_name":"Winding Halls","floor":47,"gold_loss":0,"cards_obtained":["Madness","Madness"]}],"is_beta":false,"boss_relics":[{"not_picked":["Coffee Dripper","Ectoplasm"],"picked":"Cursed Key"},{"not_picked":["Velvet Choker","Runic Pyramid"],"picked":"Tiny House"}],"items_purged_floors":[],"is_endless":false,"potions_floor_spawned":[3,6,8,14,27,31,35],"killed_by":"Awakened One","ascension_level":20}}