{"host":"y9jgkjnf95sujozk","time":1611874257,"event":{"mods":["2.2 Compatiblity","AchievementEnabler","Act Like it!","BaseMod","BetterRewards","Block Reminder","Colored Map","Colored Powertips","Decade(王小明)","Downfall","Friendly Minions","Gensokyo","GifTheSpireLib","Hallownest","Hermit","Highlight Path","HololiveMod","Hubris","Infinite Spire","Jorbs\u0027s Wanderer Trilogy","Koishi","Marisa（霧雨　魔理沙）","Minty Spire (QoL Compilation)","Quick Restart","Random Character Button","Rare Cards Sparkle","Reimu（博??梦）","Remilia（蕾米莉?）","Replay The Spire","Shop Mod","StSLib","SuperFastMode","The Animator","The Bug Knight","The Cursed","The Disciple","The Hierophant","The Jungle","The Poker Player","The Runesmith","The Senshi","The Servant 0.9.4"],"gold_per_floor":[114,150,150,213,225,225,260,260,260,260,277,277,343,273,273,368,368,431,431,431,431],"floor_reached":20,"language":"ENG","playtime":454,"items_purged":["ReplayTheSpireMod:Splinters"],"score":298,"play_id":"e494d83f-8e8c-4027-944b-5e3de80993c8","local_time":"20210128235057","is_ascension_mode":true,"campfire_choices":[{"floor":6,"key":"REST"},{"floor":8,"key":"REST"},{"floor":10,"key":"REST"},{"floor":15,"key":"REST"}],"circlet_count":0,"master_deck":["Strike_MRS","Strike_MRS","Strike_MRS","Strike_MRS","Defend_MRS","Defend_MRS","Defend_MRS","Defend_MRS","MasterSpark","UpSweep","ShootingEcho","6A","DoubleSpark","6A","ChargeUpSpray","NonDirectionalLaser","SporeBomb","RefractionSpark","SuperNova+1","PowerUp","infinitespire:SealOfDarkness+"],"relics":["MiniHakkero","Ice Cream","ReplayTheSpireMod:CursedCoin","Bag of Preparation","hubris:MobiusCoin","Hallownest:DreamNailRelic","Pocketwatch","Golden Egg","Hallownest:StagBellRelic1","ChewingGum"],"acts_visited":["Exordium","Hallownest:Greenpath"],"potions_floor_usage":[7,7,16,16],"damage_taken":[{"damage":2,"enemies":"2_ Uuma","floor":1,"turns":3},{"damage":5,"enemies":"Hallownest:2_MossCreeps","floor":4,"turns":6},{"damage":2,"enemies":"Hallownest:2_Baldur","floor":5,"turns":4},{"damage":24,"enemies":"Hallownest:eliteMossKnight","floor":7,"turns":7},{"damage":9,"enemies":"Hallownest:1_Baldur_1_Crawlid_1_Warrior","floor":11,"turns":6},{"damage":0,"enemies":"Hallownest:monsterAspidMother","floor":12,"turns":3},{"damage":5,"enemies":"Hallownest:2_Tiktiks_1_Baldur_1_Crawlid","floor":13,"turns":3},{"damage":48,"enemies":"Hallownest:BossBrokenVessel","floor":16,"turns":7},{"damage":36,"enemies":"theJungle:Flameango_and_Byrd","floor":18,"turns":5}],"seed_played":"-7486114791956636692","potions_obtained":[{"floor":1,"key":"Elixir"},{"floor":5,"key":"PowerPotion"},{"floor":7,"key":"BottledSpark"},{"floor":13,"key":"Fire Potion"}],"is_trial":false,"path_per_floor":["M","?","?","M","M","R","E","R","T","R","M","M","M","?","R","B",null,"M","?","?"],"character_chosen":"MARISA","items_purchased":["ReplayTheSpireMod:CursedCoin","ShootingEcho","Bag of Preparation","hubris:MobiusCoin"],"campfire_rested":4,"item_purchase_floors":[0,0,0,0],"current_hp_per_floor":[73,73,73,68,66,75,51,73,73,75,66,66,61,61,75,27,75,39,21,0,0],"gold":431,"neow_bonus":"","is_daily":false,"chose_seed":false,"campfire_upgraded":0,"win_rate":0.0,"timestamp":1611874257,"path_taken":["M","?","?","M","M","R","E","R","T","R","M","?","M","?","R","BOSS","M","?","?"],"items_purchased_type":["Relic","Card","Relic","Relic"],"build_version":"2020-12-22","purchased_purges":1,"victory":false,"max_hp_per_floor":[75,75,75,75,75,75,75,75,75,75,75,75,75,75,75,75,75,75,75,75,75],"card_choices":[{"not_picked":["DeepEcoloBomb","GrandCross"],"picked":"6A","floor":1},{"not_picked":["DarkMatter","Acceleration"],"picked":"DoubleSpark","floor":4},{"not_picked":["UnstableBomb","PowerUp"],"picked":"6A","floor":5},{"not_picked":["CasketOfStar","GravityBeat"],"picked":"ChargeUpSpray","floor":7},{"not_picked":["DragonMeteor","DoubleSpark"],"picked":"NonDirectionalLaser","floor":11},{"not_picked":["Acceleration","GrandCross"],"picked":"SporeBomb","floor":12},{"not_picked":["EnergyFlow","IllusionStar"],"picked":"RefractionSpark","floor":13},{"not_picked":["MaximisePower","UltimateShortwave"],"picked":"SuperNova","floor":16},{"not_picked":["PulseMagic","LuminesStrike"],"picked":"PowerUp","floor":18},{"not_picked":["hubris:Rewind","ReplayTheSpireMod:Black Plague"],"picked":"infinitespire:SealOfDarkness+","floor":19}],"player_experience":171351,"relics_obtained":[{"floor":7,"key":"Pocketwatch"},{"floor":9,"key":"Golden Egg"}],"event_choices":[],"is_beta":false,"boss_relics":[{"not_picked":["Astrolabe","bronze:MakeshiftBattery"],"picked":"ChewingGum"}],"items_purged_floors":[0],"is_endless":false,"potions_floor_spawned":[1,5,7,13],"ascension_level":2}}