{"host":"ws1rigs6jhqnf67d","time":1611843076,"event":{"mods":["BaseMod","Friendly Minions","KinomotoSakuraMod(ƒæ÷Æ±æ”£)","Kiyohime£®«Âºß£©","Lobotomy","LobotomyExtend","Marisa£®ÏF”Í°°ƒß¿Ì…≥£©","Minty Spire (QoL Compilation)","Remilia£®¿Ÿ√◊¿Ú—«£©","StSLib","The Bug Knight","The Senshi","Youmu£®ªÍ∆«—˝√Œ£©","[IsaacMod]“‘»ˆº‚À˛"],"gold_per_floor":[109,38,50,69,79,79,109,109,109,109,122,141,141,141],"floor_reached":13,"language":"ZHS","playtime":294,"items_purged":[],"score":157,"play_id":"b87d103e-c1fa-443d-b49f-470c249270b0","local_time":"20210128221116","is_ascension_mode":true,"campfire_choices":[{"data":"Zap","floor":6,"key":"SMITH"},{"data":"Defragment","floor":8,"key":"SMITH"}],"circlet_count":0,"master_deck":["Strike_B","Strike_B","Strike_B","Strike_B","Defend_B","Defend_B","Defend_B","Defend_B","Zap+1","Dualcast","Loop","Defragment+1","Rip and Tear","BootSequence","Loop","Parasite","Rainbow"],"relics":["Cracked Core","HushsDoor","NeowsBlessing","DeadEye","LetterFromLob","Centennial Puzzle","HowToJump","ShedSkin_r"],"acts_visited":["Exordium"],"potions_floor_usage":[7],"damage_taken":[{"damage":0,"enemies":"2 Louse","floor":1,"turns":1},{"damage":0,"enemies":"Cultist","floor":3,"turns":1},{"damage":0,"enemies":"Jaw Worm","floor":4,"turns":1},{"damage":0,"enemies":"Exordium Thugs","floor":5,"turns":5},{"damage":0,"enemies":"Gremlin Nob","floor":7,"turns":2},{"damage":0,"enemies":"2 Fungi Beasts","floor":11,"turns":2},{"damage":4,"enemies":"Red Slaver","floor":12,"turns":3},{"damage":32,"enemies":"3 Sentries","floor":13,"turns":7}],"seed_played":"2777853633782123456","potions_obtained":[{"floor":1,"key":"DistilledChaos"},{"floor":3,"key":"Energy Potion"},{"floor":11,"key":"SpeedPotion"},{"floor":12,"key":"FearPotion"}],"is_trial":false,"path_per_floor":["M","$","M","M","M","R","E","R","T","M","M","M","E"],"character_chosen":"DEFECT","items_purchased":["Defragment"],"campfire_rested":0,"item_purchase_floors":[2],"current_hp_per_floor":[68,68,68,68,68,68,68,68,68,36,36,32,0,0],"gold":141,"neow_bonus":"THREE_ENEMY_KILL","is_daily":false,"chose_seed":false,"campfire_upgraded":2,"win_rate":0.0,"timestamp":1611843076,"path_taken":["M","$","M","M","M","R","E","R","T","M","M","M","E"],"items_purchased_type":["Card"],"build_version":"2020-12-22","purchased_purges":0,"victory":false,"max_hp_per_floor":[75,75,75,75,75,75,75,75,75,75,75,75,75,75],"card_choices":[{"not_picked":["Heatsinks","ElectricPowerLearning"],"picked":"Loop","floor":1},{"not_picked":["Barrage","Stack"],"picked":"Rip and Tear","floor":3},{"not_picked":["Cold Snap","Scrape"],"picked":"BootSequence","floor":4},{"not_picked":["Cold Snap","Turbo"],"picked":"Bomb","floor":5},{"not_picked":["Ball Lightning","Double Energy"],"picked":"Loop","floor":7},{"not_picked":["Aggregate","Steam","Ball Lightning"],"picked":"SKIP","floor":11},{"not_picked":["Redo","Aggregate"],"picked":"Rainbow","floor":12}],"player_experience":920686,"relics_obtained":[{"floor":1,"key":"LetterFromLob"},{"floor":7,"key":"Centennial Puzzle"},{"floor":9,"key":"HowToJump"}],"event_choices":[],"is_beta":false,"boss_relics":[],"items_purged_floors":[],"is_endless":false,"potions_floor_spawned":[1,3,11,12],"killed_by":"3 Sentries","ascension_level":8}}