{"host":"Sean","time":1611858586,"event":{"mods":["BaseMod","Block Reminder","Colored Map","Colored Powertips","Highlight Path","Minty Spire (QoL Compilation)","Permanent Neow","Relic Stats"],"gold_per_floor":[116,291,291,312,3,46,59,59,59,59,84,123,123,158,158,289,289,305,23,23,46,7,48,62,78,78,122,122,156,180,218,218,342,342,361,361,376,392,392,392,392,432,459,77,410,442,453,468,468,468,468,468,20,45,45,45],"floor_reached":55,"language":"ENG","playtime":3295,"items_purged":["Doubt","Defend_R","Normality","Shame"],"score":1227,"play_id":"e8e574a9-ec0f-47df-ac78-649a3e0ca2b7","local_time":"20210128182946","is_ascension_mode":true,"campfire_choices":[{"data":"Warcry","floor":10.0,"key":"SMITH"},{"data":"Intimidate","floor":13.0,"key":"SMITH"},{"data":"Offering","floor":15.0,"key":"SMITH"},{"data":"Inflame","floor":28.0,"key":"SMITH"},{"data":"Limit Break","floor":32.0,"key":"SMITH"},{"data":"Demon Form","floor":40.0,"key":"SMITH"},{"floor":49.0,"key":"RECALL"},{"data":"Panacea","floor":52,"key":"SMITH"}],"circlet_count":0,"master_deck":["Strike_R","Strike_R","Strike_R","Strike_R+1","Strike_R","Defend_R","Defend_R","Defend_R","Bash","Offering+1","Flex","Rampage","Evolve","Cleave","Warcry+1","Shrug It Off","Intimidate+1","Limit Break+1","Rage+1","Rupture","Pummel+1","Sword Boomerang+1","Rage","Inflame+1","Flame Barrier","Spot Weakness+1","Warcry+1","Inflame","Burning Pact+1","Seeing Red+1","Demon Form+1","Headbutt+1","Feel No Pain","Shrug It Off+1","Panacea+1","Inflame","Warcry+1","Warcry+1","Dual Wield+1"],"relics":["Burning Blood","Red Skull","Charon\u0027s Ashes","Thread and Needle","WingedGreaves","Meat on the Bone","Coffee Dripper","Bag of Preparation","Ornamental Fan","Bottled Flame","Regal Pillow","Ancient Tea Set","Pocketwatch","Cursed Key","Unceasing Top","Whetstone","Akabeko","War Paint","StrikeDummy"],"acts_visited":["Exordium","TheCity","TheBeyond","TheEnding"],"potions_floor_usage":[50,50,50,54,55],"damage_taken":[{"damage":14.0,"enemies":"Jaw Worm","floor":1.0,"turns":5.0},{"damage":4.0,"enemies":"Small Slimes","floor":4.0,"turns":4.0},{"damage":21.0,"enemies":"Lagavulin","floor":6.0,"turns":4.0},{"damage":2.0,"enemies":"2 Louse","floor":7.0,"turns":2.0},{"damage":6.0,"enemies":"Gremlin Gang","floor":11.0,"turns":2.0},{"damage":12.0,"enemies":"Gremlin Nob","floor":12.0,"turns":3.0},{"damage":14.0,"enemies":"Lagavulin","floor":14.0,"turns":5.0},{"damage":14.0,"enemies":"Hexaghost","floor":16.0,"turns":9.0},{"damage":10.0,"enemies":"3 Byrds","floor":18.0,"turns":4.0},{"damage":6.0,"enemies":"Chosen","floor":21.0,"turns":4.0},{"damage":6.0,"enemies":"Book of Stabbing","floor":23.0,"turns":5.0},{"damage":6.0,"enemies":"3 Cultists","floor":24.0,"turns":3.0},{"damage":6.0,"enemies":"Sentry and Sphere","floor":25.0,"turns":3.0},{"damage":24.0,"enemies":"Gremlin Leader","floor":27.0,"turns":5.0},{"damage":26.0,"enemies":"Book of Stabbing","floor":29.0,"turns":5.0},{"damage":12.0,"enemies":"Snecko","floor":30.0,"turns":3.0},{"damage":4.0,"enemies":"Gremlin Leader","floor":31.0,"turns":5.0},{"damage":22.0,"enemies":"Collector","floor":33.0,"turns":6.0},{"damage":2.0,"enemies":"3 Darklings","floor":35.0,"turns":3.0},{"damage":11.0,"enemies":"Orb Walker","floor":37.0,"turns":3.0},{"damage":7.0,"enemies":"Sphere and 2 Shapes","floor":38.0,"turns":3.0},{"damage":90.0,"enemies":"Nemesis","floor":42.0,"turns":7.0},{"damage":25.0,"enemies":"Reptomancer","floor":46.0,"turns":5.0},{"damage":11.0,"enemies":"Writhing Mass","floor":47.0,"turns":4.0},{"damage":35.0,"enemies":"Jaw Worm Horde","floor":48.0,"turns":4.0},{"damage":51,"enemies":"Awakened One","floor":50,"turns":6},{"damage":54,"enemies":"Shield and Spear","floor":54,"turns":5},{"damage":55,"enemies":"The Heart","floor":55,"turns":3}],"seed_played":"-8768283599596963525","potions_obtained":[{"floor":4.0,"key":"BloodPotion"},{"floor":6.0,"key":"Block Potion"},{"floor":11.0,"key":"Swift Potion"},{"floor":18.0,"key":"HeartOfIron"},{"floor":27.0,"key":"Fruit Juice"},{"floor":29.0,"key":"FairyPotion"},{"floor":30.0,"key":"DuplicationPotion"},{"floor":47.0,"key":"Regen Potion"},{"floor":48.0,"key":"Energy Potion"}],"is_trial":false,"path_per_floor":["M","?","?","M","$","E","M","?","T","R","M","E","R","E","R","B",null,"M","$","?","M","$","E","M","M","T","E","R","E","M","E","R","B",null,"M","?","M","M","T","R","?","E","T","$","?","E","M","M","R","B",null,"R","$","E","B"],"character_chosen":"IRONCLAD","items_purchased":["Red Skull","Strength Potion","Evolve","Bag of Preparation","Rupture","Rage","Panacea","Dexterity Potion","BloodPotion","Inflame","DuplicationPotion","Ancient Potion","War Paint"],"campfire_rested":0,"item_purchase_floors":[5,5,5,19,19,22,44,44,44,44,53,53,53],"current_hp_per_floor":[43,43,43,45,45,30,34,34,34,34,34,28,28,20,20,24,66,78,78,78,78,78,78,78,78,78,60,60,52,58,60,60,56,74,78,78,73,72,72,72,72,40,40,40,40,33,45,44,44,26,67,67,67,31,0,0],"gold":45,"neow_bonus":"THREE_RARE_CARDS","is_daily":false,"chose_seed":false,"campfire_upgraded":7,"win_rate":0.0,"timestamp":1611858586,"path_taken":["M","?","?","M","$","E","M","?","T","R","M","E","R","E","R","BOSS","M","$","?","M","$","E","M","M","T","E","R","E","M","E","R","BOSS","M","?","M","M","?","R","?","E","T","$","?","E","M","M","R","BOSS","R","$","E","BOSS"],"items_purchased_type":["Relic","Potion","Card","Relic","Card","Card","Card","Potion","Potion","Card","Potion","Potion","Relic"],"build_version":"2020-12-18","purchased_purges":4,"victory":false,"max_hp_per_floor":[80,80,80,80,80,80,80,80,80,80,80,80,80,80,80,80,80,80,80,80,80,80,80,80,80,80,80,80,80,80,80,80,80,80,80,80,80,80,80,80,76,76,76,76,76,76,81,81,81,81,81,81,81,81,81,81],"relic_stats":{"Regal Pillow":0,"counters":[28,120],"Charon\u0027s Ashes":[480],"Bag of Preparation":[38],"Whetstone":["Pummel","Strike_R"],"War Paint":["Rage","Seeing Red"],"Cursed Key":2,"Burning Blood":162,"Ornamental Fan":[76],"obtain_stats":[{"Regal Pillow":27,"Golden Idol":3,"Thread and Needle":9,"Charon\u0027s Ashes":6,"Bag of Preparation":19,"Whetstone":42,"War Paint":53,"Ancient Tea Set":29,"Cursed Key":34,"Burning Blood":0,"Akabeko":46,"Bottled Flame":26,"Ornamental Fan":23,"WingedGreaves":12,"Coffee Dripper":17,"StrikeDummy":54,"Red Skull":5,"Unceasing Top":39,"Meat on the Bone":14,"Pocketwatch":31},{"Regal Pillow":14,"Golden Idol":1,"Thread and Needle":4,"Charon\u0027s Ashes":3,"Bag of Preparation":9,"Whetstone":22,"War Paint":26,"Ancient Tea Set":15,"Cursed Key":18,"Burning Blood":0,"Akabeko":23,"Bottled Flame":13,"Ornamental Fan":11,"WingedGreaves":6,"Coffee Dripper":8,"StrikeDummy":27,"Red Skull":2,"Unceasing Top":21,"Meat on the Bone":7,"Pocketwatch":17},{"Regal Pillow":58,"Golden Idol":5,"Thread and Needle":15,"Charon\u0027s Ashes":13,"Bag of Preparation":38,"Whetstone":93,"War Paint":112,"Ancient Tea Set":63,"Cursed Key":77,"Burning Blood":0,"Akabeko":98,"Bottled Flame":53,"Ornamental Fan":47,"WingedGreaves":20,"Coffee Dripper":34,"StrikeDummy":117,"Red Skull":9,"Unceasing Top":86,"Meat on the Bone":25,"Pocketwatch":71}],"Unceasing Top":[6],"Meat on the Bone":120,"Pocketwatch":[6]},"card_choices":[{"not_picked":["Reaper","Impervious"],"picked":"Offering","floor":0.0},{"not_picked":["Havoc","True Grit"],"picked":"Flex","floor":1.0},{"not_picked":["Heavy Blade","Ghostly Armor"],"picked":"Rampage","floor":4.0},{"not_picked":["Dual Wield","Armaments"],"picked":"Cleave","floor":6.0},{"not_picked":["Flex","Thunderclap"],"picked":"Warcry","floor":7.0},{"not_picked":["Thunderclap","Battle Trance"],"picked":"Shrug It Off","floor":11.0},{"not_picked":["Flex","Havoc"],"picked":"Intimidate","floor":12.0},{"not_picked":["Immolate","Hemokinesis"],"picked":"Twin Strike","floor":14.0},{"not_picked":["Reaper","Impervious"],"picked":"Limit Break","floor":16.0},{"not_picked":["Iron Wave","Entrench"],"picked":"Rage","floor":18.0},{"not_picked":["Flex","Disarm"],"picked":"Sword Boomerang+1","floor":21.0},{"not_picked":["Evolve","Pommel Strike"],"picked":"Inflame","floor":23.0},{"not_picked":["Perfected Strike+1","Clash"],"picked":"Flame Barrier","floor":24.0},{"not_picked":["Evolve+1","Perfected Strike"],"picked":"Spot Weakness+1","floor":25.0},{"not_picked":["Heavy Blade","Anger"],"picked":"Warcry+1","floor":27.0},{"not_picked":["Armaments","Spot Weakness"],"picked":"Inflame","floor":29.0},{"not_picked":["Wild Strike","Carnage"],"picked":"Burning Pact+1","floor":30.0},{"not_picked":["Offering","Shrug It Off"],"picked":"Seeing Red","floor":31.0},{"not_picked":["Fiend Fire","Double Tap"],"picked":"Demon Form","floor":33.0},{"not_picked":["Clothesline","Shrug It Off"],"picked":"Headbutt+1","floor":35.0},{"not_picked":["Blood for Blood+1","Pommel Strike+1"],"picked":"Feel No Pain","floor":37.0},{"not_picked":["Sentinel","Iron Wave+1","Clash"],"picked":"SKIP","floor":38.0},{"not_picked":["Thunderclap","Battle Trance"],"picked":"Shrug It Off+1","floor":42.0},{"not_picked":["Carnage","Sword Boomerang+1","Berserk"],"picked":"SKIP","floor":46.0},{"not_picked":["Heavy Blade","Ghostly Armor+1"],"picked":"Warcry+1","floor":47.0},{"not_picked":["Heavy Blade","Sword Boomerang+1"],"picked":"Warcry+1","floor":48.0},{"not_picked":["Fire Breathing","Rupture"],"picked":"Dual Wield+1","floor":54}],"player_experience":477251,"relics_obtained":[{"floor":6.0,"key":"Charon\u0027s Ashes"},{"floor":9.0,"key":"Thread and Needle"},{"floor":12.0,"key":"WingedGreaves"},{"floor":14.0,"key":"Meat on the Bone"},{"floor":23.0,"key":"Ornamental Fan"},{"floor":26.0,"key":"Bottled Flame"},{"floor":27.0,"key":"Regal Pillow"},{"floor":29.0,"key":"Ancient Tea Set"},{"floor":31.0,"key":"Pocketwatch"},{"floor":39.0,"key":"Unceasing Top"},{"floor":42.0,"key":"Whetstone"},{"floor":46.0,"key":"Akabeko"},{"floor":54,"key":"StrikeDummy"}],"event_choices":[{"damage_healed":0.0,"max_hp_gain":0.0,"max_hp_loss":0.0,"gold_gain":175.0,"event_name":"Liars Game","player_choice":"AGREE","floor":2.0,"gold_loss":0.0,"damage_taken":0.0,"cards_obtained":["Doubt"]},{"damage_healed":0.0,"max_hp_gain":0.0,"max_hp_loss":0.0,"gold_gain":0.0,"event_name":"Golden Idol","player_choice":"Take Wound","floor":3.0,"gold_loss":0.0,"damage_taken":0.0,"relics_obtained":["Golden Idol"],"cards_obtained":["Injury"]},{"cards_removed":["Injury"],"damage_healed":0.0,"max_hp_gain":0.0,"max_hp_loss":0.0,"gold_gain":0.0,"event_name":"Living Wall","player_choice":"Forget","floor":8.0,"gold_loss":0.0,"damage_taken":0.0},{"damage_healed":0.0,"max_hp_gain":0.0,"max_hp_loss":0.0,"gold_gain":0.0,"event_name":"The Library","player_choice":"Read","floor":20.0,"gold_loss":0.0,"damage_taken":0.0,"cards_obtained":["Pummel"]},{"cards_removed":["Twin Strike"],"damage_healed":0.0,"max_hp_gain":0.0,"max_hp_loss":0.0,"gold_gain":0.0,"event_name":"Falling","player_choice":"Removed Attack","floor":36.0,"gold_loss":0.0,"damage_taken":0.0},{"damage_healed":0.0,"max_hp_gain":0.0,"max_hp_loss":4.0,"gold_gain":0.0,"event_name":"Winding Halls","player_choice":"Max HP","floor":41.0,"gold_loss":0.0,"damage_taken":0.0},{"damage_healed":0.0,"max_hp_gain":0.0,"max_hp_loss":0.0,"gold_gain":333.0,"event_name":"The Moai Head","player_choice":"Gave Idol","floor":45.0,"relics_lost":["Golden Idol"],"gold_loss":0.0,"damage_taken":0.0}],"is_beta":true,"boss_relics":[{"not_picked":["Black Star","SacredBark"],"picked":"Coffee Dripper"},{"not_picked":["Mark of Pain","Sozu"],"picked":"Cursed Key"}],"items_purged_floors":[5,19,44,53],"is_endless":false,"potions_floor_spawned":[4,6,11,18,27,29,30,33,47,48],"killed_by":"The Heart","ascension_level":8}}