{"host":"gzsdmyo07u314vug","time":1611831274,"event":{"mods":["2.2 Compatiblity","Astrologer","BaseMod","Colored Powertips","GifTheSpireLib","Gremlin Mod","Hermit","Jorbs\u0027s Wanderer Trilogy","Minty Spire (QoL Compilation)","Quick Restart","Rare Cards Sparkle","Relic Stats","Replay The Spire","Robot Space Explorer","Shop Mod","StSLib","The Bug Knight","The Construct","The Cursed","The Elementalist","The Hierophant","The IronCluck","The Marked","The Necromancer","The Runesmith","The Servant 0.9.4","Unceasing Turn Reminder","everything is the same but u backflip on backflip","slay the spire mod where everything is the same but ironclad has a cowboy hat"],"gold_per_floor":[115,208,224,224,253,253,276,276,330,366,377,377,406,421,421,535,535,560,560,85,85,104,104,104,104,130,156,170,170,209,228,228,340,340,368,377,70,120,20,63,63,95,166,208,208,248,266,11,11,11],"floor_reached":51,"language":"ENG","playtime":3517,"items_purged":["Gremlin:Defend","Gremlin:GremlinDance"],"score":1030,"play_id":"6d8aedc9-a4e6-485f-86ab-742711eb8d9e","local_time":"20210128075434","is_ascension_mode":true,"campfire_choices":[{"data":"Gremlin:Polish","floor":6.0,"key":"SMITH"},{"data":"Gremlin:TagTeam","floor":8.0,"key":"SMITH"},{"data":"Gremlin:Unforgiving","floor":12.0,"key":"SMITH"},{"data":"Gremlin:GremlinArms","floor":15.0,"key":"SMITH"},{"data":"Gremlin:Glimmer","floor":23.0,"key":"SMITH"},{"data":"Gremlin:PourSalt","floor":25.0,"key":"SMITH"},{"data":"Gremlin:ShankStone","floor":29.0,"key":"SMITH"},{"data":"Gremlin:DaggerDance","floor":32.0,"key":"SMITH"},{"data":"Gremlin:CongaLine","floor":41.0,"key":"SMITH"},{"data":"Gremlin:AggressiveDefense","floor":45,"key":"SMITH"}],"circlet_count":0,"master_deck":["Gremlin:Defend","Gremlin:Defend","Gremlin:Defend","Gremlin:TagTeam+1","Gremlin:ProperTools+1","Gremlin:Polish+1","Gremlin:DaggerDance+1","Gremlin:PourSalt+1","Gremlin:EdibleArmor","Gremlin:Changeo","Gremlin:GremlinArms+1","Gremlin:Unforgiving+1","Gremlin:AggressiveDefense+1","Gremlin:Erupt+1","Gremlin:TwistTheKnife","Finesse+1","Gremlin:Glimmer+1","Gremlin:ShankStone+1","Gremlin:IrksomeBlow","Gremlin:Exacerbate","Gremlin:Pinprick+1","Flash of Steel","Gremlin:Polish+1","Crow Ritual+1","Gremlin:CongaLine+1","Gremlin:GremlinMeal+1","Gremlin:ToeStub","Gremlin:Pinprick+1"],"relics":["Gremlin:GremlinKnob","CeramicFish","Toy Ornithopter","Blue Doll","Replay:Drink Me","Shuriken","Guide Book","Boot","HollowMod:StagPassRelic","Black Star","construct:FoamFinger","Oddly Smooth Stone","Replay:Baseball","Question Card","Replay:Bottled Eggs","Darkstone Periapt","ReplayFunnel","HollowMod:PaleOreRelic","Replay:Wax Seal","Kunai"],"acts_visited":["Exordium","TheCity","TheBeyond"],"potions_floor_usage":[46],"damage_taken":[{"damage":0.0,"enemies":"2 Louse","floor":1.0,"turns":2.0},{"damage":5.0,"enemies":"Small Slimes","floor":3.0,"turns":4.0},{"damage":2.0,"enemies":"Jaw Worm","floor":5.0,"turns":4.0},{"damage":0.0,"enemies":"Exordium Wildlife","floor":7.0,"turns":6.0},{"damage":60.0,"enemies":"Gremlin Nob","floor":10.0,"turns":5.0},{"damage":4.0,"enemies":"Blue Slaver","floor":11.0,"turns":5.0},{"damage":0.0,"enemies":"3 Louse","floor":13.0,"turns":3.0},{"damage":0.0,"enemies":"Red Slaver","floor":14.0,"turns":5.0},{"damage":3.0,"enemies":"Slime Boss","floor":16.0,"turns":14.0},{"damage":0.0,"enemies":"3 Byrds","floor":18.0,"turns":3.0},{"damage":0.0,"enemies":"Chosen","floor":22.0,"turns":4.0},{"damage":0.0,"enemies":"Sentry and Sphere","floor":27.0,"turns":4.0},{"damage":1.0,"enemies":"Cultist and Chosen","floor":28.0,"turns":6.0},{"damage":0.0,"enemies":"Gremlin Leader","floor":30.0,"turns":5.0},{"damage":0.0,"enemies":"3 Cultists","floor":31.0,"turns":4.0},{"damage":12.0,"enemies":"Collector","floor":33.0,"turns":4.0},{"damage":0.0,"enemies":"3 Shapes","floor":35.0,"turns":1.0},{"damage":0.0,"enemies":"HollowMod:StalkingDevout","floor":40.0,"turns":5.0},{"damage":3,"enemies":"Nemesis","floor":42,"turns":4},{"damage":0,"enemies":"Reptomancer","floor":44,"turns":4},{"damage":0,"enemies":"Nemesis","floor":46,"turns":3},{"damage":0,"enemies":"Orb Walker","floor":47,"turns":2},{"damage":0,"enemies":"Awakened One","floor":50,"turns":7}],"seed_played":"-1438768981921061125","potions_obtained":[{"floor":1.0,"key":"BlessingOfTheForge"},{"floor":7.0,"key":"SkillPotion"},{"floor":11.0,"key":"Swift Potion"},{"floor":13.0,"key":"Swift Potion"},{"floor":16.0,"key":"Adrenaline Potion"},{"floor":18.0,"key":"Block Potion"},{"floor":22.0,"key":"FearPotion"},{"floor":28.0,"key":"SkillPotion"},{"floor":33.0,"key":"LifebloodPotion"},{"floor":40.0,"key":"AttackPotion"},{"floor":44,"key":"SpeedPotion"}],"is_trial":false,"path_per_floor":["M","?","M","?","M","R","M","R","T","E","M","R","M","M","R","B",null,"M","?","$","?","M","R","?","R","T","M","M","R","E","M","R","B",null,"M","?","$","?","$","E","R","E","T","E","R","E","M","$","R","B",null],"character_chosen":"GREMLIN","items_purchased":["Shuriken","Finesse","Guide Book","Gremlin:Glimmer","Gremlin:Polish","Crow Ritual","Kunai","Gremlin:Pinprick+1"],"campfire_rested":0,"item_purchase_floors":[20,20,20,20,37,37,48,48],"current_hp_per_floor":[20,15,20,17,15,15,15,15,15,7,17,17,17,17,17,18,19,19,15,15,15,20,20,20,20,20,20,14,14,20,20,20,8,20,20,20,20,20,20,20,20,20,20,17,17,20,20,20,19,19],"gold":11,"neow_bonus":"REMOVE_CARD","is_daily":false,"chose_seed":false,"campfire_upgraded":10,"win_rate":0.0,"timestamp":1611831274,"path_taken":["M","?","M","?","M","R","M","R","T","E","M","R","?","M","R","BOSS","M","?","$","?","M","R","?","R","T","?","M","R","E","M","R","BOSS","M","?","$","?","?","E","R","E","T","E","R","E","?","$","R","BOSS"],"items_purchased_type":["Relic","Card","Relic","Card","Card","Card","Relic","Card"],"build_version":"2020-12-22","purchased_purges":2,"victory":true,"max_hp_per_floor":[20,20,20,20,20,20,20,20,20,20,20,20,20,20,20,20,19,19,20,20,20,20,20,20,20,20,20,20,20,20,20,20,20,20,20,20,20,20,20,20,20,20,20,20,20,20,20,20,19,19],"relic_stats":{"Darkstone Periapt":0,"counters":[23,104],"Shuriken":[60],"CeramicFish":171,"Black Star":4,"Kunai":[11],"Boot":[130],"Question Card":3,"obtain_stats":[{"Darkstone Periapt":44,"ReplayFunnel":44,"construct:FoamFinger":40,"CeramicFish":4,"Guide Book":20,"Oddly Smooth Stone":40,"Blue Doll":10,"Boot":26,"HollowMod:StagPassRelic":30,"Question Card":42,"Replay:Baseball":42,"Shuriken":20,"Gremlin:GremlinKnob":0,"Black Star":34,"HollowMod:PaleOreRelic":46,"Kunai":48,"Replay:Bottled Eggs":43,"Replay:Wax Seal":46,"Replay:Drink Me":17,"Toy Ornithopter":9},{"Darkstone Periapt":20,"ReplayFunnel":20,"construct:FoamFinger":18,"CeramicFish":2,"Guide Book":10,"Oddly Smooth Stone":18,"Blue Doll":5,"Boot":11,"HollowMod:StagPassRelic":14,"Question Card":19,"Replay:Baseball":19,"Shuriken":10,"Gremlin:GremlinKnob":0,"Black Star":16,"HollowMod:PaleOreRelic":21,"Kunai":22,"Replay:Bottled Eggs":19,"Replay:Wax Seal":21,"Replay:Drink Me":9,"Toy Ornithopter":4},{"Darkstone Periapt":92,"ReplayFunnel":92,"construct:FoamFinger":84,"CeramicFish":6,"Guide Book":51,"Oddly Smooth Stone":84,"Blue Doll":21,"Boot":55,"HollowMod:StagPassRelic":70,"Question Card":88,"Replay:Baseball":88,"Shuriken":51,"Gremlin:GremlinKnob":0,"Black Star":78,"HollowMod:PaleOreRelic":95,"Kunai":97,"Replay:Bottled Eggs":88,"Replay:Wax Seal":95,"Replay:Drink Me":48,"Toy Ornithopter":16}],"Toy Ornithopter":23},"card_choices":[{"not_picked":["Gremlin:Pretaliation","Gremlin:PourSalt"],"picked":"Gremlin:ProperTools","floor":1.0},{"not_picked":["Gremlin:BulkUp","Gremlin:BurlyBlow"],"picked":"Gremlin:Polish","floor":2.0},{"not_picked":["Gremlin:GremlinOffensive","Gremlin:Patsy"],"picked":"Gremlin:DaggerDance","floor":2.0},{"not_picked":["Gremlin:Patsy","Gremlin:DaggerDance"],"picked":"Gremlin:PourSalt","floor":2.0},{"not_picked":["Gremlin:FeelTheAudience","Gremlin:Dazzle"],"picked":"Gremlin:EdibleArmor","floor":3.0},{"not_picked":["Gremlin:PourSalt","Gremlin:EdibleArmor"],"picked":"Gremlin:Changeo","floor":5.0},{"not_picked":["Gremlin:SecondVolley","Gremlin:Changeo"],"picked":"Gremlin:GremlinArms","floor":7.0},{"not_picked":["Gremlin:Raid","Gremlin:RageBreak"],"picked":"Gremlin:Unforgiving","floor":10.0},{"not_picked":["Gremlin:ToeStub","Gremlin:GremlinArms","Gremlin:Revel"],"picked":"SKIP","floor":11.0},{"not_picked":["Gremlin:Irritability","Gremlin:PartyStick"],"picked":"Gremlin:AggressiveDefense","floor":13.0},{"not_picked":["Gremlin:Revel","Gremlin:Pretaliation","Gremlin:Tadah"],"picked":"SKIP","floor":14.0},{"not_picked":["Gremlin:Unforgiving","Gremlin:Nob"],"picked":"Gremlin:Erupt","floor":16.0},{"not_picked":["Gremlin:Raid","Gremlin:Dazzle"],"picked":"Gremlin:TwistTheKnife","floor":18.0},{"not_picked":["Gremlin:Jeer","Gremlin:Tricksy","Gremlin:GremlinToss"],"picked":"SKIP","floor":22.0},{"not_picked":["Gremlin:BubbleBarrier","Gremlin:GlitterGuard"],"picked":"Gremlin:ShankStone","floor":27.0},{"not_picked":["Gremlin:Pretaliation","Gremlin:Dazzle","Gremlin:TwistTheKnife"],"picked":"SKIP","floor":28.0},{"not_picked":["Gremlin:PartyStick+1","Gremlin:ArmsTheft"],"picked":"Gremlin:IrksomeBlow","floor":30.0},{"not_picked":["Gremlin:Enthusiasm","Gremlin:Pretaliation","Gremlin:Stupend"],"picked":"SKIP","floor":31.0},{"not_picked":["Gremlin:Unforgiving","Gremlin:Necromancy"],"picked":"Gremlin:Exacerbate","floor":33.0},{"not_picked":["Gremlin:GlitterGuard","Gremlin:Jeer"],"picked":"Gremlin:Pinprick+1","floor":35.0},{"not_picked":["Good Instincts","Poisoned Strike"],"picked":"Flash of Steel","floor":36.0},{"not_picked":["Gremlin:Polish+1","Gremlin:Astound+1"],"picked":"Gremlin:CongaLine","floor":40.0},{"not_picked":["Gremlin:AggressiveDefense","Gremlin:PourSalt+1","Gremlin:Irritability+1"],"picked":"SKIP","floor":42},{"not_picked":["Gremlin:FanOfKnives+1","Gremlin:Polish+1","Gremlin:Jeer"],"picked":"Gremlin:GremlinMeal+1","floor":44},{"not_picked":["Gremlin:EdibleArmor+1","Gremlin:GlitterGuard+1","Gremlin:ArmsTheft"],"picked":"Gremlin:ToeStub","floor":46},{"not_picked":["Gremlin:Tricksy","Gremlin:GlitterGuard","Gremlin:MakeshiftArmor","Gremlin:Jeer+1"],"picked":"SKIP","floor":47}],"player_experience":809164,"relics_obtained":[{"floor":9.0,"key":"Toy Ornithopter"},{"floor":10.0,"key":"Blue Doll"},{"floor":26.0,"key":"Boot"},{"floor":30.0,"key":"HollowMod:StagPassRelic"},{"floor":40.0,"key":"construct:FoamFinger"},{"floor":40.0,"key":"Oddly Smooth Stone"},{"floor":42,"key":"Replay:Baseball"},{"floor":42,"key":"Question Card"},{"floor":43,"key":"Replay:Bottled Eggs"},{"floor":44,"key":"Darkstone Periapt"},{"floor":44,"key":"ReplayFunnel"},{"floor":46,"key":"HollowMod:PaleOreRelic"},{"floor":46,"key":"Replay:Wax Seal"}],"event_choices":[{"damage_healed":0.0,"max_hp_gain":0.0,"max_hp_loss":0.0,"gold_gain":0.0,"event_name":"Scrap Ooze","player_choice":"Success","floor":4.0,"gold_loss":0.0,"damage_taken":3.0,"relics_obtained":["CeramicFish"]},{"damage_healed":0.0,"max_hp_gain":5.0,"max_hp_loss":0.0,"gold_gain":0.0,"event_name":"Forgotten Altar","player_choice":"Shed Blood","floor":19.0,"gold_loss":0.0,"damage_taken":5.0},{"damage_healed":0.0,"max_hp_gain":0.0,"max_hp_loss":0.0,"gold_gain":0.0,"event_name":"Lab","player_choice":"Got Potions","floor":24.0,"gold_loss":0.0,"damage_taken":0.0},{"damage_healed":0.0,"max_hp_gain":0.0,"max_hp_loss":0.0,"gold_gain":0.0,"event_name":"SensoryStone","player_choice":"Memory 1","floor":36.0,"gold_loss":0.0,"damage_taken":0.0}],"is_beta":false,"boss_relics":[{"not_picked":["Runic Dome","Ring of Chaos"],"picked":"Replay:Drink Me"},{"not_picked":["Replay:Ancient Bell","Kintsugi"],"picked":"Black Star"}],"items_purged_floors":[37,39],"is_endless":false,"potions_floor_spawned":[1,7,11,13,16,18,22,28,33,40,44],"ascension_level":1}}