{"host":"q678egcq9idf3kz6","time":1611852553,"event":{"mods":["AchievementEnabler","BaseMod","Colored Map","Minty Spire (QoL Compilation)","Rare Cards Sparkle","Replay The Spire","StSLib","Td1madao Mod","everything is the same but u backflip on backflip"],"gold_per_floor":[118,133,147,163,210,240,240,271,271,271,271,271,271,271,290,325,325,336,336,439,439,458,469,449,80,100,128,161,161,161],"floor_reached":29,"language":"KOR","playtime":1404,"items_purged":["Strike_R"],"score":325,"play_id":"e1141604-8415-4440-860c-76f8f7810da9","local_time":"20210129014913","is_ascension_mode":true,"campfire_choices":[{"data":"Armaments","floor":7.0,"key":"SMITH"},{"floor":10.0,"key":"REST"},{"data":"Infernal Blade","floor":17.0,"key":"SMITH"},{"data":"Heavy Blade","floor":19.0,"key":"SMITH"}],"circlet_count":0,"master_deck":["Strike_R","Strike_R","Strike_R","Strike_R","Defend_R","Defend_R","Defend_R","Defend_R","Bash","Headbutt","Replay:Undeath\u0027s Touch","Warcry","Armaments+1","Infernal Blade+1","Double Tap","Heavy Blade+1","Infernal Blade","Disarm","Hemogenesis","Heavy Blade+1","Sentinel","Battle Trance","True Grit+1","Dropkick"],"relics":["Burning Blood","NeowsBlessing","Red Skull","Replay:Rubber Ducky","Mirror","WingedGreaves","Champion Belt","Ooze Armor","Calipers","Smiling Mask","Prayer Wheel"],"acts_visited":["Exordium","TheCity"],"potions_floor_usage":[26,27,28,28],"damage_taken":[{"damage":0.0,"enemies":"Cultist","floor":1.0,"turns":1.0},{"damage":0.0,"enemies":"2 Louse","floor":2.0,"turns":1.0},{"damage":0.0,"enemies":"Small Slimes","floor":3.0,"turns":1.0},{"damage":16.0,"enemies":"Looter","floor":4.0,"turns":4.0},{"damage":51.0,"enemies":"Lagavulin","floor":6.0,"turns":8.0},{"damage":16.0,"enemies":"Gremlin Nob","floor":8.0,"turns":3.0},{"damage":22.0,"enemies":"Lots of Slimes","floor":15.0,"turns":3.0},{"damage":20.0,"enemies":"3 Sentries","floor":16.0,"turns":6.0},{"damage":0.0,"enemies":"Red Slaver","floor":18.0,"turns":1.0},{"damage":14.0,"enemies":"Hexaghost","floor":20.0,"turns":7.0},{"damage":5.0,"enemies":"Chosen","floor":22.0,"turns":4.0},{"damage":9,"enemies":"Shell Parasite","floor":23,"turns":3},{"damage":12,"enemies":"Snake Plant","floor":26,"turns":5},{"damage":43,"enemies":"Gremlin Leader","floor":27,"turns":8},{"damage":25,"enemies":"Slavers","floor":28,"turns":4},{"damage":28,"enemies":"Masked Bandits","floor":29,"turns":3}],"seed_played":"-547615384276813028","potions_obtained":[{"floor":4.0,"key":"Toxic Potion"},{"floor":8.0,"key":"ElixirPotion"},{"floor":15.0,"key":"LiquidBronze"},{"floor":18.0,"key":"Milkshake"},{"floor":22.0,"key":"LiquidBronze"},{"floor":24,"key":"DistilledChaos"},{"floor":26,"key":"Fire Potion"},{"floor":27,"key":"Strength Potion"}],"is_trial":false,"path_per_floor":["M","M","M","M","T","E","R","E","T","R","PTL","PTL","PTL","PTL","M","E","R","M","R","B",null,"M","M","?","$","M","E","E","?"],"character_chosen":"IRONCLAD","items_purchased":["Calipers"],"campfire_rested":1,"item_purchase_floors":[25],"current_hp_per_floor":[80,80,80,70,70,25,25,15,15,39,39,39,39,39,23,9,9,15,15,7,80,80,77,77,77,71,39,25,0,0],"gold":161,"neow_bonus":"THREE_ENEMY_KILL","is_daily":false,"chose_seed":false,"campfire_upgraded":3,"win_rate":0.0,"timestamp":1611852553,"path_taken":["M","M","M","M","?","E","R","E","T","R","PTL","PTL","PTL","PTL","M","E","R","M","R","BOSS","M","M","?","$","?","E","E","?"],"items_purchased_type":["Relic"],"build_version":"2020-12-22","purchased_purges":1,"victory":false,"max_hp_per_floor":[80,80,80,80,80,80,80,80,80,80,80,80,80,80,80,80,80,80,80,80,80,80,80,80,80,80,80,80,80,80],"card_choices":[{"not_picked":["Clash","Shrug It Off"],"picked":"Headbutt","floor":1.0},{"not_picked":["Iron Wave","Hemokinesis"],"picked":"Replay:Undeath\u0027s Touch","floor":2.0},{"not_picked":["Run Through","Thunderclap"],"picked":"Warcry","floor":3.0},{"not_picked":["Power Through","Clash"],"picked":"Armaments","floor":4.0},{"not_picked":["Dark Embrace","Spot Weakness"],"picked":"Infernal Blade","floor":6.0},{"not_picked":["Twin Strike","Shockwave"],"picked":"Double Tap","floor":8.0},{"not_picked":["Twin Strike","Clash"],"picked":"Heavy Blade","floor":15.0},{"not_picked":["Pummel","Barricade"],"picked":"Infernal Blade","floor":16.0},{"not_picked":["Defy Death","Shockwave"],"picked":"Disarm","floor":18.0},{"not_picked":["Replay:Many Hands","Eclipse"],"picked":"Hemogenesis","floor":20.0},{"not_picked":["Sword Boomerang","Replay:Undeath\u0027s Touch"],"picked":"Heavy Blade+1","floor":22.0},{"not_picked":["Havoc","Defy Death"],"picked":"Sentinel","floor":23},{"not_picked":["Shrug It Off+1","Fire Breathing"],"picked":"Battle Trance","floor":26},{"not_picked":["Burning Pact","Clothesline"],"picked":"True Grit+1","floor":27},{"not_picked":["Evolve+1","Havoc"],"picked":"Dropkick","floor":28}],"player_experience":47771,"relics_obtained":[{"floor":5.0,"key":"Red Skull"},{"floor":6.0,"key":"Replay:Rubber Ducky"},{"floor":8.0,"key":"Mirror"},{"floor":9.0,"key":"WingedGreaves"},{"floor":16.0,"key":"Champion Belt"},{"floor":27,"key":"Smiling Mask"},{"floor":28,"key":"Prayer Wheel"}],"event_choices":[{"damage_healed":0,"gold_gain":0,"player_choice":"Bought 1 Potion","damage_taken":0,"max_hp_gain":0,"max_hp_loss":0,"event_name":"The Woman in Blue","floor":24,"gold_loss":0},{"damage_healed":0,"gold_gain":0,"player_choice":"Fought Bandits","damage_taken":0,"max_hp_gain":0,"max_hp_loss":0,"event_name":"Masked Bandits","floor":29,"gold_loss":0}],"is_beta":false,"boss_relics":[{"not_picked":["Snecko Eye","SlaversCollar"],"picked":"Ooze Armor"}],"items_purged_floors":[25],"is_endless":false,"potions_floor_spawned":[4,8,15,18,22,26,27],"killed_by":"Masked Bandits","ascension_level":3}}