{"host":"zksvs3x2ysy9npnz","time":1611800099,"event":{"mods":["Aspiration","BaseMod","Beaked The Cultist","BetterRewards","Clockwork Mod","Colored Map","Conspire","Downfall","Duelist Mod","Halation","Highlight Path","Hubris","Infinite Spire","Jedi Mod","Magitek Elite","Minty Spire (QoL Compilation)","Permanent Neow","Quick Restart","Relic Stats","Shop Mod","StSLib","The Runesmith","The Witch"],"gold_per_floor":[99,119,129,129,139,173,173,73,88,129,163,174,74,87,104,104,104],"floor_reached":16,"language":"FRA","playtime":1341,"items_purged":[],"score":153,"play_id":"ca22306c-a8d3-49e0-989c-ef6e4bbb4eb4","local_time":"20210128031459","is_ascension_mode":true,"campfire_choices":[{"floor":1,"key":"RECALL"},{"data":"bronze:DelayedSlice","floor":8,"key":"SMITH"},{"data":"bronze:BronzeOrb","floor":13,"key":"SMITH"}],"circlet_count":0,"master_deck":["bronze:Strike","bronze:Strike","bronze:Strike","bronze:Strike","bronze:Defend","bronze:Defend","bronze:Defend","bronze:Defend","bronze:Replicate","bronze:Goto+1","bronze:Branch","bronze:DelayedSlice+1","bronze:DelayedGuard","bronze:Frontload","bronze:ClassDefault","bronze:BronzeOrb+1","bronze:BronzeOrb","bronze:Fortify","bronze:WhirlingStrike","bronze:Shell","bronze:Flail"],"relics":["bronze:BronzeCore","hubris:Reverence","Prayer Wheel","downfall:HeartBlessingRed","halation:BottledLove","Gambling Chip","downfall:HeartBlessingGreen"],"acts_visited":["Exordium"],"potions_floor_usage":[10,16,16,16],"damage_taken":[{"damage":5,"enemies":"Small Slimes","floor":2,"turns":3},{"damage":0,"enemies":"Jaw Worm","floor":3,"turns":4},{"damage":0,"enemies":"Cultist","floor":5,"turns":2},{"damage":8,"enemies":"3 Sentries","floor":6,"turns":9},{"damage":0,"enemies":"Gremlin Gang","floor":9,"turns":3},{"damage":5,"enemies":"conspire:MimicChest","floor":10,"turns":8},{"damage":0,"enemies":"Gremlin Nob","floor":11,"turns":4},{"damage":0,"enemies":"Large Slime","floor":12,"turns":5},{"damage":0,"enemies":"Exordium Wildlife","floor":14,"turns":3},{"damage":0,"enemies":"2 Fungi Beasts","floor":15,"turns":1},{"damage":60,"enemies":"SI_SHIV_ARCHETYPE","floor":16,"turns":8}],"seed_played":"-2199152351836611904","potions_obtained":[{"floor":2,"key":"PowerPotion"},{"floor":5,"key":"hexamod:SoulburnPotion"},{"floor":9,"key":"SkillPotion"},{"floor":11,"key":"LiquidMemories"}],"is_trial":false,"path_per_floor":["R","M","M","?","M","E","T","R","M","?","E","M","R","M","M","B"],"character_chosen":"THE_AUTOMATON","items_purchased":[],"campfire_rested":0,"item_purchase_floors":[],"current_hp_per_floor":[70,65,65,70,70,62,62,62,62,57,57,57,57,57,57,0,0],"gold":104,"neow_bonus":"UPGRADE_CARD","is_daily":false,"chose_seed":false,"campfire_upgraded":2,"win_rate":0.0,"timestamp":1611800099,"path_taken":["R","M","M","?","M","E","T","R","M","?","E","M","R","?","M","BOSS"],"items_purchased_type":[],"build_version":"2020-12-22","purchased_purges":0,"victory":false,"max_hp_per_floor":[70,70,70,75,75,75,75,75,75,75,75,75,75,75,75,75,75],"relic_stats":{"counters":[11,50],"Gambling Chip":[6],"Prayer Wheel":4,"obtain_stats":[{"bronze:BronzeCore":0,"downfall:HeartBlessingRed":8,"halation:BottledLove":10,"Gambling Chip":11,"Prayer Wheel":7,"downfall:HeartBlessingGreen":13,"hubris:Reverence":6},{"bronze:BronzeCore":0,"downfall:HeartBlessingRed":4,"halation:BottledLove":6,"Gambling Chip":7,"Prayer Wheel":4,"downfall:HeartBlessingGreen":8,"hubris:Reverence":4},{"bronze:BronzeCore":0,"downfall:HeartBlessingRed":18,"halation:BottledLove":29,"Gambling Chip":33,"Prayer Wheel":18,"downfall:HeartBlessingGreen":38,"hubris:Reverence":18}]},"card_choices":[{"not_picked":["bronze:OilSpill","bronze:Invalidate"],"picked":"bronze:Branch","floor":2},{"not_picked":["bronze:FollowUp","bronze:Overload"],"picked":"bronze:DelayedSlice","floor":3},{"not_picked":["bronze:BitShift","bronze:Repulsor"],"picked":"bronze:DelayedGuard","floor":5},{"not_picked":["bronze:BuggyMess","bronze:ThunderWave"],"picked":"bronze:Frontload","floor":6},{"not_picked":["bronze:Overload","bronze:BitShift"],"picked":"bronze:ClassDefault","floor":9},{"not_picked":["bronze:Terminator","bronze:Branch","bronze:WildBeam"],"picked":"SKIP","floor":9},{"not_picked":["bronze:ForLoop","bronze:BitShift"],"picked":"bronze:BronzeOrb","floor":10},{"not_picked":["bronze:CleanCode","bronze:Frontload","bronze:OilSpill"],"picked":"SKIP","floor":11},{"not_picked":["bronze:BitShift","bronze:Branch"],"picked":"bronze:BronzeOrb","floor":12},{"not_picked":["bronze:WildBeam","bronze:Frontload"],"picked":"bronze:Fortify","floor":12},{"not_picked":["bronze:Shield","bronze:ShipIt"],"picked":"bronze:WhirlingStrike","floor":14},{"not_picked":["bronze:ForLoop","bronze:NullPointer"],"picked":"bronze:Shell","floor":14},{"not_picked":["bronze:Shield","bronze:Constructor"],"picked":"bronze:Flail","floor":15},{"not_picked":["bronze:WildBeam","bronze:BitShift","bronze:Shell"],"picked":"SKIP","floor":15}],"player_experience":2087734,"relics_obtained":[{"floor":6,"key":"hubris:Reverence"},{"floor":7,"key":"Prayer Wheel"},{"floor":10,"key":"halation:BottledLove"},{"floor":11,"key":"Gambling Chip"}],"event_choices":[{"damage_healed":0,"gold_gain":0,"player_choice":"Donut","damage_taken":0,"max_hp_gain":5,"max_hp_loss":0,"event_name":"Big Fish","floor":4,"gold_loss":0}],"is_beta":false,"boss_relics":[],"items_purged_floors":[],"is_endless":false,"potions_floor_spawned":[2,5,9,11,15],"killed_by":"SI_SHIV_ARCHETYPE","ascension_level":2}}