{"host":"r30v8u1rjd8by1xk","time":1611823160,"event":{"mods":["Act Like it!","Aspiration","BaseMod","Gensokyo","Jedi Mod","KinomotoSakuraMod(木之本樱)","LagranYue(拉格朗・月)","Minty Spire (QoL Compilation)","Replay The Spire","StSLib","Td1madao Mod","The Bug Knight","The Senshi","The Servant 0.9.4","【遗物卡牌】REMEMod"],"gold_per_floor":[119,137,137,148,1,27,47,72,126,141,154,79,89,106,106,203,203,213,225,236,8,28,53,53,84,84,84,98,31,31,31,31,31,31],"floor_reached":33,"language":"ZHS","playtime":5053,"items_purged":[],"score":351,"play_id":"f93a7a2f-841a-4052-8876-d9e360ed3820","local_time":"20210128163920","is_ascension_mode":false,"campfire_choices":[{"data":"Twin Teeth","floor":15.0,"key":"SMITH"},{"data":"E MP","floor":24.0,"key":"SMITH"},{"data":"Pod Fire","floor":27.0,"key":"SMITH"},{"floor":30.0,"key":"REST"},{"floor":32.0,"key":"DIG"}],"circlet_count":0,"master_deck":["Strike_C","Strike_C","Strike_C","Strike_C","Defend_C+1","Defend_C","Defend_C","Knight Kick","Chip","Core Surge","Provocative","Defend System","CommonCold","Machining+1","Reflection Mechanism","E MP+1","Gravity Defend","Fixing","Black Execution","Pod Fire+1","Twin Teeth+1","Overclocking","Reinforcement Parts+1","Oblique Hack+1","Enlightenment","Black Shadow+1","Three Hit+1","Gensokyo:LockedMedkit"],"relics":["Apod","REME_ComplimentaryCards","LagranYue:RandomDrawCardRelic","NeowsBlessing","Ring of Panic","War Paint","Mercury Hourglass","jedi:shrinkray","Runic Pyramid","Bronze Scales","Replay:Bottled Flurry","Strawberry","HollowMod:StagPassRelic","Funny"],"acts_visited":["Exordium","Gensokyo:Gensokyoer"],"potions_floor_usage":[33,33],"damage_taken":[{"damage":0.0,"enemies":"Jaw Worm","floor":1.0,"turns":1.0},{"damage":0.0,"enemies":"2 Louse","floor":2.0,"turns":1.0},{"damage":0.0,"enemies":"Cultist","floor":4.0,"turns":1.0},{"damage":6.0,"enemies":"Replay:BlueRogue","floor":6.0,"turns":7.0},{"damage":1.0,"enemies":"Red Slaver","floor":7.0,"turns":3.0},{"damage":18.0,"enemies":"3 Sentries","floor":8.0,"turns":5.0},{"damage":0.0,"enemies":"Large Slime","floor":10.0,"turns":4.0},{"damage":0.0,"enemies":"2 Fungi Beasts","floor":11.0,"turns":3.0},{"damage":0.0,"enemies":"3 Louse","floor":13.0,"turns":2.0},{"damage":8.0,"enemies":"Exordium Wildlife","floor":14.0,"turns":3.0},{"damage":0.0,"enemies":"Slime Boss","floor":16.0,"turns":8.0},{"damage":8.0,"enemies":"Gensokyo:3_Dogs","floor":18.0,"turns":3.0},{"damage":0.0,"enemies":"Gensokyo:2_Gloops","floor":19.0,"turns":4.0},{"damage":1.0,"enemies":"Gensokyo:Slime_Group","floor":20.0,"turns":3.0},{"damage":7.0,"enemies":"Gensokyo:Chomper_and_Gloop","floor":22.0,"turns":4.0},{"damage":12.0,"enemies":"Gensokyo:Koishi","floor":23.0,"turns":6.0},{"damage":12.0,"enemies":"Gensokyo:Tenshi","floor":25.0,"turns":4.0},{"damage":16.0,"enemies":"Gensokyo:Wraith","floor":28.0,"turns":4.0},{"damage":45,"enemies":"Gensokyo:Eiki","floor":33,"turns":6}],"seed_played":"-7273780233273949788","potions_obtained":[{"floor":1.0,"key":"Languid Potion"},{"floor":2.0,"key":"SkillPotion"},{"floor":6.0,"key":"Block Potion"},{"floor":11.0,"key":"Fire Potion"},{"floor":18.0,"key":"Weak Potion"},{"floor":20.0,"key":"Dexterity Potion"},{"floor":25.0,"key":"Adrenaline Potion"},{"floor":28.0,"key":"Swift Potion"}],"is_trial":false,"path_per_floor":["M","M","?","M","$","E","M","E","T","M","M","$","M","M","R","B",null,"M","M","M","$","M","E","R","E","T","R","M","COS","R","?","R","B"],"character_chosen":"TD1MADAO_CLASS","items_purchased":["War Paint","Pod Fire","Enlightenment","Bronze Scales"],"campfire_rested":1,"item_purchase_floors":[5,12,21,21],"current_hp_per_floor":[70,70,70,70,70,64,63,45,45,45,45,45,45,37,37,37,70,62,62,61,61,54,42,42,37,37,37,21,21,44,44,44,0,0],"gold":31,"neow_bonus":"THREE_ENEMY_KILL","is_daily":false,"chose_seed":false,"campfire_upgraded":3,"win_rate":0.0,"timestamp":1611823160,"path_taken":["M","M","?","M","?","E","M","E","T","M","M","$","M","M","R","BOSS","M","M","M","$","M","E","R","E","T","R","M","COS","R","?","R","BOSS"],"items_purchased_type":["Relic","Card","Card","Relic"],"build_version":"2020-12-22","purchased_purges":0,"victory":false,"max_hp_per_floor":[70,70,70,70,70,70,70,70,70,70,70,70,70,70,70,70,70,70,70,70,70,70,70,70,77,77,77,77,77,77,77,77,77,77],"card_choices":[{"not_picked":["Fire Blade","Load Balancing"],"picked":"Provocative","floor":1.0},{"not_picked":["Sudden Beat","Here Defend Chip"],"picked":"Defend System","floor":2.0},{"not_picked":["Floating Even","Bugfix"],"picked":"Machining","floor":4.0},{"not_picked":["Fire Blade","Cursed Blade"],"picked":"Reflection Mechanism","floor":6.0},{"not_picked":["Coercion","Memory Alloy"],"picked":"E MP","floor":7.0},{"not_picked":["Floating Even","Fire Up"],"picked":"Gravity Defend","floor":8.0},{"not_picked":["Rupture","Machining"],"picked":"Fixing","floor":10.0},{"not_picked":["Preparedness","Lore"],"picked":"Black Execution","floor":11.0},{"not_picked":["Money Cant Rescue","Black Shadow","Preloading"],"picked":"SKIP","floor":13.0},{"not_picked":["Light Attack","Black Shadow"],"picked":"Twin Teeth","floor":14.0},{"not_picked":["Optimization","Moon Tear"],"picked":"Overclocking","floor":16.0},{"not_picked":["Afterwards","Rupture","Bugfix"],"picked":"SKIP","floor":18.0},{"not_picked":["Awareness+1","Winding Magic"],"picked":"Reinforcement Parts+1","floor":19.0},{"not_picked":["Preloading","Fixing+1"],"picked":"Oblique Hack+1","floor":20.0},{"not_picked":["Twin Teeth","Lunge","Lore+1"],"picked":"SKIP","floor":22.0},{"not_picked":["Fire Up","Provocative"],"picked":"Black Shadow+1","floor":23.0},{"not_picked":["Paralysis","Black Dance","Gravity Defend"],"picked":"SKIP","floor":25.0},{"not_picked":["Gravity Defend","Awareness"],"picked":"Three Hit+1","floor":28.0}],"player_experience":378842,"relics_obtained":[{"floor":3.0,"key":"Ring of Panic"},{"floor":6.0,"key":"Mercury Hourglass"},{"floor":8.0,"key":"jedi:shrinkray"},{"floor":23.0,"key":"Replay:Bottled Flurry"},{"floor":25.0,"key":"Strawberry"},{"floor":26.0,"key":"HollowMod:StagPassRelic"},{"floor":32.0,"key":"Funny"}],"event_choices":[],"is_beta":false,"boss_relics":[{"not_picked":["Ring of Chaos","Fusion Hammer"],"picked":"Runic Pyramid"}],"items_purged_floors":[],"is_endless":false,"potions_floor_spawned":[1,2,6,11,18,20,25,28],"killed_by":"Gensokyo:Eiki","ascension_level":0}}