{"host":"n9lc5i44t98l6pio","time":1611814737,"event":{"mods":["BaseMod","Curses Come First","Downfall","Minty Spire (QoL Compilation)","Replay The Spire","Say the Spire","StSLib"],"gold_per_floor":[199,217,231,242,242,259,259,278,288,323,379,479,379,396,415,511,511,511,122,138,123,123,23,48,77,77,77,77],"floor_reached":26,"language":"ENG","playtime":1175,"items_purged":["downfall:Malfunctioning"],"score":253,"play_id":"1e4de8a1-39b3-4219-a1b4-3f26fc2dc203","local_time":"20210128071857","is_ascension_mode":false,"campfire_choices":[{"floor":1.0,"key":"DIG"},{"floor":13.0,"key":"REST"},{"floor":18.0,"key":"RECALL"},{"data":"hexamod:GhostOfSpirePresent","floor":23,"key":"SMITH"},{"data":"hexamod:Sear","floor":23,"key":"SMITH"}],"circlet_count":0,"master_deck":["hexamod:Strike+1","hexamod:Strike+1","hexamod:Strike+1","hexamod:Strike+1","hexamod:Defend+1","hexamod:Defend+1","hexamod:Defend+1","hexamod:Defend+1","hexamod:Sear+1","hexamod:Float","hexamod:SpectersWail","hexamod:ChargedBarrage","hexamod:FlamesFromBeyond+1","hexamod:BurningTouch+1","hexamod:PhantomFireball","hexamod:DynamicBlow","hexamod:GhostOfSpirePresent+1","hexamod:StepThrough","hexamod:StepThrough","hexamod:ThermalTransfer","hexamod:VolcanoVisage","CurseOfTheBell","Pot Of Greed","Pot Of Greed","hexamod:SoulSteal+1","Pot Of Greed","hexamod:Incineration","hexamod:Incineration","hexamod:ThirdSeal","hexamod:SpectersWail+1","hexamod:GhostOfSpireFuture","hexamod:HexaLevel"],"relics":["hexamod:SpiritBrand","Replay:Arrowhead","Replay:Bottled Eggs","PreservedInsect","downfall:HeartBlessingBlue","Calling Bell","Grinning Jar","Snack Pack","Mango","Membership Card","hexamod:InflammatoryLetter","downfall:HeartBlessingRed","ReplayFunnel","Happy Flower"],"acts_visited":["Exordium","TheCity"],"potions_floor_usage":[],"damage_taken":[{"damage":0.0,"enemies":"Small Slimes","floor":2.0,"turns":3.0},{"damage":2.0,"enemies":"2 Louse","floor":3.0,"turns":2.0},{"damage":1.0,"enemies":"Jaw Worm","floor":4.0,"turns":3.0},{"damage":0.0,"enemies":"Large Slime","floor":6.0,"turns":3.0},{"damage":11.0,"enemies":"Red Slaver","floor":8.0,"turns":3.0},{"damage":2.0,"enemies":"Blue Slaver","floor":9.0,"turns":3.0},{"damage":11.0,"enemies":"Gremlin Nob","floor":10.0,"turns":2.0},{"damage":16.0,"enemies":"Gremlin Nob","floor":11.0,"turns":3.0},{"damage":0.0,"enemies":"Large Slime","floor":14.0,"turns":3.0},{"damage":11.0,"enemies":"Gremlin Gang","floor":15.0,"turns":5.0},{"damage":22.0,"enemies":"IC_STATUS_ARCHETYPE","floor":16.0,"turns":7.0},{"damage":0.0,"enemies":"downfall:FleeingMerchant","floor":19.0,"turns":4.0},{"damage":5.0,"enemies":"Chosen","floor":20.0,"turns":3.0},{"damage":15.0,"enemies":"downfall:FleeingMerchant","floor":21.0,"turns":4.0},{"damage":69,"enemies":"Gremlin Leader","floor":25,"turns":6},{"damage":13,"enemies":"3 Cultists","floor":26,"turns":2}],"seed_played":"-5065462704331896163","potions_obtained":[{"floor":2.0,"key":"champ:CounterPotion"},{"floor":6.0,"key":"Energy Potion"},{"floor":10.0,"key":"hexamod:EctoCoolerPotion"},{"floor":16.0,"key":"Adrenaline Potion"},{"floor":20.0,"key":"FearPotion"}],"is_trial":false,"path_per_floor":["R","M","M","M","?","M","T","M","M","E","?","?","R","M","M","B",null,"R","$","M","$","?","R","T","E","M"],"character_chosen":"THE_SPIRIT","items_purchased":["Membership Card","hexamod:Incineration","hexamod:ThirdSeal","hexamod:InflammatoryLetter"],"campfire_rested":1,"item_purchase_floors":[19,19,19,19],"current_hp_per_floor":[70,70,68,67,67,67,67,56,54,43,27,27,61,61,50,28,94,94,94,89,76,76,76,76,9,0,0,0],"gold":77,"neow_bonus":"HUNDRED_GOLD","is_daily":false,"chose_seed":false,"campfire_upgraded":2,"win_rate":0.0,"timestamp":1611814737,"path_taken":["R","M","M","M","?","M","T","M","M","E","?","?","R","M","M","BOSS","R","$","M","$","?","R","T","E","M"],"items_purchased_type":["Relic","Card","Card","Relic"],"build_version":"2020-12-22","purchased_purges":1,"victory":false,"max_hp_per_floor":[70,70,70,70,70,70,70,70,70,70,70,70,80,80,80,80,94,94,94,94,94,94,94,94,94,94,94,94],"card_choices":[{"not_picked":["hexamod:GhostOfSpirePast","hexamod:InspiringFlames"],"picked":"hexamod:SpectersWail","floor":2.0},{"not_picked":["hexamod:InspiringFlames","hexamod:CatchUp"],"picked":"hexamod:ChargedBarrage","floor":3.0},{"not_picked":["hexamod:BurningTouch","hexamod:SpectersWail"],"picked":"hexamod:FlamesFromBeyond","floor":4.0},{"not_picked":["hexamod:Rewind","hexamod:PowerFromBeyond"],"picked":"hexamod:BurningTouch","floor":6.0},{"not_picked":["hexamod:NightmareStrike","hexamod:HeatMetal"],"picked":"hexamod:PhantomFireball","floor":8.0},{"not_picked":["hexamod:FastForward","hexamod:InspiringFlames"],"picked":"hexamod:DynamicBlow","floor":9.0},{"not_picked":["hexamod:HeatShield","hexamod:DynamicBlow"],"picked":"hexamod:GhostOfSpirePresent","floor":10.0},{"not_picked":["hexamod:NecessarySacrifice","hexamod:GhostLash"],"picked":"hexamod:StepThrough","floor":11.0},{"not_picked":["hexamod:SpectersWail","hexamod:NightmareStrike"],"picked":"hexamod:StepThrough","floor":14.0},{"not_picked":["hexamod:NightmareGuise","hexamod:GhostShield"],"picked":"hexamod:ThermalTransfer","floor":15.0},{"not_picked":["hexamod:UnlimitedPower","hexamod:TimeOfNeed"],"picked":"hexamod:VolcanoVisage","floor":16.0},{"not_picked":["hexamod:ThirdSeal","hexamod:BacktrackSmack"],"picked":"hexamod:SoulSteal+1","floor":19.0},{"not_picked":["hexamod:RecurringNightmare","hexamod:NightmareStrike+1"],"picked":"hexamod:SpectersWail+1","floor":20.0},{"not_picked":["hexamod:HeatMetal","hexamod:ShieldOfDarkness"],"picked":"hexamod:GhostOfSpireFuture","floor":21},{"not_picked":["hexamod:BurningTouch","hexamod:FastForward+1"],"picked":"hexamod:HexaLevel","floor":25}],"player_experience":214934,"relics_obtained":[{"floor":1.0,"key":"Replay:Arrowhead"},{"floor":10.0,"key":"Replay:Bottled Eggs"},{"floor":11.0,"key":"PreservedInsect"},{"floor":17.0,"key":"Grinning Jar"},{"floor":17.0,"key":"Snack Pack"},{"floor":17.0,"key":"Mango"},{"floor":24,"key":"ReplayFunnel"},{"floor":25,"key":"Happy Flower"}],"event_choices":[],"is_beta":false,"boss_relics":[{"not_picked":["SlaversCollar","bronze:MakeshiftBattery"],"picked":"Calling Bell"}],"items_purged_floors":[19],"is_endless":false,"potions_floor_spawned":[2,6,10,16,20],"killed_by":"3 Cultists","ascension_level":0}}