{"host":"tlbbab9afexrkdtf","time":1611795218,"event":{"mods":["2.2 Compatiblity","AchievementEnabler","BaseMod","Colored Map","Colored Powertips","Minty Spire (QoL Compilation)","Rare Cards Sparkle","StSLib"],"gold_per_floor":[116,136,148,162,5,39,39,74,74,93,93,93,126,138,138,234,234,246,17,17,17,27,27,2,2,2,18,48,48,78,108,108,209,259,274,274,57,69,21,21,36,311,364,383,396,396,411,429,429,429,429,429,5,30,30,30],"floor_reached":55,"language":"ENG","playtime":2528,"items_purged":["Shame","Regret"],"score":879,"play_id":"19cf25e8-0f94-4125-acb5-5b063e195c21","local_time":"20210127195338","is_ascension_mode":true,"campfire_choices":[{"floor":7,"key":"REST"},{"floor":11,"key":"REST"},{"floor":15,"key":"REST"},{"floor":23,"key":"RECALL"},{"floor":25,"key":"REST"},{"floor":32,"key":"REST"},{"floor":40,"key":"REST"},{"floor":46,"key":"REST"},{"floor":49,"key":"REST"},{"floor":52,"key":"REST"}],"circlet_count":0,"master_deck":["Defend_G","Defend_G","Defend_G","Defend_G","Defend_G","Survivor","Neutralize","Deadly Poison","Flying Knee","Deadly Poison","Quick Slash","Leg Sweep","Prepared","Finisher","Bane","Burst","Leg Sweep+1","Bite","Bite","Bite","Bite+1","Bite","Slice","Crippling Poison+1","Adrenaline","Catalyst","Crippling Poison","Envenom","Underhanded Strike+1","Terror","Madness","Madness","Envenom","Prepared+1","Bane+1","Poisoned Stab+1","Terror+1","Adrenaline","Slice","Bullet Time","Outmaneuver+1"],"relics":["Ring of the Snake","ClockworkSouvenir","Regal Pillow","Vajra","Pear","The Specimen","Fusion Hammer","Membership Card","Bag of Preparation","Mercury Hourglass","Centennial Puzzle","Happy Flower","Red Mask","Tiny House","Ninja Scroll","Letter Opener","Anchor","Bronze Scales"],"acts_visited":["Exordium","TheCity","TheBeyond","TheEnding"],"potions_floor_usage":[6,6,14,16,28,28,30,33,33,41,44,44,45,47,50,50,50,54,54,54],"damage_taken":[{"damage":0,"enemies":"Cultist","floor":1,"turns":3},{"damage":0,"enemies":"Small Slimes","floor":2,"turns":2},{"damage":0,"enemies":"Jaw Worm","floor":3,"turns":3},{"damage":4,"enemies":"2 Fungi Beasts","floor":4,"turns":4},{"damage":32,"enemies":"Gremlin Nob","floor":6,"turns":5},{"damage":45,"enemies":"Lagavulin","floor":8,"turns":6},{"damage":9,"enemies":"Looter","floor":10,"turns":3},{"damage":35,"enemies":"3 Sentries","floor":13,"turns":11},{"damage":15,"enemies":"3 Louse","floor":14,"turns":3},{"damage":43,"enemies":"Hexaghost","floor":16,"turns":9},{"damage":24,"enemies":"2 Thieves","floor":18,"turns":4},{"damage":8,"enemies":"Chosen","floor":22,"turns":4},{"damage":16,"enemies":"Snake Plant","floor":27,"turns":4},{"damage":13,"enemies":"Book of Stabbing","floor":28,"turns":6},{"damage":13,"enemies":"Slavers","floor":30,"turns":5},{"damage":8,"enemies":"Masked Bandits","floor":31,"turns":4},{"damage":66,"enemies":"Collector","floor":33,"turns":8},{"damage":25,"enemies":"3 Darklings","floor":35,"turns":4},{"damage":8,"enemies":"Orb Walker","floor":38,"turns":2},{"damage":72,"enemies":"Writhing Mass","floor":41,"turns":5},{"damage":58,"enemies":"Maw","floor":44,"turns":7},{"damage":18,"enemies":"3 Darklings","floor":45,"turns":4},{"damage":14,"enemies":"Transient","floor":47,"turns":5},{"damage":16,"enemies":"Jaw Worm Horde","floor":48,"turns":2},{"damage":55,"enemies":"Donu and Deca","floor":50,"turns":7},{"damage":19,"enemies":"Shield and Spear","floor":54,"turns":3},{"damage":93,"enemies":"The Heart","floor":55,"turns":5}],"seed_played":"6703422874924184497","potions_obtained":[{"floor":2,"key":"LiquidBronze"},{"floor":3,"key":"GhostInAJar"},{"floor":4,"key":"GamblersBrew"},{"floor":13,"key":"Weak Potion"},{"floor":16,"key":"SmokeBomb"},{"floor":22,"key":"EssenceOfSteel"},{"floor":27,"key":"Dexterity Potion"},{"floor":30,"key":"Weak Potion"},{"floor":31,"key":"Weak Potion"},{"floor":34,"key":"FairyPotion"},{"floor":41,"key":"Explosive Potion"},{"floor":44,"key":"DistilledChaos"},{"floor":47,"key":"ColorlessPotion"},{"floor":48,"key":"PowerPotion"}],"is_trial":false,"path_per_floor":["M","M","M","M","$","E","R","E","T","M","R","?","E","M","R","B",null,"M","$","?","?","M","R","$","R","T","M","E","?","E","?","R","B",null,"M","?","$","M","$","R","M","?","T","M","M","R","M","M","R","B",null,"R","$","E","B"],"character_chosen":"THE_SILENT","items_purchased":["ClockworkSouvenir","Membership Card","Blood Vial","Block Potion","Ninja Scroll","Envenom","Poison Potion","EntropicBrew","Letter Opener","Anchor","Fire Potion","ColorlessPotion","CultistPotion","Bullet Time"],"campfire_rested":9,"item_purchase_floors":[5,19,19,24,37,37,37,39,53,53,53,53,53,53],"current_hp_per_floor":[77,77,77,73,73,41,77,32,42,33,74,87,52,37,78,35,87,63,63,63,63,65,65,65,87,87,77,76,59,56,50,92,34,97,76,64,64,60,60,97,34,34,34,33,22,66,63,51,95,52,97,97,97,81,0,0],"gold":30,"neow_bonus":"TEN_PERCENT_HP_BONUS","is_daily":false,"chose_seed":false,"campfire_upgraded":0,"win_rate":0.0,"timestamp":1611795218,"path_taken":["M","?","M","M","$","E","R","E","T","M","R","?","E","?","R","BOSS","M","$","?","?","M","R","$","R","T","M","E","?","E","?","R","BOSS","M","?","$","M","$","R","M","?","T","M","M","R","M","M","R","BOSS","R","$","E","BOSS"],"items_purchased_type":["Relic","Relic","Relic","Potion","Relic","Card","Potion","Potion","Relic","Relic","Potion","Potion","Potion","Card"],"build_version":"2020-12-22","purchased_purges":2,"victory":false,"max_hp_per_floor":[77,77,77,77,77,77,77,77,87,87,87,87,87,87,87,87,87,87,87,87,87,87,87,87,87,87,87,87,92,92,92,92,92,97,97,97,97,97,97,97,97,97,97,97,97,97,97,97,97,97,97,97,97,97,97,97],"card_choices":[{"not_picked":["Acrobatics","Eviscerate"],"picked":"Deadly Poison","floor":1},{"not_picked":["Escape Plan","Dagger Throw"],"picked":"Flying Knee","floor":2},{"not_picked":["Terror","Heel Hook"],"picked":"Deadly Poison","floor":3},{"not_picked":["Dash","PiercingWail"],"picked":"Quick Slash","floor":4},{"not_picked":["Dagger Throw","PiercingWail"],"picked":"Well Laid Plans","floor":6},{"not_picked":["Malaise","Dash"],"picked":"Leg Sweep","floor":8},{"not_picked":["Tactician","Blur"],"picked":"Prepared","floor":10},{"not_picked":["Cloak And Dagger","Riddle With Holes"],"picked":"Finisher","floor":13},{"not_picked":["Sucker Punch","Underhanded Strike"],"picked":"Bane","floor":14},{"not_picked":["Phantasmal Killer","Die Die Die"],"picked":"Burst","floor":16},{"not_picked":["Dagger Spray+1","Slice"],"picked":"Leg Sweep+1","floor":18},{"not_picked":["Dagger Throw","PiercingWail"],"picked":"Slice","floor":22},{"not_picked":["Poisoned Stab","Concentrate+1"],"picked":"Crippling Poison+1","floor":27},{"not_picked":["Setup","Dodge and Roll"],"picked":"Adrenaline","floor":28},{"not_picked":["Terror","Blade Dance"],"picked":"Catalyst","floor":30},{"not_picked":["Dodge and Roll+1","Dagger Spray"],"picked":"Crippling Poison","floor":31},{"not_picked":["Tools of the Trade","Wraith Form v2"],"picked":"Envenom","floor":33},{"not_picked":["Eviscerate+1","Terror+1"],"picked":"Underhanded Strike+1","floor":34},{"not_picked":["Blade Dance","Dodge and Roll"],"picked":"Terror","floor":35},{"not_picked":["Leg Sweep+1","Sucker Punch+1"],"picked":"Prepared+1","floor":38},{"not_picked":["Reflex+1","PiercingWail"],"picked":"Bane+1","floor":41},{"not_picked":["Blade Dance","Tactician"],"picked":"Poisoned Stab+1","floor":44},{"not_picked":["PiercingWail","Flying Knee"],"picked":"Terror+1","floor":45},{"not_picked":["Cloak And Dagger+1","Sucker Punch+1"],"picked":"Adrenaline","floor":47},{"not_picked":["Cloak And Dagger+1","Infinite Blades+1"],"picked":"Slice","floor":48},{"not_picked":["Eviscerate+1","Backflip"],"picked":"Outmaneuver+1","floor":54}],"player_experience":283958,"relics_obtained":[{"floor":6,"key":"Regal Pillow"},{"floor":8,"key":"Vajra"},{"floor":9,"key":"Pear"},{"floor":13,"key":"The Specimen"},{"floor":26,"key":"Mercury Hourglass"},{"floor":28,"key":"Centennial Puzzle"},{"floor":30,"key":"Happy Flower"},{"floor":31,"key":"Red Mask"},{"floor":54,"key":"Bronze Scales"}],"event_choices":[{"cards_removed":["Well Laid Plans"],"damage_healed":13,"gold_gain":0,"player_choice":"Offered Uncommon","damage_taken":0,"max_hp_gain":0,"max_hp_loss":0,"event_name":"Bonfire Elementals","floor":12,"gold_loss":0},{"damage_healed":0,"gold_gain":0,"player_choice":"Became a vampire (Vial)","damage_taken":0,"max_hp_gain":0,"max_hp_loss":0,"event_name":"Vampires","floor":20,"relics_lost":["Blood Vial"],"gold_loss":0,"cards_obtained":["Bite","Bite","Bite","Bite","Bite"]},{"damage_healed":0,"gold_gain":0,"player_choice":"Stole Relic","damage_taken":0,"relics_obtained":["Bag of Preparation"],"max_hp_gain":0,"max_hp_loss":0,"event_name":"Addict","floor":21,"gold_loss":0,"cards_obtained":["Shame"]},{"damage_healed":0,"gold_gain":0,"player_choice":"Shed Blood","damage_taken":22,"max_hp_gain":5,"max_hp_loss":0,"event_name":"Forgotten Altar","floor":29,"gold_loss":0},{"damage_healed":0,"gold_gain":0,"player_choice":"Fought Bandits","damage_taken":0,"max_hp_gain":0,"max_hp_loss":0,"event_name":"Masked Bandits","floor":31,"gold_loss":0},{"damage_healed":0,"gold_gain":0,"player_choice":"Embrace Madness","damage_taken":12,"max_hp_gain":0,"max_hp_loss":0,"event_name":"Winding Halls","floor":36,"gold_loss":0,"cards_obtained":["Madness","Madness"]},{"damage_healed":0,"gold_gain":275,"player_choice":"Desecrate","damage_taken":0,"max_hp_gain":0,"max_hp_loss":0,"event_name":"Golden Shrine","floor":42,"gold_loss":0,"cards_obtained":["Regret"]}],"is_beta":false,"boss_relics":[{"not_picked":["Cursed Key","Ring of the Serpent"],"picked":"Fusion Hammer"},{"not_picked":["Runic Dome","WristBlade"],"picked":"Tiny House"}],"items_purged_floors":[37,53],"is_endless":false,"potions_floor_spawned":[2,3,4,13,16,22,27,30,31,41,44,47,48],"killed_by":"The Heart","ascension_level":3}}