{"host":"s41rn2jhghpwfrvz","time":1611834236,"event":{"mods":["BaseMod","Minty Spire (QoL Compilation)","Quick Restart","Relic Stats","SuperFastMode"],"gold_per_floor":[109,124,135,135,135,154,154,193,220,239,289,325,348,100,100,196,196,212,227,248,268,293,336,356,374,400,438,474,502,538,566,578,686,698,735,766,792,828,860,906,942,970,1031,1043,1076,1132,1477,56,56,56,56,56,56,56,85,85],"floor_reached":57,"language":"ENG","playtime":2397,"items_purged":["Calculated Gamble","Parasite"],"score":3635,"play_id":"fbd44595-8d5d-41d2-a365-ba8c98081c2e","local_time":"20210128134356","daily_mods":["SealedDeck","Vintage","Diverse"],"is_ascension_mode":true,"campfire_choices":[{"data":"Dark Embrace","floor":7.0,"key":"SMITH"},{"data":"1","floor":15.0,"key":"LIFT"},{"data":"2","floor":32.0,"key":"LIFT"},{"floor":44.0,"key":"RECALL"},{"data":"3","floor":49,"key":"LIFT"},{"data":"ForeignInfluence","floor":53,"key":"SMITH"}],"circlet_count":0,"master_deck":["AscendersBane","Warcry+1","White Noise+1","ForeignInfluence+1","Rage","Cloak And Dagger+1","Acrobatics","TalkToTheHand+1","Backflip+1","Dark Embrace+1","Berserk"],"relics":["Black Blood","Nunchaku","Akabeko","Champion Belt","Blood Vial","Juzu Bracelet","Happy Flower","Girya","Red Skull","OrangePellets","PreservedInsect","Gremlin Horn","CaptainsWheel","Potion Belt","MealTicket","Boot","Anchor","Lantern","MawBank","Molten Egg 2","Centennial Puzzle","Tiny Chest","Self Forming Clay","Black Star","Oddly Smooth Stone","Unceasing Top","Dream Catcher","Paper Frog","Frozen Egg 2","Ice Cream","Smiling Mask","The Courier","Calipers","Art of War","Letter Opener","Pen Nib","Toy Ornithopter","War Paint","Orichalcum","Incense Burner","Bag of Preparation","Ornamental Fan","Ancient Tea Set","CeramicFish","Whetstone","Sundial","HornCleat","Shuriken"],"acts_visited":["Exordium","TheCity","TheBeyond","TheEnding"],"potions_floor_usage":[56,56,56,56,56,56,56,56,56,56,56],"damage_taken":[{"damage":4.0,"enemies":"Jaw Worm","floor":1.0,"turns":7.0},{"damage":0.0,"enemies":"Small Slimes","floor":2.0,"turns":5.0},{"damage":0.0,"enemies":"Cultist","floor":3.0,"turns":3.0},{"damage":0.0,"enemies":"2 Fungi Beasts","floor":6.0,"turns":3.0},{"damage":0.0,"enemies":"Lagavulin","floor":8.0,"turns":4.0},{"damage":0.0,"enemies":"Looter","floor":10.0,"turns":1.0},{"damage":0.0,"enemies":"Gremlin Nob","floor":12.0,"turns":3.0},{"damage":0.0,"enemies":"Red Slaver","floor":13.0,"turns":1.0},{"damage":0.0,"enemies":"Hexaghost","floor":16.0,"turns":6.0},{"damage":5.0,"enemies":"2 Thieves","floor":18.0,"turns":3.0},{"damage":0.0,"enemies":"Spheric Guardian","floor":19.0,"turns":3.0},{"damage":12.0,"enemies":"Snake Plant","floor":20.0,"turns":3.0},{"damage":0.0,"enemies":"3 Cultists","floor":21.0,"turns":3.0},{"damage":0.0,"enemies":"Snecko","floor":22.0,"turns":2.0},{"damage":0.0,"enemies":"Gremlin Leader","floor":23.0,"turns":3.0},{"damage":45.0,"enemies":"Cultist and Chosen","floor":24.0,"turns":3.0},{"damage":1.0,"enemies":"Shelled Parasite and Fungi","floor":25.0,"turns":3.0},{"damage":4.0,"enemies":"Slavers","floor":27.0,"turns":2.0},{"damage":0.0,"enemies":"Centurion and Healer","floor":28.0,"turns":4.0},{"damage":5.0,"enemies":"3 Cultists","floor":29.0,"turns":5.0},{"damage":0.0,"enemies":"Snake Plant","floor":30.0,"turns":3.0},{"damage":0.0,"enemies":"Centurion and Healer","floor":31.0,"turns":2.0},{"damage":0.0,"enemies":"Collector","floor":33.0,"turns":5.0},{"damage":0.0,"enemies":"3 Shapes","floor":35.0,"turns":2.0},{"damage":0.0,"enemies":"3 Darklings","floor":36.0,"turns":2.0},{"damage":0.0,"enemies":"Writhing Mass","floor":37.0,"turns":6.0},{"damage":1.0,"enemies":"Sphere and 2 Shapes","floor":38.0,"turns":3.0},{"damage":0.0,"enemies":"3 Darklings","floor":39.0,"turns":3.0},{"damage":0.0,"enemies":"Reptomancer","floor":40.0,"turns":4.0},{"damage":0.0,"enemies":"Spire Growth","floor":41.0,"turns":4.0},{"damage":0.0,"enemies":"Writhing Mass","floor":42.0,"turns":6.0},{"damage":10,"enemies":"Sphere and 2 Shapes","floor":45,"turns":3},{"damage":0,"enemies":"Giant Head","floor":46,"turns":4},{"damage":0,"enemies":"Donu and Deca","floor":50,"turns":4},{"damage":0,"enemies":"Time Eater","floor":51,"turns":9},{"damage":0,"enemies":"Shield and Spear","floor":55,"turns":1},{"damage":0,"enemies":"The Heart","floor":56,"turns":5}],"seed_played":"1880204896811522978","potions_obtained":[{"floor":3.0,"key":"ElixirPotion"},{"floor":6.0,"key":"Strength Potion"},{"floor":20.0,"key":"DuplicationPotion"},{"floor":21.0,"key":"ElixirPotion"},{"floor":24.0,"key":"Fruit Juice"},{"floor":25.0,"key":"EntropicBrew"},{"floor":28.0,"key":"EntropicBrew"},{"floor":37.0,"key":"DuplicationPotion"}],"is_trial":true,"path_per_floor":["M","M","M","?","?","M","R","E","T","M","?","E","M","$","R","B",null,"M","M","M","M","M","E","M","M","T","E","M","M","M","M","R","B",null,"M","M","M","M","M","E","M","M","T","R","M","E","?","$","R","B","B",null,"R","$","E","B",null],"character_chosen":"IRONCLAD","items_purchased":["OrangePellets","War Paint","Orichalcum","Incense Burner","Bag of Preparation","Ornamental Fan","Ancient Tea Set","CeramicFish","Whetstone","Sundial"],"campfire_rested":0,"item_purchase_floors":[14,48,48,48,48,48,48,48,48,48],"current_hp_per_floor":[70,75,75,49,26,32,32,40,40,48,41,49,57,57,57,65,73,75,75,75,75,75,75,42,60,60,70,80,80,80,80,80,80,80,80,80,80,80,80,80,80,80,80,80,80,80,80,77,77,77,77,77,77,77,77,77],"gold":85,"neow_bonus":"","is_daily":false,"chose_seed":false,"campfire_upgraded":2,"win_rate":0.0,"timestamp":1611834236,"path_taken":["M","M","M","?","?","M","R","E","T","M","?","E","M","$","R","BOSS","M","M","M","M","M","E","M","M","T","E","M","M","M","M","R","BOSS","M","M","M","M","M","E","M","M","T","R","M","E","?","$","R","BOSS","BOSS","R","$","E","BOSS"],"items_purchased_type":["Relic","Relic","Relic","Relic","Relic","Relic","Relic","Relic","Relic","Relic"],"build_version":"2020-12-22","purchased_purges":2,"victory":true,"max_hp_per_floor":[75,75,75,75,75,75,75,75,75,75,75,75,75,75,75,75,75,75,75,75,75,75,75,75,80,80,80,80,80,80,80,80,80,80,80,80,80,80,80,80,80,80,80,80,80,80,80,77,77,77,77,77,77,77,77,77],"relic_stats":{"Gremlin Horn":[27,34],"CeramicFish":0,"Black Blood":124,"Juzu Bracelet":1,"Bag of Preparation":[8],"Whetstone":["TalkToTheHand"],"Boot":[186],"Smiling Mask":30,"Blood Vial":18,"Nunchaku":[86],"Centennial Puzzle":[6],"Dream Catcher":0,"Sundial":[94],"MealTicket":0,"Tiny Chest":0,"Happy Flower":[36],"counters":[37,133],"Self Forming Clay":[9],"PreservedInsect":357,"Pen Nib":[15],"Letter Opener":[210],"War Paint":["Backflip","Warcry"],"Orichalcum":[6],"MawBank":252,"OrangePellets":[37],"Ornamental Fan":[184],"Shuriken":[13],"Black Star":3,"Art of War":[0],"Champion Belt":[15],"obtain_stats":[{"Ice Cream":40,"Calipers":42,"Gremlin Horn":19,"CeramicFish":48,"Whetstone":48,"Boot":24,"Blood Vial":6,"Centennial Puzzle":29,"HornCleat":55,"Sundial":48,"MealTicket":23,"Girya":12,"Happy Flower":10,"Oddly Smooth Stone":35,"Pen Nib":46,"Letter Opener":45,"War Paint":48,"Akabeko":2,"OrangePellets":14,"Shuriken":55,"Molten Egg 2":28,"Black Star":34,"Unceasing Top":36,"Lantern":26,"Black Blood":17,"Juzu Bracelet":8,"Incense Burner":48,"Bag of Preparation":48,"Smiling Mask":40,"Ancient Tea Set":48,"Burning Blood":0,"Nunchaku":1,"Dream Catcher":37,"Tiny Chest":30,"Red Skull":13,"Paper Frog":38,"Potion Belt":21,"Golden Idol":4,"Self Forming Clay":31,"PreservedInsect":18,"The Courier":41,"Frozen Egg 2":39,"Orichalcum":48,"MawBank":27,"CaptainsWheel":20,"Anchor":25,"Ornamental Fan":48,"Art of War":43,"Champion Belt":3,"Toy Ornithopter":46},{"Ice Cream":29,"Calipers":31,"Gremlin Horn":11,"CeramicFish":33,"Whetstone":33,"Boot":16,"Blood Vial":4,"Centennial Puzzle":20,"HornCleat":36,"Sundial":33,"MealTicket":15,"Girya":7,"Happy Flower":6,"Oddly Smooth Stone":24,"Pen Nib":33,"Letter Opener":32,"War Paint":33,"Akabeko":2,"OrangePellets":8,"Shuriken":36,"Molten Egg 2":19,"Black Star":23,"Unceasing Top":25,"Lantern":17,"Black Blood":9,"Juzu Bracelet":5,"Incense Burner":33,"Bag of Preparation":33,"Smiling Mask":29,"Ancient Tea Set":33,"Burning Blood":0,"Nunchaku":1,"Dream Catcher":26,"Tiny Chest":21,"Red Skull":8,"Paper Frog":27,"Potion Belt":13,"Golden Idol":3,"Self Forming Clay":22,"PreservedInsect":10,"The Courier":30,"Frozen Egg 2":28,"Orichalcum":33,"MawBank":18,"CaptainsWheel":12,"Anchor":17,"Ornamental Fan":33,"Art of War":31,"Champion Belt":3,"Toy Ornithopter":33},{"Ice Cream":97,"Calipers":107,"Gremlin Horn":39,"CeramicFish":114,"Whetstone":114,"Boot":53,"Blood Vial":18,"Centennial Puzzle":67,"HornCleat":128,"Sundial":114,"MealTicket":50,"Girya":26,"Happy Flower":23,"Oddly Smooth Stone":79,"Pen Nib":114,"Letter Opener":110,"War Paint":114,"Akabeko":12,"OrangePellets":27,"Shuriken":128,"Molten Egg 2":62,"Black Star":77,"Unceasing Top":81,"Lantern":56,"Black Blood":33,"Juzu Bracelet":22,"Incense Burner":114,"Bag of Preparation":114,"Smiling Mask":97,"Ancient Tea Set":114,"Burning Blood":0,"Nunchaku":7,"Dream Catcher":87,"Tiny Chest":70,"Red Skull":27,"Paper Frog":90,"Potion Belt":45,"Golden Idol":15,"Self Forming Clay":72,"PreservedInsect":36,"The Courier":101,"Frozen Egg 2":93,"Orichalcum":114,"MawBank":58,"CaptainsWheel":42,"Anchor":56,"Ornamental Fan":114,"Art of War":107,"Champion Belt":15,"Toy Ornithopter":114}],"Unceasing Top":[0],"Toy Ornithopter":0},"card_choices":[{"not_picked":["Consecrate","Evaluate","Heel Hook"],"picked":"SKIP","floor":8.0},{"not_picked":["Crippling Poison","Coolheaded","Turbo"],"picked":"SKIP","floor":12.0},{"not_picked":["Seek","Malaise"],"picked":"Berserk","floor":16.0},{"not_picked":["Stack","Outmaneuver","Evaluate"],"picked":"SKIP","floor":23.0},{"not_picked":["BowlingBash","EmptyMind","Study"],"picked":"SKIP","floor":27.0},{"not_picked":["Blizzard+1","Crippling Poison","PathToVictory"],"picked":"SKIP","floor":40.0},{"not_picked":["Eviscerate+1","Skewer+1","Steam+1"],"picked":"SKIP","floor":46},{"not_picked":["Anger+1","Malaise","Twin Strike+1"],"picked":"SKIP","floor":55}],"player_experience":1864624,"relics_obtained":[{"floor":1.0,"key":"Nunchaku"},{"floor":2.0,"key":"Akabeko"},{"floor":3.0,"key":"Champion Belt"},{"floor":6.0,"key":"Blood Vial"},{"floor":8.0,"key":"Juzu Bracelet"},{"floor":10.0,"key":"Happy Flower"},{"floor":12.0,"key":"Girya"},{"floor":13.0,"key":"Red Skull"},{"floor":18.0,"key":"PreservedInsect"},{"floor":19.0,"key":"Gremlin Horn"},{"floor":20.0,"key":"CaptainsWheel"},{"floor":21.0,"key":"Potion Belt"},{"floor":23.0,"key":"MealTicket"},{"floor":24.0,"key":"Boot"},{"floor":25.0,"key":"Anchor"},{"floor":26.0,"key":"Lantern"},{"floor":27.0,"key":"MawBank"},{"floor":28.0,"key":"Molten Egg 2"},{"floor":29.0,"key":"Centennial Puzzle"},{"floor":30.0,"key":"Tiny Chest"},{"floor":31.0,"key":"Self Forming Clay"},{"floor":35.0,"key":"Oddly Smooth Stone"},{"floor":36.0,"key":"Unceasing Top"},{"floor":37.0,"key":"Dream Catcher"},{"floor":38.0,"key":"Paper Frog"},{"floor":39.0,"key":"Frozen Egg 2"},{"floor":40.0,"key":"Ice Cream"},{"floor":40.0,"key":"Smiling Mask"},{"floor":41.0,"key":"The Courier"},{"floor":42.0,"key":"Calipers"},{"floor":43.0,"key":"Art of War"},{"floor":45,"key":"Letter Opener"},{"floor":46,"key":"Pen Nib"},{"floor":46,"key":"Toy Ornithopter"},{"floor":55,"key":"HornCleat"},{"floor":55,"key":"Shuriken"}],"event_choices":[{"damage_healed":0.0,"max_hp_gain":0.0,"max_hp_loss":0.0,"gold_gain":0.0,"event_name":"Golden Idol","player_choice":"Take Damage","floor":4.0,"gold_loss":0.0,"damage_taken":26.0,"relics_obtained":["Golden Idol"]},{"damage_healed":0.0,"max_hp_gain":0.0,"max_hp_loss":0.0,"gold_gain":0.0,"event_name":"Shining Light","player_choice":"Entered Light","floor":5.0,"gold_loss":0.0,"damage_taken":23.0,"cards_upgraded":["White Noise","Cloak And Dagger"]},{"damage_healed":0.0,"max_hp_gain":0.0,"max_hp_loss":0.0,"gold_gain":50.0,"event_name":"FaceTrader","player_choice":"Touch","floor":11.0,"gold_loss":0.0,"damage_taken":7.0},{"damage_healed":0,"gold_gain":333,"player_choice":"Gave Idol","damage_taken":0,"max_hp_gain":0,"max_hp_loss":0,"event_name":"The Moai Head","floor":47,"relics_lost":["Golden Idol"],"gold_loss":0}],"is_beta":false,"boss_relics":[{"not_picked":["Velvet Choker","Ectoplasm"],"picked":"Black Blood"},{"not_picked":["Astrolabe","Calling Bell"],"picked":"Black Star"}],"items_purged_floors":[14,48],"is_endless":false,"potions_floor_spawned":[3,6,10,12,13,20,21,24,25,28,31,33,36,37,39,40],"ascension_level":20}}