{"host":"0iuhrgzkozzv273x","time":1611865016,"event":{"mods":["2.2 Compatiblity","BaseMod","Colored Map","Curses Come First","Downfall","Minty Spire (QoL Compilation)","Spire Arcade","StSLib","The Construct","Unceasing Turn Reminder"],"gold_per_floor":[118,118,128,128,128,128,157,157,157,2,22,56,56,73,73,169,169,182,198,198,211,226,257,257,257,257,257,273,273,305,315,315,410,410,428,446,463,463,481,481,481],"floor_reached":40,"language":"ENG","playtime":3729,"items_purged":[],"score":557,"play_id":"ef397521-bd70-4dc2-bde7-435ab41620a8","local_time":"20210128151656","is_ascension_mode":true,"campfire_choices":[{"data":"construct:ScrapCannon","floor":6.0,"key":"SMITH"},{"data":"construct:Zapper","floor":8.0,"key":"SMITH"},{"data":"construct:ScrapCannon+1","floor":13.0,"key":"SMITH"},{"data":"construct:Zapper+1","floor":15.0,"key":"SMITH"},{"floor":25.0,"key":"REST"},{"data":"construct:Forcefield+1","floor":27.0,"key":"SMITH"},{"floor":32.0,"key":"REST"}],"circlet_count":0,"master_deck":["construct:Strike_Gold","construct:Strike_Gold","construct:Defend_Gold","construct:Defend_Gold","construct:Defend_Gold","construct:Defend_Gold","construct:AttackMode","construct:DefenseMode","construct:ScrapCannon+2","construct:Zapper+2","construct:Stasis","construct:ShiftingStance","construct:Forcefield+2","construct:Dampening+1","construct:ScopeCore+1","construct:Failsafe+1","construct:SiegeForm","CurseOfTheBell","construct:Overcharge"],"relics":["construct:ClockworkPhoenix","NeowsBlessing","Shuriken","ClockworkSouvenir","Pantograph","Astrolabe","White Beast Statue","Pear","CaptainsWheel","Singing Bowl","Calling Bell","Bag of Marbles","Molten Egg 2","construct:BoolHorns","downfall:ExtraCursedKey"],"acts_visited":["Exordium","TheCity","TheBeyond"],"potions_floor_usage":[35,40,40],"damage_taken":[{"damage":0.0,"enemies":"Small Slimes","floor":1.0,"turns":2.0},{"damage":0.0,"enemies":"Jaw Worm","floor":3.0,"turns":1.0},{"damage":0.0,"enemies":"Lagavulin","floor":7.0,"turns":1.0},{"damage":0.0,"enemies":"2 Louse","floor":11.0,"turns":2.0},{"damage":44.0,"enemies":"3 Sentries","floor":12.0,"turns":10.0},{"damage":0.0,"enemies":"Exordium Wildlife","floor":14.0,"turns":5.0},{"damage":34.0,"enemies":"Hexaghost","floor":16.0,"turns":12.0},{"damage":1.0,"enemies":"Spheric Guardian","floor":18.0,"turns":4.0},{"damage":0.0,"enemies":"Shell Parasite","floor":19.0,"turns":5.0},{"damage":12.0,"enemies":"Snecko","floor":21.0,"turns":5.0},{"damage":35.0,"enemies":"Cultist and Chosen","floor":22.0,"turns":7.0},{"damage":27.0,"enemies":"Gremlin Leader","floor":23.0,"turns":9.0},{"damage":4.0,"enemies":"Shelled Parasite and Fungi","floor":28.0,"turns":8.0},{"damage":10.0,"enemies":"Book of Stabbing","floor":30.0,"turns":7.0},{"damage":12.0,"enemies":"Snake Plant","floor":31.0,"turns":5.0},{"damage":28.0,"enemies":"Collector","floor":33.0,"turns":9.0},{"damage":16,"enemies":"3 Shapes","floor":35,"turns":7},{"damage":26,"enemies":"3 Darklings","floor":36,"turns":9},{"damage":17,"enemies":"4 Shapes","floor":37,"turns":9},{"damage":0,"enemies":"Maw","floor":39,"turns":6},{"damage":64,"enemies":"Reptomancer","floor":40,"turns":3}],"seed_played":"-7980471888818710141","potions_obtained":[{"floor":3.0,"key":"BlessingOfTheForge"},{"floor":14.0,"key":"EssenceOfSteel"},{"floor":16.0,"key":"PowerPotion"},{"floor":19.0,"key":"Block Potion"},{"floor":22.0,"key":"AttackPotion"},{"floor":30.0,"key":"LiquidMemories"},{"floor":31.0,"key":"Regen Potion"},{"floor":33.0,"key":"construct:ShiftPotion"},{"floor":35,"key":"LiquidBronze"},{"floor":36,"key":"FearPotion"},{"floor":37,"key":"DistilledChaos"}],"is_trial":false,"path_per_floor":["M","?","M","?","?","R","E","R","T","$","M","E","R","M","R","B",null,"M","M","?","M","M","E","?","R","T","R","M","?","E","M","R","B",null,"M","M","M","?","M","E"],"character_chosen":"THE_CONSTRUCT_MOD","items_purchased":["ClockworkSouvenir"],"campfire_rested":2,"item_purchase_floors":[10],"current_hp_per_floor":[85,90,90,83,83,83,83,83,83,83,83,39,39,39,39,30,90,89,89,89,77,42,15,15,42,52,52,48,48,40,30,61,75,106,90,66,51,51,53,0,0],"gold":481,"neow_bonus":"THREE_ENEMY_KILL","is_daily":false,"chose_seed":false,"campfire_upgraded":5,"win_rate":0.0,"timestamp":1611865016,"path_taken":["M","?","M","?","?","R","E","R","T","$","M","E","R","M","R","BOSS","M","M","?","M","?","E","?","R","T","R","M","?","E","M","R","BOSS","M","?","M","?","M","E"],"items_purchased_type":["Relic"],"build_version":"2020-12-22","purchased_purges":0,"victory":false,"max_hp_per_floor":[85,90,90,90,90,90,90,90,90,90,90,90,90,90,90,90,90,90,90,90,90,90,90,90,90,100,100,100,100,102,104,104,106,106,106,108,110,110,112,112,112],"card_choices":[{"not_picked":["construct:SaveState","construct:UnbalancingBlast"],"picked":"construct:ScrapCannon","floor":1.0},{"not_picked":["construct:ClusterMines","construct:FlammableFog","construct:ShiftStrike"],"picked":"SKIP","floor":3.0},{"not_picked":["construct:SyphonStrike","construct:SweepLaser"],"picked":"construct:Zapper","floor":7.0},{"not_picked":["construct:FierceBash","construct:SuppressiveFire"],"picked":"construct:Stasis","floor":11.0},{"not_picked":["construct:Boost","construct:SaveState","construct:ScrapCannon"],"picked":"SKIP","floor":12.0},{"not_picked":["construct:ShiftGuard","construct:Versatility","construct:ModeShift"],"picked":"SKIP","floor":14.0},{"not_picked":["construct:SpinDrive","construct:MassProduction"],"picked":"construct:ShiftingStance","floor":16.0},{"not_picked":["construct:Rollout","construct:FocusedBeam","construct:FierceBash"],"picked":"SKIP","floor":18.0},{"not_picked":["construct:Analyze","construct:Autoturret+1","construct:ModeShift"],"picked":"SKIP","floor":19.0},{"not_picked":["construct:Analyze","construct:Autoturret+1","construct:ModeShift"],"picked":"SKIP","floor":19.0},{"not_picked":["construct:OilSpill+1","construct:OneWayMirror"],"picked":"construct:Failsafe+1","floor":21.0},{"not_picked":["construct:Autoturret+1","construct:CripplingShot","construct:Anticipate"],"picked":"SKIP","floor":22.0},{"not_picked":["construct:Antimatter","construct:Failsafe"],"picked":"construct:SiegeForm","floor":23.0},{"not_picked":["construct:HeavyBolt","construct:FocusedBeam","construct:ModeShift"],"picked":"SKIP","floor":28.0},{"not_picked":["construct:Stasis","construct:BatteryAcid","construct:PanicFire"],"picked":"Singing Bowl","floor":30.0},{"not_picked":["construct:NuclearCore","construct:Backfire","construct:QuickAttack"],"picked":"Singing Bowl","floor":31.0},{"not_picked":["construct:DarkFlames","construct:MassProduction","construct:LongRangeLance"],"picked":"Singing Bowl","floor":33.0},{"not_picked":["construct:ModeShift+1","construct:SaveState+1"],"picked":"construct:Overcharge","floor":35},{"not_picked":["construct:SuppressiveFire+1","construct:FlashFreeze+1","construct:Boost+1"],"picked":"Singing Bowl","floor":36},{"not_picked":["construct:HeavyBolt+1","construct:FocusedBeam+1","construct:PanicFire"],"picked":"Singing Bowl","floor":37},{"not_picked":["construct:ShiftStrike+1","construct:Rollout+1","construct:Analyze"],"picked":"Singing Bowl","floor":39}],"player_experience":813702,"relics_obtained":[{"floor":7.0,"key":"Shuriken"},{"floor":12.0,"key":"Pantograph"},{"floor":23.0,"key":"White Beast Statue"},{"floor":26.0,"key":"Pear"},{"floor":30.0,"key":"Singing Bowl"},{"floor":34,"key":"Bag of Marbles"},{"floor":34,"key":"Molten Egg 2"},{"floor":34,"key":"construct:BoolHorns"}],"event_choices":[{"damage_healed":0.0,"max_hp_gain":5.0,"max_hp_loss":0.0,"gold_gain":0.0,"event_name":"Big Fish","player_choice":"Donut","floor":2.0,"gold_loss":0.0,"damage_taken":0.0},{"cards_removed":["construct:Strike_Gold"],"damage_healed":0.0,"max_hp_gain":0.0,"max_hp_loss":0.0,"gold_gain":0.0,"event_name":"Golden Wing","player_choice":"Card Removal","floor":4.0,"gold_loss":0.0,"damage_taken":7.0},{"damage_healed":0.0,"max_hp_gain":0.0,"max_hp_loss":0.0,"gold_gain":0.0,"event_name":"Liars Game","player_choice":"Ignored","floor":5.0,"gold_loss":0.0,"damage_taken":0.0},{"damage_healed":0.0,"max_hp_gain":0.0,"max_hp_loss":0.0,"gold_gain":0.0,"event_name":"N\u0027loth","player_choice":"Ignored","floor":20.0,"gold_loss":0.0,"damage_taken":0.0},{"damage_healed":0.0,"max_hp_gain":0.0,"max_hp_loss":0.0,"gold_gain":0.0,"event_name":"Ghosts","player_choice":"Ignored","floor":24.0,"gold_loss":0.0,"damage_taken":0.0},{"damage_healed":0.0,"max_hp_gain":0.0,"max_hp_loss":0.0,"gold_gain":0.0,"event_name":"WeMeetAgain","player_choice":"Gave Potion","floor":29.0,"gold_loss":0.0,"damage_taken":0.0,"relics_obtained":["CaptainsWheel"]}],"is_beta":false,"boss_relics":[{"not_picked":["bronze:MakeshiftBattery","Pandora\u0027s Box"],"picked":"Astrolabe"},{"not_picked":["Philosopher\u0027s Stone","SacredBark"],"picked":"Calling Bell"}],"items_purged_floors":[],"is_endless":false,"potions_floor_spawned":[3,14,16,19,22,23,28,30,31,33,35,36,37,39],"killed_by":"Reptomancer","ascension_level":3}}