{"host":"Mute","time":1611855434,"event":{"mods":["BaseMod","Colored Map","Downfall","Minty Spire (QoL Compilation)","StSLib"],"gold_per_floor":[99,115,24,24,24,38,62,87,99,111,139,167,198,241,264,276,276,276],"floor_reached":16,"language":"ENG","playtime":1001,"items_purged":[],"score":104,"play_id":"941e1eed-8d55-4e0f-9588-115edf21bc06","local_time":"20210128123714","is_ascension_mode":false,"campfire_choices":[{"data":"bronze:Replicate","floor":1,"key":"SMITH"},{"data":"bronze:Constructor","floor":10,"key":"SMITH"}],"circlet_count":0,"master_deck":["bronze:Strike","bronze:Strike","bronze:Strike","bronze:Defend","bronze:Defend","bronze:Defend","bronze:Defend","bronze:Replicate+1","bronze:Goto","bronze:Branch","bronze:Invalidate","bronze:Separator","bronze:Constructor+1","bronze:WhirlingStrike","bronze:Repulsor","bronze:Terminator","bronze:Turbo","bronze:GetLatest","bronze:Separator"],"relics":["bronze:BronzeCore","bronze:BottledCode","CaptainsWheel","MawBank","Vajra"],"acts_visited":["Exordium"],"potions_floor_usage":[14],"damage_taken":[{"damage":1,"enemies":"Jaw Worm","floor":2,"turns":3},{"damage":0,"enemies":"downfall:FleeingMerchant","floor":3,"turns":4},{"damage":0,"enemies":"2 Louse","floor":6,"turns":2},{"damage":0,"enemies":"Cultist","floor":8,"turns":2},{"damage":2,"enemies":"Exordium Thugs","floor":11,"turns":3},{"damage":8,"enemies":"3 Louse","floor":12,"turns":4},{"damage":0,"enemies":"Gremlin Gang","floor":13,"turns":2},{"damage":18,"enemies":"Lagavulin","floor":14,"turns":7},{"damage":1,"enemies":"Exordium Wildlife","floor":15,"turns":3},{"damage":36,"enemies":"DF_ARCHETYPE_STREAMLINE","floor":16,"turns":6}],"seed_played":"-7503594193839317752","potions_obtained":[{"floor":6,"key":"SteroidPotion"},{"floor":13,"key":"Explosive Potion"},{"floor":14,"key":"ColorlessPotion"}],"is_trial":false,"path_per_floor":["R","M","$","?","?","M","T","M","?","R","M","M","M","E","M","B"],"character_chosen":"THE_AUTOMATON","items_purchased":["bronze:Separator","bronze:Constructor"],"campfire_rested":0,"item_purchase_floors":[3,3],"current_hp_per_floor":[77,76,76,67,55,55,55,55,55,55,53,45,45,27,26,0,0,0],"gold":276,"neow_bonus":"TEN_PERCENT_HP_BONUS","is_daily":false,"chose_seed":false,"campfire_upgraded":2,"win_rate":0.0,"timestamp":1611855434,"path_taken":["R","M","$","?","?","M","T","M","?","R","?","M","M","E","M","BOSS"],"items_purchased_type":["Card","Card"],"build_version":"2020-12-18","purchased_purges":0,"victory":false,"max_hp_per_floor":[77,77,77,67,67,67,67,67,67,67,67,67,67,67,67,67,67,67],"card_choices":[{"not_picked":["bronze:Invalidate","bronze:Iterate"],"picked":"bronze:Branch","floor":2},{"not_picked":["bronze:BitShift","bronze:Frontload"],"picked":"bronze:Invalidate","floor":3},{"not_picked":["bronze:BronzeOrb","bronze:DelayedGuard","bronze:InfiniteBeams"],"picked":"SKIP","floor":6},{"not_picked":["bronze:Invalidate","bronze:Iterate"],"picked":"bronze:WhirlingStrike","floor":8},{"not_picked":["bronze:Return","bronze:Deprecate"],"picked":"bronze:Repulsor","floor":11},{"not_picked":["bronze:CleanCode","bronze:CutThrough"],"picked":"bronze:Terminator","floor":12},{"not_picked":["bronze:Overheat","bronze:Frontload"],"picked":"bronze:Turbo","floor":13},{"not_picked":["bronze:BuggyMess","bronze:DarkDash"],"picked":"bronze:GetLatest","floor":14},{"not_picked":["bronze:FineTuning","bronze:WildBeam"],"picked":"bronze:Separator","floor":15}],"player_experience":527566,"relics_obtained":[{"floor":7,"key":"MawBank"},{"floor":14,"key":"Vajra"}],"event_choices":[{"damage_healed":0,"gold_gain":0,"player_choice":"Success","damage_taken":12,"relics_obtained":["CaptainsWheel"],"max_hp_gain":0,"max_hp_loss":0,"event_name":"Scrap Ooze","floor":5,"gold_loss":0}],"is_beta":true,"boss_relics":[],"items_purged_floors":[],"is_endless":false,"potions_floor_spawned":[6,13,14],"killed_by":"DF_ARCHETYPE_STREAMLINE","ascension_level":0}}