{"host":"a71rwr83kjmtknvr","time":1611871512,"event":{"mods":["AchievementEnabler","Act Like it!","Aspiration","BaseMod","Better Altar","Better Match","Better Sensory Stone","Better Skull","Better Third Choice","BetterRewards","Colored Map","Colored Powertips","Displayed Cursed Tome","Gensokyo","Halation","Hubris","Infinite Spire","Jedi Mod","Marisa????????","Minty Spire (QoL Compilation)","Permanent Neow","RNG Fix","Reliquary","Remilia??????","Replay The Spire","StSLib","SuperFastMode","The Blue Laboratory","The Servant 0.9.4","Uncapped","Unceasing Turn Reminder"],"gold_per_floor":[111,126,126,143,50,75,75,92,92,127,127,127,154,173,173,268,268,283,301,263,279,479,509,521,555,630,659,659,689,703,715,715,814,814,814],"floor_reached":34,"language":"ENG","playtime":1204,"items_purged":["Strike_B","Strike_B"],"score":813,"play_id":"039cf8ae-d622-4b3e-88bd-c84981771fc4","local_time":"20210129010512","is_ascension_mode":true,"campfire_choices":[{"data":"Defragment","floor":7,"key":"SMITH"},{"data":"Defragment","floor":11,"key":"SMITH"},{"data":"hubris:PowerSurge","floor":15,"key":"SMITH"},{"data":"Defragment","floor":32,"key":"SMITH"}],"circlet_count":0,"master_deck":["Strike_B","Strike_B","Defend_B","Defend_B","Defend_B","Defend_B","Zap","Dualcast","Storm","Defragment+1","Ball Lightning","Leap","hubris:PowerSurge","Defragment+1","Ball Lightning","Time Bomb","jedi:hex","Sweeping Beam+1","hubris:PowerSurge+1","BootSequence","jedi:BurstFrost","Conserve Battery","Echo Form","jedi:BurstFrost","Seek","Machine Learning","jedi:hex","hubris:PowerSurge","Defragment+1"],"relics":["Cracked Core","StoneCalendar","Unceasing Top","Replay:Multitool","infinitespire:Golems Mask","Membership Card","Incense Burner","reliquary:TatteredRug","infinitespire:Beetle Shell","InkBottle","ReplayFunnel","hubris:ToyBattleship","Replay:Bronze Core","Mercury Hourglass","Happy Flower","jedi:HeartOfTheCards","Geode","aspiration:KaomsHeart"],"acts_visited":["Exordium","TheCity","TheCity"],"potions_floor_usage":[10,10,19],"damage_taken":[{"damage":0,"enemies":"Cultist","floor":1,"turns":2},{"damage":0,"enemies":"2 Louse","floor":2,"turns":2},{"damage":3,"enemies":"Jaw Worm","floor":4,"turns":2},{"damage":8,"enemies":"Lagavulin","floor":6,"turns":4},{"damage":0,"enemies":"Red Slaver","floor":8,"turns":1},{"damage":12,"enemies":"Gremlin Nob","floor":10,"turns":3},{"damage":0,"enemies":"Lagavulin","floor":13,"turns":5},{"damage":5,"enemies":"Blue Slaver","floor":14,"turns":3},{"damage":0,"enemies":"Fading Forest","floor":16,"turns":11},{"damage":0,"enemies":"Shell Parasite","floor":18,"turns":4},{"damage":5,"enemies":"3 Byrds","floor":19,"turns":3},{"damage":0,"enemies":"Centurion and Healer","floor":21,"turns":5},{"damage":4,"enemies":"Replay:Snechameleon","floor":23,"turns":4},{"damage":0,"enemies":"Snecko","floor":24,"turns":5},{"damage":21,"enemies":"Book of Stabbing","floor":25,"turns":6},{"damage":12,"enemies":"Slavers","floor":27,"turns":4},{"damage":0,"enemies":"Gremlin Leader","floor":29,"turns":5},{"damage":0,"enemies":"Chosen and Byrds","floor":30,"turns":4},{"damage":5,"enemies":"3 Cultists","floor":31,"turns":3},{"damage":21,"enemies":"Collector","floor":33,"turns":5}],"seed_played":"-8003836795129798571","potions_obtained":[{"floor":6,"key":"DistilledChaos"},{"floor":8,"key":"blueLaboratory:FruitPunch"},{"floor":13,"key":"blueLaboratory:BottledHope"},{"floor":14,"key":"Milkshake"},{"floor":18,"key":"SkillPotion"},{"floor":19,"key":"GamblersBrew"}],"is_trial":false,"path_per_floor":["M","M","?","M","$","E","R","M","T","E","R","$","E","M","R","B",null,"M","M","$","M","?","E","M","E","T","E","AVR","E","M","M","R","B",null],"character_chosen":"DEFECT","items_purchased":["Storm","Defragment","Ball Lightning","Unceasing Top","Leap","Membership Card","hubris:PowerSurge","Defragment","Ball Lightning","reliquary:TatteredRug","Sweeping Beam+1"],"campfire_rested":0,"item_purchase_floors":[0,0,0,0,0,0,0,0,0,5,5],"current_hp_per_floor":[75,75,75,72,72,64,64,64,64,54,54,54,54,49,49,59,77,77,72,72,72,72,68,68,47,47,35,135,135,135,130,130,113,177,177],"gold":814,"neow_bonus":"","is_daily":false,"chose_seed":false,"campfire_upgraded":4,"win_rate":0.0,"timestamp":1611871512,"path_taken":["M","M","?","M","$","E","R","M","T","E","R","?","E","?","R","BOSS","M","M","$","M","?","E","M","E","T","E","AVR","E","M","M","R","BOSS"],"items_purchased_type":["Card","Card","Card","Relic","Card","Relic","Card","Card","Card","Relic","Card"],"build_version":"2020-12-22","purchased_purges":2,"victory":false,"max_hp_per_floor":[75,75,75,75,75,75,75,75,75,77,77,77,77,77,77,77,77,77,77,77,77,77,77,77,77,77,77,177,177,177,177,177,177,177,177],"card_choices":[{"not_picked":["Go for the Eyes","Panic Button"],"picked":"Time Bomb","floor":1},{"not_picked":["Steam","Cold Snap"],"picked":"jedi:hex","floor":2},{"not_picked":["Turbo","Melter","BasicCrystalCard"],"picked":"SKIP","floor":4},{"not_picked":["BootSequence","jedi:hex"],"picked":"hubris:PowerSurge","floor":6},{"not_picked":["BasicCrystalCard","Crystallizer"],"picked":"BootSequence","floor":8},{"not_picked":["ReplaySort","Rebound"],"picked":"jedi:BurstFrost","floor":10},{"not_picked":["Cold Snap","Reinforced Body"],"picked":"Conserve Battery","floor":13},{"not_picked":["Steam","Redo","Force Field"],"picked":"SKIP","floor":14},{"not_picked":["jedi:BurstDark","hubris:DoWhile"],"picked":"Echo Form","floor":16},{"not_picked":["Rebound","Streamline","Compile Driver"],"picked":"SKIP","floor":18},{"not_picked":["Scrape+1","Steam"],"picked":"jedi:BurstFrost","floor":19},{"not_picked":["BasicCrystalCard+1","Gash","Leap"],"picked":"SKIP","floor":21},{"not_picked":["Streamline+1","Auto Shields"],"picked":"Seek","floor":23},{"not_picked":["Stack+1","BasicCrystalCard","ReplayTheSpireMod:System Scan+1"],"picked":"SKIP","floor":24},{"not_picked":["Streamline","Chill"],"picked":"Machine Learning","floor":25},{"not_picked":["ReplayTheSpireMod:Reroute Power","Tempest"],"picked":"jedi:hex","floor":27},{"not_picked":["Time Bomb+1","Streamline"],"picked":"hubris:PowerSurge","floor":29},{"not_picked":["Darkness","Genetic Algorithm","Cold Snap"],"picked":"SKIP","floor":30},{"not_picked":["Gash","Panic Button"],"picked":"Defragment","floor":31}],"player_experience":770496,"relics_obtained":[{"floor":6,"key":"infinitespire:Beetle Shell"},{"floor":9,"key":"InkBottle"},{"floor":10,"key":"ReplayFunnel"},{"floor":13,"key":"hubris:ToyBattleship"},{"floor":23,"key":"Mercury Hourglass"},{"floor":25,"key":"Happy Flower"},{"floor":26,"key":"jedi:HeartOfTheCards"},{"floor":27,"key":"Geode"},{"floor":29,"key":"aspiration:KMNothing"}],"event_choices":[{"damage_healed":0,"gold_gain":200,"player_choice":"Gold","damage_taken":0,"max_hp_gain":0,"max_hp_loss":0,"event_name":"Wheel of Change","floor":22,"gold_loss":0}],"is_beta":false,"boss_relics":[{"not_picked":["halation:CatFaceCupcake","hubris:BlackHole"],"picked":"Replay:Bronze Core"},{"not_picked":["aspiration:KMNothing","aspiration:KMNothing"],"picked":"aspiration:KMNothing"}],"items_purged_floors":[20,28],"is_endless":false,"potions_floor_spawned":[6,8,13,14,18,19,25,29,33],"ascension_level":1}}