{"host":"m0bekkrd201b63ug","time":1611796307,"event":{"mods":["AchievementEnabler","BaseMod","Colored Powertips","Minty Spire (QoL Compilation)","Rare Cards Sparkle","StSLib","SuperFastMode","everything is the same but u backflip on backflip","slay the spire mod where everything is the same but ironclad has a cowboy hat"],"gold_per_floor":[113,129,129,146,162,162,174,174,255,267,267,284,313,10,10,87,137,148,158,185,61,80,80,107,120,120,155,172,191,25,45,45,124,124,144,197,197,197,209,235,247,279,291,328,340,289,289,189,189,189],"floor_reached":51,"language":"ENG","playtime":1892,"items_purged":["Strike_G","Strike_G","Strike_G","Strike_G"],"score":1399,"play_id":"839097c7-d919-479e-a690-80d5b4677c46","local_time":"20210127231147","is_ascension_mode":true,"campfire_choices":[{"data":"Backstab","floor":6.0,"key":"SMITH"},{"data":"Cloak And Dagger","floor":8.0,"key":"SMITH"},{"data":"Cloak And Dagger","floor":15.0,"key":"SMITH"},{"data":"Cloak And Dagger","floor":23.0,"key":"SMITH"},{"data":"1","floor":32,"key":"LIFT"},{"data":"2","floor":49,"key":"LIFT"}],"circlet_count":0,"master_deck":["AscendersBane","Defend_G","Defend_G","Defend_G","Defend_G","Defend_G","Survivor","Neutralize","Accuracy+1","Leg Sweep","Backflip","Backstab+1","Cloak And Dagger+1","Backflip","Cloak And Dagger+1","Backstab","After Image+1","Cloak And Dagger+1","Accuracy","Cloak And Dagger","Infinite Blades","Adrenaline","Escape Plan+1","Cloak And Dagger+1"],"relics":["WristBlade","Tough Bandages","Bottled Lightning","Vajra","Membership Card","Bag of Marbles","Tiny House","Bag of Preparation","MealTicket","Eternal Feather","Centennial Puzzle","Girya","Coffee Dripper","WingedGreaves","Bronze Scales","MawBank","Art of War","Anchor","Meat on the Bone"],"acts_visited":["Exordium","TheCity","TheBeyond"],"potions_floor_usage":[25,50,50],"damage_taken":[{"damage":0.0,"enemies":"Jaw Worm","floor":1.0,"turns":5.0},{"damage":10.0,"enemies":"2 Louse","floor":2.0,"turns":4.0},{"damage":1.0,"enemies":"Cultist","floor":4.0,"turns":6.0},{"damage":0.0,"enemies":"Red Slaver","floor":5.0,"turns":7.0},{"damage":4.0,"enemies":"Lots of Slimes","floor":7.0,"turns":6.0},{"damage":0.0,"enemies":"3 Louse","floor":10.0,"turns":2.0},{"damage":0.0,"enemies":"2 Fungi Beasts","floor":12.0,"turns":3.0},{"damage":6.0,"enemies":"Lagavulin","floor":13.0,"turns":7.0},{"damage":19.0,"enemies":"Slime Boss","floor":16.0,"turns":7.0},{"damage":0.0,"enemies":"Shell Parasite","floor":18.0,"turns":1.0},{"damage":1.0,"enemies":"Chosen","floor":19.0,"turns":2.0},{"damage":0.0,"enemies":"Snecko","floor":22.0,"turns":1.0},{"damage":1.0,"enemies":"Slavers","floor":24.0,"turns":4.0},{"damage":0,"enemies":"Snake Plant","floor":25,"turns":1},{"damage":2,"enemies":"Book of Stabbing","floor":27,"turns":3},{"damage":0,"enemies":"Cultist and Chosen","floor":28,"turns":5},{"damage":0,"enemies":"Centurion and Healer","floor":29,"turns":4},{"damage":0,"enemies":"Snecko","floor":31,"turns":2},{"damage":24,"enemies":"Automaton","floor":33,"turns":8},{"damage":0,"enemies":"Orb Walker","floor":35,"turns":1},{"damage":0,"enemies":"2 Orb Walkers","floor":36,"turns":4},{"damage":0,"enemies":"3 Shapes","floor":39,"turns":4},{"damage":0,"enemies":"Reptomancer","floor":40,"turns":5},{"damage":0,"enemies":"Sphere and 2 Shapes","floor":41,"turns":3},{"damage":0,"enemies":"Giant Head","floor":42,"turns":5},{"damage":22,"enemies":"Nemesis","floor":44,"turns":5},{"damage":22,"enemies":"Time Eater","floor":50,"turns":9}],"seed_played":"8805388926694725656","potions_obtained":[{"floor":1.0,"key":"DuplicationPotion"},{"floor":7.0,"key":"Poison Potion"},{"floor":12.0,"key":"DuplicationPotion"},{"floor":28,"key":"SpeedPotion"}],"is_trial":false,"path_per_floor":["M","M","?","M","M","R","M","R","T","M","?","M","E","$","R","B",null,"M","M","T","$","M","R","E","M","T","E","M","M","$","M","R","B",null,"M","?","?","?","M","E","M","E","T","E","T","$","?","$","R","B",null],"character_chosen":"THE_SILENT","items_purchased":["Membership Card","Bag of Marbles","Cloak And Dagger","Backstab","MealTicket","Girya","Infinite Blades","SteroidPotion"],"campfire_rested":0,"item_purchase_floors":[14,14,14,14,21,30,30,48],"current_hp_per_floor":[59,49,46,45,45,45,41,41,41,41,41,41,35,35,35,16,59,59,58,58,58,58,58,57,57,57,55,55,55,70,70,71,47,65,65,65,65,65,65,65,65,65,65,43,43,58,58,67,67,45],"gold":189,"neow_bonus":"BOSS_RELIC","is_daily":false,"chose_seed":false,"campfire_upgraded":4,"win_rate":0.0,"timestamp":1611796307,"path_taken":["M","M","?","M","M","R","M","R","T","M","?","?","E","$","R","BOSS","M","M","?","$","M","R","E","M","T","E","?","M","?","M","R","BOSS","M","?","?","?","M","E","?","E","T","E","?","$","?","$","R","BOSS"],"items_purchased_type":["Relic","Relic","Card","Card","Relic","Relic","Card","Potion"],"build_version":"2020-12-22","purchased_purges":4,"victory":true,"max_hp_per_floor":[66,66,66,66,66,66,66,66,66,66,66,66,66,66,66,66,71,71,71,71,71,71,71,71,71,71,71,71,71,71,71,71,71,71,71,71,71,71,71,71,71,71,71,71,71,71,67,67,67,67],"card_choices":[{"not_picked":["Bouncing Flask","Quick Slash"],"picked":"Accuracy","floor":1.0},{"not_picked":["Acrobatics","Reflex"],"picked":"Leg Sweep","floor":2.0},{"not_picked":["Dagger Spray","Noxious Fumes"],"picked":"Backflip","floor":4.0},{"not_picked":["Blur","Cloak And Dagger"],"picked":"Backstab","floor":5.0},{"not_picked":["Blur","Choke"],"picked":"Cloak And Dagger","floor":7.0},{"not_picked":["Masterful Stab","Poisoned Stab"],"picked":"Backflip","floor":10.0},{"not_picked":["Blur","Bane","Outmaneuver"],"picked":"SKIP","floor":12.0},{"not_picked":["Dagger Spray","Concentrate","Storm of Steel"],"picked":"SKIP","floor":13.0},{"not_picked":["Grand Finale","Glass Knife"],"picked":"After Image","floor":16.0},{"not_picked":["Outmaneuver","Backflip"],"picked":"Cloak And Dagger","floor":17.0},{"not_picked":["Quick Slash","Outmaneuver","Poisoned Stab"],"picked":"SKIP","floor":18.0},{"not_picked":["Sucker Punch","Dagger Spray+1"],"picked":"Accuracy","floor":19.0},{"not_picked":["Choke","Noxious Fumes","PiercingWail"],"picked":"SKIP","floor":22.0},{"not_picked":["Deadly Poison","Choke","Quick Slash"],"picked":"SKIP","floor":24.0},{"not_picked":["Slice","Choke","Backflip"],"picked":"SKIP","floor":25},{"not_picked":["Reflex+1","Riddle With Holes"],"picked":"Cloak And Dagger","floor":27},{"not_picked":["Quick Slash","Acrobatics","Underhanded Strike"],"picked":"SKIP","floor":28},{"not_picked":["Backflip","Night Terror","Deadly Poison"],"picked":"SKIP","floor":29},{"not_picked":["Dodge and Roll","Acrobatics","Bane+1"],"picked":"SKIP","floor":31},{"not_picked":["Burst","Malaise"],"picked":"Adrenaline","floor":33},{"not_picked":["Dagger Throw","Sucker Punch","Blade Dance"],"picked":"SKIP","floor":35},{"not_picked":["Infinite Blades","Distraction+1"],"picked":"Escape Plan+1","floor":39},{"not_picked":["Flying Knee","Dodge and Roll"],"picked":"Cloak And Dagger+1","floor":40},{"not_picked":["Crippling Poison","Eviscerate","Blur"],"picked":"SKIP","floor":41},{"not_picked":["Sucker Punch","Dagger Throw+1","Bane+1"],"picked":"SKIP","floor":42},{"not_picked":["Deadly Poison","Cloak And Dagger","PiercingWail"],"picked":"SKIP","floor":44}],"player_experience":217451,"relics_obtained":[{"floor":9.0,"key":"Bottled Lightning"},{"floor":13.0,"key":"Vajra"},{"floor":20.0,"key":"Bag of Preparation"},{"floor":24.0,"key":"Eternal Feather"},{"floor":27,"key":"Centennial Puzzle"},{"floor":36,"key":"WingedGreaves"},{"floor":40,"key":"Bronze Scales"},{"floor":42,"key":"MawBank"},{"floor":43,"key":"Art of War"},{"floor":44,"key":"Anchor"},{"floor":45,"key":"Meat on the Bone"}],"event_choices":[{"damage_healed":0.0,"max_hp_gain":0.0,"max_hp_loss":0.0,"gold_gain":0.0,"event_name":"Scrap Ooze","player_choice":"Success","floor":3.0,"gold_loss":0.0,"damage_taken":3.0,"relics_obtained":["Tough Bandages"]},{"damage_healed":0.0,"max_hp_gain":0.0,"max_hp_loss":0.0,"gold_gain":0.0,"event_name":"Upgrade Shrine","player_choice":"Upgraded","floor":11.0,"gold_loss":0.0,"damage_taken":0.0,"cards_upgraded":["Accuracy"]},{"damage_healed":0,"gold_gain":0,"player_choice":"Fight","damage_taken":0,"max_hp_gain":0,"max_hp_loss":0,"event_name":"Mysterious Sphere","floor":36,"gold_loss":0},{"cards_removed":["Strike_G"],"damage_healed":0,"gold_gain":0,"player_choice":"Removed Attack","damage_taken":0,"max_hp_gain":0,"max_hp_loss":0,"event_name":"Falling","floor":37,"gold_loss":0},{"damage_healed":0,"gold_gain":0,"player_choice":"Memory 1","damage_taken":0,"max_hp_gain":0,"max_hp_loss":0,"event_name":"SensoryStone","floor":38,"gold_loss":0},{"damage_healed":0,"gold_gain":0,"player_choice":"Max HP","damage_taken":0,"max_hp_gain":0,"max_hp_loss":4,"event_name":"Winding Halls","floor":47,"gold_loss":0}],"is_beta":false,"boss_relics":[{"not_picked":["Fusion Hammer","Ectoplasm"],"picked":"Tiny House"},{"not_picked":["Sozu","HoveringKite"],"picked":"Coffee Dripper"}],"items_purged_floors":[14,21,46,48],"is_endless":false,"potions_floor_spawned":[1,7,10,12,19,24,28,29,33,35,40,42],"ascension_level":14}}