{"host":"wpobqx0jtxs252ev","time":1611873185,"event":{"mods":["AchievementEnabler","Act Like it!","BaseMod","Better Altar","Better Note","Better Sensory Stone","Better Skull","Better Third Choice","Colored Powertips","Downfall","Infinite Spire","Marisa????????","Mimic Mod","Minty Spire (QoL Compilation)","Relic Stats","Reliquary","Replay The Spire","Spire Arcade","StSLib","The Runesmith"],"gold_per_floor":[109,141,153,153,173,208,225,251,277,277,277,308,76,76,76,196,196,221,239,239,239,239,239],"floor_reached":22,"language":"ENG","playtime":1314,"items_purged":["Parasite"],"score":257,"play_id":"1602a06e-08fa-4fd0-b614-d0c12193faf4","local_time":"20210128193305","is_ascension_mode":true,"campfire_choices":[{"floor":15,"key":"REST"}],"circlet_count":0,"master_deck":["Strike_G+1","Strike_G","Strike_G+1","Defend_G","Defend_G+1","Defend_G","Defend_G","Defend_G","Survivor","Neutralize+1","Infinite Blades","Blade Dance","Infinite Blades","ReplayTheSpireMod:Scrap Shanks","Judgement","Ghostly","Ghostly","Ghostly","Ghostly","Ghostly"],"relics":["Ring of the Snake","Darkstone Periapt","PreservedInsect","Strawberry","Whetstone","PrismaticShard","Golden Idol","Empty Cage"],"acts_visited":["Exordium","TheCity"],"potions_floor_usage":[6,12,16,22,22],"damage_taken":[{"damage":1,"enemies":"Cultist","floor":1,"turns":5},{"damage":4,"enemies":"Small Slimes","floor":2,"turns":10},{"damage":7,"enemies":"Small Slimes","floor":3,"turns":4},{"damage":3,"enemies":"Jaw Worm","floor":5,"turns":4},{"damage":14,"enemies":"3 Sentries","floor":6,"turns":10},{"damage":11,"enemies":"Large Slime","floor":7,"turns":9},{"damage":26,"enemies":"Replay:BlueRogue","floor":8,"turns":9},{"damage":7,"enemies":"Gremlin Nob","floor":12,"turns":3},{"damage":39,"enemies":"Slime Boss","floor":16,"turns":13},{"damage":3,"enemies":"3 Byrds","floor":18,"turns":4},{"damage":0,"enemies":"Spheric Guardian","floor":19,"turns":2},{"damage":47,"enemies":"Cultist and Chosen","floor":22,"turns":6}],"seed_played":"8775482376083993007","potions_obtained":[{"floor":3,"key":"SpeedPotion"},{"floor":6,"key":"PowerPotion"},{"floor":7,"key":"Flashbang"},{"floor":12,"key":"Block Potion"},{"floor":16,"key":"Dexterity Potion"},{"floor":18,"key":"AttackPotion"}],"is_trial":false,"path_per_floor":["M","MIM","M","?","M","E","M","E","T","?","?","E","$","?","R","B",null,"M","M","?","?","M"],"character_chosen":"THE_SILENT","items_purchased":["PrismaticShard"],"campfire_rested":1,"item_purchase_floors":[13],"current_hp_per_floor":[69,65,58,70,67,53,42,16,23,48,31,24,24,30,55,16,86,83,83,43,43,0,0],"gold":239,"neow_bonus":"RANDOM_EVENT","is_daily":false,"chose_seed":false,"campfire_upgraded":0,"win_rate":0.0,"timestamp":1611873185,"path_taken":["M","?","M","?","?","E","M","E","T","?","?","E","$","?","R","BOSS","M","M","?","?","M"],"items_purchased_type":["Relic"],"build_version":"2020-12-22","purchased_purges":1,"victory":false,"max_hp_per_floor":[70,70,70,70,70,70,70,70,77,83,83,83,80,86,86,86,86,86,86,43,43,43,43],"relic_stats":{"Darkstone Periapt":12,"counters":[12,79],"Golden Idol":33,"PreservedInsect":21,"Whetstone":["Neutralize","Strike_G"],"obtain_stats":[{"Darkstone Periapt":6,"Golden Idol":14,"Strawberry":9,"PreservedInsect":8,"Whetstone":12,"PrismaticShard":13,"Empty Cage":17,"Ring of the Snake":0},{"Darkstone Periapt":5,"Golden Idol":8,"Strawberry":7,"PreservedInsect":7,"Whetstone":8,"PrismaticShard":8,"Empty Cage":9,"Ring of the Snake":0},{"Darkstone Periapt":33,"Golden Idol":54,"Strawberry":51,"PreservedInsect":51,"Whetstone":54,"PrismaticShard":54,"Empty Cage":67,"Ring of the Snake":0}],"Ring of the Snake":[24]},"card_choices":[{"not_picked":["Draining Mist","Dagger Spray"],"picked":"Infinite Blades","floor":1},{"not_picked":["All Out Attack","Underhanded Strike"],"picked":"Blade Dance","floor":2},{"not_picked":["Hidden Blade","Deadly Poison"],"picked":"Caltrops","floor":3},{"not_picked":["Hidden Blade","Poison Darts","Dagger Spray"],"picked":"SKIP","floor":5},{"not_picked":["Sucker Punch","Flying Knee","Calculated Gamble"],"picked":"SKIP","floor":6},{"not_picked":["Underhanded Strike","Prepared"],"picked":"Infinite Blades","floor":7},{"not_picked":["Toxin Wave","Quick Slash"],"picked":"ReplayTheSpireMod:Scrap Shanks","floor":8},{"not_picked":["Finisher","Deflect","Blur"],"picked":"SKIP","floor":12},{"not_picked":["hexamod:GhostOfSpirePresent","Guardian:SphericShield"],"picked":"Judgement","floor":16},{"not_picked":["Runesmith:BackupBattery","Clash","bronze:BugBarrage+1"],"picked":"SKIP","floor":18},{"not_picked":["ReplayTheSpireMod:Limb From Limb","bronze:Overheat+1","hexamod:FastForward"],"picked":"SKIP","floor":19}],"player_experience":230942,"relics_obtained":[{"floor":6,"key":"Darkstone Periapt"},{"floor":8,"key":"PreservedInsect"},{"floor":9,"key":"Strawberry"},{"floor":12,"key":"Whetstone"}],"event_choices":[{"cards_removed":["Strike_G"],"damage_healed":0,"gold_gain":0,"player_choice":"Forget","damage_taken":0,"max_hp_gain":0,"max_hp_loss":0,"event_name":"Living Wall","floor":0,"gold_loss":0},{"cards_removed":["Caltrops"],"damage_healed":12,"gold_gain":0,"player_choice":"Offered Uncommon","damage_taken":0,"max_hp_gain":0,"max_hp_loss":0,"event_name":"Bonfire Elementals","floor":4,"gold_loss":0},{"damage_healed":19,"gold_gain":0,"player_choice":"Healed and dodged fight","damage_taken":0,"max_hp_gain":0,"max_hp_loss":0,"event_name":"Mushrooms","floor":10,"gold_loss":0,"cards_obtained":["Parasite"]},{"damage_healed":48,"gold_gain":0,"player_choice":"Upgrade","damage_taken":17,"max_hp_gain":0,"max_hp_loss":83,"event_name":"betterThird:BetterShining","floor":11,"gold_loss":0,"cards_upgraded":["Defend_G","Strike_G"]},{"damage_healed":0,"gold_gain":0,"player_choice":"Take Wound","damage_taken":0,"relics_obtained":["Golden Idol"],"max_hp_gain":0,"max_hp_loss":0,"event_name":"Golden Idol","floor":14,"gold_loss":0,"cards_obtained":["Injury"]},{"damage_healed":0,"gold_gain":0,"player_choice":"Became a Ghost","damage_taken":0,"max_hp_gain":0,"max_hp_loss":43,"event_name":"Ghosts","floor":20,"gold_loss":0,"cards_obtained":["Ghostly","Ghostly","Ghostly","Ghostly","Ghostly"]}],"is_beta":false,"boss_relics":[{"not_picked":["Snecko Eye","Black Star"],"picked":"Empty Cage"}],"items_purged_floors":[13],"is_endless":false,"potions_floor_spawned":[3,6,7,12,16,18],"killed_by":"Cultist and Chosen","ascension_level":3}}