{"host":"0ricjaa7rfq9v76t","time":1611801034,"event":{"mods":["AchievementEnabler","Aspiration","BaseMod","Better Vampires","BetterRewards","Colored Powertips","Downfall","Highlight Path","Hubris","Infinite Spire","Minty Spire (QoL Compilation)","Quick Restart","Rare Cards Sparkle","Relic Sorter","Reliquary","Replay The Spire","StSLib","SuperFastMode","Synergy Search","The Cursed","The Disciple","The Jungle","The Marked","Uncapped"],"gold_per_floor":[114,124,124,141,141,155,330,345,369,66,66,102,114,151,163,290,302,336,61,61,61,61,61,67,67],"floor_reached":24,"language":"ENG","playtime":1387,"items_purged":["Doubt"],"score":294,"play_id":"860a6a31-050e-4dce-8704-776bef0a7a18","local_time":"20210128103034","is_ascension_mode":false,"campfire_choices":[{"floor":13,"key":"REST"},{"data":"Zap","floor":15,"key":"SMITH"},{"floor":23,"key":"REST"}],"circlet_count":0,"master_deck":["Strike_B","Strike_B","Strike_B","Defend_B","Defend_B","Defend_B","Defend_B","Zap+1","Dualcast","Conserve Battery","Ball Lightning","Reinforced Body","Heatsinks","Scrape","ReplayGash","aspiration:Polymerization","Genetic Algorithm","Thunder Strike","Spreading Infection","Amnesia","Injury","Turbo","CommonCold","Replay:Fractal Strike"],"relics":["Cracked Core","TungstenRod","infinitespire:Freezer","Orrery","Replay:Bandana","MawBank","Replay:Ancient Bell","hubris:OldNail","Replay:WaspNest","Bird Faced Urn","Lizard Tail","Question Card"],"acts_visited":["Exordium","TheCity"],"potions_floor_usage":[16,16,16],"damage_taken":[{"damage":10,"enemies":"Jaw Worm","floor":1,"turns":3},{"damage":0,"enemies":"Small Slimes","floor":2,"turns":3},{"damage":5,"enemies":"infinitespire:Voidling","floor":4,"turns":4},{"damage":2,"enemies":"2 Fungi Beasts","floor":6,"turns":4},{"damage":6,"enemies":"Blue Slaver","floor":8,"turns":3},{"damage":17,"enemies":"Gremlin Nob","floor":12,"turns":5},{"damage":3,"enemies":"Large Slime","floor":14,"turns":6},{"damage":37,"enemies":"Slime Boss","floor":16,"turns":11},{"damage":21,"enemies":"Chosen","floor":18,"turns":7},{"damage":121,"enemies":"Nightmare","floor":24,"turns":9}],"seed_played":"8344666064977311842","potions_obtained":[{"floor":4,"key":"Slimebound:ThreeZeroPotion"},{"floor":6,"key":"LiquidMemories"},{"floor":12,"key":"AttackPotion"}],"is_trial":false,"path_per_floor":["M","M","?","M","?","M","?","M","T","$","?","E","R","M","R","B",null,"M","$","?","?","?","R","NM"],"character_chosen":"DEFECT","items_purchased":["Heatsinks","Heatsinks","Orrery","Lizard Tail"],"campfire_rested":2,"item_purchase_floors":[0,10,10,19],"current_hp_per_floor":[52,52,46,41,75,73,73,67,67,67,67,50,72,69,69,32,75,54,54,54,36,36,58,0,0],"gold":67,"neow_bonus":"","is_daily":false,"chose_seed":false,"campfire_upgraded":1,"win_rate":0.0,"timestamp":1611801034,"path_taken":["M","M","?","M","?","?","?","M","T","$","?","E","R","M","R","BOSS","M","$","?","?","?","R","NM"],"items_purchased_type":["Card","Card","Relic","Relic"],"build_version":"2020-12-22","purchased_purges":1,"victory":false,"max_hp_per_floor":[75,75,75,75,75,75,75,75,75,75,75,75,75,75,75,75,75,75,75,75,75,75,75,75,75],"card_choices":[{"not_picked":["Rip and Tear","Cold Snap","Sweeping Beam"],"picked":"SKIP","floor":1},{"not_picked":["Streamline","Sweeping Beam"],"picked":"Conserve Battery","floor":2},{"not_picked":["Defragment","Rebound"],"picked":"Ball Lightning","floor":4},{"not_picked":["Redo","ReplayTheSpireMod:Reroute Power","Steam"],"picked":"SKIP","floor":6},{"not_picked":["Panic Button","Sweeping Beam"],"picked":"Reinforced Body","floor":8},{"not_picked":["Force Field","Redo"],"picked":"Scrape","floor":10},{"not_picked":["Redo","Steam"],"picked":"ReplayGash","floor":10},{"not_picked":["Fusion","Steam"],"picked":"aspiration:Polymerization","floor":10},{"not_picked":["Conserve Battery","Beam Cell"],"picked":"Genetic Algorithm","floor":12},{"not_picked":["ReplaySort","Rip and Tear","Fission"],"picked":"SKIP","floor":14},{"not_picked":["hubris:SpecializedCircuitry","ReplayRNGCard"],"picked":"Thunder Strike","floor":16},{"not_picked":["Voices","CurseOfTheBell"],"picked":"Spreading Infection","floor":17},{"not_picked":["downfall:Malfunctioning","hubris:Envy"],"picked":"Amnesia","floor":17},{"not_picked":["SwitchConfidence","hubris:Sloth"],"picked":"Injury","floor":17},{"not_picked":["Redo","Streamline"],"picked":"Turbo","floor":18},{"not_picked":["infinitespire:FutureSight","infinitespire:Menacing"],"picked":"Replay:Fractal Strike","floor":21}],"player_experience":221551,"relics_obtained":[{"floor":9,"key":"infinitespire:Freezer"},{"floor":11,"key":"Replay:Bandana"},{"floor":12,"key":"MawBank"}],"event_choices":[{"cards_removed":["Strike_B"],"damage_healed":0,"gold_gain":0,"player_choice":"Card Removal","damage_taken":7,"max_hp_gain":0,"max_hp_loss":0,"event_name":"Golden Wing","floor":3,"gold_loss":0},{"cards_removed":["Heatsinks"],"damage_healed":34,"gold_gain":0,"player_choice":"Offered Uncommon","damage_taken":0,"max_hp_gain":0,"max_hp_loss":0,"event_name":"Bonfire Elementals","floor":5,"gold_loss":0},{"damage_healed":0,"gold_gain":175,"player_choice":"AGREE","damage_taken":0,"max_hp_gain":0,"max_hp_loss":0,"event_name":"Liars Game","floor":7,"gold_loss":0,"cards_obtained":["Doubt"]},{"damage_healed":0,"gold_gain":0,"player_choice":"Ignored","damage_taken":0,"max_hp_gain":0,"max_hp_loss":0,"event_name":"Ghosts","floor":22,"gold_loss":0}],"is_beta":false,"boss_relics":[{"not_picked":["Replay:Wanted Poster","Snecko Eye"],"picked":"Replay:Ancient Bell"},{"not_picked":["aspiration:TomeofQuesting","hubris:TenFootPole"],"picked":"hubris:OldNail"},{"not_picked":["reliquary:Firecrackers","infinitespire:Broken Mirror"],"picked":"Replay:WaspNest"},{"not_picked":["Peace Pipe","hubris:FunFungus"],"picked":"Bird Faced Urn"}],"items_purged_floors":[10],"is_endless":false,"potions_floor_spawned":[4,6,12],"killed_by":"Nightmare","ascension_level":0}}