{"host":"3d8t1b2vmfpvguqe","time":1611866147,"event":{"mods":["AchievementEnabler","BaseMod","Block Reminder","Minty Spire (QoL Compilation)","Slay the Relics Exporter","StSLib","UnlockEverythingMod"],"gold_per_floor":[144,189,234,279,279,279,29,29,79,124,169,214,259,259,259,559,559,604,649,26,71,71,71,71,71],"floor_reached":24,"language":"ENG","playtime":1237,"items_purged":[],"score":192,"play_id":"58f24f27-7521-4d6f-b01b-cc2a3300367c","local_time":"20210128143547","daily_mods":["Draft","Purple Cards","Midas"],"is_ascension_mode":false,"campfire_choices":[{"floor":6,"key":"REST"},{"floor":8,"key":"REST"},{"floor":15,"key":"REST"},{"floor":23,"key":"REST"}],"circlet_count":0,"master_deck":["BattleHymn","Static Discharge","Gash","Redo","FollowUp","Cold Snap","Beam Cell","Ball Lightning","SashWhip","Halt","SandsOfTime","TalkToTheHand","WindmillStrike","FearNoEvil","EmptyBody","Crescendo+1","Defragment","Defragment","FlurryOfBlows","Echo Form","Undo+1","Omniscience+1","Fusion+1","Gash+1","Leap+1","Decay"],"relics":["Cracked Core","Bag of Marbles","Toxic Egg 2","Regal Pillow","Sundial","Astrolabe","Unceasing Top","Shovel"],"acts_visited":["Exordium","TheCity"],"potions_floor_usage":[11,13],"damage_taken":[{"damage":0,"enemies":"Cultist","floor":1,"turns":3},{"damage":6,"enemies":"Jaw Worm","floor":2,"turns":2},{"damage":0,"enemies":"Small Slimes","floor":3,"turns":2},{"damage":17,"enemies":"3 Louse","floor":4,"turns":2},{"damage":2,"enemies":"2 Fungi Beasts","floor":10,"turns":3},{"damage":0,"enemies":"Exordium Thugs","floor":11,"turns":2},{"damage":12,"enemies":"Blue Slaver","floor":12,"turns":2},{"damage":17,"enemies":"Exordium Wildlife","floor":13,"turns":3},{"damage":8,"enemies":"Slime Boss","floor":16,"turns":7},{"damage":37,"enemies":"2 Thieves","floor":18,"turns":4},{"damage":10,"enemies":"Chosen","floor":19,"turns":3},{"damage":19,"enemies":"Snecko","floor":21,"turns":4},{"damage":49,"enemies":"Sentry and Sphere","floor":24,"turns":4}],"seed_played":"9192803745042345800","potions_obtained":[{"floor":2,"key":"GamblersBrew"},{"floor":3,"key":"Ancient Potion"},{"floor":11,"key":"Ancient Potion"},{"floor":12,"key":"EssenceOfSteel"},{"floor":18,"key":"FearPotion"}],"is_trial":false,"path_per_floor":["M","M","M","M","?","R","$","R","T","M","M","M","M","?","R","B",null,"M","M","$","M","?","R","M"],"character_chosen":"DEFECT","items_purchased":["Toxic Egg 2","Unceasing Top","Shovel","Leap+1"],"campfire_rested":4,"item_purchase_floors":[7,20,20,20],"current_hp_per_floor":[75,69,69,52,52,74,74,75,75,73,73,61,44,37,74,66,75,38,28,28,9,9,46,0,0],"gold":71,"neow_bonus":"","is_daily":true,"chose_seed":false,"campfire_upgraded":0,"win_rate":0.0,"timestamp":1611866147,"path_taken":["M","M","?","M","?","R","$","R","T","?","M","M","M","?","R","BOSS","M","M","$","M","?","R","M"],"items_purchased_type":["Relic","Relic","Relic","Card"],"build_version":"2020-12-22","purchased_purges":0,"victory":false,"max_hp_per_floor":[75,75,75,75,75,75,75,75,75,75,75,75,75,75,75,75,75,75,75,75,75,75,75,75,75],"card_choices":[{"not_picked":["EmptyFist","FlyingSleeves"],"picked":"BattleHymn","floor":0},{"not_picked":["CutThroughFate","Worship"],"picked":"Static Discharge","floor":0},{"not_picked":["Halt","EmptyBody"],"picked":"Gash","floor":0},{"not_picked":["Conserve Battery","Rebound"],"picked":"Redo","floor":0},{"not_picked":["CutThroughFate","Hologram"],"picked":"Consume","floor":0},{"not_picked":["Turbo","PathToVictory"],"picked":"FollowUp","floor":0},{"not_picked":["CrushJoints","Study"],"picked":"Cold Snap","floor":0},{"not_picked":["Perseverance","Rebound"],"picked":"Beam Cell","floor":0},{"not_picked":["CrushJoints","Consume"],"picked":"FollowUp","floor":0},{"not_picked":["Rip and Tear","Consecrate"],"picked":"Ball Lightning","floor":0},{"not_picked":["PathToVictory","Prostrate"],"picked":"SashWhip","floor":0},{"not_picked":["InnerPeace","Coolheaded"],"picked":"Hologram","floor":0},{"not_picked":["EmptyFist","CrushJoints"],"picked":"Halt","floor":0},{"not_picked":["Self Repair","Scrape"],"picked":"SandsOfTime","floor":0},{"not_picked":["Collect","Turbo"],"picked":"TalkToTheHand","floor":0},{"not_picked":["Glacier","SashWhip"],"picked":"Ball Lightning","floor":1},{"not_picked":["EmptyBody","Aggregate"],"picked":"WindmillStrike","floor":2},{"not_picked":["Steam Power","Consume"],"picked":"FearNoEvil","floor":3},{"not_picked":["FlurryOfBlows","Rebound"],"picked":"EmptyBody","floor":4},{"not_picked":["Rip and Tear","Doom and Gloom"],"picked":"Crescendo+1","floor":10},{"not_picked":["Compile Driver","JustLucky"],"picked":"Defragment","floor":11},{"not_picked":["Steam+1","Cold Snap"],"picked":"Defragment","floor":12},{"not_picked":["Rebound","Wallop"],"picked":"FlurryOfBlows","floor":13},{"not_picked":["All For One","Meteor Strike"],"picked":"Echo Form","floor":16},{"not_picked":["Barrage","Compile Driver","Collect+1"],"picked":"SKIP","floor":18},{"not_picked":["Steam Power+1","Undo+1"],"picked":"Gash+1","floor":19},{"not_picked":["Barrage+1","Protect+1","Hologram+1"],"picked":"SKIP","floor":21}],"player_experience":6069,"relics_obtained":[{"floor":9,"key":"Regal Pillow"}],"event_choices":[{"cards_removed":["Hologram"],"damage_healed":0,"gold_gain":0,"player_choice":"Gave Card","damage_taken":0,"relics_obtained":["Bag of Marbles"],"max_hp_gain":0,"max_hp_loss":0,"event_name":"WeMeetAgain","floor":5,"gold_loss":0},{"damage_healed":0,"gold_gain":0,"player_choice":"Success","damage_taken":7,"relics_obtained":["Sundial"],"max_hp_gain":0,"max_hp_loss":0,"event_name":"Scrap Ooze","floor":14,"gold_loss":0},{"damage_healed":0,"gold_gain":0,"player_choice":"Smashed Altar","damage_taken":0,"max_hp_gain":0,"max_hp_loss":0,"event_name":"Forgotten Altar","floor":22,"gold_loss":0,"cards_obtained":["Decay"]}],"is_beta":false,"boss_relics":[{"not_picked":["Runic Dome","Inserter"],"picked":"Astrolabe"}],"items_purged_floors":[],"is_endless":false,"potions_floor_spawned":[2,3,11,12,18],"killed_by":"Sentry and Sphere","ascension_level":0}}