{"host":"p090fjik2phvjstn","time":1611795185,"event":{"mods":["AchievementEnabler","BaseMod","Block Reminder","Colored Powertips","Minty Spire (QoL Compilation)","Quick Restart","Synergy Search"],"gold_per_floor":[109,109,121,134,144,144,176,193,193,193,193,177,190,190,190,289,289,272,30,50,70,70,70,83,83,83,83,132,42,60,75,75,75,75],"floor_reached":33,"language":"ENG","playtime":2126,"items_purged":[],"score":364,"play_id":"425a6d44-49c1-44b0-aec7-c77d7647234f","local_time":"20210128005305","is_ascension_mode":true,"campfire_choices":[{"data":"Neutralize","floor":6,"key":"SMITH"},{"floor":11,"key":"REST"},{"floor":15,"key":"REST"},{"data":"RitualDagger","floor":23,"key":"SMITH"},{"floor":25,"key":"REST"},{"floor":32,"key":"REST"}],"circlet_count":0,"master_deck":["Strike_G","Strike_G","Strike_G","Defend_G","Defend_G","Defend_G","Defend_G","Defend_G","Survivor","Neutralize+1","Grand Finale","Dash","Dodge and Roll+1","Deadly Poison","Blur","Well Laid Plans","PiercingWail","Calculated Gamble","Dodge and Roll","Crippling Poison","Glass Knife","Bane","Noxious Fumes","Riddle With Holes","Blur","Noxious Fumes","Leg Sweep","RitualDagger+1","Outmaneuver+1","Leg Sweep"],"relics":["Ring of the Snake","StoneCalendar","Blood Vial","Turnip","Runic Pyramid","Ninja Scroll","Enchiridion","Juzu Bracelet"],"acts_visited":["Exordium","TheCity"],"potions_floor_usage":[13,18,24,33],"damage_taken":[{"damage":5,"enemies":"2 Louse","floor":1,"turns":4},{"damage":0,"enemies":"Jaw Worm","floor":3,"turns":4},{"damage":4,"enemies":"Small Slimes","floor":4,"turns":5},{"damage":0,"enemies":"Blue Slaver","floor":5,"turns":6},{"damage":52,"enemies":"Lagavulin","floor":7,"turns":14},{"damage":3,"enemies":"3 Louse","floor":8,"turns":5},{"damage":0,"enemies":"Exordium Thugs","floor":12,"turns":4},{"damage":8,"enemies":"Lots of Slimes","floor":13,"turns":7},{"damage":19,"enemies":"The Guardian","floor":16,"turns":12},{"damage":2,"enemies":"2 Thieves","floor":18,"turns":5},{"damage":5,"enemies":"Shell Parasite","floor":20,"turns":7},{"damage":1,"enemies":"Centurion and Healer","floor":21,"turns":7},{"damage":25,"enemies":"Shelled Parasite and Fungi","floor":24,"turns":8},{"damage":36,"enemies":"3 Cultists","floor":30,"turns":5},{"damage":0,"enemies":"Centurion and Healer","floor":31,"turns":7},{"damage":33,"enemies":"Automaton","floor":33,"turns":4}],"seed_played":"5515077378117640353","potions_obtained":[{"floor":3,"key":"Energy Potion"},{"floor":12,"key":"Ancient Potion"},{"floor":13,"key":"Strength Potion"},{"floor":16,"key":"LiquidMemories"},{"floor":24,"key":"Ancient Potion"},{"floor":31,"key":"AttackPotion"}],"is_trial":false,"path_per_floor":["M","?","M","M","M","R","E","M","T","?","R","M","M","T","R","B",null,"M","$","M","M","?","R","M","R","T","?","T","?","M","M","R","B"],"character_chosen":"THE_SILENT","items_purchased":["Noxious Fumes","Riddle With Holes","Blur","Fire Potion"],"campfire_rested":4,"item_purchase_floors":[19,19,19,19],"current_hp_per_floor":[58,63,63,59,59,59,7,4,4,4,26,28,22,22,44,27,63,63,63,60,61,55,55,32,54,54,38,38,38,4,6,28,0,0],"gold":75,"neow_bonus":"ONE_RANDOM_RARE_CARD","is_daily":false,"chose_seed":false,"campfire_upgraded":2,"win_rate":0.0,"timestamp":1611795185,"path_taken":["M","?","M","M","M","R","E","M","T","?","R","M","M","?","R","BOSS","M","$","M","M","?","R","M","R","T","?","?","?","M","M","R","BOSS"],"items_purchased_type":["Card","Card","Card","Potion"],"build_version":"2020-12-22","purchased_purges":0,"victory":false,"max_hp_per_floor":[70,75,75,75,75,75,75,75,75,75,75,75,75,75,75,75,75,75,75,75,75,75,75,75,75,75,75,75,75,75,75,75,75,75],"card_choices":[{"not_picked":["Bane","Footwork"],"picked":"Dash","floor":1},{"not_picked":["Blade Dance","Prepared"],"picked":"Dodge and Roll","floor":3},{"not_picked":["Cloak And Dagger","Distraction"],"picked":"Deadly Poison","floor":4},{"not_picked":["Eviscerate","Calculated Gamble"],"picked":"Blur","floor":5},{"not_picked":["Slice","Backflip"],"picked":"Well Laid Plans","floor":7},{"not_picked":["Prepared","Acrobatics"],"picked":"PiercingWail","floor":8},{"not_picked":["Quick Slash","Deflect"],"picked":"Dodge and Roll","floor":12},{"not_picked":["Doppelganger","Blade Dance"],"picked":"Crippling Poison","floor":13},{"not_picked":["Corpse Explosion","Phantasmal Killer"],"picked":"Glass Knife","floor":16},{"not_picked":["Calculated Gamble+1","Infinite Blades"],"picked":"Bane","floor":18},{"not_picked":["Sucker Punch+1","Blur"],"picked":"Noxious Fumes","floor":20},{"not_picked":["Cloak And Dagger","Crippling Poison"],"picked":"Leg Sweep","floor":21},{"not_picked":["Underhanded Strike","Infinite Blades+1","Dodge and Roll+1"],"picked":"SKIP","floor":24},{"not_picked":["Quick Slash","Finisher"],"picked":"Outmaneuver+1","floor":30},{"not_picked":["Riddle With Holes","Predator+1"],"picked":"Leg Sweep","floor":31}],"player_experience":536904,"relics_obtained":[{"floor":7,"key":"StoneCalendar"},{"floor":9,"key":"Blood Vial"},{"floor":14,"key":"Turnip"},{"floor":26,"key":"Ninja Scroll"},{"floor":27,"key":"Enchiridion"},{"floor":28,"key":"Juzu Bracelet"}],"event_choices":[{"damage_healed":0,"gold_gain":0,"player_choice":"Donut","damage_taken":0,"max_hp_gain":5,"max_hp_loss":0,"event_name":"Big Fish","floor":2,"gold_loss":0},{"damage_healed":0,"gold_gain":0,"cards_transformed":["Strike_G"],"player_choice":"Change","damage_taken":0,"max_hp_gain":0,"max_hp_loss":0,"event_name":"Living Wall","floor":10,"gold_loss":0,"cards_obtained":["Calculated Gamble"]},{"damage_healed":0,"gold_gain":0,"player_choice":"Joined the Cult","damage_taken":6,"max_hp_gain":0,"max_hp_loss":0,"event_name":"Nest","floor":22,"gold_loss":0,"cards_obtained":["RitualDagger"]},{"damage_healed":0,"gold_gain":0,"player_choice":"Obtained Book","damage_taken":16,"max_hp_gain":0,"max_hp_loss":0,"event_name":"Cursed Tome","floor":27,"gold_loss":0},{"cards_removed":["Strike_G"],"damage_healed":0,"gold_gain":0,"player_choice":"Upgrade and Remove","damage_taken":0,"max_hp_gain":0,"max_hp_loss":0,"event_name":"Designer","floor":29,"gold_loss":90,"cards_upgraded":["Dodge and Roll"]}],"is_beta":false,"boss_relics":[{"not_picked":["Ectoplasm","SlaversCollar"],"picked":"Runic Pyramid"}],"items_purged_floors":[],"is_endless":false,"potions_floor_spawned":[3,12,13,16,20,21,24,31],"killed_by":"Automaton","ascension_level":9}}