{"host":"aukiz5jlacd3g5yc","time":1611805691,"event":{"mods":["2.2 Compatiblity","BaseMod","Bestiary","Colored Map","Colored Powertips","Downfall","GifTheSpireLib","Minty Spire (QoL Compilation)","Permanent Neow","Quick Restart","Random Character Button","Rare Cards Sparkle","Relic Sorter","Relic Stats","Replay The Spire","StSLib","everything is the same but u backflip on backflip","slay the spire mod where everything is the same but ironclad has a cowboy hat"],"gold_per_floor":[112,112,37,312,332,332,364,364,364,379,406,426,426,446,446,446,446],"floor_reached":16,"language":"ENG","playtime":452,"items_purged":["Regret"],"score":116,"play_id":"5cad730c-fdde-4eb2-9b35-663d74eb22d1","local_time":"20210127214811","is_ascension_mode":true,"campfire_choices":[{"data":"Zap","floor":6,"key":"SMITH"},{"data":"Dualcast","floor":8,"key":"SMITH"},{"data":"Thunder Strike","floor":15,"key":"SMITH"}],"circlet_count":0,"master_deck":["Strike_B","Strike_B","Strike_B","Defend_B","Defend_B","Defend_B","Defend_B","Zap+1","Dualcast+1","Thunder Strike+1","Redo","Regret","Conserve Battery","Ball Lightning","Ball Lightning","Reinforced Body+1","BasicCrystalCard"],"relics":["Cracked Core","Replay:Accelerometer","bronze:BronzeIdol","hexamod:BolsterEngine","Ice Cream"],"acts_visited":["Exordium"],"potions_floor_usage":[11,16,16],"damage_taken":[{"damage":8,"enemies":"Small Slimes","floor":1,"turns":3},{"damage":12,"enemies":"Jaw Worm","floor":5,"turns":4},{"damage":25,"enemies":"Lagavulin","floor":7,"turns":6},{"damage":0,"enemies":"Cultist","floor":10,"turns":2},{"damage":8,"enemies":"Gremlin Nob","floor":11,"turns":3},{"damage":2,"enemies":"Blue Slaver","floor":12,"turns":2},{"damage":2,"enemies":"Large Slime","floor":14,"turns":5},{"damage":20,"enemies":"Fading Forest","floor":16,"turns":4}],"seed_played":"5608313265863953913","potions_obtained":[{"floor":1,"key":"champ:CounterPotion"},{"floor":5,"key":"SpeedPotion"},{"floor":10,"key":"Toxic Potion"},{"floor":14,"key":"Explosive Potion"}],"is_trial":false,"path_per_floor":["M","?","$","?","M","R","E","R","T","M","E","M","?","M","R","B"],"character_chosen":"DEFECT","items_purchased":[],"campfire_rested":0,"item_purchase_floors":[],"current_hp_per_floor":[67,67,67,67,55,55,30,30,30,30,22,20,20,18,18,0,0],"gold":446,"neow_bonus":"ONE_RANDOM_RARE_CARD","is_daily":false,"chose_seed":false,"campfire_upgraded":3,"win_rate":0.0,"timestamp":1611805691,"path_taken":["M","?","$","?","M","R","E","R","T","M","E","?","?","M","R","BOSS"],"items_purchased_type":[],"build_version":"2020-12-22","purchased_purges":1,"victory":false,"max_hp_per_floor":[75,75,75,75,75,75,75,75,75,75,75,75,75,75,75,75,75],"relic_stats":{"counters":[8,29],"obtain_stats":[{"Ice Cream":11,"Replay:Accelerometer":9,"hexamod:BolsterEngine":2,"Cracked Core":0,"bronze:BronzeIdol":7},{"Ice Cream":5,"Replay:Accelerometer":3,"hexamod:BolsterEngine":1,"Cracked Core":0,"bronze:BronzeIdol":3},{"Ice Cream":18,"Replay:Accelerometer":13,"hexamod:BolsterEngine":3,"Cracked Core":0,"bronze:BronzeIdol":13}]},"card_choices":[{"not_picked":["Reprogram","Sweeping Beam"],"picked":"Redo","floor":1},{"not_picked":["Beam Cell","Stack"],"picked":"Conserve Battery","floor":5},{"not_picked":["Glacier","Chaos"],"picked":"Ball Lightning","floor":7},{"not_picked":["Conserve Battery","Compile Driver"],"picked":"Ball Lightning","floor":10},{"not_picked":["ReplayTheSpireMod:Omega Cannon","Go for the Eyes","Leap"],"picked":"SKIP","floor":11},{"not_picked":["Cold Snap","ReplaySort","Fusion"],"picked":"SKIP","floor":12},{"not_picked":["Leap","Sunder"],"picked":"BasicCrystalCard","floor":14}],"player_experience":365398,"relics_obtained":[{"floor":7,"key":"bronze:BronzeIdol"},{"floor":9,"key":"Replay:Accelerometer"},{"floor":11,"key":"Ice Cream"}],"event_choices":[{"damage_healed":0,"gold_gain":0,"player_choice":"Box","damage_taken":0,"relics_obtained":["hexamod:BolsterEngine"],"max_hp_gain":0,"max_hp_loss":0,"event_name":"Big Fish","floor":2,"gold_loss":0,"cards_obtained":["Regret"]},{"damage_healed":0,"gold_gain":275,"player_choice":"Desecrate","damage_taken":0,"max_hp_gain":0,"max_hp_loss":0,"event_name":"Golden Shrine","floor":4,"gold_loss":0,"cards_obtained":["Regret"]}],"is_beta":false,"boss_relics":[],"items_purged_floors":[3],"is_endless":false,"potions_floor_spawned":[1,5,10,14],"killed_by":"Fading Forest","ascension_level":1}}