{"host":"0pqkjyfh91td6rj0","time":1611794527,"event":{"mods":["BaseMod","Colored Map","Minty Spire (QoL Compilation)","Relic Stats","UnlockEverythingMod"],"gold_per_floor":[113,58,68,68,82,117,196,196,266,266,53,83,83,114,114,192,192,210,135,148,168,185,185,217,217,217,248,266,266,279,314,314,314,314],"floor_reached":33,"language":"ENG","playtime":1400,"items_purged":[],"score":696,"play_id":"8dc41fe3-e2b8-419a-a41f-c9b4ab801e31","local_time":"20210127194207","is_ascension_mode":true,"campfire_choices":[{"data":"Bash","floor":8,"key":"SMITH"},{"data":"Inflame","floor":10,"key":"SMITH"},{"data":"Twin Strike","floor":15,"key":"SMITH"},{"data":"Evolve","floor":23,"key":"SMITH"},{"floor":32,"key":"REST"}],"circlet_count":0,"master_deck":["AscendersBane","Strike_R","Strike_R+1","Strike_R","Defend_R","Defend_R","Defend_R","Defend_R","Bash+1","Inflame+1","Iron Wave","Shrug It Off","Twin Strike+1","Anger","Evolve+1","Immolate","Warcry+1","Disarm","Clothesline+1","Feel No Pain"],"relics":["Busted Crown","Oddly Smooth Stone","Mummified Hand","Lantern","Question Card","Lizard Tail","Mark of Pain","Whetstone","Matryoshka","Ornamental Fan","Bottled Lightning"],"acts_visited":["Exordium","TheCity"],"potions_floor_usage":[14,18,27,30,31],"damage_taken":[{"damage":0,"enemies":"2 Louse","floor":1,"turns":3},{"damage":0,"enemies":"Cultist","floor":3,"turns":3},{"damage":1,"enemies":"Small Slimes","floor":5,"turns":4},{"damage":12,"enemies":"Lagavulin","floor":6,"turns":6},{"damage":5,"enemies":"3 Sentries","floor":12,"turns":5},{"damage":16,"enemies":"Lagavulin","floor":14,"turns":5},{"damage":12,"enemies":"Hexaghost","floor":16,"turns":7},{"damage":5,"enemies":"2 Thieves","floor":18,"turns":4},{"damage":15,"enemies":"Shell Parasite","floor":20,"turns":2},{"damage":12,"enemies":"Shelled Parasite and Fungi","floor":21,"turns":3},{"damage":13,"enemies":"3 Cultists","floor":22,"turns":4},{"damage":46,"enemies":"Slavers","floor":24,"turns":6},{"damage":1,"enemies":"Book of Stabbing","floor":27,"turns":4},{"damage":21,"enemies":"Snake Plant","floor":28,"turns":4},{"damage":5,"enemies":"Centurion and Healer","floor":30,"turns":4},{"damage":0,"enemies":"Gremlin Leader","floor":31,"turns":6},{"damage":48,"enemies":"Automaton","floor":33,"turns":6}],"seed_played":"6649926942512393588","potions_obtained":[{"floor":1,"key":"ColorlessPotion"},{"floor":12,"key":"ElixirPotion"},{"floor":14,"key":"Swift Potion"},{"floor":21,"key":"ElixirPotion"},{"floor":24,"key":"ColorlessPotion"},{"floor":28,"key":"SmokeBomb"},{"floor":29,"key":"SteroidPotion"},{"floor":29,"key":"AttackPotion"},{"floor":30,"key":"FearPotion"}],"is_trial":false,"path_per_floor":["M","$","M","?","M","E","T","R","T","R","$","E","?","E","R","B",null,"M","?","M","M","M","R","E","?","T","E","M","?","M","E","R","B"],"character_chosen":"IRONCLAD","items_purchased":["Iron Wave","Lantern","Evolve"],"campfire_rested":1,"item_purchase_floors":[2,11,11],"current_hp_per_floor":[68,68,68,68,67,55,55,55,55,55,55,50,50,34,34,22,62,57,57,42,30,17,17,17,32,32,31,10,10,5,5,27,0,0],"gold":314,"neow_bonus":"BOSS_RELIC","is_daily":false,"chose_seed":false,"campfire_upgraded":4,"win_rate":0.0,"timestamp":1611794527,"path_taken":["M","$","M","?","?","E","?","R","T","R","$","E","?","E","R","BOSS","M","?","M","M","M","R","E","?","T","E","M","?","M","E","R","BOSS"],"items_purchased_type":["Card","Relic","Card"],"build_version":"2020-12-22","purchased_purges":0,"victory":false,"max_hp_per_floor":[75,75,75,75,75,75,75,75,75,75,75,75,75,75,75,75,75,75,75,75,75,75,75,75,75,75,75,75,75,75,75,75,75,75],"relic_stats":{"Lizard Tail":37,"Busted Crown":32,"counters":[17,76],"Mummified Hand":[33],"Ornamental Fan":[36],"Whetstone":["Clothesline","Strike_R"],"Question Card":11,"obtain_stats":[{"Lantern":11,"Lizard Tail":14,"Busted Crown":0,"Matryoshka":26,"Mummified Hand":9,"Ornamental Fan":27,"Oddly Smooth Stone":6,"Mark of Pain":17,"Whetstone":24,"Bottled Lightning":31,"Question Card":12,"Burning Blood":0},{"Lantern":4,"Lizard Tail":6,"Busted Crown":0,"Matryoshka":12,"Mummified Hand":4,"Ornamental Fan":13,"Oddly Smooth Stone":4,"Mark of Pain":7,"Whetstone":12,"Bottled Lightning":16,"Question Card":5,"Burning Blood":0},{"Lantern":16,"Lizard Tail":26,"Busted Crown":0,"Matryoshka":52,"Mummified Hand":16,"Ornamental Fan":56,"Oddly Smooth Stone":16,"Mark of Pain":33,"Whetstone":52,"Bottled Lightning":70,"Question Card":21,"Burning Blood":0}]},"card_choices":[{"not_picked":[],"picked":"Inflame","floor":1},{"not_picked":[],"picked":"Shrug It Off","floor":3},{"not_picked":[],"picked":"Twin Strike","floor":5},{"not_picked":[],"picked":"Anger","floor":6},{"not_picked":["Sever Soul"],"picked":"SKIP","floor":12},{"not_picked":["Sever Soul"],"picked":"SKIP","floor":12},{"not_picked":["Rage","Havoc"],"picked":"SKIP","floor":14},{"not_picked":["Brutality"],"picked":"Immolate","floor":16},{"not_picked":["Combust","Iron Wave"],"picked":"SKIP","floor":18},{"not_picked":["Warcry","Searing Blow"],"picked":"SKIP","floor":20},{"not_picked":["Perfected Strike"],"picked":"Warcry+1","floor":21},{"not_picked":["Flex"],"picked":"Disarm","floor":22},{"not_picked":["Intimidate"],"picked":"Clothesline","floor":24},{"not_picked":["Armaments"],"picked":"Feel No Pain","floor":27},{"not_picked":["Searing Blow","Warcry"],"picked":"SKIP","floor":28},{"not_picked":["Anger","Sever Soul"],"picked":"SKIP","floor":30},{"not_picked":["Clothesline","Sword Boomerang"],"picked":"SKIP","floor":31}],"player_experience":112830,"relics_obtained":[{"floor":6,"key":"Oddly Smooth Stone"},{"floor":9,"key":"Mummified Hand"},{"floor":12,"key":"Question Card"},{"floor":14,"key":"Lizard Tail"},{"floor":24,"key":"Whetstone"},{"floor":26,"key":"Matryoshka"},{"floor":27,"key":"Ornamental Fan"},{"floor":31,"key":"Bottled Lightning"}],"event_choices":[{"cards_removed":["Strike_R"],"damage_healed":0,"gold_gain":0,"player_choice":"Purged","damage_taken":0,"max_hp_gain":0,"max_hp_loss":0,"event_name":"Purifier","floor":4,"gold_loss":0},{"damage_healed":0,"gold_gain":0,"player_choice":"Ignored","damage_taken":0,"max_hp_gain":0,"max_hp_loss":0,"event_name":"Liars Game","floor":13,"gold_loss":0},{"cards_removed":["Strike_R"],"damage_healed":0,"gold_gain":0,"player_choice":"Gave Gold","damage_taken":0,"max_hp_gain":0,"max_hp_loss":0,"event_name":"Beggar","floor":19,"gold_loss":75},{"damage_healed":15,"gold_gain":0,"player_choice":"Heal","damage_taken":0,"max_hp_gain":0,"max_hp_loss":0,"event_name":"The Library","floor":25,"gold_loss":0},{"damage_healed":0,"gold_gain":0,"player_choice":"Got Potions","damage_taken":0,"max_hp_gain":0,"max_hp_loss":0,"event_name":"Lab","floor":29,"gold_loss":0}],"is_beta":false,"boss_relics":[{"not_picked":["Fusion Hammer","Runic Cube"],"picked":"Mark of Pain"}],"items_purged_floors":[],"is_endless":false,"potions_floor_spawned":[1,12,14,21,24,28,30],"killed_by":"Automaton","ascension_level":20}}