{"host":"cnq91ghfhf6lz0gv","time":1611873425,"event":{"mods":["BaseMod","Clockwork Mod","Colored Map","Colored Powertips","Conspire","Downfall","Googly Eyes","Highlight Path","Minty Spire (QoL Compilation)","Replay The Spire","StSLib","SuperFastMode","The IronCluck","The Showman","slay the spire mod where everything is the same but ironclad has a cowboy hat"],"gold_per_floor":[99,118,134,152,172,190,190,340,355,355,355,369,386,2,20,20,20,20],"floor_reached":16,"language":"ENG","playtime":1381,"items_purged":["downfall:Malfunctioning"],"score":98,"play_id":"95f4f81b-96f7-45ca-b67f-03a8e139c01d","local_time":"20210128173705","is_ascension_mode":false,"campfire_choices":[{"data":"bronze:Strike","floor":1,"key":"PURGE"},{"data":"bronze:Assembly","floor":11,"key":"SMITH"}],"circlet_count":0,"master_deck":["bronze:Defend","bronze:Defend","bronze:Defend","bronze:Defend","bronze:Replicate","bronze:Goto","bronze:WhirlingStrike","bronze:DelayedSlice","bronze:Branch","bronze:Assembly+1","bronze:Repair","downfall:Icky","bronze:Flail","bronze:Fortify","bronze:Overheat","bronze:AlphaBuild","bronze:SpaghettiCode"],"relics":["bronze:BronzeCore","Bottled Lightning","Replay:Arrowhead"],"acts_visited":["Exordium"],"potions_floor_usage":[16],"damage_taken":[{"damage":3,"enemies":"conspire:RoseBush","floor":2,"turns":3},{"damage":0,"enemies":"Small Slimes","floor":3,"turns":3},{"damage":1,"enemies":"Cultist","floor":4,"turns":3},{"damage":7,"enemies":"Exordium Thugs","floor":5,"turns":3},{"damage":0,"enemies":"Large Slime","floor":6,"turns":4},{"damage":5,"enemies":"Red Slaver","floor":9,"turns":3},{"damage":0,"enemies":"2 Fungi Beasts","floor":12,"turns":2},{"damage":4,"enemies":"conspire:2 RoseBushes","floor":13,"turns":5},{"damage":0,"enemies":"downfall:FleeingMerchant","floor":14,"turns":4},{"damage":0,"enemies":"Exordium Wildlife","floor":15,"turns":2},{"damage":126,"enemies":"DF_ARCHETYPE_STREAMLINE","floor":16,"turns":14}],"seed_played":"-358222151938229606","potions_obtained":[{"floor":2,"key":"FearPotion"},{"floor":12,"key":"bronze:FreeFunctionsPotion"},{"floor":15,"key":"bronze:FreeFunctionsPotion"}],"is_trial":false,"path_per_floor":["R_BF","M","M","M","M","M","T","?","M","?","R","M","M","$","M","B"],"character_chosen":"THE_AUTOMATON","items_purchased":["Replay:Arrowhead"],"campfire_rested":0,"item_purchase_floors":[14],"current_hp_per_floor":[77,74,74,73,66,66,66,66,68,68,68,75,73,77,77,0,0,0],"gold":20,"neow_bonus":"TEN_PERCENT_HP_BONUS","is_daily":false,"chose_seed":false,"campfire_upgraded":1,"win_rate":0.0,"timestamp":1611873425,"path_taken":["R_BF","M","M","M","M","M","T","?","M","?","R","?","M","$","M","BOSS"],"items_purchased_type":["Relic"],"build_version":"2020-12-22","purchased_purges":1,"victory":false,"max_hp_per_floor":[77,77,77,77,77,77,77,77,77,77,77,77,77,77,77,77,77,77],"card_choices":[{"not_picked":["bronze:Allocate","bronze:Deprecate"],"picked":"bronze:WhirlingStrike","floor":2},{"not_picked":["bronze:CutThrough","bronze:Invalidate"],"picked":"bronze:DelayedSlice","floor":3},{"not_picked":["bronze:WildBeam","bronze:OilSpill"],"picked":"bronze:Branch","floor":4},{"not_picked":["bronze:Optimize","bronze:BugBarrage"],"picked":"bronze:Assembly","floor":5},{"not_picked":["bronze:NullPointer","bronze:Iterate"],"picked":"bronze:Repair","floor":6},{"not_picked":["bronze:Return","bronze:Philosophize"],"picked":"bronze:Flail","floor":9},{"not_picked":["bronze:WhirlingStrike","bronze:BugBarrage","bronze:CloningBeam"],"picked":"SKIP","floor":12},{"not_picked":["bronze:CutThrough","bronze:CloningBeam","bronze:Branch"],"picked":"SKIP","floor":13},{"not_picked":["bronze:Safeguard","bronze:Turbo"],"picked":"bronze:SpaghettiCode","floor":14},{"not_picked":["bronze:BuggyMess","bronze:Flail","bronze:FineTuning"],"picked":"SKIP","floor":15}],"player_experience":186425,"relics_obtained":[{"floor":7,"key":"Bottled Lightning"}],"event_choices":[],"is_beta":false,"boss_relics":[],"items_purged_floors":[14],"is_endless":false,"potions_floor_spawned":[2,12,15],"killed_by":"DF_ARCHETYPE_STREAMLINE","ascension_level":0}}