{"host":"jhywql2x2v3ppvhm","time":1611851226,"event":{"mods":["BaseMod","Colored Map","Colored Powertips","Downfall","Googly Eyes","Hermit","Marisa????????","Minty Spire (QoL Compilation)","Rare Cards Sparkle","Slay the Relics Exporter","StSLib","The Animator","The Bug Knight","The Cursed","The Disciple","The Necromancer","The Runesmith","The Servant 0.9.4","slay the spire mod where everything is the same but ironclad has a cowboy hat"],"gold_per_floor":[110,60,335,350,361,396,396,147,172,25,25,53,112,131,131,229,229,249,164,164,89,89,122,122,139,139,166,166,166,16,16,16,120,120,136,149,149,0,17,17,17,17,17,17,17,35,64,64,64,64,64,64,14,40,40],"floor_reached":56,"language":"ENG","playtime":3201,"items_purged":["Regret","downfall:Bewildered"],"score":1240,"play_id":"84b995a0-fb95-451b-b62e-6e71efa23f4c","local_time":"20210128112706","is_ascension_mode":false,"campfire_choices":[{"floor":7,"key":"REST"},{"data":"MysteriousBeam","floor":11,"key":"SMITH"},{"data":"ManaRampage","floor":15,"key":"SMITH"},{"floor":24,"key":"RECALL"},{"data":"CasketOfStar","floor":29,"key":"SMITH"},{"data":"StarDustReverie","floor":32,"key":"SMITH"},{"data":"DC","floor":40,"key":"SMITH"},{"data":"Occultation","floor":42,"key":"SMITH"},{"data":"DeepEcoloBomb","floor":44,"key":"SMITH"},{"data":"MagicAbsorber","floor":49,"key":"SMITH"},{"data":"6A","floor":52,"key":"SMITH"}],"circlet_count":0,"master_deck":["Strike_MRS","Strike_MRS","Strike_MRS","Strike_MRS","Defend_MRS","MasterSpark","UpSweep","MysteriousBeam+1","WitchLeyline","DC+1","Parasite","Parasite","Occultation+1","ShootingEcho","ManaConvection","DeepEcoloBomb+1","ManaRampage+1","6A+1","StarDustReverie+1","AsteroidBelt+1","CasketOfStar+1","GravityBeat+1","MagicAbsorber+1","Parasite","OrrerysSun"],"relics":["MiniHakkero","ShroomBag","Blood Vial","Oddly Smooth Stone","Shuriken","HollowMod:LifeEnderRelic","SlaversCollar","Orichalcum","sneckomod:BabySnecko","Eternal Feather","Juzu Bracelet","Nunchaku","RampagingMagicTools","Red Mask","HornCleat","Question Card","CaptainsWheel"],"acts_visited":["Exordium","TheCity","TheBeyond","TheEnding"],"potions_floor_usage":[12,16,16,33,33,33,36,46,48,50,54],"damage_taken":[{"damage":11,"enemies":"Jaw Worm","floor":1,"turns":3},{"damage":1,"enemies":"2 Louse","floor":4,"turns":2},{"damage":6,"enemies":"Cultist","floor":5,"turns":3},{"damage":23,"enemies":"Lagavulin","floor":6,"turns":4},{"damage":28,"enemies":"3 Sentries","floor":12,"turns":7},{"damage":14,"enemies":"Lagavulin Event","floor":13,"turns":3},{"damage":2,"enemies":"Looter","floor":14,"turns":3},{"damage":33,"enemies":"Hexaghost","floor":16,"turns":6},{"damage":6,"enemies":"Shell Parasite","floor":18,"turns":4},{"damage":23,"enemies":"Slavers","floor":23,"turns":3},{"damage":4,"enemies":"Chosen","floor":25,"turns":2},{"damage":0,"enemies":"Gremlin Leader","floor":27,"turns":3},{"damage":21,"enemies":"Champ","floor":33,"turns":4},{"damage":12,"enemies":"Orb Walker","floor":35,"turns":3},{"damage":12,"enemies":"3 Darklings","floor":36,"turns":2},{"damage":25,"enemies":"Sphere and 2 Shapes","floor":39,"turns":4},{"damage":17,"enemies":"Writhing Mass","floor":46,"turns":4},{"damage":0,"enemies":"HollowMod:StalkingDevout","floor":47,"turns":2},{"damage":14,"enemies":"Orin","floor":48,"turns":4},{"damage":11,"enemies":"Awakened One","floor":50,"turns":5},{"damage":32,"enemies":"Shield and Spear","floor":54,"turns":4},{"damage":50,"enemies":"The Heart","floor":55,"turns":6}],"seed_played":"401597883478807002","potions_obtained":[{"floor":4,"key":"Dexterity Potion"},{"floor":6,"key":"Regen Potion"},{"floor":14,"key":"PowerPotion"},{"floor":23,"key":"Ancient Potion"},{"floor":25,"key":"SteroidPotion"},{"floor":33,"key":"ColorlessPotion"},{"floor":35,"key":"SmokeBomb"},{"floor":36,"key":"BottledSpark"},{"floor":46,"key":"Strength Potion"}],"is_trial":false,"path_per_floor":["M","?","?","M","M","E","R","$","T","$","R","E","?","M","R","B",null,"M","?","$","?","?","E","R","M","T","E","T","R","$","?","R","B",null,"M","M","?","?","M","R","?","R","T","R","?","M","E","?","R","B",null,"R","$","E","B",null],"character_chosen":"MARISA","items_purchased":["Blood Vial","ShootingEcho","ManaConvection","DeepEcoloBomb","Fire Potion","AttackPotion"],"campfire_rested":1,"item_purchase_floors":[8,8,10,10,30,53],"current_hp_per_floor":[71,71,71,70,64,41,65,65,65,65,65,58,48,50,50,23,82,78,78,78,78,78,61,73,73,73,79,79,82,82,82,82,63,82,70,64,64,64,45,57,57,69,69,81,78,63,67,61,73,68,78,78,78,48,6],"gold":40,"neow_bonus":"TEN_PERCENT_HP_BONUS","is_daily":false,"chose_seed":false,"campfire_upgraded":9,"win_rate":0.0,"timestamp":1611851226,"path_taken":["M","?","?","?","M","E","R","$","T","$","R","E","?","M","R","BOSS","M","?","$","?","?","E","R","M","T","E","?","R","$","?","R","BOSS","M","M","?","?","M","R","?","R","T","R","?","M","E","?","R","BOSS","R","$","E","BOSS"],"items_purchased_type":["Relic","Card","Card","Card","Potion","Potion"],"build_version":"2020-12-22","purchased_purges":2,"victory":true,"max_hp_per_floor":[82,82,82,82,82,82,82,82,82,82,82,82,82,82,82,82,82,82,82,82,82,82,82,82,82,82,82,82,82,82,82,82,82,82,82,82,82,82,82,82,82,82,82,82,78,78,78,78,78,78,78,78,78,78,78],"card_choices":[{"not_picked":["6A","SprinkleStarSeal"],"picked":"MysteriousBeam","floor":1},{"not_picked":["6A","PowerUp"],"picked":"WitchLeyline","floor":4},{"not_picked":["WitchLeyline","PropBag"],"picked":"DC","floor":5},{"not_picked":["WitchOfGreed","RefractionSpark"],"picked":"Occultation","floor":6},{"not_picked":["NonDirectionalLaser","OrrerysSun"],"picked":"ManaRampage","floor":12},{"not_picked":["GalacticHalo","IllusionStar"],"picked":"6A","floor":13},{"not_picked":["ManaConvection","WitchLeyline","UnstableBomb"],"picked":"SKIP","floor":14},{"not_picked":["MillisecondPulsars","AbsoluteMagnitude"],"picked":"StarDustReverie","floor":16},{"not_picked":["DC","IllusionStar"],"picked":"AsteroidBelt+1","floor":18},{"not_picked":["MagicChant","DC"],"picked":"CasketOfStar","floor":23},{"not_picked":["ShootingEcho","UnstableBomb"],"picked":"GravityBeat+1","floor":25},{"not_picked":["WitchOfGreed","DragonMeteor","MachineGunSpark"],"picked":"SKIP","floor":27},{"not_picked":["MeteoricShower","StarBarrage"],"picked":"MagicAbsorber","floor":35},{"not_picked":["GravityBeat","StarBarrage","PowerUp"],"picked":"SKIP","floor":36},{"not_picked":["GravityBeat+1","SporeBomb","MagicAbsorber"],"picked":"SKIP","floor":39},{"not_picked":["IllusionStar+1","UnstableBomb+1","6A+1"],"picked":"SKIP","floor":46},{"not_picked":["IllusionStar","6A+1","SporeBomb+1"],"picked":"SKIP","floor":47},{"not_picked":["RefractionSpark","GrandCross","ChargeUpSpray+1"],"picked":"OrrerysSun","floor":54}],"player_experience":181003,"relics_obtained":[{"floor":6,"key":"ShroomBag"},{"floor":9,"key":"Oddly Smooth Stone"},{"floor":12,"key":"Shuriken"},{"floor":13,"key":"HollowMod:LifeEnderRelic"},{"floor":23,"key":"Eternal Feather"},{"floor":27,"key":"Juzu Bracelet"},{"floor":28,"key":"Nunchaku"},{"floor":43,"key":"HornCleat"},{"floor":47,"key":"Question Card"},{"floor":54,"key":"CaptainsWheel"}],"event_choices":[{"cards_removed":["Defend_MRS"],"damage_healed":0,"gold_gain":0,"player_choice":"Card Removal","damage_taken":0,"max_hp_gain":0,"max_hp_loss":0,"event_name":"The Cleric","floor":2,"gold_loss":50},{"damage_healed":0,"gold_gain":275,"player_choice":"Desecrate","damage_taken":0,"max_hp_gain":0,"max_hp_loss":0,"event_name":"Golden Shrine","floor":3,"gold_loss":0,"cards_obtained":["Regret"]},{"damage_healed":0,"gold_gain":30,"player_choice":"Searched \u00273\u0027 times","damage_taken":0,"max_hp_gain":0,"max_hp_loss":0,"event_name":"Dead Adventurer","floor":13,"gold_loss":0},{"damage_healed":0,"gold_gain":0,"player_choice":"Obtained Relic","damage_taken":0,"relics_obtained":["Orichalcum"],"max_hp_gain":0,"max_hp_loss":0,"event_name":"Addict","floor":19,"gold_loss":85},{"cards_removed":["Defend_MRS"],"damage_healed":0,"gold_gain":0,"player_choice":"Gave Gold","damage_taken":0,"max_hp_gain":0,"max_hp_loss":0,"event_name":"Beggar","floor":21,"gold_loss":75},{"damage_healed":0,"gold_gain":0,"player_choice":"Ignored","damage_taken":0,"max_hp_gain":0,"max_hp_loss":0,"event_name":"SecretPortal","floor":37,"gold_loss":0},{"damage_healed":0,"gold_gain":0,"player_choice":"Paid","damage_taken":0,"relics_obtained":["Red Mask"],"max_hp_gain":0,"max_hp_loss":0,"event_name":"Tomb of Lord Red Mask","floor":38,"gold_loss":149},{"cards_removed":["Defend_MRS"],"damage_healed":0,"gold_gain":0,"player_choice":"Removed Skill","damage_taken":0,"max_hp_gain":0,"max_hp_loss":0,"event_name":"Falling","floor":41,"gold_loss":0},{"damage_healed":0,"gold_gain":0,"player_choice":"Max HP","damage_taken":0,"max_hp_gain":0,"max_hp_loss":4,"event_name":"Winding Halls","floor":45,"gold_loss":0},{"damage_healed":0,"gold_gain":0,"player_choice":"Fight","damage_taken":0,"max_hp_gain":0,"max_hp_loss":0,"event_name":"OrinTheCat","floor":48,"gold_loss":0}],"is_beta":false,"boss_relics":[{"not_picked":["BewitchedHakkero","SacredBark"],"picked":"SlaversCollar"},{"not_picked":["Snecko Eye","Runesmith:UraniumAnvil"],"picked":"RampagingMagicTools"}],"items_purged_floors":[8,30],"is_endless":false,"potions_floor_spawned":[4,6,14,23,25,33,35,36,46],"ascension_level":0}}