{"host":"b4vwm7jq6jdk6nca","time":1611825758,"event":{"mods":["Act Like it!","Ascension Reborn","BaseMod","Hallownest","Minty Spire (QoL Compilation)","Pale of the Ancients","Quick Restart","Relic Filter Mod","Reliquary","Spicy Shops","StSLib","TestMod","Wide Potions","[IsaacMod]以撒尖塔"],"gold_per_floor":[118,138,162,47,59,59,59,59,59,97,11,11,11,0,0,118,118,132,132,132,132,132,145,145,186,186,186,224,386,403,422,422,542,542,558,571,595,470,470,484,484,498,564,564,592,592,604,618,618,618,632,667,683,683,683,702,702,702,702,1302],"floor_reached":61,"language":"ZHS","playtime":2723,"items_purged":["Strike_R+1","Strike_R+1","Perfected Strike+1","Clumsy","Defend_R+1","Normality","Strike_R+1","Defend_R+1","Defend_R+1","Defend_R+1","Strike_R+1"],"score":420,"play_id":"7eddf57a-4926-438b-a2b4-a64b46ca99f2","local_time":"20210128172238","is_ascension_mode":true,"campfire_choices":[{"data":"Armaments","floor":6.0,"key":"SMITH"},{"floor":8.0,"key":"RECALL"},{"data":"Limit Break","floor":15.0,"key":"SMITH"},{"data":"Clash","floor":27.0,"key":"SMITH"},{"data":"Whirlwind","floor":32.0,"key":"SMITH"},{"data":"1","floor":49,"key":"LIFT"},{"data":"2","floor":55,"key":"LIFT"},{"data":"3","floor":57,"key":"LIFT"}],"circlet_count":0,"master_deck":["Bash+1","Heavy Blade+1","Clash+1","Armaments+1","Limit Break+1","Metallicize+1","Demon Form+1","Berserk+1","Battle Trance+1","Rebound+1","Heatsinks+1","Whirlwind+1","Wallop"],"relics":["Burning Blood","testmod-TestBox","HushsDoor","MaYiHuaBei","testmod-PortableAltar","reliquary:TridentHead","Odd Mushroom","Frozen Egg 2","Eternal Feather","Membership Card","SteamSale","reliquary:PartyBalloon","testmod-Justice","reliquary:TuningFork","reliquary:WeakTea","Lee\u0027s Waffle","Prayer Wheel","Busted Crown","BelialBook","Red Skull","Chemical X","InkBottle","Shuriken","Toy Ornithopter","reliquary:TatteredRug","PrismaticShard","Hallownest:NailmastersGloryRelic","Chaos","Bag of Preparation","TheBean","Toolbox","Incubus","Kunai","testmod-Nyarlathotep","testmod-Register","Toxic Egg 2","Runic Cube","Symbiotic Virus","testmod-Brilliant","AnarchistCookbook","Runic Dome","testmod-InjuryResistance","SatanicBible","Black Star","Torii","reliquary:LoveEmittingDiode","Nunchaku","SacredBark","Girya","Hallownest:HeavyBlowRelic","CaptainsWheel","testmod-Muramasa","Paper Frog","Centennial Puzzle","reliquary:PorcupineQuills","BlankCard","PillsDrop","testmod-Prudence","paleoftheancients:Timepiece","paleoftheancients:KeyRelic","paleoftheancients:SoulOfTheWatcher","Philosopher\u0027s Stone","testmod-SaigiyounoYou","testmod-CrystalShield","Anchor","UnicornStump","StrikeDummy","Kunai","Tingsha","Bag of Marbles","Tough Bandages"],"acts_visited":["Exordium","Hallownest:Greenpath","Hallownest:CityofTears","Hallownest:KingdomsEdge"],"potions_floor_usage":[60],"damage_taken":[{"damage":1.0,"enemies":"Hallownest:monsterHuskWarrior","floor":1.0,"turns":1.0},{"damage":1.0,"enemies":"Hallownest:2_MossCreeps","floor":2.0,"turns":1.0},{"damage":1.0,"enemies":"Hallownest:monsterHuskGuard","floor":3.0,"turns":1.0},{"damage":1.0,"enemies":"Hallownest:1_Ooma_and_2_Uuma","floor":5.0,"turns":2.0},{"damage":0.0,"enemies":"Hallownest:eliteMossKnight","floor":10.0,"turns":1.0},{"damage":2.0,"enemies":"Hallownest:BossHornet","floor":16.0,"turns":5.0},{"damage":0.0,"enemies":"Hallownest:Flukemon_and_Top","floor":18.0,"turns":3.0},{"damage":0.0,"enemies":"Hallownest:3_Youths","floor":23.0,"turns":2.0},{"damage":1.0,"enemies":"Hallownest:eliteWatcherKnight","floor":25.0,"turns":6.0},{"damage":0.0,"enemies":"Hallownest:Nosk","floor":28.0,"turns":2.0},{"damage":0.0,"enemies":"Hallownest:3_Mistakes","floor":30.0,"turns":1.0},{"damage":0.0,"enemies":"Hallownest:monsterMisterMushroom","floor":31.0,"turns":1.0},{"damage":0.0,"enemies":"Hallownest:BossSoulMaster","floor":33.0,"turns":2.0},{"damage":0.0,"enemies":"Hallownest:3_Siblings","floor":35.0,"turns":1.0},{"damage":0.0,"enemies":"Hallownest:2_Littles","floor":36.0,"turns":1.0},{"damage":0.0,"enemies":"Hallownest:2_Wing_and_1_Kings","floor":37.0,"turns":1.0},{"damage":0.0,"enemies":"Hallownest:Shield_Sturdy","floor":40.0,"turns":1.0},{"damage":0.0,"enemies":"Hallownest:Xero_Hu_Marmu","floor":42.0,"turns":1.0},{"damage":0,"enemies":"Hallownest:2_Wing_and_1_Kings","floor":47,"turns":1},{"damage":0,"enemies":"Hallownest:Shield_Sturdy","floor":48,"turns":1},{"damage":0,"enemies":"Hallownest:BossGreyPrinceZote","floor":50,"turns":2},{"damage":0,"enemies":"Hallownest:BossGreyPrinceZote","floor":51,"turns":2},{"damage":0,"enemies":"Hallownest:BossGreyPrinceZote","floor":52,"turns":1},{"damage":0,"enemies":"paleoftheancients:BASlime3","floor":53,"turns":1},{"damage":0,"enemies":"paleoftheancients:BASlime3","floor":56,"turns":1},{"damage":0,"enemies":"Delirium","floor":60,"turns":2}],"seed_played":"4790332200971745392","potions_obtained":[{"floor":1.0,"key":"testmod-TestPotion"},{"floor":1.0,"key":"testmod-TestPotion"},{"floor":2.0,"key":"Dexterity Potion"},{"floor":16.0,"key":"BlessingOfTheForge"},{"floor":16.0,"key":"Dexterity Potion"},{"floor":28.0,"key":"Fruit Juice"},{"floor":28.0,"key":"Dexterity Potion"},{"floor":33.0,"key":"SkillPotion"},{"floor":42.0,"key":"DistilledChaos"},{"floor":47,"key":"Strength Potion"}],"is_trial":false,"path_per_floor":["M","M","M","?","M","R","?","R","T","E","$","$","?","$","R","B",null,"M","$","?","?","?","M","$","E","T","R","E","$","M","M","R","B",null,"M","M","M","?","$","M","?","M","T","$","T","?","M","M","R","B","M","M","M","$","R","M","R","$","?","B",null],"character_chosen":"IRONCLAD","items_purchased":["Metallicize+1","SteamSale","reliquary:PartyBalloon","testmod-Justice","reliquary:TuningFork","reliquary:WeakTea","Lee\u0027s Waffle","BelialBook","Berserk+1","Chemical X","InkBottle","Shuriken","Toy Ornithopter","reliquary:TatteredRug","PrismaticShard","Battle Trance","Chaos","Bag of Preparation","TheBean","Toolbox","DistilledChaos","Toxic Egg 2","Runic Cube","Symbiotic Virus","testmod-Brilliant","AnarchistCookbook","Whirlwind","testmod-SpacePotion","AttackPotion","Dexterity Potion","BlessingOfTheForge","SatanicBible","Torii","reliquary:LoveEmittingDiode","Nunchaku","SacredBark","Girya","testmod-Muramasa","Paper Frog","Centennial Puzzle","reliquary:PorcupineQuills","BlankCard","Philosopher\u0027s Stone","testmod-SaigiyounoYou","testmod-CrystalShield","Anchor","UnicornStump","StrikeDummy","reliquary:SculptingSteel","Tingsha","Bag of Marbles","Tough Bandages"],"campfire_rested":0,"item_purchase_floors":[11,14,14,14,14,14,14,17,17,19,19,19,19,19,19,19,24,24,24,24,24,29,29,29,29,29,29,29,29,29,29,34,39,39,39,39,39,44,44,44,44,44,54,54,54,54,54,58,58,58,58,58],"current_hp_per_floor":[84,83,82,81,80,79,78,77,76,75,74,73,72,78,77,81,66,65,64,63,62,57,60,59,58,57,56,67,66,65,64,63,67,56,55,54,53,52,51,50,49,48,47,46,45,39,38,37,36,44,43,42,41,40,39,41,40,39,38,42],"gold":1302,"neow_bonus":"THREE_ENEMY_KILL","is_daily":false,"chose_seed":false,"campfire_upgraded":4,"win_rate":0.0,"timestamp":1611825758,"path_taken":["M","M","?","?","?","R","?","R","T","E","?","$","?","$","R","BOSS","M","$","?","?","?","M","$","E","T","R","E","?","M","M","R","BOSS","M","M","M","?","$","M","?","?","T","$","?","?","M","M","R","BOSS","M","M","?","$","R","M","R","$","?","BOSS"],"items_purchased_type":["Card","Relic","Relic","Relic","Relic","Relic","Relic","Relic","Card","Relic","Relic","Relic","Relic","Relic","Relic","Card","Card","Relic","Relic","Relic","Potion","Relic","Relic","Relic","Relic","Relic","Card","Potion","Potion","Potion","Potion","Relic","Relic","Relic","Relic","Relic","Relic","Relic","Relic","Relic","Relic","Relic","Relic","Relic","Relic","Relic","Relic","Relic","Relic","Relic","Relic","Relic"],"build_version":"2020-12-22","purchased_purges":11,"victory":true,"max_hp_per_floor":[84,83,82,81,80,79,78,77,76,75,74,73,72,78,77,81,66,65,64,63,62,61,60,59,58,57,56,67,66,65,64,63,67,56,55,54,53,52,51,50,49,48,47,46,45,39,38,37,36,44,43,42,41,40,39,41,40,39,38,42],"card_choices":[{"not_picked":[],"picked":"Bomb","floor":0.0},{"not_picked":["Pommel Strike","Infernal Blade"],"picked":"Perfected Strike","floor":1.0},{"not_picked":["Sword Boomerang","Thunderclap"],"picked":"Heavy Blade","floor":2.0},{"not_picked":["Sword Boomerang","Thunderclap"],"picked":"Clash","floor":3.0},{"not_picked":["Thunderclap","Flex"],"picked":"Armaments","floor":5.0},{"not_picked":["Sever Soul","Bloodletting"],"picked":"Limit Break","floor":10.0},{"not_picked":["Fiend Fire","Immolate"],"picked":"Demon Form+1","floor":16.0},{"not_picked":["Twin Strike"],"picked":"SKIP","floor":18.0},{"not_picked":["Warcry+1"],"picked":"SKIP","floor":18.0},{"not_picked":[],"picked":"Rebound+1","floor":23.0},{"not_picked":["Flying Knee"],"picked":"SKIP","floor":23.0},{"not_picked":["SignatureMove"],"picked":"SKIP","floor":25.0},{"not_picked":[],"picked":"Heatsinks+1","floor":28.0},{"not_picked":["Cloak And Dagger+1"],"picked":"SKIP","floor":30.0},{"not_picked":["Go for the Eyes"],"picked":"SKIP","floor":30.0},{"not_picked":["SandsOfTime"],"picked":"SKIP","floor":31.0},{"not_picked":["Sword Boomerang"],"picked":"SKIP","floor":31.0},{"not_picked":["Dodge and Roll+1"],"picked":"SKIP","floor":35.0},{"not_picked":["Riddle With Holes+1"],"picked":"SKIP","floor":35.0},{"not_picked":["Backflip+1"],"picked":"SKIP","floor":36.0},{"not_picked":["Stack+1"],"picked":"SKIP","floor":36.0},{"not_picked":["Spot Weakness+1"],"picked":"SKIP","floor":37.0},{"not_picked":["PathToVictory+1"],"picked":"SKIP","floor":37.0},{"not_picked":["Good Instincts+1"],"picked":"SKIP","floor":40.0},{"not_picked":["EmptyFist"],"picked":"SKIP","floor":40.0},{"not_picked":[],"picked":"Wallop","floor":42.0},{"not_picked":["Outmaneuver+1"],"picked":"SKIP","floor":42.0},{"not_picked":["Gash+1"],"picked":"SKIP","floor":47},{"not_picked":["Poisoned Stab"],"picked":"SKIP","floor":47},{"not_picked":["Armaments+1"],"picked":"SKIP","floor":48},{"not_picked":["testmod-HandmadeProducts"],"picked":"SKIP","floor":48},{"not_picked":["Searing Blow"],"picked":"SKIP","floor":51},{"not_picked":["Hello World+1"],"picked":"SKIP","floor":51},{"not_picked":["Pray+1"],"picked":"SKIP","floor":52},{"not_picked":["Concentrate+1"],"picked":"SKIP","floor":52},{"not_picked":["FlurryOfBlows+1"],"picked":"SKIP","floor":53},{"not_picked":["ThirdEye+1"],"picked":"SKIP","floor":53},{"not_picked":["Forethought+1"],"picked":"SKIP","floor":56},{"not_picked":["Dagger Throw+1"],"picked":"SKIP","floor":56}],"player_experience":313211,"relics_obtained":[{"floor":1.0,"key":"reliquary:TridentHead"},{"floor":9.0,"key":"Void"},{"floor":9.0,"key":"Frozen Egg 2"},{"floor":10.0,"key":"Eternal Feather"},{"floor":16.0,"key":"Prayer Wheel"},{"floor":18.0,"key":"Red Skull"},{"floor":25.0,"key":"Incubus"},{"floor":26.0,"key":"Kunai"},{"floor":26.0,"key":"testmod-Nyarlathotep"},{"floor":28.0,"key":"testmod-Register"},{"floor":33.0,"key":"Runic Dome"},{"floor":43.0,"key":"CaptainsWheel"},{"floor":45,"key":"PillsDrop"},{"floor":45,"key":"testmod-Prudence"},{"floor":52,"key":"paleoftheancients:SoulOfTheWatcher"}],"event_choices":[{"damage_healed":0.0,"max_hp_gain":0.0,"max_hp_loss":0.0,"gold_gain":0.0,"event_name":"给自己的盒子","player_choice":"Swap Relic","floor":13.0,"relics_lost":["Void"],"gold_loss":0.0,"damage_taken":0.0,"relics_obtained":["Membership Card"]}],"is_beta":false,"boss_relics":[{"not_picked":["testmod-CardMagician","testmod-KeyOfTheVoid"],"picked":"Busted Crown"},{"not_picked":[]},{"not_picked":["Unceasing Top","Incense Burner"],"picked":"testmod-InjuryResistance"},{"not_picked":[]}],"items_purged_floors":[14,14,19,24,29,39,44,44,54,58,58],"is_endless":false,"potions_floor_spawned":[1,5,10,16,18,23,28,37,42,47,56],"ascension_level":-20}}