{"host":"8n3a40idg6eftpiu","time":1611819338,"event":{"mods":["Act Like it!","BaseMod","BetterRewards","Block Reminder","Colored Map","Colored Powertips","DeckTracker","GungeonMod","Hallownest","Highlight Path","Hubris","Minty Spire (QoL Compilation)","Practice Mode","Relic Sorter","StSLib","The Blue Laboratory","The Bug Knight","The Necromancer"],"gold_per_floor":[114,114,114,126,126,158,158,83,83,118,132,146,160,9,9,112,112,132,147,246,246,257,288,288,299,299,299,152,152,163,17,17,17,17],"floor_reached":33,"language":"POL","playtime":1110,"items_purged":["Strike_P"],"score":300,"play_id":"7f8d3465-6e9a-45f4-99ce-e12559272cb3","local_time":"20210128083538","is_ascension_mode":false,"campfire_choices":[{"floor":7.0,"key":"RECALL"},{"floor":15.0,"key":"REST"},{"data":"BattleHymn","floor":24.0,"key":"SMITH"},{"floor":27,"key":"REST"},{"floor":29,"key":"REST"},{"data":"DevaForm","floor":32,"key":"SMITH"}],"circlet_count":0,"master_deck":["Strike_P","Strike_P","Defend_P","Defend_P","Defend_P","Defend_P","Eruption+1","Vigilance","Tantrum","EmptyFist","FollowUp","Consecrate","EmptyFist","DevaForm+1","FlurryOfBlows","EmptyBody+1","BattleHymn+1","CrushJoints"],"relics":["PureWater","DemoMod:SerJunkan","DemoMod:Antibody","hubris:EmptyBottle","hubris:TerracottaHorce","Smiling Mask","DemoMod:Junk","Tiny Chest","Oddly Smooth Stone"],"acts_visited":["Exordium","TheCity"],"potions_floor_usage":[25,25,25,33],"damage_taken":[{"damage":2.0,"enemies":"Small Slimes","floor":1.0,"turns":5.0},{"damage":0.0,"enemies":"2 Louse","floor":4.0,"turns":1.0},{"damage":26.0,"enemies":"Lagavulin","floor":6.0,"turns":4.0},{"damage":23.0,"enemies":"Gremlin Nob","floor":10.0,"turns":4.0},{"damage":0.0,"enemies":"Jaw Worm","floor":11.0,"turns":2.0},{"damage":4.0,"enemies":"Lots of Slimes","floor":12.0,"turns":3.0},{"damage":0.0,"enemies":"Red Slaver","floor":13.0,"turns":2.0},{"damage":21.0,"enemies":"Hexaghost","floor":16.0,"turns":8.0},{"damage":11.0,"enemies":"3 Byrds","floor":18.0,"turns":5.0},{"damage":16.0,"enemies":"Shell Parasite","floor":19.0,"turns":3.0},{"damage":8.0,"enemies":"Centurion and Healer","floor":22.0,"turns":3.0},{"damage":30.0,"enemies":"HollowMod:Nosk","floor":23.0,"turns":7.0},{"damage":20,"enemies":"Shelled Parasite and Fungi","floor":25,"turns":4},{"damage":14,"enemies":"Snake Plant","floor":30,"turns":4},{"damage":64,"enemies":"Champ","floor":33,"turns":6}],"seed_played":"7370622603879342802","potions_obtained":[{"floor":10.0,"key":"ColorlessPotion"},{"floor":12.0,"key":"EssenceOfSteel"},{"floor":13.0,"key":"blueLaboratory:FruitPunch"},{"floor":18.0,"key":"SpeedPotion"},{"floor":23.0,"key":"ColorlessPotion"},{"floor":25,"key":"blueLaboratory:Moonshine"}],"is_trial":false,"path_per_floor":["M","?","?","M","?","E","R","$","T","E","M","M","M","$","R","B",null,"M","M","?","?","M","E","R","M","T","R","$","R","M","$","R","B"],"character_chosen":"WATCHER","items_purchased":["hubris:EmptyBottle","Tiny Chest","Oddly Smooth Stone"],"campfire_rested":3,"item_purchase_floors":[14,28,31],"current_hp_per_floor":[77,82,75,75,75,49,49,49,49,26,26,22,22,22,47,32,88,77,61,61,61,53,23,23,3,3,29,29,55,41,41,41,0,0],"gold":17,"neow_bonus":"TEN_PERCENT_HP_BONUS","is_daily":false,"chose_seed":false,"campfire_upgraded":2,"win_rate":0.0,"timestamp":1611819338,"path_taken":["M","?","?","M","?","E","R","?","T","E","M","M","?","$","R","BOSS","M","M","?","?","M","E","R","M","T","R","$","R","M","$","R","BOSS"],"items_purchased_type":["Relic","Relic","Relic"],"build_version":"2020-12-22","purchased_purges":1,"victory":false,"max_hp_per_floor":[79,84,84,84,84,84,84,84,84,84,84,84,84,84,84,88,88,88,88,88,88,88,88,88,88,88,88,88,88,88,88,88,88,88],"card_choices":[{"not_picked":["FollowUp","Evaluate"],"picked":"Tantrum","floor":1.0},{"not_picked":["Weave","CutThroughFate"],"picked":"EmptyFist","floor":4.0},{"not_picked":["FlyingSleeves","WindmillStrike","PathToVictory"],"picked":"SKIP","floor":6.0},{"not_picked":["ReachHeaven","BowlingBash","Wallop"],"picked":"SKIP","floor":10.0},{"not_picked":["JustLucky","Crescendo"],"picked":"FollowUp","floor":11.0},{"not_picked":["Perseverance","InnerPeace"],"picked":"Consecrate","floor":12.0},{"not_picked":["ClearTheMind","Prostrate"],"picked":"EmptyFist","floor":13.0},{"not_picked":["Omniscience","Blasphemy"],"picked":"DevaForm","floor":16.0},{"not_picked":["Perseverance","JustLucky"],"picked":"FlurryOfBlows","floor":18.0},{"not_picked":["BowlingBash","CutThroughFate","CrushJoints"],"picked":"SKIP","floor":19.0},{"not_picked":["SashWhip","CutThroughFate"],"picked":"EmptyBody+1","floor":22.0},{"not_picked":["CutThroughFate+1","Brilliance"],"picked":"BattleHymn","floor":23.0},{"not_picked":["DeceiveReality","TalkToTheHand+1","SashWhip"],"picked":"SKIP","floor":25},{"not_picked":["Study","Evaluate"],"picked":"CrushJoints","floor":30}],"player_experience":243706,"relics_obtained":[{"floor":6.0,"key":"DemoMod:SerJunkan"},{"floor":10.0,"key":"DemoMod:Antibody"},{"floor":23.0,"key":"DemoMod:Junk"},{"floor":26,"key":"DemoMod:Junk"}],"event_choices":[{"damage_healed":0.0,"max_hp_gain":5.0,"max_hp_loss":0.0,"gold_gain":0.0,"event_name":"Big Fish","player_choice":"Donut","floor":2.0,"gold_loss":0.0,"damage_taken":0.0},{"cards_removed":["Strike_P"],"damage_healed":0.0,"max_hp_gain":0.0,"max_hp_loss":0.0,"gold_gain":0.0,"event_name":"Golden Wing","player_choice":"Card Removal","floor":3.0,"gold_loss":0.0,"damage_taken":7.0},{"damage_healed":0.0,"max_hp_gain":0.0,"max_hp_loss":0.0,"gold_gain":0.0,"event_name":"Living Wall","player_choice":"Grow","floor":5.0,"gold_loss":0.0,"damage_taken":0.0,"cards_upgraded":["Eruption"]},{"damage_healed":0.0,"max_hp_gain":0.0,"max_hp_loss":0.0,"gold_gain":99.0,"event_name":"Nest","player_choice":"Stole From Cult","floor":20.0,"gold_loss":0.0,"damage_taken":0.0},{"damage_healed":0.0,"max_hp_gain":0.0,"max_hp_loss":0.0,"gold_gain":0.0,"event_name":"The Mausoleum","player_choice":"Opened","floor":21.0,"gold_loss":0.0,"damage_taken":0.0,"relics_obtained":["Smiling Mask"]}],"is_beta":false,"boss_relics":[{"not_picked":["hubris:Stopwatch","Velvet Choker"],"picked":"hubris:TerracottaHorce"}],"items_purged_floors":[8],"is_endless":false,"potions_floor_spawned":[10,12,13,18,23,25],"killed_by":"Champ","ascension_level":0}}