{"host":"1445u9fdo06cpl2a","time":1611866395,"event":{"mods":["AchievementEnabler","Aspiration","Astrologer","Bard","BaseMod","Better Skull","BetterRewards","Colored Map","Colored Powertips","Conspire","Curses Come First","DeckTracker","Duelist Mod","GifTheSpireLib","GungeonMod","Halation","Hermit","Highlight Path","Hubris","Infinite Spire","Minty Spire (QoL Compilation)","Permanent Neow","Random Character Button","Rare Cards Sparkle","Replay The Spire","Shop Mod","Spire Arcade","StSLib","Stuff the Spire","Td1madao Mod","The Blackbeard","The Bladedancer","The Construct","The Cursed","The Forsaken","The Gatherer","The Hierophant","The Marked","The Mystic","The Necromancer","The Poker Player","The Runesmith","The Saiyan"],"gold_per_floor":[119,119,137,137,37,72,72,72,72,72,105,118,149,159,159,159,159],"floor_reached":16,"language":"ENG","playtime":1813,"items_purged":[],"score":118,"play_id":"a44e1d64-f8b1-4ba6-ab4b-c624e4b01f4b","local_time":"20210128203955","is_ascension_mode":false,"campfire_choices":[{"data":"Ghostly","floor":7,"key":"SMITH"},{"floor":15,"key":"REST"}],"circlet_count":0,"master_deck":["astrologer:Strike","astrologer:Strike","astrologer:Strike","astrologer:Defend","astrologer:Defend","astrologer:Defend","astrologer:Defend","astrologer:NorthStar","astrologer:TheHierophant","astrologer:CometStrike","Regret","Ghostly+1","astrologer:GlassStar","astrologer:TheFool","hierophant:Encroach","theDuelist:ClownZombie"],"relics":["astrologer:SkyMirror","halation:BlueSoulGem","DemoMod:Relodestone","Kunai","PrismaticShard","StuffTheSpire:Mouthbags","infinitespire:FocusingShard","Eternal Feather"],"acts_visited":["Exordium"],"potions_floor_usage":[11,16],"damage_taken":[{"damage":0,"enemies":"Small Slimes","floor":1,"turns":4},{"damage":0,"enemies":"Cultist","floor":3,"turns":4},{"damage":45,"enemies":"3 Sentries","floor":6,"turns":13},{"damage":31,"enemies":"Lagavulin","floor":11,"turns":8},{"damage":0,"enemies":"2 Louse","floor":12,"turns":2},{"damage":29,"enemies":"3 Sentries","floor":13,"turns":11},{"damage":1,"enemies":"Blue Slaver","floor":14,"turns":3},{"damage":74,"enemies":"Fading Forest","floor":16,"turns":10}],"seed_played":"4886458602292936198","potions_obtained":[{"floor":1,"key":"Block Potion"},{"floor":6,"key":"Adrenaline Potion"}],"is_trial":false,"path_per_floor":["M","?","M","?","?","E","R","?","T","?","E","M","E","M","R","B"],"character_chosen":"ASTROLOGER","items_purchased":[],"campfire_rested":1,"item_purchase_floors":[],"current_hp_per_floor":[70,70,70,70,70,25,25,25,25,70,39,39,10,9,39,0,0],"gold":159,"neow_bonus":"REMOVE_CARD","is_daily":false,"chose_seed":false,"campfire_upgraded":1,"win_rate":0.0,"timestamp":1611866395,"path_taken":["M","?","M","?","?","E","R","?","T","?","E","M","E","M","R","BOSS"],"items_purchased_type":[],"build_version":"2020-12-22","purchased_purges":0,"victory":false,"max_hp_per_floor":[70,70,70,70,70,70,70,70,70,70,70,70,70,70,70,70,70],"card_choices":[{"not_picked":["astrologer:Stardust","astrologer:MeteorShower"],"picked":"astrologer:TheHierophant","floor":1},{"not_picked":["astrologer:Opposition","astrologer:Eclipse"],"picked":"astrologer:CometStrike","floor":3},{"not_picked":["astrologer:Temperance","astrologer:SpaceDust"],"picked":"astrologer:GlassStar","floor":6},{"not_picked":["mysticmod:Grease","theDuelist:BerserkerSoul"],"picked":"hierophant:Encroach","floor":11},{"not_picked":["theDuelist:Kabazauls","theDuelist:ManEaterBug","blademaster:Thrust"],"picked":"SKIP","floor":12},{"not_picked":["Deflect","theDuelist:Nameless:Magic:NaturalDisaster"],"picked":"theDuelist:ClownZombie","floor":13},{"not_picked":["construct:Boost","DemoMod:GunShield","theDuelist:ExodiaLL"],"picked":"SKIP","floor":14}],"player_experience":123611,"relics_obtained":[{"floor":6,"key":"Kunai"},{"floor":9,"key":"StuffTheSpire:Mouthbags"},{"floor":11,"key":"infinitespire:FocusingShard"},{"floor":13,"key":"Eternal Feather"}],"event_choices":[{"damage_healed":0,"gold_gain":0,"player_choice":"Box","damage_taken":0,"relics_obtained":["DemoMod:Relodestone"],"max_hp_gain":0,"max_hp_loss":0,"event_name":"Big Fish","floor":4,"gold_loss":0,"cards_obtained":["Regret"]},{"damage_healed":0,"gold_gain":0,"player_choice":"Argue","damage_taken":0,"max_hp_gain":0,"max_hp_loss":0,"event_name":"conspire:LoneGhost","floor":5,"gold_loss":0},{"damage_healed":45,"gold_gain":0,"player_choice":"Full Heal","damage_taken":0,"max_hp_gain":0,"max_hp_loss":0,"event_name":"Wheel of Change","floor":10,"gold_loss":0}],"is_beta":false,"boss_relics":[],"items_purged_floors":[],"is_endless":false,"potions_floor_spawned":[1,6],"killed_by":"Fading Forest","ascension_level":0}}