{"host":"c6u7e77myxvw4d0m","time":1611816958,"event":{"mods":["AchievementEnabler","BaseMod","Bestiary","Colored Map","Colored Powertips","Minty Spire (QoL Compilation)","Rare Cards Sparkle","Relic Stats","everything is the same but u backflip on backflip"],"gold_per_floor":[113,128,24,42,56,90,90,123,148,31,41,66,66,66,66,143,143,162,189,203,215,37,65,65,65,65,65,82,100,100,110,110,189,189,201,217,234,234,252,281,291,306,332,332,97,97,97],"floor_reached":46,"language":"ENG","playtime":3366,"items_purged":["Strike_R","Strike_R"],"score":890,"play_id":"a72faffc-9b8e-417c-85f1-94a027f15a02","local_time":"20210128085558","is_ascension_mode":true,"campfire_choices":[{"data":"Flame Barrier","floor":7,"key":"SMITH"},{"floor":13,"key":"REST"},{"floor":15,"key":"REST"},{"data":"Whirlwind","floor":24,"key":"SMITH"},{"data":"Flame Barrier","floor":30,"key":"SMITH"},{"data":"Rampage","floor":32,"key":"SMITH"}],"circlet_count":0,"master_deck":["AscendersBane","Strike_R","Strike_R","Strike_R","Defend_R+1","Defend_R","Defend_R","Defend_R","Bash","Rampage+1","Offering+1","Whirlwind+1","Flame Barrier+1","Clothesline","Headbutt","Carnage","Burning Pact","Reaper","Flame Barrier+1","Feel No Pain","Shrug It Off","Battle Trance","Fire Breathing+1","Shockwave","Double Tap","Dual Wield","Headbutt+1","Immolate","Inflame"],"relics":["Sozu","Mercury Hourglass","War Paint","Vajra","Pear","Singing Bowl","Philosopher\u0027s Stone","Red Mask","Bottled Flame","Pantograph","Snecko Eye","Strawberry","Smiling Mask","Bronze Scales"],"acts_visited":["Exordium","TheCity","TheBeyond"],"potions_floor_usage":[],"damage_taken":[{"damage":5,"enemies":"Small Slimes","floor":1,"turns":3},{"damage":0,"enemies":"Cultist","floor":2,"turns":2},{"damage":0,"enemies":"2 Louse","floor":4,"turns":2},{"damage":6,"enemies":"Blue Slaver","floor":5,"turns":1},{"damage":8,"enemies":"3 Sentries","floor":6,"turns":7},{"damage":10,"enemies":"Gremlin Nob","floor":8,"turns":4},{"damage":1,"enemies":"3 Louse","floor":11,"turns":2},{"damage":21,"enemies":"Lagavulin","floor":12,"turns":5},{"damage":23,"enemies":"Hexaghost","floor":16,"turns":9},{"damage":10,"enemies":"Chosen","floor":18,"turns":4},{"damage":8,"enemies":"Masked Bandits","floor":19,"turns":3},{"damage":0,"enemies":"3 Byrds","floor":20,"turns":3},{"damage":21,"enemies":"3 Cultists","floor":21,"turns":4},{"damage":25,"enemies":"Slavers","floor":23,"turns":4},{"damage":8,"enemies":"Snake Plant","floor":28,"turns":4},{"damage":7,"enemies":"Cultist and Chosen","floor":29,"turns":5},{"damage":0,"enemies":"3 Cultists","floor":31,"turns":2},{"damage":90,"enemies":"Champ","floor":33,"turns":13},{"damage":0,"enemies":"3 Darklings","floor":35,"turns":2},{"damage":0,"enemies":"3 Shapes","floor":36,"turns":1},{"damage":19,"enemies":"3 Darklings","floor":37,"turns":5},{"damage":20,"enemies":"4 Shapes","floor":39,"turns":2},{"damage":17,"enemies":"Reptomancer","floor":40,"turns":5},{"damage":37,"enemies":"Spire Growth","floor":41,"turns":5},{"damage":0,"enemies":"Transient","floor":42,"turns":5},{"damage":44,"enemies":"Nemesis","floor":46,"turns":2}],"seed_played":"-6703643439401357084","potions_obtained":[],"is_trial":false,"path_per_floor":["M","M","?","M","M","E","R","E","T","$","M","E","R","?","R","B",null,"M","?","M","M","$","E","R","?","T","?","M","M","R","M","R","B",null,"M","M","M","?","M","E","M","M","T","?","$","E"],"character_chosen":"IRONCLAD","items_purchased":["Carnage","Burning Pact","Shrug It Off","Battle Trance","Bronze Scales","Inflame"],"campfire_rested":2,"item_purchase_floors":[10,10,22,22,45,45],"current_hp_per_floor":[63,63,63,63,57,49,49,39,39,39,38,27,52,34,59,36,73,70,77,87,68,68,49,49,32,32,63,60,58,58,72,72,7,75,77,79,67,67,49,53,16,25,25,27,27,0,0],"gold":97,"neow_bonus":"BOSS_RELIC","is_daily":false,"chose_seed":false,"campfire_upgraded":4,"win_rate":0.0,"timestamp":1611816958,"path_taken":["M","M","?","M","M","E","R","E","T","?","M","E","R","?","R","BOSS","M","?","M","M","$","E","R","?","T","?","M","?","R","M","R","BOSS","M","M","M","?","M","E","M","M","T","?","$","E"],"items_purchased_type":["Card","Card","Card","Card","Relic","Card"],"build_version":"2020-12-22","purchased_purges":2,"victory":false,"max_hp_per_floor":[75,75,75,75,75,75,75,75,75,75,75,85,85,85,85,85,85,85,85,87,89,89,89,89,94,94,94,94,96,96,98,98,98,98,100,102,102,97,99,106,106,108,108,110,110,110,110],"relic_stats":{"Sozu":11,"Singing Bowl":18,"counters":[26,100],"Pantograph":25,"Bronze Scales":[9],"Snecko Eye":[35,50,46,49],"War Paint":["Defend_R","Offering"],"Smiling Mask":50,"obtain_stats":[{"Pear":12,"Singing Bowl":14,"Vajra":8,"War Paint":6,"Smiling Mask":43,"Burning Blood":0,"Mercury Hourglass":3,"Sozu":0,"Bottled Flame":23,"Pantograph":26,"Strawberry":40,"Bronze Scales":45,"Snecko Eye":34,"Philosopher\u0027s Stone":17,"Red Mask":19},{"Pear":8,"Singing Bowl":8,"Vajra":6,"War Paint":5,"Smiling Mask":25,"Burning Blood":0,"Mercury Hourglass":2,"Sozu":0,"Bottled Flame":14,"Pantograph":14,"Strawberry":23,"Bronze Scales":25,"Snecko Eye":18,"Philosopher\u0027s Stone":9,"Red Mask":11},{"Pear":24,"Singing Bowl":24,"Vajra":19,"War Paint":15,"Smiling Mask":98,"Burning Blood":0,"Mercury Hourglass":5,"Sozu":0,"Bottled Flame":51,"Pantograph":51,"Strawberry":88,"Bronze Scales":98,"Snecko Eye":74,"Philosopher\u0027s Stone":33,"Red Mask":40}],"Mercury Hourglass":[416]},"card_choices":[{"not_picked":["Anger","Headbutt"],"picked":"Rampage","floor":1},{"not_picked":["Wild Strike","Havoc"],"picked":"Offering","floor":2},{"not_picked":["Anger","Thunderclap"],"picked":"Whirlwind","floor":4},{"not_picked":["Shrug It Off","Thunderclap"],"picked":"Flame Barrier","floor":5},{"not_picked":["Juggernaut","Sever Soul"],"picked":"Clothesline","floor":6},{"not_picked":["Clothesline","Wild Strike"],"picked":"Headbutt","floor":8},{"not_picked":["Whirlwind","Clothesline","Blood for Blood"],"picked":"SKIP","floor":11},{"not_picked":["Rampage","Hemokinesis","Intimidate"],"picked":"SKIP","floor":12},{"not_picked":["Impervious","Bludgeon"],"picked":"Reaper","floor":16},{"not_picked":["Twin Strike","Warcry+1"],"picked":"Flame Barrier","floor":18},{"not_picked":["Heavy Blade","Clash+1"],"picked":"Feel No Pain","floor":19},{"not_picked":["Heavy Blade","Perfected Strike","Pummel"],"picked":"Singing Bowl","floor":20},{"not_picked":["Headbutt","Second Wind","Clash"],"picked":"Singing Bowl","floor":21},{"not_picked":["Impervious","True Grit"],"picked":"Fire Breathing+1","floor":23},{"not_picked":["Second Wind","Sword Boomerang"],"picked":"Shockwave","floor":28},{"not_picked":["Armaments","Rupture","Shockwave"],"picked":"Singing Bowl","floor":29},{"not_picked":["Clothesline","Headbutt","Second Wind"],"picked":"Singing Bowl","floor":31},{"not_picked":["Bludgeon","Fiend Fire"],"picked":"Double Tap","floor":33},{"not_picked":["Rupture","Burning Pact","Warcry"],"picked":"Singing Bowl","floor":35},{"not_picked":["Headbutt","Infernal Blade+1","Sword Boomerang+1"],"picked":"Singing Bowl","floor":36},{"not_picked":["Battle Trance+1","Blood for Blood"],"picked":"Dual Wield","floor":37},{"not_picked":["Armaments","Warcry+1","Havoc"],"picked":"Singing Bowl","floor":39},{"not_picked":["Perfected Strike+1","Pommel Strike"],"picked":"Headbutt+1","floor":40},{"not_picked":["Pommel Strike","Seeing Red"],"picked":"Immolate","floor":41},{"not_picked":["Cleave","Clothesline","Carnage"],"picked":"Singing Bowl","floor":42},{"not_picked":["Panacea","Swift Strike","PanicButton"],"picked":"Singing Bowl","floor":44}],"player_experience":527905,"relics_obtained":[{"floor":6,"key":"War Paint"},{"floor":8,"key":"Vajra"},{"floor":12,"key":"Pear"},{"floor":19,"key":"Red Mask"},{"floor":23,"key":"Bottled Flame"},{"floor":26,"key":"Pantograph"},{"floor":40,"key":"Strawberry"},{"floor":43,"key":"Smiling Mask"}],"event_choices":[{"damage_healed":0,"gold_gain":0,"player_choice":"Paid Gold","damage_taken":0,"relics_obtained":["Mercury Hourglass"],"max_hp_gain":0,"max_hp_loss":0,"event_name":"WeMeetAgain","floor":3,"gold_loss":104},{"damage_healed":0,"gold_gain":0,"player_choice":"Success","damage_taken":18,"relics_obtained":["Singing Bowl"],"max_hp_gain":0,"max_hp_loss":0,"event_name":"Scrap Ooze","floor":14,"gold_loss":0},{"damage_healed":0,"gold_gain":0,"player_choice":"Fought Bandits","damage_taken":0,"max_hp_gain":0,"max_hp_loss":0,"event_name":"Masked Bandits","floor":19,"gold_loss":0},{"damage_healed":0,"gold_gain":0,"player_choice":"Shed Blood","damage_taken":22,"max_hp_gain":5,"max_hp_loss":0,"event_name":"Forgotten Altar","floor":25,"gold_loss":0},{"damage_healed":31,"gold_gain":0,"player_choice":"Heal","damage_taken":0,"max_hp_gain":0,"max_hp_loss":0,"event_name":"The Library","floor":27,"gold_loss":0},{"damage_healed":0,"gold_gain":0,"player_choice":"Max HP","damage_taken":0,"max_hp_gain":0,"max_hp_loss":5,"event_name":"Winding Halls","floor":38,"gold_loss":0},{"damage_healed":0,"gold_gain":0,"player_choice":"Memory 1","damage_taken":0,"max_hp_gain":0,"max_hp_loss":0,"event_name":"SensoryStone","floor":44,"gold_loss":0}],"is_beta":false,"boss_relics":[{"not_picked":["Tiny House","Runic Dome"],"picked":"Philosopher\u0027s Stone"},{"not_picked":["Astrolabe","Pandora\u0027s Box"],"picked":"Snecko Eye"}],"items_purged_floors":[22,45],"is_endless":false,"potions_floor_spawned":[1,5,8,11,21,28,33,35,37,39,42],"killed_by":"Nemesis","ascension_level":14}}