{"host":"tp44ibfkhs2l94sg","time":1611815017,"event":{"mods":["BaseMod","Downfall","Minty Spire (QoL Compilation)","StSLib"],"gold_per_floor":[99,111,164,9,24,50,50,50,62,81,95,95,122,132,142,245,245,245,261,261,277,301,36,62,74,74,85,85,103,103,129,145,241,241,241,256,267,24,42,52,123,158,169,195,207,269,269,294,316,316],"floor_reached":51,"language":"ENG","playtime":14201,"items_purged":[],"score":772,"play_id":"f3fd843d-7f41-4f5f-aed6-0f01068ea086","local_time":"20210127222337","is_ascension_mode":false,"campfire_choices":[{"data":"Slimebound:Split","floor":1.0,"key":"SMITH"},{"data":"Slimebound:GoopSpray","floor":12.0,"key":"SMITH"},{"data":"Slimebound:SelfFormingGoo","floor":18.0,"key":"SMITH"},{"data":"expansioncontent:QuickStudy","floor":28.0,"key":"SMITH"},{"data":"Slimebound:CorrosiveSpit","floor":30.0,"key":"SMITH"},{"floor":35.0,"key":"RECALL"},{"floor":47.0,"key":"REST"}],"circlet_count":0,"master_deck":["Slimebound:Strike_Slimebound+1","Slimebound:Strike_Slimebound+1","Slimebound:Tackle","Slimebound:Defend_Slimebound+1","Slimebound:Defend_Slimebound+1","Slimebound:Defend_Slimebound+1","Slimebound:Split+1","Slimebound:CorrosiveSpit+1","Slimebound:GoopSpray+1","Slimebound:LivingWall","Slimebound:LivingWall","Slimebound:SpikyOuterGoop","Slimebound:LeechingTouch","Slimebound:Grow","Slimebound:SplitAcid","Slimebound:SplitLeeching","Slimebound:FinishingTackle","Slimebound:Repurpose","Slimebound:SplitBruiser","Slimebound:SplitLeeching","Slimebound:SelfFormingGoo+1","Slimebound:LeechingTouch+1","Slimebound:MassRepurpose","expansioncontent:QuickStudy+1","Slimebound:SplitAcid+1","Slimebound:SplitBruiser","Slimebound:SelfFormingGoo","Slimebound:SlimeSpikes+1","Slimebound:SplitMire","Slimebound:AcidTongue+1","Slimebound:Gluttony","Slimebound:SplitAcid","Slimebound:LevelUp","Slimebound:MegaLick","Slimebound:Repurpose","Slimebound:SplitBruiser+1","Slimebound:SplitBruiser"],"relics":["Slimebound:AbsorbEndCombat","Bag of Preparation","The Courier","Ice Cream","Shuriken","Velvet Choker","Omamori","Sling","Blood Vial","Peace Pipe","Cursed Key","Strange Spoon","CeramicFish","TungstenRod","Nunchaku"],"acts_visited":["Exordium","TheCity","TheBeyond"],"potions_floor_usage":[],"damage_taken":[{"damage":1.0,"enemies":"Cultist","floor":2.0,"turns":3.0},{"damage":3.0,"enemies":"downfall:FleeingMerchant","floor":4.0,"turns":4.0},{"damage":3.0,"enemies":"Small Slimes","floor":5.0,"turns":3.0},{"damage":12.0,"enemies":"Lagavulin","floor":6.0,"turns":7.0},{"damage":0.0,"enemies":"2 Louse","floor":9.0,"turns":3.0},{"damage":0.0,"enemies":"2 Fungi Beasts","floor":10.0,"turns":3.0},{"damage":5.0,"enemies":"Lots of Slimes","floor":11.0,"turns":6.0},{"damage":22.0,"enemies":"Gremlin Nob","floor":13.0,"turns":4.0},{"damage":14.0,"enemies":"Gremlin Gang","floor":14.0,"turns":4.0},{"damage":8.0,"enemies":"Exordium Wildlife","floor":15.0,"turns":6.0},{"damage":21.0,"enemies":"DF_ARCHETYPE_STREAMLINE","floor":16.0,"turns":11.0},{"damage":8.0,"enemies":"Shell Parasite","floor":19.0,"turns":5.0},{"damage":23.0,"enemies":"Chosen and Byrds","floor":21.0,"turns":8.0},{"damage":2.0,"enemies":"downfall:FleeingMerchant","floor":23.0,"turns":4.0},{"damage":9.0,"enemies":"3 Cultists","floor":25.0,"turns":6.0},{"damage":2.0,"enemies":"Snake Plant","floor":27.0,"turns":4.0},{"damage":2.0,"enemies":"Cultist and Chosen","floor":29.0,"turns":5.0},{"damage":17.0,"enemies":"Book of Stabbing","floor":31.0,"turns":5.0},{"damage":10.0,"enemies":"Sentry and Sphere","floor":32.0,"turns":4.0},{"damage":26.0,"enemies":"IC_MUSHROOM_ARCHETYPE","floor":33.0,"turns":6.0},{"damage":2.0,"enemies":"3 Shapes","floor":36.0,"turns":4.0},{"damage":0.0,"enemies":"Orb Walker","floor":37.0,"turns":4.0},{"damage":6.0,"enemies":"downfall:FleeingMerchant","floor":38.0,"turns":4.0},{"damage":30.0,"enemies":"Maw","floor":39.0,"turns":6.0},{"damage":16.0,"enemies":"Transient","floor":40.0,"turns":5.0},{"damage":6.0,"enemies":"Giant Head","floor":42.0,"turns":8.0},{"damage":0.0,"enemies":"3 Darklings","floor":43.0,"turns":2.0},{"damage":30.0,"enemies":"Sphere and 2 Shapes","floor":44.0,"turns":5.0},{"damage":29.0,"enemies":"Spire Growth","floor":45.0,"turns":5.0},{"damage":55.0,"enemies":"2 Orb Walkers","floor":46.0,"turns":5.0},{"damage":33.0,"enemies":"Reptomancer","floor":48.0,"turns":7.0},{"damage":26.0,"enemies":"Transient","floor":49.0,"turns":5.0},{"damage":39,"enemies":"WA_ARCHETYPE_DIVINITY","floor":50,"turns":16}],"seed_played":"-740252239986664915","potions_obtained":[{"floor":2.0,"key":"sneckomod:MuddlingPotion"},{"floor":9.0,"key":"Swift Potion"},{"floor":10.0,"key":"Block Potion"},{"floor":13.0,"key":"SpeedPotion"},{"floor":14.0,"key":"ColorlessPotion"},{"floor":19.0,"key":"Regen Potion"},{"floor":25.0,"key":"Fire Potion"},{"floor":32.0,"key":"Energy Potion"},{"floor":39.0,"key":"SkillPotion"},{"floor":43.0,"key":"SteroidPotion"},{"floor":44.0,"key":"Dexterity Potion"},{"floor":45.0,"key":"SpeedPotion"},{"floor":48.0,"key":"Slimebound:SlimedPotion"}],"is_trial":false,"path_per_floor":["R","M","T","$","M","E","T","?","M","M","M","R","E","M","M","B",null,"R","M","?","M","T","$","T","M","?","M","R","M","R","E","M","B",null,"R","M","M","?","M","M","T","E","M","M","M","?","R","E","M","B",null],"character_chosen":"SLIMEBOUND","items_purchased":["Slimebound:LivingWall","Slimebound:SpikyOuterGoop","Slimebound:LeechingTouch","expansioncontent:QuickStudy","Sling","Strange Spoon","Slimebound:Gluttony","Slimebound:SplitAcid"],"campfire_rested":1,"item_purchase_floors":[4,4,4,23,23,38,38,38],"current_hp_per_floor":[71,71,71,71,71,65,65,65,67,71,70,70,48,40,38,25,71,71,65,65,55,55,55,55,56,56,58,58,66,66,57,53,37,71,71,71,71,67,47,41,41,45,47,25,14,14,35,12,32,3],"gold":316,"neow_bonus":"TEN_PERCENT_HP_BONUS","is_daily":false,"chose_seed":false,"campfire_upgraded":5,"win_rate":0.0,"timestamp":1611815017,"path_taken":["R","M","?","$","M","E","T","?","?","M","M","R","E","M","M","BOSS","R","M","?","?","?","$","T","M","?","M","R","M","R","E","M","BOSS","R","M","M","?","M","M","T","E","M","M","M","?","R","E","M","BOSS"],"items_purchased_type":["Card","Card","Card","Card","Relic","Relic","Card","Card"],"build_version":"2020-12-22","purchased_purges":0,"victory":true,"max_hp_per_floor":[71,71,71,71,71,71,71,71,71,71,71,71,71,71,71,71,71,71,71,71,71,71,71,71,71,71,71,71,71,71,71,71,71,71,71,71,71,71,71,71,71,71,71,71,71,71,71,71,71,71],"card_choices":[{"not_picked":["Slimebound:Equalize","Slimebound:AcidTongue"],"picked":"Slimebound:GoopSpray","floor":2.0},{"not_picked":["Slimebound:DisruptingSlam","Slimebound:SplitBruiser"],"picked":"Slimebound:LivingWall","floor":4.0},{"not_picked":["Slimebound:Prepare","Slimebound:FinishingTackle"],"picked":"Slimebound:Grow","floor":5.0},{"not_picked":["Slimebound:LeadByExample","Slimebound:ForwardTackle"],"picked":"Slimebound:SplitAcid","floor":6.0},{"not_picked":["Slimebound:Prepare","Slimebound:SpikyOuterGoop"],"picked":"Slimebound:SplitLeeching","floor":9.0},{"not_picked":["Slimebound:ItLooksTasty","Slimebound:GrowthPunch"],"picked":"Slimebound:FinishingTackle","floor":10.0},{"not_picked":["Slimebound:LeechLife","Slimebound:SplitMire"],"picked":"Slimebound:Repurpose","floor":11.0},{"not_picked":["Slimebound:SamplingLick","Slimebound:Prepare","Slimebound:GoopTackle"],"picked":"SKIP","floor":13.0},{"not_picked":["Slimebound:ComboTackle","Slimebound:ItLooksTasty"],"picked":"Slimebound:SplitBruiser","floor":14.0},{"not_picked":["Slimebound:FirmFortitude","Slimebound:SamplingLick"],"picked":"Slimebound:SplitLeeching","floor":15.0},{"not_picked":["Slimebound:MassFeed","Slimebound:SlimeSlap"],"picked":"Slimebound:SelfFormingGoo","floor":16.0},{"not_picked":["Slimebound:GoopSpray+1","Slimebound:SamplingLick"],"picked":"Slimebound:LeechingTouch+1","floor":19.0},{"not_picked":["Slimebound:LivingWall","Slimebound:DisruptingSlam","Slimebound:SlimeSpikes"],"picked":"SKIP","floor":21.0},{"not_picked":["Slimebound:RejuvenatingLick","Slimebound:RainOfGoop"],"picked":"Slimebound:MassRepurpose","floor":23.0},{"not_picked":["Slimebound:Schlurp+1","Slimebound:ComboTackle"],"picked":"Slimebound:SplitAcid+1","floor":25.0},{"not_picked":["Slimebound:ItLooksTasty","Slimebound:SlimeSpikes","Slimebound:GrowthPunch"],"picked":"SKIP","floor":27.0},{"not_picked":["Slimebound:LivingWall","Slimebound:Schlurp"],"picked":"Slimebound:SplitBruiser","floor":29.0},{"not_picked":["Slimebound:GoopTackle","Slimebound:SlimeBarrage","Slimebound:Prepare"],"picked":"SKIP","floor":31.0},{"not_picked":["Slimebound:Prepare","Slimebound:LeechingTouch","Slimebound:Overexert"],"picked":"SKIP","floor":32.0},{"not_picked":["Slimebound:MassFeed","Slimebound:PrepareCrush"],"picked":"Slimebound:SelfFormingGoo","floor":33.0},{"not_picked":["Slimebound:LeechEnergy+1","Slimebound:Grow"],"picked":"Slimebound:SlimeSpikes+1","floor":36.0},{"not_picked":["Slimebound:RollThrough+1","Slimebound:Chomp+1"],"picked":"Slimebound:SplitMire","floor":37.0},{"not_picked":["Slimebound:LeechEnergy","Slimebound:DisruptingSlam+1"],"picked":"Slimebound:AcidTongue+1","floor":38.0},{"not_picked":["Slimebound:GrowthPunch+1","Slimebound:SlimeSpikes+1"],"picked":"Slimebound:LevelUp","floor":39.0},{"not_picked":["Slimebound:ItLooksTasty","Slimebound:Grow+1","Slimebound:HauntingLick+1"],"picked":"SKIP","floor":40.0},{"not_picked":["Slimebound:Schlurp","Slimebound:Dissolve+1"],"picked":"Slimebound:MegaLick","floor":42.0},{"not_picked":["Slimebound:AcidTongue","Slimebound:ViciousTackle","Slimebound:GoopTackle"],"picked":"SKIP","floor":43.0},{"not_picked":["Slimebound:Schlurp","Slimebound:LeechEnergy"],"picked":"Slimebound:Repurpose","floor":44.0},{"not_picked":["Slimebound:MassFeed","Slimebound:ItLooksTasty+1","Slimebound:FinishingTackle"],"picked":"SKIP","floor":45.0},{"not_picked":["Slimebound:LeechEnergy","Slimebound:ComboTackle"],"picked":"Slimebound:SplitBruiser+1","floor":46.0},{"not_picked":["Slimebound:SlimeTap+1","Slimebound:ComboTackle+1","Slimebound:Equalize"],"picked":"SKIP","floor":48.0},{"not_picked":["Slimebound:MassFeed","Slimebound:LevelUp"],"picked":"Slimebound:SplitBruiser","floor":49.0}],"player_experience":1089563,"relics_obtained":[{"floor":3.0,"key":"Bag of Preparation"},{"floor":6.0,"key":"The Courier"},{"floor":7.0,"key":"Ice Cream"},{"floor":13.0,"key":"Shuriken"},{"floor":22.0,"key":"Omamori"},{"floor":24.0,"key":"Blood Vial"},{"floor":31.0,"key":"Peace Pipe"},{"floor":42.0,"key":"CeramicFish"},{"floor":46.0,"key":"TungstenRod"},{"floor":48.0,"key":"Nunchaku"}],"event_choices":[{"cards_removed":["Slimebound:Defend_Slimebound"],"damage_healed":0.0,"max_hp_gain":0.0,"max_hp_loss":0.0,"gold_gain":0.0,"event_name":"Bonfire Elementals","player_choice":"Offered Basic","floor":8.0,"gold_loss":0.0,"damage_taken":0.0},{"damage_healed":0.0,"max_hp_gain":0.0,"max_hp_loss":0.0,"gold_gain":0.0,"event_name":"Mysterious Sphere","player_choice":"Fight","floor":46.0,"gold_loss":0.0,"damage_taken":0.0}],"is_beta":false,"boss_relics":[{"not_picked":["SacredBark","Empty Cage"],"picked":"Velvet Choker"},{"not_picked":["Calling Bell","Pandora\u0027s Box"],"picked":"Cursed Key"}],"items_purged_floors":[],"is_endless":false,"potions_floor_spawned":[2,9,10,13,14,19,25,32,39,43,44,45,48],"ascension_level":0}}