{"host":"3a1ypf1irl30q4k8","time":1611847485,"event":{"mods":["AchievementEnabler","BaseMod","Bestiary","Colored Map","Minty Spire (QoL Compilation)","Relic Stats"],"gold_per_floor":[116,68,79,79,79,79,98,133,133,133,133,133,150,168,168,266,266,284,199,3,3,23,23,23],"floor_reached":23,"language":"ENG","playtime":1209,"items_purged":["Strike_G"],"score":217,"play_id":"576ada20-637a-4cf6-ad9f-c5ade29aef5f","local_time":"20210128152445","is_ascension_mode":true,"campfire_choices":[{"data":"Leg Sweep","floor":6.0,"key":"SMITH"},{"data":"Poisoned Stab","floor":10.0,"key":"SMITH"},{"floor":15,"key":"REST"}],"circlet_count":0,"master_deck":["Strike_G","Strike_G","Strike_G+1","Defend_G","Defend_G","Defend_G","Defend_G","Defend_G","Survivor","Neutralize+1","Blade Dance","Dagger Spray+1","Leg Sweep+1","Accuracy","Poisoned Stab+1","Deflect","Deadly Poison","Night Terror","Dodge and Roll+1","Deadly Poison","A Thousand Cuts","RitualDagger","Cloak And Dagger"],"relics":["Ring of the Snake","Ancient Tea Set","The Courier","WristBlade","Pen Nib"],"acts_visited":["Exordium","TheCity"],"potions_floor_usage":[16,16,16,22,22,23],"damage_taken":[{"damage":3.0,"enemies":"Jaw Worm","floor":1.0,"turns":3.0},{"damage":0.0,"enemies":"2 Louse","floor":3.0,"turns":2.0},{"damage":0.0,"enemies":"Small Slimes","floor":7.0,"turns":2.0},{"damage":18.0,"enemies":"Gremlin Nob","floor":8.0,"turns":4.0},{"damage":0.0,"enemies":"3 Louse","floor":13.0,"turns":1.0},{"damage":9.0,"enemies":"Red Slaver","floor":14.0,"turns":4.0},{"damage":13,"enemies":"The Guardian","floor":16,"turns":12},{"damage":28,"enemies":"Spheric Guardian","floor":18,"turns":6},{"damage":13,"enemies":"3 Byrds","floor":22,"turns":3},{"damage":44,"enemies":"Slavers","floor":23,"turns":4}],"seed_played":"-7015440801956924742","potions_obtained":[{"floor":7.0,"key":"FearPotion"},{"floor":8.0,"key":"CunningPotion"},{"floor":12.0,"key":"BlessingOfTheForge"},{"floor":12.0,"key":"EntropicBrew"},{"floor":13.0,"key":"Weak Potion"}],"is_trial":false,"path_per_floor":["M","$","M","?","?","R","M","E","T","R","?","?","M","M","R","B",null,"M","?","$","?","M","E"],"character_chosen":"THE_SILENT","items_purchased":["Dagger Spray","Deadly Poison","A Thousand Cuts"],"campfire_rested":1,"item_purchase_floors":[2,20,20],"current_hp_per_floor":[74,74,74,74,59,59,59,41,41,41,34,34,34,25,48,35,77,49,49,49,43,30,0,0],"gold":23,"neow_bonus":"TEN_PERCENT_HP_BONUS","is_daily":false,"chose_seed":false,"campfire_upgraded":2,"win_rate":0.0,"timestamp":1611847485,"path_taken":["M","$","M","?","?","R","M","E","T","R","?","?","M","M","R","BOSS","M","?","$","?","M","E"],"items_purchased_type":["Card","Card","Card"],"build_version":"2020-12-22","purchased_purges":1,"victory":false,"max_hp_per_floor":[77,77,77,77,77,77,77,77,77,77,77,77,77,77,77,77,77,77,77,77,77,77,77,77],"relic_stats":{"counters":[10,41],"Pen Nib":[1],"obtain_stats":[{"WristBlade":17,"The Courier":9,"Pen Nib":19,"Ancient Tea Set":8,"Ring of the Snake":0},{"WristBlade":7,"The Courier":4,"Pen Nib":8,"Ancient Tea Set":4,"Ring of the Snake":0},{"WristBlade":28,"The Courier":11,"Pen Nib":34,"Ancient Tea Set":11,"Ring of the Snake":0}],"Ring of the Snake":[20]},"card_choices":[{"not_picked":["Backflip","Riddle With Holes"],"picked":"Blade Dance","floor":1.0},{"not_picked":["Distraction","Reflex"],"picked":"Leg Sweep","floor":3.0},{"not_picked":["Slice","Quick Slash"],"picked":"Accuracy","floor":7.0},{"not_picked":["Deflect","Blur"],"picked":"Poisoned Stab","floor":8.0},{"not_picked":["Bane","Outmaneuver"],"picked":"Deflect","floor":13.0},{"not_picked":["Masterful Stab","PiercingWail"],"picked":"Deadly Poison","floor":14},{"not_picked":["Grand Finale","Envenom"],"picked":"Night Terror","floor":16},{"not_picked":["Underhanded Strike+1","Acrobatics"],"picked":"Dodge and Roll+1","floor":18},{"not_picked":["Skewer","Outmaneuver"],"picked":"Cloak And Dagger","floor":22}],"player_experience":1238726,"relics_obtained":[{"floor":8.0,"key":"Ancient Tea Set"},{"floor":9.0,"key":"The Courier"}],"event_choices":[{"damage_healed":0.0,"max_hp_gain":0.0,"max_hp_loss":0.0,"gold_gain":0.0,"event_name":"Living Wall","player_choice":"Grow","floor":4.0,"gold_loss":0.0,"damage_taken":0.0,"cards_upgraded":["Dagger Spray"]},{"damage_healed":0.0,"max_hp_gain":0.0,"max_hp_loss":0.0,"gold_gain":0.0,"event_name":"Shining Light","player_choice":"Entered Light","floor":5.0,"gold_loss":0.0,"damage_taken":15.0,"cards_upgraded":["Neutralize","Strike_G"]},{"cards_removed":["Strike_G"],"damage_healed":0.0,"max_hp_gain":0.0,"max_hp_loss":0.0,"gold_gain":0.0,"event_name":"Golden Wing","player_choice":"Card Removal","floor":11.0,"gold_loss":0.0,"damage_taken":7.0},{"damage_healed":0.0,"max_hp_gain":0.0,"max_hp_loss":0.0,"gold_gain":0.0,"event_name":"Lab","player_choice":"Got Potions","floor":12.0,"gold_loss":0.0,"damage_taken":0.0},{"damage_healed":0,"gold_gain":0,"player_choice":"Obtained Relic","damage_taken":0,"relics_obtained":["Pen Nib"],"max_hp_gain":0,"max_hp_loss":0,"event_name":"Addict","floor":19,"gold_loss":85},{"damage_healed":0,"gold_gain":0,"player_choice":"Joined the Cult","damage_taken":6,"max_hp_gain":0,"max_hp_loss":0,"event_name":"Nest","floor":21,"gold_loss":0,"cards_obtained":["RitualDagger"]}],"is_beta":false,"boss_relics":[{"not_picked":["Empty Cage","Calling Bell"],"picked":"WristBlade"}],"items_purged_floors":[20],"is_endless":false,"potions_floor_spawned":[7,8,13,18],"killed_by":"Slavers","ascension_level":3}}