{"host":"9l1knhxfturzliqa","time":1611809350,"event":{"mods":["BaseMod","Colored Map","Colored Powertips","DeckTracker","Highlight Path","Keyboard Shortcuts","Minty Spire (QoL Compilation)","Random Character Button"],"gold_per_floor":[118,118,134,150,162,194,194,223,303,303,320,337,350,368,368,472,472,485,485,501,128,128,128,156,156,182,226,226,249,278,302,302,408,408,433,433,460,484,10,53,81,119,119,119,147,182,182,182,182,182,182],"floor_reached":50,"language":"KOR","playtime":4326,"items_purged":["Defend_B","Strike_B"],"score":787,"play_id":"267eeada-01eb-4254-b8d1-eb571bca4be5","local_time":"20210128134910","is_ascension_mode":true,"campfire_choices":[{"data":"Dualcast","floor":7.0,"key":"SMITH"},{"data":"Echo Form","floor":10.0,"key":"SMITH"},{"floor":15.0,"key":"REST"},{"data":"Sunder","floor":23.0,"key":"SMITH"},{"data":"Reboot","floor":25.0,"key":"SMITH"},{"data":"Discovery","floor":28.0,"key":"SMITH"},{"data":"Storm","floor":32.0,"key":"SMITH"},{"floor":44.0,"key":"RECALL"},{"floor":47.0,"key":"REST"},{"floor":49.0,"key":"REST"}],"circlet_count":0,"master_deck":["Defend_B","Zap+1","Dualcast+1","Gash","Rebound","Genetic Algorithm","Streamline","Turbo","Echo Form+1","Self Repair","Rip and Tear","Recycle","Stack","Reboot+1","Capacitor+1","Reinforced Body+1","Sunder+1","Discovery+1","Storm+1","Stack+1","Go for the Eyes","Chill","Beam Cell","Conserve Battery","FTL+1","Leap+1","Amplify","Steam+1","Streamline+1","Beam Cell+1","Aggregate","Seek","Coolheaded+1","Force Field+1","Melter+1","Echo Form+1"],"relics":["Cracked Core","TungstenRod","Kunai","Pocketwatch","Cables","Astrolabe","Question Card","Darkstone Periapt","Potion Belt","Centennial Puzzle","CeramicFish","Empty Cage","Frozen Egg 2","Gremlin Horn","Bag of Preparation","StrikeDummy","Bag of Marbles"],"acts_visited":["Exordium","TheCity","TheBeyond"],"potions_floor_usage":[50,50],"damage_taken":[{"damage":0.0,"enemies":"Small Slimes","floor":1.0,"turns":2.0},{"damage":0.0,"enemies":"Cultist","floor":3.0,"turns":3.0},{"damage":0.0,"enemies":"2 Louse","floor":4.0,"turns":1.0},{"damage":0.0,"enemies":"Blue Slaver","floor":5.0,"turns":1.0},{"damage":9.0,"enemies":"Lagavulin","floor":6.0,"turns":6.0},{"damage":30.0,"enemies":"Gremlin Nob","floor":8.0,"turns":4.0},{"damage":8.0,"enemies":"Large Slime","floor":11.0,"turns":4.0},{"damage":5.0,"enemies":"3 Louse","floor":12.0,"turns":2.0},{"damage":7.0,"enemies":"Blue Slaver","floor":13.0,"turns":3.0},{"damage":5.0,"enemies":"Exordium Thugs","floor":14.0,"turns":3.0},{"damage":11.0,"enemies":"Slime Boss","floor":16.0,"turns":6.0},{"damage":0.0,"enemies":"Chosen","floor":18.0,"turns":4.0},{"damage":0.0,"enemies":"Spheric Guardian","floor":20.0,"turns":3.0},{"damage":5.0,"enemies":"Gremlin Leader","floor":24.0,"turns":5.0},{"damage":18.0,"enemies":"Slavers","floor":27.0,"turns":5.0},{"damage":4.0,"enemies":"Cultist and Chosen","floor":29.0,"turns":6.0},{"damage":6.0,"enemies":"Snecko","floor":30.0,"turns":4.0},{"damage":5.0,"enemies":"Chosen and Byrds","floor":31.0,"turns":6.0},{"damage":30.0,"enemies":"Automaton","floor":33.0,"turns":12.0},{"damage":4.0,"enemies":"Orb Walker","floor":35.0,"turns":3.0},{"damage":12.0,"enemies":"3 Darklings","floor":37.0,"turns":6.0},{"damage":8.0,"enemies":"4 Shapes","floor":38.0,"turns":4.0},{"damage":26.0,"enemies":"Giant Head","floor":40.0,"turns":9.0},{"damage":2.0,"enemies":"Writhing Mass","floor":41.0,"turns":4.0},{"damage":7.0,"enemies":"Nemesis","floor":42.0,"turns":5.0},{"damage":0.0,"enemies":"Transient","floor":45.0,"turns":5.0},{"damage":48.0,"enemies":"Giant Head","floor":46.0,"turns":9.0},{"damage":56,"enemies":"Donu and Deca","floor":50,"turns":8}],"seed_played":"7105673722609252859","potions_obtained":[{"floor":1.0,"key":"Fire Potion"},{"floor":5.0,"key":"BlessingOfTheForge"},{"floor":8.0,"key":"DistilledChaos"},{"floor":11.0,"key":"Weak Potion"},{"floor":14.0,"key":"SmokeBomb"},{"floor":20.0,"key":"SteroidPotion"},{"floor":24.0,"key":"Fire Potion"},{"floor":27.0,"key":"Swift Potion"},{"floor":30.0,"key":"AttackPotion"},{"floor":38.0,"key":"SteroidPotion"},{"floor":40.0,"key":"Energy Potion"},{"floor":46.0,"key":"Block Potion"}],"is_trial":false,"path_per_floor":["M","?","M","M","M","E","R","E","T","R","M","M","M","M","R","B",null,"M","?","M","$","T","R","E","R","T","E","R","M","M","M","R","B",null,"M","T","M","M","$","E","M","E","T","R","M","E","R","?","R","B"],"character_chosen":"DEFECT","items_purchased":["Question Card","Go for the Eyes","Aggregate","Gremlin Horn","EssenceOfSteel"],"campfire_rested":3,"item_purchase_floors":[21,21,39,39,39],"current_hp_per_floor":[68,68,68,68,68,59,59,29,29,29,21,16,9,11,31,20,56,63,63,68,68,68,68,63,63,63,59,59,62,63,65,65,42,62,65,65,60,59,59,40,45,45,45,45,52,11,31,31,51,0,0],"gold":182,"neow_bonus":"ONE_RARE_RELIC","is_daily":false,"chose_seed":false,"campfire_upgraded":6,"win_rate":0.0,"timestamp":1611809350,"path_taken":["M","?","M","M","M","E","R","E","T","R","M","M","M","M","R","BOSS","M","?","M","$","?","R","E","R","T","E","R","M","M","M","R","BOSS","M","?","M","M","$","E","M","E","T","R","M","E","R","?","R","BOSS"],"items_purchased_type":["Relic","Card","Card","Relic","Potion"],"build_version":"2020-12-22","purchased_purges":2,"victory":false,"max_hp_per_floor":[68,68,68,68,68,68,68,68,68,68,68,68,68,68,68,68,68,68,68,68,68,68,68,68,68,68,68,68,68,68,68,68,68,68,68,68,68,68,68,68,68,68,68,68,68,68,68,68,68,68,68],"card_choices":[{"not_picked":["White Noise","Cold Snap"],"picked":"Gash","floor":1.0},{"not_picked":["Recycle","Turbo"],"picked":"Rebound","floor":3.0},{"not_picked":["Scrape","Cold Snap"],"picked":"Genetic Algorithm","floor":4.0},{"not_picked":["Auto Shields","Coolheaded"],"picked":"Streamline","floor":5.0},{"not_picked":["Reinforced Body","Rebound"],"picked":"Turbo","floor":6.0},{"not_picked":["Melter","Sweeping Beam"],"picked":"Echo Form","floor":8.0},{"not_picked":["Rip and Tear","Beam Cell"],"picked":"Self Repair","floor":11.0},{"not_picked":["Capacitor","Redo"],"picked":"Rip and Tear","floor":12.0},{"not_picked":["Barrage","Turbo"],"picked":"Recycle","floor":13.0},{"not_picked":["Self Repair","Hologram"],"picked":"Stack","floor":14.0},{"not_picked":["Biased Cognition","Rainbow"],"picked":"Reboot","floor":16.0},{"not_picked":["Capacitor+1","Stack"],"picked":"Sunder","floor":18.0},{"not_picked":["Coolheaded","Force Field"],"picked":"Stack+1","floor":20.0},{"not_picked":["Compile Driver+1","Reprogram+1","Rebound"],"picked":"Chill","floor":24.0},{"not_picked":["Go for the Eyes+1","Doom and Gloom+1","Storm+1"],"picked":"Beam Cell","floor":27.0},{"not_picked":["Tempest","Auto Shields","Stack"],"picked":"Conserve Battery","floor":29.0},{"not_picked":["Reprogram","Gash","Creative AI"],"picked":"FTL+1","floor":30.0},{"not_picked":["Compile Driver","Rip and Tear","Ball Lightning"],"picked":"Leap+1","floor":31.0},{"not_picked":["Seek","All For One","Core Surge"],"picked":"Amplify","floor":33.0},{"not_picked":["Defragment","Barrage","Lockon"],"picked":"Steam+1","floor":35.0},{"not_picked":["Tempest+1","Hologram","Leap"],"picked":"Streamline+1","floor":37.0},{"not_picked":["Chaos+1","Cold Snap","Sweeping Beam"],"picked":"Beam Cell+1","floor":38.0},{"not_picked":["Genetic Algorithm+1","Consume","Reprogram"],"picked":"Seek","floor":40.0},{"not_picked":["Stack","Fusion+1","Go for the Eyes+1"],"picked":"Coolheaded+1","floor":41.0},{"not_picked":["Compile Driver","Sweeping Beam+1","Self Repair+1"],"picked":"Force Field+1","floor":42.0},{"not_picked":["Gash+1","FTL","Glacier"],"picked":"Melter+1","floor":45.0},{"not_picked":["Redo","Go for the Eyes+1","Static Discharge+1"],"picked":"Echo Form+1","floor":46.0}],"player_experience":527868,"relics_obtained":[{"floor":6.0,"key":"Kunai"},{"floor":8.0,"key":"Pocketwatch"},{"floor":9.0,"key":"Cables"},{"floor":22.0,"key":"Darkstone Periapt"},{"floor":24.0,"key":"Potion Belt"},{"floor":26.0,"key":"Centennial Puzzle"},{"floor":27.0,"key":"CeramicFish"},{"floor":36.0,"key":"Frozen Egg 2"},{"floor":40.0,"key":"Bag of Preparation"},{"floor":42.0,"key":"StrikeDummy"},{"floor":46.0,"key":"Bag of Marbles"}],"event_choices":[{"damage_healed":0.0,"max_hp_gain":0.0,"max_hp_loss":0.0,"gold_gain":0.0,"event_name":"Upgrade Shrine","player_choice":"Upgraded","floor":2.0,"gold_loss":0.0,"damage_taken":0.0,"cards_upgraded":["Zap"]},{"damage_healed":0.0,"max_hp_gain":0.0,"max_hp_loss":0.0,"gold_gain":0.0,"event_name":"Match and Keep!","player_choice":"2 cards matched","floor":19.0,"gold_loss":0.0,"damage_taken":0.0,"cards_obtained":["Discovery","Storm"]},{"cards_removed":["Scrape"],"damage_healed":0.0,"max_hp_gain":0.0,"max_hp_loss":0.0,"gold_gain":0.0,"event_name":"Falling","player_choice":"Removed Attack","floor":48.0,"gold_loss":0.0,"damage_taken":0.0}],"is_beta":false,"boss_relics":[{"not_picked":["Fusion Hammer","Inserter"],"picked":"Astrolabe"},{"not_picked":["Black Star","Tiny House"],"picked":"Empty Cage"}],"items_purged_floors":[21,39],"is_endless":false,"potions_floor_spawned":[1,5,8,11,14,20,24,27,30,38,40,46],"killed_by":"Donu and Deca","ascension_level":6}}