{"host":"clf2hd4adhiiw0zf","time":1611812215,"event":{"mods":["AchievementEnabler","BaseMod","Beaked The Cultist","Bestiary","Dark Map","Downfall","Gremlin Mod","Hermit","Jorbs\u0027s Wanderer Trilogy","Marisa????????","Minty Spire (QoL Compilation)","Shop Mod","StSLib","The Cursed","The Servant 0.9.4","Wide Potions"],"gold_per_floor":[99,112,125,141,141,158,183,197,4,34,34,52,80,65,76,76,76,76],"floor_reached":16,"language":"ENG","playtime":486,"items_purged":[],"score":109,"play_id":"636499cd-e564-4715-bb84-bac9c83ac407","local_time":"20210127223655","is_ascension_mode":true,"campfire_choices":[{"floor":1,"key":"RECALL"},{"data":"expansioncontent:QuickStudy","floor":11,"key":"SMITH"}],"circlet_count":0,"master_deck":["bronze:Strike","bronze:Strike","bronze:Strike","bronze:Strike","bronze:Defend","bronze:Defend","bronze:Defend","bronze:Defend","bronze:Replicate","bronze:Goto","TheCursedMod:Dregs","bronze:Terminator","bronze:NullPointer","bronze:WhirlingStrike","bronze:Terminator","bronze:Backtrace","bronze:DigitalCarnage","bronze:ForLoop","expansioncontent:QuickStudy+1","bronze:Iterate","bronze:BronzeOrb","bronze:Boost","bronze:DarkDash"],"relics":["bronze:BronzeCore","Peace Pipe","Smiling Mask","Vajra","Darkstone Periapt"],"acts_visited":["Exordium"],"potions_floor_usage":[16],"damage_taken":[{"damage":1,"enemies":"Cultist","floor":2,"turns":4},{"damage":1,"enemies":"2 Louse","floor":3,"turns":3},{"damage":10,"enemies":"Jaw Worm","floor":4,"turns":4},{"damage":16,"enemies":"Large Slime","floor":6,"turns":6},{"damage":0,"enemies":"Lots of Slimes","floor":8,"turns":1},{"damage":0,"enemies":"downfall:FleeingMerchant","floor":9,"turns":4},{"damage":9,"enemies":"3 Louse","floor":12,"turns":2},{"damage":13,"enemies":"Lagavulin","floor":13,"turns":4},{"damage":5,"enemies":"downfall:FleeingMerchant","floor":14,"turns":4},{"damage":0,"enemies":"Gremlin Gang","floor":15,"turns":1},{"damage":29,"enemies":"WA_ARCHETYPE_RETAIN","floor":16,"turns":4}],"seed_played":"-811699884512310624","potions_obtained":[{"floor":3,"key":"SteroidPotion"},{"floor":8,"key":"Energy Potion"},{"floor":12,"key":"Fire Potion"}],"is_trial":false,"path_per_floor":["R","M","M","M","?","M","T","M","$","?","R","M","E","$","M","B"],"character_chosen":"THE_AUTOMATON","items_purchased":["expansioncontent:QuickStudy"],"campfire_rested":0,"item_purchase_floors":[9],"current_hp_per_floor":[70,69,68,58,58,42,42,42,42,42,42,33,20,15,15,0,0,0],"gold":76,"neow_bonus":"ONE_RARE_RELIC","is_daily":false,"chose_seed":false,"campfire_upgraded":1,"win_rate":0.0,"timestamp":1611812215,"path_taken":["R","M","M","M","?","?","T","?","$","?","R","M","E","$","M","BOSS"],"items_purchased_type":["Card"],"build_version":"2020-12-22","purchased_purges":0,"victory":false,"max_hp_per_floor":[70,70,70,70,70,70,70,70,70,70,70,70,70,70,70,70,70,70],"card_choices":[{"not_picked":["bronze:InfiniteBeams","bronze:Shell"],"picked":"bronze:Terminator","floor":2},{"not_picked":["bronze:Turbo","bronze:Invalidate"],"picked":"bronze:NullPointer","floor":3},{"not_picked":["bronze:InfiniteBeams","bronze:DelayedGuard"],"picked":"bronze:WhirlingStrike","floor":4},{"not_picked":["bronze:Iterate","bronze:Refactor"],"picked":"bronze:Backtrace","floor":6},{"not_picked":["bronze:BitShift","bronze:CutThrough"],"picked":"bronze:DigitalCarnage","floor":8},{"not_picked":["bronze:Optimize","bronze:GetLatest"],"picked":"bronze:ForLoop","floor":9},{"not_picked":["bronze:Constructor","bronze:Branch"],"picked":"bronze:Iterate","floor":12},{"not_picked":["bronze:CutThrough","bronze:BitShift"],"picked":"bronze:BronzeOrb","floor":13},{"not_picked":["bronze:ChosenStrike","bronze:Philosophize"],"picked":"bronze:Boost","floor":14},{"not_picked":["bronze:BuggyMess","bronze:Shield"],"picked":"bronze:DarkDash","floor":15}],"player_experience":139728,"relics_obtained":[{"floor":7,"key":"Smiling Mask"},{"floor":13,"key":"Darkstone Periapt"}],"event_choices":[],"is_beta":false,"boss_relics":[],"items_purged_floors":[],"is_endless":false,"potions_floor_spawned":[3,8,12,15],"killed_by":"WA_ARCHETYPE_RETAIN","ascension_level":1}}