{"host":"vpcwwncyo54nsck6","time":1611817033,"event":{"mods":["BaseMod","Downfall","Minty Spire (QoL Compilation)","StSLib"],"gold_per_floor":[99,99,114,74,89,189,189,221,21,46,63,82,95,122,139,242,242,242,254,254,271,271,291,291,317,334,348,359,393,293,1,19,119,119,119,129,148,30,40,56,56,84,84,84,100,110,129,129,142,142,142,168,14,14,14,14,14,14],"floor_reached":56,"language":"ENG","playtime":12021,"items_purged":["sneckomod:Defend","sneckomod:Defend"],"score":962,"play_id":"0327dbc3-7b6e-4418-84db-274e295e15b7","local_time":"20210127225713","is_ascension_mode":false,"campfire_choices":[{"floor":1.0,"key":"RECALL"},{"data":"sneckomod:UnknownVulnerable","floor":9.0,"key":"SMITH"},{"data":"sneckomod:WideSting","floor":18.0,"key":"SMITH"},{"data":"Wallop","floor":43.0,"key":"SMITH"}],"circlet_count":0,"master_deck":["sneckomod:Defend","sneckomod:TailWhip","sneckomod:SnekBite","sneckomod:Unknown","sneckomod:Unknown","sneckomod:SnakeSap","sneckomod:UnknownCommonAttack","sneckomod:UnknownBlock","sneckomod:UnknownVulnerable+1","sneckomod:PureSnecko","sneckomod:UnknownDraw","sneckomod:DangerNoodle","sneckomod:WideSting+1","sneckomod:UnknownExhaust","sneckomod:MorePower","sneckomod:UnknownRarePower","Slimebound:Tackle+1","Slimebound:Tackle+1","Slimebound:Tackle+1","sneckomod:PureSnecko","sneckomod:SlitherStrike","sneckomod:UnknownClassGUARDIAN","sneckomod:SoulExchange","sneckomod:SerpentIdol","sneckomod:ImprovisedAttack+1","sneckomod:UnknownColorless","sneckomod:UnknownBlock","sneckomod:UnknownDraw","sneckomod:SlitherStrike+1","MasterReality","sneckomod:UnknownBoss","sneckomod:DangerNoodle","sneckomod:UnknownStrength","sneckomod:UnknownRareSkill","sneckomod:DangerNoodle","Wallop+1","sneckomod:UnknownDraw","sneckomod:UnknownExhaust+1","sneckomod:UnknownBoss","sneckomod:UnknownExhaust+1","expansioncontent:QuickStudy","sneckomod:WideSting+1","sneckomod:MasterEye+1","sneckomod:SnekBeam+1","sneckomod:UnknownClassRED","sneckomod:ImprovisedAttack+1","sneckomod:UnknownUncommonPower+1","sneckomod:UnknownUncommonAttack","sneckomod:UnknownWeak","sneckomod:UnknownX+1","sneckomod:UnknownExhaust","sneckomod:UnknownRareAttack","sneckomod:TrashToTreasure+1","sneckomod:Unknown1Cost","Guardian:SphericShield"],"relics":["sneckomod:SneckoSoul","Letter Opener","Gambling Chip","downfall:HeartBlessingRed","downfall:HeartBlessingGreen","Odd Mushroom","Coffee Dripper","downfall:RedIOU","Bag of Marbles","MealTicket","downfall:HeartBlessingBlue","Centennial Puzzle","SacredBark","Toolbox","Darkstone Periapt","Eternal Feather","White Beast Statue","Gremlin Horn"],"acts_visited":["Exordium","TheCity","TheBeyond","TheEnding"],"potions_floor_usage":[56,56],"damage_taken":[{"damage":0.0,"enemies":"Small Slimes","floor":3.0,"turns":4.0},{"damage":0.0,"enemies":"downfall:FleeingMerchant","floor":4.0,"turns":4.0},{"damage":11.0,"enemies":"Jaw Worm","floor":5.0,"turns":3.0},{"damage":12.0,"enemies":"Gremlin Nob","floor":8.0,"turns":5.0},{"damage":12.0,"enemies":"3 Sentries","floor":10.0,"turns":8.0},{"damage":0.0,"enemies":"Cultist","floor":11.0,"turns":1.0},{"damage":0.0,"enemies":"Large Slime","floor":12.0,"turns":3.0},{"damage":0.0,"enemies":"3 Louse","floor":13.0,"turns":2.0},{"damage":0.0,"enemies":"The Mushroom Lair","floor":14.0,"turns":2.0},{"damage":0.0,"enemies":"2 Fungi Beasts","floor":15.0,"turns":2.0},{"damage":27.0,"enemies":"DF_ARCHETYPE_STREAMLINE","floor":16.0,"turns":6.0},{"damage":0.0,"enemies":"Chosen","floor":19.0,"turns":3.0},{"damage":2.0,"enemies":"Spheric Guardian","floor":21.0,"turns":3.0},{"damage":43.0,"enemies":"Shelled Parasite and Fungi","floor":23.0,"turns":3.0},{"damage":0.0,"enemies":"Book of Stabbing","floor":25.0,"turns":4.0},{"damage":7.0,"enemies":"Cultist and Chosen","floor":26.0,"turns":4.0},{"damage":0.0,"enemies":"Snake Plant","floor":27.0,"turns":1.0},{"damage":20.0,"enemies":"Centurion and Healer","floor":28.0,"turns":6.0},{"damage":6.0,"enemies":"Slavers","floor":29.0,"turns":1.0},{"damage":6.0,"enemies":"downfall:FleeingMerchant","floor":31.0,"turns":4.0},{"damage":15.0,"enemies":"Snecko","floor":32.0,"turns":3.0},{"damage":5.0,"enemies":"WA_ARCHETYPE_CALM","floor":33.0,"turns":9.0},{"damage":8.0,"enemies":"3 Darklings","floor":36.0,"turns":4.0},{"damage":2.0,"enemies":"Orb Walker","floor":37.0,"turns":4.0},{"damage":26.0,"enemies":"downfall:FleeingMerchant","floor":38.0,"turns":4.0},{"damage":8.0,"enemies":"4 Shapes","floor":39.0,"turns":4.0},{"damage":16.0,"enemies":"Spire Growth","floor":40.0,"turns":3.0},{"damage":19.0,"enemies":"Giant Head","floor":42.0,"turns":7.0},{"damage":4.0,"enemies":"Jaw Worm Horde","floor":45.0,"turns":2.0},{"damage":39.0,"enemies":"3 Darklings","floor":46.0,"turns":10.0},{"damage":17.0,"enemies":"Maw","floor":47.0,"turns":6.0},{"damage":10.0,"enemies":"Jaw Worm Horde","floor":49.0,"turns":4.0},{"damage":45.0,"enemies":"IC_BLOCK_ARCHETYPE","floor":50.0,"turns":6.0},{"damage":88.0,"enemies":"downfall:CharBossMerchant","floor":52.0,"turns":11.0},{"damage":47.0,"enemies":"downfall:NeowBoss","floor":55.0,"turns":9.0},{"damage":25,"enemies":"downfall:NeowBossFinal","floor":56,"turns":5}],"seed_played":"6657649455282512768","potions_obtained":[{"floor":5.0,"key":"Dexterity Potion"},{"floor":8.0,"key":"Swift Potion"},{"floor":14.0,"key":"hexamod:SoulburnPotion"},{"floor":15.0,"key":"Swift Potion"},{"floor":21.0,"key":"Swift Potion"},{"floor":27.0,"key":"sneckomod:MuddlingPotion"},{"floor":28.0,"key":"LiquidMemories"},{"floor":33.0,"key":"Dexterity Potion"},{"floor":47.0,"key":"EssenceOfSteel"},{"floor":49.0,"key":"sneckomod:OffclassReductionPotion"},{"floor":52.0,"key":"LiquidMemories"}],"is_trial":false,"path_per_floor":["R","?","M","$","M","?","T","E","R","E","M","M","M","?","M","B",null,"R","M","?","M","?","M","T","E","M","M","M","E","R","$","M","B",null,"R","M","M","$","M","M","T","E","R","?","M","M","M","?","M","B",null,"E","$","R","B","B"],"character_chosen":"THE_SNECKO","items_purchased":["sneckomod:UnknownBlock","sneckomod:DangerNoodle","Centennial Puzzle","Swift Potion","expansioncontent:QuickStudy","Toolbox","PowerPotion","sneckomod:Unknown1Cost"],"campfire_rested":0,"item_purchase_floors":[4,31,31,31,38,38,38,53],"current_hp_per_floor":[99,99,99,99,88,88,88,76,76,64,64,64,64,64,64,37,99,99,99,99,97,97,54,54,54,62,62,42,36,46,55,40,40,109,109,101,99,83,75,59,59,40,67,67,63,75,58,58,48,3,109,23,38,71,24,0,0,0],"gold":14,"neow_bonus":"TEN_PERCENT_HP_BONUS","is_daily":false,"chose_seed":false,"campfire_upgraded":3,"win_rate":0.0,"timestamp":1611817033,"path_taken":["R","?","M","?","M","?","T","E","R","E","M","?","M","?","M","BOSS","R","M","?","M","?","M","T","E","M","M","M","E","R","$","M","BOSS","R","M","M","$","M","M","T","E","R","?","M","M","M","?","M","BOSS","E","$","R","BOSS","BOSS"],"items_purchased_type":["Card","Card","Relic","Potion","Card","Relic","Potion","Card"],"build_version":"2020-12-22","purchased_purges":2,"victory":false,"max_hp_per_floor":[99,99,99,99,99,99,99,99,99,99,99,99,99,99,99,99,99,99,99,99,99,99,99,99,99,99,99,99,99,109,109,109,109,109,109,109,109,109,109,109,109,109,109,109,109,109,109,109,109,109,109,109,109,109,109,109,109,109],"card_choices":[{"not_picked":["sneckomod:DiceBlock","sneckomod:SoulRoll"],"picked":"sneckomod:SnakeSap","floor":3.0},{"not_picked":["sneckomod:DiceBlock","sneckomod:SoulRoll"],"picked":"sneckomod:UnknownCommonAttack","floor":4.0},{"not_picked":["sneckomod:SoulRoll","sneckomod:WideSting"],"picked":"sneckomod:Unknown2Cost","floor":5.0},{"not_picked":["sneckomod:DiceCrush","sneckomod:Unknown1Cost"],"picked":"sneckomod:UnknownVulnerable","floor":8.0},{"not_picked":["sneckomod:UnknownCommonAttack","sneckomod:UnknownUncommonSkill"],"picked":"sneckomod:PureSnecko","floor":10.0},{"not_picked":["sneckomod:WideSting","sneckomod:DiceCrush"],"picked":"sneckomod:UnknownDraw","floor":11.0},{"not_picked":["sneckomod:UnknownUncommonPower","sneckomod:IronFang","sneckomod:QuickMove"],"picked":"SKIP","floor":12.0},{"not_picked":["sneckomod:UnknownCommonSkill","sneckomod:Unknown1Cost"],"picked":"sneckomod:DangerNoodle","floor":13.0},{"not_picked":["sneckomod:QuickBite","sneckomod:Nope"],"picked":"sneckomod:WideSting","floor":14.0},{"not_picked":["sneckomod:IronFang","sneckomod:RainOfDice"],"picked":"sneckomod:UnknownExhaust","floor":15.0},{"not_picked":["sneckomod:UnknownRareSkill","sneckomod:UnknownBoss"],"picked":"sneckomod:MorePower","floor":16.0},{"not_picked":["sneckomod:UnknownClassPURPLE","sneckomod:DefensiveFlair"],"picked":"sneckomod:UnknownRarePower","floor":19.0},{"not_picked":["sneckomod:IronFang","sneckomod:UnknownStrike","sneckomod:DiceBlock"],"picked":"SKIP","floor":19.0},{"not_picked":["sneckomod:DiceBlock","sneckomod:QuickBite","sneckomod:DiceCrush+1"],"picked":"SKIP","floor":21.0},{"not_picked":["sneckomod:DiceBlock","sneckomod:UnknownCommonSkill"],"picked":"sneckomod:PureSnecko","floor":23.0},{"not_picked":["sneckomod:Nope","sneckomod:RainOfDice"],"picked":"sneckomod:SlitherStrike","floor":23.0},{"not_picked":["sneckomod:SoulRoll","sneckomod:DefensiveFlair"],"picked":"sneckomod:UnknownClassGUARDIAN","floor":23.0},{"not_picked":["sneckomod:SerpentIdol","sneckomod:UnknownClassPURPLE"],"picked":"sneckomod:SoulExchange","floor":25.0},{"not_picked":["sneckomod:Memorize","sneckomod:SoulRoll"],"picked":"sneckomod:SerpentIdol","floor":25.0},{"not_picked":["sneckomod:UnknownStrength","sneckomod:DiceBoulder"],"picked":"sneckomod:ImprovisedAttack+1","floor":26.0},{"not_picked":["sneckomod:UnknownVulnerable","sneckomod:Unknown2Cost"],"picked":"sneckomod:UnknownColorless","floor":26.0},{"not_picked":["sneckomod:Unknown1Cost","sneckomod:MasterEye"],"picked":"sneckomod:UnknownBlock","floor":27.0},{"not_picked":["sneckomod:DiceBlock","sneckomod:MixItUp"],"picked":"sneckomod:UnknownClassPURPLE","floor":28.0},{"not_picked":["sneckomod:SoulDraw","sneckomod:DiceCrush"],"picked":"sneckomod:UnknownDraw","floor":28.0},{"not_picked":["sneckomod:Nope","sneckomod:SerpentMind"],"picked":"sneckomod:SlitherStrike+1","floor":29.0},{"not_picked":["sneckomod:ImprovisedGuard","sneckomod:GlitteringGambit"],"picked":"sneckomod:UnknownBoss","floor":31.0},{"not_picked":["sneckomod:UnknownWeak+1","sneckomod:UnknownClassPURPLE"],"picked":"sneckomod:UnknownRareSkill","floor":31.0},{"not_picked":["sneckomod:UnendingSupply","sneckomod:Nope"],"picked":"sneckomod:UnknownStrength","floor":32.0},{"not_picked":["sneckomod:UnknownX","sneckomod:Unknown3Cost"],"picked":"sneckomod:UnknownRareSkill","floor":33.0},{"not_picked":["sneckomod:Restock","sneckomod:Unknown3Cost"],"picked":"sneckomod:DangerNoodle","floor":33.0},{"not_picked":["sneckomod:DiceBlock+1","sneckomod:RainOfDice+1"],"picked":"sneckomod:UnknownDraw","floor":36.0},{"not_picked":["sneckomod:QuickBite+1","sneckomod:CheapStock"],"picked":"sneckomod:UnknownExhaust+1","floor":37.0},{"not_picked":["sneckomod:Transmogrify","sneckomod:UnknownRarePower"],"picked":"sneckomod:UnknownBoss","floor":38.0},{"not_picked":["sneckomod:DiceCrush","sneckomod:UnknownClassPURPLE+1"],"picked":"sneckomod:UnknownExhaust+1","floor":38.0},{"not_picked":["sneckomod:UnknownClassRED+1","sneckomod:SoulRoll+1"],"picked":"sneckomod:WideSting+1","floor":39.0},{"not_picked":["sneckomod:UnknownClassGUARDIAN+1","sneckomod:UnknownBlock"],"picked":"sneckomod:MasterEye+1","floor":40.0},{"not_picked":["sneckomod:DiceCrush+1","sneckomod:RainOfDice+1"],"picked":"sneckomod:SnekBeam+1","floor":42.0},{"not_picked":["sneckomod:DiceBlock","sneckomod:QuickMove"],"picked":"sneckomod:UnknownClassRED","floor":42.0},{"not_picked":["sneckomod:Cheat","sneckomod:UnknownVulnerable"],"picked":"sneckomod:ImprovisedAttack+1","floor":45.0},{"not_picked":["sneckomod:Unknown1Cost","sneckomod:UnknownVulnerable"],"picked":"sneckomod:UnknownUncommonPower+1","floor":46.0},{"not_picked":["sneckomod:MasterEye","sneckomod:ImprovisedAttack"],"picked":"sneckomod:UnknownUncommonAttack","floor":46.0},{"not_picked":["sneckomod:CheapStock","sneckomod:PureSnecko"],"picked":"sneckomod:UnknownWeak","floor":47.0},{"not_picked":["sneckomod:QuickMove","sneckomod:UnknownDexterity+1"],"picked":"sneckomod:UnknownX+1","floor":47.0},{"not_picked":["sneckomod:ImprovisedAttack","sneckomod:DiceCrush"],"picked":"sneckomod:UnknownExhaust","floor":49.0},{"not_picked":["sneckomod:MorePower","sneckomod:UnknownColorless"],"picked":"sneckomod:UnknownRareAttack","floor":49.0},{"not_picked":["sneckomod:Unknown2Cost","sneckomod:ImprovisedGuard"],"picked":"sneckomod:TrashToTreasure+1","floor":52.0}],"player_experience":2527360,"relics_obtained":[{"floor":7.0,"key":"Letter Opener"},{"floor":8.0,"key":"Gambling Chip"},{"floor":10.0,"key":"Anchor"},{"floor":14.0,"key":"Odd Mushroom"},{"floor":25.0,"key":"Bag of Marbles"},{"floor":29.0,"key":"MealTicket"},{"floor":41.0,"key":"Darkstone Periapt"},{"floor":42.0,"key":"Eternal Feather"},{"floor":44.0,"key":"White Beast Statue"},{"floor":52.0,"key":"Gremlin Horn"}],"event_choices":[{"damage_healed":0.0,"max_hp_gain":0.0,"max_hp_loss":0.0,"gold_gain":0.0,"event_name":"Mushrooms","player_choice":"Fought Mushrooms","floor":14.0,"gold_loss":0.0,"damage_taken":0.0}],"is_beta":false,"boss_relics":[{"not_picked":["expansioncontent:StudyCardRelic","Pandora\u0027s Box"],"picked":"Coffee Dripper"},{"not_picked":["Velvet Choker","Sozu"],"picked":"SacredBark"}],"items_purged_floors":[38,53],"is_endless":false,"potions_floor_spawned":[5,8,14,15,21,27,28,32,33,40,42,45,46,47,49,52],"killed_by":"downfall:NeowBossFinal","ascension_level":0}}