{"host":"p1xsuo25udtrkbq2","time":1611807697,"event":{"mods":["BaseMod","Colored Map","Highlight Path","Minty Spire (QoL Compilation)","Quick Restart","Rare Cards Sparkle","Relic Stats","Slay the Relics Exporter","StSLib","everything is the same but u backflip on backflip"],"gold_per_floor":[113,125,207,227,237,237,237],"floor_reached":6,"language":"ENG","playtime":482,"items_purged":[],"score":49,"play_id":"8f989aee-27ad-4512-a4c7-f644bdb4e125","local_time":"20210127232137","is_ascension_mode":true,"campfire_choices":[],"circlet_count":0,"master_deck":["Strike_B","Strike_B","Strike_B","Strike_B","Defend_B","Defend_B","Defend_B","Defend_B","Zap","Dualcast","Self Repair","Conserve Battery","Coolheaded","Beam Cell"],"relics":["Black Star","Ornamental Fan"],"acts_visited":["Exordium"],"potions_floor_usage":[2],"damage_taken":[{"damage":11,"enemies":"Cultist","floor":1,"turns":5},{"damage":6,"enemies":"Small Slimes","floor":2,"turns":4},{"damage":6,"enemies":"Jaw Worm","floor":4,"turns":5},{"damage":7,"enemies":"Exordium Wildlife","floor":5,"turns":4},{"damage":63,"enemies":"Gremlin Nob","floor":6,"turns":6}],"seed_played":"-2263070838989606004","potions_obtained":[{"floor":1,"key":"Energy Potion"}],"is_trial":false,"path_per_floor":["M","M","T","M","M","E"],"character_chosen":"DEFECT","items_purchased":[],"campfire_rested":0,"item_purchase_floors":[],"current_hp_per_floor":[57,58,58,59,59,0,0],"gold":237,"neow_bonus":"BOSS_RELIC","is_daily":false,"chose_seed":false,"campfire_upgraded":0,"win_rate":0.0,"timestamp":1611807697,"path_taken":["M","M","?","M","?","E"],"items_purchased_type":[],"build_version":"2020-12-22","purchased_purges":0,"victory":false,"max_hp_per_floor":[75,75,75,75,75,75,75],"relic_stats":{"counters":[5,24],"Ornamental Fan":[12],"Black Star":0,"obtain_stats":[{"Ornamental Fan":3,"Black Star":0,"Cracked Core":0},{"Ornamental Fan":2,"Black Star":0,"Cracked Core":0},{"Ornamental Fan":9,"Black Star":0,"Cracked Core":0}]},"card_choices":[{"not_picked":["Conserve Battery","Hologram"],"picked":"Self Repair","floor":1},{"not_picked":["Leap","Beam Cell"],"picked":"Conserve Battery","floor":2},{"not_picked":["Chill","Multi-Cast"],"picked":"Coolheaded","floor":4},{"not_picked":["Conserve Battery","Hologram"],"picked":"Beam Cell","floor":5}],"player_experience":957131,"relics_obtained":[{"floor":3,"key":"Ornamental Fan"}],"event_choices":[],"is_beta":false,"boss_relics":[],"items_purged_floors":[],"is_endless":false,"potions_floor_spawned":[1],"killed_by":"Gremlin Nob","ascension_level":6}}