{"host":"w32y1rowg7sz2csy","time":1611835268,"event":{"mods":["BaseMod","Bestiary","Colored Map","Downfall","Minty Spire (QoL Compilation)","StSLib"],"gold_per_floor":[117,117,117,134,145,145,145,178,247,260,287,287,300,312,312,409,409,423,247,247,258,269,300,300,300,300,317,327,109,126,142,142,242,242,259,274,274,292,272,272,305,319,372,372,388,197,197,222,222,222],"floor_reached":51,"language":"ENG","playtime":4598,"items_purged":["Strike_G"],"score":691,"play_id":"2c6bcd5f-4df0-4c27-8520-08f7257b5558","local_time":"20210128130108","is_ascension_mode":false,"campfire_choices":[{"data":"Neutralize","floor":6.0,"key":"SMITH"},{"floor":12.0,"key":"REST"},{"data":"Blade Dance","floor":15.0,"key":"SMITH"},{"floor":24.0,"key":"REST"},{"data":"Envenom","floor":32.0,"key":"SMITH"},{"floor":40.0,"key":"REST"},{"floor":44.0,"key":"REST"},{"floor":49,"key":"REST"}],"circlet_count":0,"master_deck":["Strike_G+1","Strike_G","Strike_G+1","Strike_G","Defend_G","Defend_G","Defend_G+1","Defend_G","Defend_G","Survivor","Neutralize+1","CurseOfTheBell","CurseOfTheBell","Venomology","Blade Dance","Blur+1","Blade Dance+1","Blur","Envenom+1","Metamorphosis","Deflect","Blade Dance+1","Envenom","Poisoned Stab+1","Poisoned Stab+1","Crippling Poison+1","Writhe","Backstab"],"relics":["Ring of the Snake","NeowsBlessing","downfall:ExtraCursedBell","Snake Skull","Ninja Scroll","CaptainsWheel","Bag of Marbles","Shuriken","Ice Cream","Philosopher\u0027s Stone","Nilry\u0027s Codex","Bottled Flame","Ornamental Fan","Membership Card","Whetstone","Sozu","War Paint","Nunchaku","Centennial Puzzle","Bronze Scales","Toy Ornithopter"],"acts_visited":["Exordium","TheCity","TheBeyond"],"potions_floor_usage":[],"damage_taken":[{"damage":0.0,"enemies":"Jaw Worm","floor":1.0,"turns":1.0},{"damage":0.0,"enemies":"Small Slimes","floor":4.0,"turns":1.0},{"damage":0.0,"enemies":"Cultist","floor":5.0,"turns":1.0},{"damage":28.0,"enemies":"Gremlin Nob","floor":8.0,"turns":6.0},{"damage":0.0,"enemies":"Large Slime","floor":10.0,"turns":4.0},{"damage":8.0,"enemies":"Lagavulin","floor":11.0,"turns":4.0},{"damage":0.0,"enemies":"3 Louse","floor":13.0,"turns":1.0},{"damage":0.0,"enemies":"Lots of Slimes","floor":14.0,"turns":1.0},{"damage":8.0,"enemies":"Hexaghost","floor":16.0,"turns":7.0},{"damage":0.0,"enemies":"Chosen","floor":18.0,"turns":3.0},{"damage":4.0,"enemies":"3 Byrds","floor":21.0,"turns":3.0},{"damage":15.0,"enemies":"Snake Plant","floor":22.0,"turns":4.0},{"damage":3.0,"enemies":"Gremlin Leader","floor":23.0,"turns":6.0},{"damage":0.0,"enemies":"3 Cultists","floor":27.0,"turns":4.0},{"damage":0.0,"enemies":"Cultist and Chosen","floor":28.0,"turns":4.0},{"damage":0.0,"enemies":"Sentry and Sphere","floor":30.0,"turns":3.0},{"damage":0.0,"enemies":"Chosen and Byrds","floor":31.0,"turns":5.0},{"damage":44.0,"enemies":"Automaton","floor":33.0,"turns":8.0},{"damage":12.0,"enemies":"3 Darklings","floor":35.0,"turns":4.0},{"damage":13.0,"enemies":"3 Shapes","floor":36.0,"turns":4.0},{"damage":19.0,"enemies":"3 Darklings","floor":38.0,"turns":6.0},{"damage":4.0,"enemies":"Giant Head","floor":41.0,"turns":6.0},{"damage":0.0,"enemies":"Spire Growth","floor":42.0,"turns":4.0},{"damage":23,"enemies":"Jaw Worm Horde","floor":45,"turns":4},{"damage":11,"enemies":"Nemesis","floor":48,"turns":5},{"damage":67,"enemies":"Donu and Deca","floor":50,"turns":7}],"seed_played":"4000802218505466686","potions_obtained":[{"floor":5.0,"key":"bronze:BurnAndBuffPotion"},{"floor":11.0,"key":"DuplicationPotion"},{"floor":13.0,"key":"GhostInAJar"},{"floor":16.0,"key":"BlessingOfTheForge"},{"floor":21.0,"key":"Block Potion"},{"floor":33.0,"key":"FearPotion"}],"is_trial":false,"path_per_floor":["M","?","?","M","M","R","$","E","T","M","E","R","M","M","R","B",null,"M","$","?","M","M","E","R","?","T","M","M","$","M","M","R","B",null,"M","M","?","M","?","R","E","M","T","R","M","$","?","E","R","B",null],"character_chosen":"THE_SILENT","items_purchased":["Metamorphosis","Membership Card","Whetstone","Centennial Puzzle","Bronze Scales"],"campfire_rested":5,"item_purchase_floors":[19,29,29,46,46],"current_hp_per_floor":[70,70,70,70,70,70,70,42,42,42,34,55,55,55,55,47,70,70,70,54,50,35,32,53,53,53,53,53,53,53,53,53,9,70,58,45,45,26,26,47,43,43,43,64,41,41,59,48,69,2],"gold":222,"neow_bonus":"THREE_ENEMY_KILL","is_daily":false,"chose_seed":false,"campfire_upgraded":3,"win_rate":0.0,"timestamp":1611835268,"path_taken":["M","?","?","M","?","R","$","E","T","M","E","R","M","M","R","BOSS","M","$","?","M","M","E","R","?","T","M","?","$","M","M","R","BOSS","M","?","?","M","?","R","E","?","T","R","M","$","?","E","R","BOSS"],"items_purchased_type":["Card","Relic","Relic","Relic","Relic"],"build_version":"2020-12-22","purchased_purges":1,"victory":true,"max_hp_per_floor":[70,70,70,70,70,70,70,70,70,70,70,70,70,70,70,70,70,70,70,70,70,70,70,70,70,70,70,70,70,70,70,70,70,70,70,70,70,70,70,70,70,70,70,70,70,70,70,70,70,70],"card_choices":[{"not_picked":["Endless Agony","Underhanded Strike"],"picked":"Sucker Punch","floor":1.0},{"not_picked":["Predator","Quick Slash"],"picked":"Blade Dance","floor":4.0},{"not_picked":["Deflect","PiercingWail","Flying Knee"],"picked":"SKIP","floor":5.0},{"not_picked":["Crippling Poison","Doppelganger"],"picked":"Blur","floor":8.0},{"not_picked":["Underhanded Strike","Deadly Poison"],"picked":"Blade Dance","floor":10.0},{"not_picked":["Flying Knee","Dagger Throw","Slice"],"picked":"SKIP","floor":11.0},{"not_picked":["Crippling Poison","Terror"],"picked":"Blur","floor":13.0},{"not_picked":["Caltrops","Blade Dance","Sucker Punch"],"picked":"SKIP","floor":14.0},{"not_picked":["Phantasmal Killer","Night Terror"],"picked":"Envenom","floor":16.0},{"not_picked":["Deflect","Acrobatics","Slice+1"],"picked":"SKIP","floor":18.0},{"not_picked":["Backflip","Flechettes"],"picked":"Deflect","floor":21.0},{"not_picked":["Deflect","Backflip"],"picked":"Blade Dance","floor":22.0},{"not_picked":["Flechettes","Dodge and Roll","Deflect"],"picked":"SKIP","floor":23.0},{"not_picked":["Backflip+1","Eviscerate+1","Dagger Throw"],"picked":"SKIP","floor":27.0},{"not_picked":["Slice","Dodge and Roll","Expertise+1"],"picked":"SKIP","floor":28.0},{"not_picked":["Deflect","Blade Dance","Flying Knee"],"picked":"SKIP","floor":30.0},{"not_picked":["All Out Attack+1","Bouncing Flask","Calculated Gamble"],"picked":"SKIP","floor":31.0},{"not_picked":["Glass Knife","Unload"],"picked":"Envenom","floor":33.0},{"not_picked":["Dash","Dagger Throw","Blur"],"picked":"SKIP","floor":35.0},{"not_picked":["Dagger Throw+1","PiercingWail","Dash"],"picked":"SKIP","floor":36.0},{"not_picked":["PiercingWail","Deflect"],"picked":"Poisoned Stab+1","floor":38.0},{"not_picked":["Dodge and Roll","Deadly Poison"],"picked":"Poisoned Stab+1","floor":41.0},{"not_picked":["Calculated Gamble+1","Reflex"],"picked":"Crippling Poison+1","floor":42.0},{"not_picked":["Night Terror","Deadly Poison+1","Sucker Punch"],"picked":"SKIP","floor":45},{"not_picked":["Blade Dance","Sucker Punch+1"],"picked":"Backstab","floor":48}],"player_experience":4161,"relics_obtained":[{"floor":2.0,"key":"Snake Skull"},{"floor":2.0,"key":"Ninja Scroll"},{"floor":2.0,"key":"CaptainsWheel"},{"floor":8.0,"key":"Bag of Marbles"},{"floor":9.0,"key":"Shuriken"},{"floor":11.0,"key":"Ice Cream"},{"floor":20.0,"key":"Nilry\u0027s Codex"},{"floor":23.0,"key":"Bottled Flame"},{"floor":26.0,"key":"Ornamental Fan"},{"floor":41.0,"key":"War Paint"},{"floor":43.0,"key":"Nunchaku"},{"floor":48,"key":"Toy Ornithopter"}],"event_choices":[{"cards_removed":["Regret"],"damage_healed":0.0,"max_hp_gain":0.0,"max_hp_loss":0.0,"gold_gain":0.0,"event_name":"Purifier","player_choice":"Purged","floor":3.0,"gold_loss":0.0,"damage_taken":0.0},{"damage_healed":0.0,"max_hp_gain":0.0,"max_hp_loss":0.0,"gold_gain":0.0,"event_name":"Cursed Tome","player_choice":"Obtained Book","floor":20.0,"gold_loss":0.0,"damage_taken":16.0},{"damage_healed":0.0,"max_hp_gain":0.0,"max_hp_loss":0.0,"gold_gain":0.0,"event_name":"Upgrade Shrine","player_choice":"Upgraded","floor":25.0,"gold_loss":0.0,"damage_taken":0.0,"cards_upgraded":["Blade Dance"]},{"cards_removed":["Sucker Punch"],"damage_healed":0.0,"max_hp_gain":0.0,"max_hp_loss":0.0,"gold_gain":0.0,"event_name":"Falling","player_choice":"Removed Attack","floor":37.0,"gold_loss":0.0,"damage_taken":0.0},{"damage_healed":0.0,"max_hp_gain":0.0,"max_hp_loss":0.0,"gold_gain":0.0,"event_name":"The Woman in Blue","player_choice":"Bought 1 Potion","floor":39.0,"gold_loss":0.0,"damage_taken":0.0},{"damage_healed":18,"gold_gain":0,"player_choice":"Writhe","damage_taken":0,"max_hp_gain":0,"max_hp_loss":0,"event_name":"Winding Halls","floor":47,"gold_loss":0,"cards_obtained":["Writhe"]}],"is_beta":false,"boss_relics":[{"not_picked":["Empty Cage","Ectoplasm"],"picked":"Philosopher\u0027s Stone"},{"not_picked":["Black Star","Ring of the Serpent"],"picked":"Sozu"}],"items_purged_floors":[46],"is_endless":false,"potions_floor_spawned":[5,11,13,16,21,22,30,33,35,38,45],"ascension_level":0}}