{"host":"ty2cix8xj6r3ad26","time":1611875380,"event":{"mods":["AchievementEnabler","BaseMod","BetterRewards","Minty Spire (QoL Compilation)","Quick Restart","Robot Space Explorer","StSLib","SuperFastMode","The Hierophant"],"gold_per_floor":[104,118,121,145,167,167,227,227,306,358,79,79,120,70,70,186,186,293,337,437,522,9,121,258,258,258,390,527,527,773,872,872,988,988,1058,1141,1278,1360,1478,1479,925,925,925,925,966,966,486,486,486,294,294,294,200,352,35],"floor_reached":56,"language":"ENG","playtime":4323,"items_purged":["hierophant:Strike_Hierophant","hierophant:Strike_Hierophant","hierophant:Defend_Hierophant","hierophant:Strike_Hierophant","hierophant:Defend_Hierophant"],"score":1451,"play_id":"b7652571-4d40-4757-9b3b-cc543b51e017","local_time":"20210129010940","is_ascension_mode":false,"campfire_choices":[{"data":"hierophant:Generosity","floor":6,"key":"SMITH"},{"data":"hierophant:Charity","floor":8,"key":"SMITH"},{"data":"hierophant:ChurchCoffers","floor":12,"key":"SMITH"},{"data":"hierophant:RecallFunds","floor":15,"key":"SMITH"},{"data":"hierophant:BulkyChest","floor":25,"key":"SMITH"},{"data":"hierophant:AuricForm","floor":29,"key":"SMITH"},{"data":"hierophant:Refuge","floor":32,"key":"SMITH"},{"data":"hierophant:Remorse","floor":42,"key":"SMITH"},{"floor":44,"key":"RECALL"},{"data":"hierophant:Cornucopia","floor":49,"key":"SMITH"},{"data":"hierophant:Dazzle","floor":52,"key":"SMITH"}],"circlet_count":0,"master_deck":["hierophant:Defend_Hierophant","hierophant:Defend_Hierophant","hierophant:ChurchCoffers+1","hierophant:CursedGold","hierophant:Doubloon","hierophant:OrnateJavelin","hierophant:Doubloon+1","hierophant:Charity+1","hierophant:Doubloon","hierophant:CursedGold","hierophant:Doubloon+1","hierophant:Doubloon","hierophant:Dazzle+1","hierophant:Doubloon","hierophant:Generosity+1","hierophant:OrnateBuckler","hierophant:Doubloon","hierophant:RecallFunds+1","hierophant:Doubloon","hierophant:Remorse+1","hierophant:Refuge+1","hierophant:Doubloon+1","hierophant:Smite","hierophant:BulkyChest+1","hierophant:ConvertCurrency","hierophant:Doubloon","hierophant:RustyCrate","hierophant:Doubloon","hierophant:Doubloon","hierophant:RustyCrate","hierophant:Doubloon+1","hierophant:Doubloon","hierophant:AuricBeam","hierophant:AuricForm+1","hierophant:Cornucopia+1","hierophant:Doubloon","hierophant:Refuge","hierophant:MirrorShield+1","Impatience+1"],"relics":["hierophant:PropheticMaskRelic","Lantern","PreservedInsect","Sling","Prayer Wheel","HornCleat","StrikeDummy","ClockworkSouvenir","Calipers","Busted Crown","Matryoshka","Potion Belt","Vajra","Mercury Hourglass","Blood Vial","Philosopher\u0027s Stone","Turnip","Torii","Toxic Egg 2","Anchor","Strange Spoon","Happy Flower","War Paint"],"acts_visited":["Exordium","TheCity","TheBeyond","TheEnding"],"potions_floor_usage":[4,5,16,16,21,30,30,36,37,50,50,55,55],"damage_taken":[{"damage":5,"enemies":"Cultist","floor":1,"turns":4},{"damage":0,"enemies":"2 Louse","floor":2,"turns":2},{"damage":6,"enemies":"Jaw Worm","floor":3,"turns":2},{"damage":0,"enemies":"Red Slaver","floor":4,"turns":4},{"damage":2,"enemies":"Exordium Wildlife","floor":5,"turns":4},{"damage":2,"enemies":"3 Louse","floor":7,"turns":2},{"damage":0,"enemies":"Lagavulin","floor":10,"turns":3},{"damage":0,"enemies":"Gremlin Nob","floor":13,"turns":3},{"damage":26,"enemies":"Slime Boss","floor":16,"turns":4},{"damage":0,"enemies":"Chosen","floor":18,"turns":3},{"damage":0,"enemies":"Shell Parasite","floor":19,"turns":3},{"damage":9,"enemies":"Centurion and Healer","floor":21,"turns":4},{"damage":0,"enemies":"Gremlin Leader","floor":23,"turns":4},{"damage":0,"enemies":"Snake Plant","floor":24,"turns":2},{"damage":0,"enemies":"3 Cultists","floor":27,"turns":5},{"damage":0,"enemies":"Sentry and Sphere","floor":28,"turns":3},{"damage":0,"enemies":"Slavers","floor":30,"turns":1},{"damage":12,"enemies":"Snake Plant","floor":31,"turns":3},{"damage":0,"enemies":"Collector","floor":33,"turns":6},{"damage":0,"enemies":"3 Darklings","floor":35,"turns":3},{"damage":21,"enemies":"Mind Bloom Boss Battle","floor":36,"turns":4},{"damage":8,"enemies":"3 Shapes","floor":37,"turns":2},{"damage":4,"enemies":"3 Darklings","floor":38,"turns":3},{"damage":17,"enemies":"2 Orb Walkers","floor":39,"turns":4},{"damage":0,"enemies":"Spire Growth","floor":40,"turns":5},{"damage":0,"enemies":"Sphere and 2 Shapes","floor":45,"turns":3},{"damage":28,"enemies":"Awakened One","floor":50,"turns":4},{"damage":10,"enemies":"Shield and Spear","floor":54,"turns":3},{"damage":10,"enemies":"The Heart","floor":55,"turns":8}],"seed_played":"6535494573790825695","potions_obtained":[{"floor":2,"key":"Energy Potion"},{"floor":4,"key":"FairyPotion"},{"floor":5,"key":"CultistPotion"},{"floor":10,"key":"LiquidMemories"},{"floor":13,"key":"SkillPotion"},{"floor":18,"key":"Weak Potion"},{"floor":23,"key":"AttackPotion"},{"floor":27,"key":"Fire Potion"},{"floor":28,"key":"Fire Potion"},{"floor":33,"key":"Explosive Potion"},{"floor":39,"key":"SteroidPotion"},{"floor":40,"key":"PowerPotion"},{"floor":45,"key":"Swift Potion"},{"floor":54,"key":"Strength Potion"}],"is_trial":false,"path_per_floor":["M","M","M","M","M","R","M","R","T","E","$","R","E","?","R","B",null,"M","M","?","M","$","E","M","R","T","M","M","R","E","M","R","B",null,"M","?","M","M","?","M","$","R","T","R","M","?","$","?","R","B",null,"R","$","E","B",null],"character_chosen":"HIEROPHANT","items_purchased":["Lantern","hierophant:CursedGold","PreservedInsect","Sling","hierophant:OrnateJavelin","Block Potion","hierophant:Refuge","ClockworkSouvenir","hierophant:ConvertCurrency","Matryoshka","hierophant:RustyCrate","Toxic Egg 2","hierophant:MirrorShield+1","Regen Potion","Strange Spoon","Happy Flower","Impatience+1"],"campfire_rested":0,"item_purchase_floors":[0,0,0,0,0,0,11,11,22,22,22,41,41,41,47,47,53],"current_hp_per_floor":[35,35,29,29,27,27,25,25,25,25,25,25,25,25,25,22,75,75,75,75,66,66,66,66,66,66,66,66,66,66,56,56,58,75,75,54,48,46,31,33,33,33,33,33,35,35,35,66,66,38,66,66,66,56,62],"gold":35,"neow_bonus":"","is_daily":false,"chose_seed":false,"campfire_upgraded":10,"win_rate":0.0,"timestamp":1611875380,"path_taken":["M","M","?","M","?","R","M","R","T","E","$","R","E","?","R","BOSS","M","M","?","?","$","E","M","R","T","M","M","R","E","M","R","BOSS","M","?","M","M","?","M","$","R","T","R","M","?","$","?","R","BOSS","R","$","E","BOSS"],"items_purchased_type":["Relic","Card","Relic","Relic","Card","Potion","Card","Relic","Card","Relic","Card","Relic","Card","Potion","Relic","Relic","Card"],"build_version":"2020-12-22","purchased_purges":5,"victory":true,"max_hp_per_floor":[75,75,75,75,75,75,75,75,75,75,75,75,75,75,75,75,75,75,75,75,75,75,75,75,75,75,75,75,75,75,75,75,75,75,75,75,75,75,75,75,75,75,75,75,75,75,75,66,66,66,66,66,66,66,66],"card_choices":[{"not_picked":["hierophant:RepressedViolence","hierophant:Doubloon"],"picked":"hierophant:Charity","floor":1},{"not_picked":["hierophant:FieryStrike","hierophant:ThreeLashes","hierophant:Empathy"],"picked":"SKIP","floor":1},{"not_picked":["hierophant:PassingBell","hierophant:ArchangelShield"],"picked":"hierophant:CursedGold","floor":2},{"not_picked":["hierophant:AuricBeam","hierophant:HolyVerse"],"picked":"hierophant:Doubloon","floor":2},{"not_picked":["hierophant:RepressedViolence","hierophant:Endure"],"picked":"hierophant:Dazzle","floor":3},{"not_picked":["hierophant:RepressedViolence","hierophant:Sermon"],"picked":"hierophant:Generosity","floor":3},{"not_picked":["hierophant:Encroach","hierophant:Purify"],"picked":"hierophant:OrnateBuckler","floor":4},{"not_picked":["hierophant:ThreeLashes","hierophant:RustyCrate"],"picked":"hierophant:RecallFunds","floor":4},{"not_picked":["hierophant:FieryStrike","hierophant:PassingBell","hierophant:AuricShield"],"picked":"SKIP","floor":5},{"not_picked":["hierophant:Patience","hierophant:AuricBeam","hierophant:Shelter"],"picked":"SKIP","floor":5},{"not_picked":["hierophant:DeathKnell","hierophant:AuricBeam"],"picked":"hierophant:Remorse","floor":7},{"not_picked":["hierophant:FlamingChariot","hierophant:ThreeLashes","hierophant:Endure"],"picked":"SKIP","floor":7},{"not_picked":["hierophant:RecallFunds","hierophant:FieryStrike","hierophant:RepressedViolence"],"picked":"SKIP","floor":10},{"not_picked":["hierophant:OrnateBuckler","hierophant:Zeal"],"picked":"hierophant:Smite","floor":13},{"not_picked":["hierophant:Invocation","hierophant:DivineIntervention"],"picked":"hierophant:BulkyChest","floor":16},{"not_picked":["hierophant:MorningPrayer"],"picked":"SKIP","floor":18},{"not_picked":["hierophant:AuricBeam"],"picked":"SKIP","floor":18},{"not_picked":["hierophant:Smite+1"],"picked":"SKIP","floor":19},{"not_picked":["hierophant:Smite+1"],"picked":"SKIP","floor":19},{"not_picked":["hierophant:Smite+1"],"picked":"SKIP","floor":19},{"not_picked":["hierophant:Smite+1"],"picked":"SKIP","floor":19},{"not_picked":["hierophant:Sermon"],"picked":"SKIP","floor":21},{"not_picked":["hierophant:OrnateBuckler"],"picked":"SKIP","floor":21},{"not_picked":["hierophant:Batter"],"picked":"SKIP","floor":23},{"not_picked":["hierophant:Encroach"],"picked":"SKIP","floor":24},{"not_picked":["hierophant:ThreeLashes"],"picked":"SKIP","floor":24},{"not_picked":[],"picked":"hierophant:RustyCrate","floor":27},{"not_picked":[],"picked":"hierophant:AuricBeam","floor":27},{"not_picked":[],"picked":"hierophant:AuricForm","floor":28},{"not_picked":["hierophant:TollTheBells"],"picked":"SKIP","floor":28},{"not_picked":["hierophant:AuricBeam+1"],"picked":"SKIP","floor":30},{"not_picked":["hierophant:Purify"],"picked":"SKIP","floor":31},{"not_picked":["hierophant:ConvertCurrency"],"picked":"SKIP","floor":31},{"not_picked":[],"picked":"hierophant:Cornucopia","floor":33},{"not_picked":[],"picked":"hierophant:Refuge","floor":35},{"not_picked":["hierophant:Exaltation"],"picked":"SKIP","floor":35},{"not_picked":["hierophant:Smite+1"],"picked":"SKIP","floor":37},{"not_picked":["hierophant:OrnateBuckler+1"],"picked":"SKIP","floor":37},{"not_picked":["hierophant:MorningPrayer+1"],"picked":"SKIP","floor":38},{"not_picked":["hierophant:FieryStrike"],"picked":"SKIP","floor":38},{"not_picked":["hierophant:HammerAndAnvil+1"],"picked":"SKIP","floor":40},{"not_picked":["hierophant:PassingBell"],"picked":"SKIP","floor":40},{"not_picked":["hierophant:Remorse"],"picked":"SKIP","floor":45},{"not_picked":["hierophant:Blessing+1"],"picked":"SKIP","floor":45},{"not_picked":["hierophant:Rebuild+1"],"picked":"SKIP","floor":54}],"player_experience":509217,"relics_obtained":[{"floor":9,"key":"HornCleat"},{"floor":10,"key":"StrikeDummy"},{"floor":13,"key":"Calipers"},{"floor":23,"key":"Potion Belt"},{"floor":26,"key":"Vajra"},{"floor":26,"key":"Mercury Hourglass"},{"floor":30,"key":"Blood Vial"},{"floor":36,"key":"Turnip"},{"floor":39,"key":"Torii"},{"floor":43,"key":"Anchor"},{"floor":54,"key":"War Paint"}],"event_choices":[{"cards_removed":["hierophant:Strike_Hierophant"],"damage_healed":0,"gold_gain":0,"player_choice":"Card Removal","damage_taken":0,"max_hp_gain":0,"max_hp_loss":0,"event_name":"The Cleric","floor":14,"gold_loss":50},{"damage_healed":0,"gold_gain":100,"player_choice":"Pray","damage_taken":0,"max_hp_gain":0,"max_hp_loss":0,"event_name":"Golden Shrine","floor":20,"gold_loss":0},{"damage_healed":0,"gold_gain":0,"player_choice":"Fight","damage_taken":0,"max_hp_gain":0,"max_hp_loss":0,"event_name":"MindBloom","floor":36,"gold_loss":0},{"damage_healed":0,"gold_gain":0,"player_choice":"Fight","damage_taken":0,"max_hp_gain":0,"max_hp_loss":0,"event_name":"Mysterious Sphere","floor":39,"gold_loss":0},{"cards_removed":["hierophant:Punish"],"damage_healed":0,"gold_gain":0,"player_choice":"Removed Attack","damage_taken":0,"max_hp_gain":0,"max_hp_loss":0,"event_name":"Falling","floor":46,"gold_loss":0},{"damage_healed":66,"gold_gain":0,"player_choice":"Heal","damage_taken":0,"max_hp_gain":0,"max_hp_loss":9,"event_name":"The Moai Head","floor":48,"gold_loss":0}],"is_beta":false,"boss_relics":[{"not_picked":["Ectoplasm","Tiny House"],"picked":"Busted Crown"},{"not_picked":["SacredBark","Sozu"],"picked":"Philosopher\u0027s Stone"}],"items_purged_floors":[0,11,22,41,47],"is_endless":false,"potions_floor_spawned":[2,4,5,10,13,18,23,27,28,33,39,40,45,54],"ascension_level":0}}