{"host":"hcg2wesxzfo46upw","time":1611864801,"event":{"mods":["2.2 Compatiblity","AchievementEnabler","Act Like it!","Aspiration","BaseMod","Beaked The Cultist","Clockwork Mod","Conspire","Downfall","Duelist Mod","Elementarium","Gensokyo","GifTheSpireLib","Glutton Mod","Hubris","Infinite Spire","Jedi Mod","Mad Scientist","Minty Spire (QoL Compilation)","Pale of the Ancients","Prisma Mod","Replay The Spire","Spikes Relics","StSLib","Stuff the Spire","The Blackbeard","The Bug Knight","The Construct","The Cursed","The Death Knight","The Disciple","The Jungle","The Necromancer","The Runesmith","Wandering Minibosses"],"gold_per_floor":[117,117,127,3,19,53,53,67,67,67,31,49,67,79,79,179,179,194,194,294,306,306,341,43,43,43,43,43,43,43,43,43,43,43],"floor_reached":33,"language":"ENG","playtime":2412,"items_purged":["Normality","downfall:Haunted"],"score":288,"play_id":"2eac7c4c-8dab-4e77-b94d-baaecd7a00cd","local_time":"20210128211321","is_ascension_mode":false,"campfire_choices":[{"data":"Negative_Energy_Burst","floor":7,"key":"SMITH"},{"data":"Summon_Undead_Army","floor":15,"key":"SMITH"},{"data":"Summon_Undead","floor":25,"key":"SMITH"},{"data":"Summon_Vampire_Lady","floor":27,"key":"SMITH"},{"data":"Life_Tap","floor":29,"key":"SMITH"},{"floor":32,"key":"DIG"}],"circlet_count":0,"master_deck":["Strike_W","Strike_W","Strike_W","Strike_W","Defend_W","Defend_W","Defend_W","Defend_W","Negative_Energy_Arrows","Bone_Wall","Summon_Undead+1","Negative_Energy_Mist","Death_March_Dance","Summon_Undead_Army+1","Negative_Energy_Burst+1","Requiem+1","Blood_Whip+1","Bone_Prison","Grasp_Heart+1","Negative_Energy_Sphere+1","Bone_Bullets+1","Summon_Vampire_Lady+1","Life_Tap+1","downfall:Haunted","hubris:Despair","Requiem+1","Shame","Bone_Spikes+1","Corrupt+1","Necromantic_Selection","infinitespire:NeuralNetwork+1"],"relics":["Vampire_Amulet","NeowsBlessing","WarpedTongs","Molten Egg 2","aspiration:HatOfInfinitePower","Runesmith:UraniumAnvil","Darkstone Periapt","wanderingMiniBosses:CarrionFlame","hubris:AstralHammer","Boot","aspiration:DSix","ChewingGum","jedi:ashlotus","StuffTheSpire:PointBlank"],"acts_visited":["Exordium","Exordium"],"potions_floor_usage":[8,21,23,33],"damage_taken":[{"damage":0,"enemies":"Small Slimes","floor":1,"turns":1},{"damage":0,"enemies":"Cultist","floor":3,"turns":1},{"damage":0,"enemies":"Jaw Worm","floor":5,"turns":1},{"damage":27,"enemies":"Lagavulin","floor":6,"turns":6},{"damage":7,"enemies":"Lots of Slimes","floor":8,"turns":2},{"damage":27,"enemies":"Blue Slaver","floor":12,"turns":6},{"damage":0,"enemies":"Large Slime","floor":13,"turns":4},{"damage":0,"enemies":"2 Fungi Beasts","floor":14,"turns":4},{"damage":22,"enemies":"The Guardian","floor":16,"turns":6},{"damage":4,"enemies":"Gensokyo:3_Dogs","floor":18,"turns":5},{"damage":57,"enemies":"Gensokyo:2_Gloops","floor":21,"turns":6},{"damage":72,"enemies":"Gensokyo:Tenshi","floor":23,"turns":5},{"damage":48,"enemies":"Gensokyo:Kaguya","floor":33,"turns":8}],"seed_played":"-1994800813059352481","potions_obtained":[{"floor":1,"key":"Explosive Potion"},{"floor":6,"key":"DuplicationPotion"},{"floor":12,"key":"LifebloodPotion"},{"floor":16,"key":"jedi:wingpotion"},{"floor":21,"key":"BlessingOfTheForge"}],"is_trial":false,"path_per_floor":["M","?","M","$","M","E","R","M","T","?","$","M","M","M","R","B",null,"M","?","?","M","?","E","$","R","T","R","$","R","AVR","?","R","B"],"character_chosen":"NECROMANCER","items_purchased":["Death_March_Dance","Summon_Undead_Army","Bone_Prison","Necromantic_Selection","Boot"],"campfire_rested":0,"item_purchase_floors":[4,4,11,24,24],"current_hp_per_floor":[75,75,75,75,75,50,50,53,53,53,53,40,44,48,48,28,75,75,75,99,70,70,21,21,21,21,21,21,21,21,21,21,0,0],"gold":43,"neow_bonus":"THREE_ENEMY_KILL","is_daily":false,"chose_seed":false,"campfire_upgraded":5,"win_rate":0.0,"timestamp":1611864801,"path_taken":["M","?","?","$","?","E","R","M","T","?","$","?","?","M","R","BOSS","M","?","?","M","?","E","?","R","T","R","$","R","AVR","?","R","BOSS"],"items_purchased_type":["Card","Card","Card","Card","Relic"],"build_version":"2020-12-22","purchased_purges":2,"victory":false,"max_hp_per_floor":[75,75,75,75,75,75,75,75,75,75,75,75,75,75,75,75,75,75,75,99,99,99,99,99,99,99,99,99,99,99,99,99,99,99],"card_choices":[{"not_picked":["Scare","Bone_Bullets"],"picked":"Summon_Undead","floor":1},{"not_picked":["Negative_Energy_Shield","Flesh_Made_Foul"],"picked":"Negative_Energy_Mist","floor":3},{"not_picked":["Bone_Prison","Scare"],"picked":"Negative_Energy_Burst","floor":5},{"not_picked":["Stop_Heart","Negative_Energy_Javelin+1"],"picked":"Requiem+1","floor":6},{"not_picked":["Strike_from_Beyond+1","Shackles_Of_Pain"],"picked":"Blood_Whip+1","floor":8},{"not_picked":["Slay_Living+1","Finger_Of_Death+1"],"picked":"Grasp_Heart+1","floor":12},{"not_picked":["Chill_Blood","Slay_Living+1"],"picked":"Negative_Energy_Sphere+1","floor":13},{"not_picked":["Shackles_Of_Pain","Death_Coil+1"],"picked":"Bone_Bullets+1","floor":14},{"not_picked":["Requiem+1","Detonate_Bones+1"],"picked":"Summon_Vampire_Lady","floor":16},{"not_picked":["Bone_Armory","Bones_to_Steel+1"],"picked":"Life_Tap","floor":18},{"not_picked":["Negative_Energy_Shield+1","Negative_Energy_Javelin+1"],"picked":"Bone_Spikes+1","floor":21},{"not_picked":["Negative_Energy_Sphere+1","Scare"],"picked":"Corrupt+1","floor":23}],"player_experience":217631,"relics_obtained":[{"floor":6,"key":"Molten Egg 2"},{"floor":9,"key":"aspiration:HatOfInfinitePower"},{"floor":21,"key":"wanderingMiniBosses:CarrionFlame"},{"floor":23,"key":"hubris:AstralHammer"},{"floor":26,"key":"aspiration:DSix"},{"floor":32,"key":"StuffTheSpire:PointBlank"}],"event_choices":[{"damage_healed":0,"gold_gain":0,"player_choice":"Rummage","damage_taken":0,"relics_obtained":["WarpedTongs"],"max_hp_gain":0,"max_hp_loss":0,"event_name":"Accursed Blacksmith","floor":2,"gold_loss":0,"cards_obtained":["Pain"]},{"damage_healed":0,"gold_gain":0,"cards_transformed":["Pain"],"player_choice":"Transformed","damage_taken":0,"max_hp_gain":0,"max_hp_loss":0,"event_name":"Transmorgrifier","floor":10,"gold_loss":0,"cards_obtained":["Normality"]},{"damage_healed":0,"gold_gain":0,"player_choice":"Leave","damage_taken":0,"max_hp_gain":0,"max_hp_loss":0,"event_name":"conspire:Investor","floor":19,"gold_loss":0}],"is_beta":false,"boss_relics":[{"not_picked":["StuffTheSpire:ModemDavis","Kintsugi"],"picked":"Runesmith:UraniumAnvil"}],"items_purged_floors":[24,30],"is_endless":false,"potions_floor_spawned":[1,6,12,16,21],"killed_by":"Gensokyo:Kaguya","ascension_level":0}}