{"host":"6gnjg44wf0nz538o","time":1611815582,"event":{"mods":["AchievementEnabler","BaseMod","BetterRewards","Colored Map","Minty Spire (QoL Compilation)","Replay The Spire","Spicy Shops","StSLib"],"gold_per_floor":[110,166,166,182,192,192,218,20,20,39,39,55,82,94,94,169,269,289,63,63,63,33,59,48,83,83,99,99,113,113,131,131,209,209,226,251,251,67,67,93,93,121,121,121,139,157,172,183,183,183,183,183,107,141,141,141],"floor_reached":55,"language":"ENG","playtime":2046,"items_purged":[],"score":1529,"play_id":"b75252ca-ef2f-4c7d-9c2b-005d3bf725f9","local_time":"20210128013302","is_ascension_mode":true,"campfire_choices":[{"data":"Infinite Blades","floor":6.0,"key":"SMITH"},{"floor":11.0,"key":"REST"},{"floor":15.0,"key":"DIG"},{"floor":28.0,"key":"REST"},{"data":"Accuracy","floor":30.0,"key":"SMITH"},{"floor":32.0,"key":"REST"},{"floor":41.0,"key":"RECALL"},{"floor":49.0,"key":"REST"},{"data":"ReplayTheSpireMod:Scrap Shanks","floor":52.0,"key":"SMITH"}],"circlet_count":0,"master_deck":["AscendersBane","Strike_G+1","Strike_G+1","Strike_G+1","Strike_G+1","Strike_G+1","Defend_G+1","Defend_G+1","Defend_G+1","Defend_G+1","Survivor","Neutralize","Infinite Blades+1","ReplayTheSpireMod:Splinters","Skewer","Calculated Gamble","Dagger Throw","Terror","Slice","Shame","Accuracy+1","Skewer","Cloak And Dagger","All Out Attack","Tools of the Trade+1","Acrobatics","Parasite","Choke","Parasite","Blade Dance","Injury","ReplayTheSpireMod:Shiv Toss","Slice","Slice","Dagger Spray","ReplayTheSpireMod:Scrap Shanks+1","Prepared","Bullet Time+1","Underhanded Strike+1","Acrobatics","Writhe","Blade Dance","Slice","ReplayTheSpireMod:Shiv Toss","Writhe","ReplayTheSpireMod:Splinters","ReplayTheSpireMod:Scrap Shanks+1","Prepared+1","Blade Dance","ReplayTheSpireMod:From All Sides"],"relics":["Ring of the Snake","Du-Vu Doll","Blue Doll","TungstenRod","Lee\u0027s Waffle","HornCleat","Shovel","Membership Card","White Beast Statue","Replay:Rubber Ducky","Replay:Bottled Snecko","Replay:Wanted Poster","ClockworkSouvenir","Bag of Marbles","Oddly Smooth Stone","Sling","Bag of Preparation","ReplayTheSpireMod:CursedCoin","Dream Catcher","Orichalcum","Mercury Hourglass","Darkstone Periapt","Cursed Key","Replay:Multitool","Chemical X","Guide Book","StoneCalendar","Ancient Tea Set","Centennial Puzzle","Torii","Toy Ornithopter"],"acts_visited":["Exordium","TheCity","TheBeyond","TheEnding"],"potions_floor_usage":[55,55],"damage_taken":[{"damage":9.0,"enemies":"Cultist","floor":1.0,"turns":4.0},{"damage":8.0,"enemies":"Jaw Worm","floor":4.0,"turns":2.0},{"damage":7.0,"enemies":"Small Slimes","floor":5.0,"turns":3.0},{"damage":28.0,"enemies":"3 Sentries","floor":7.0,"turns":6.0},{"damage":0.0,"enemies":"Exordium Wildlife","floor":10.0,"turns":2.0},{"damage":0.0,"enemies":"Exordium Thugs","floor":12.0,"turns":2.0},{"damage":0.0,"enemies":"Lagavulin","floor":13.0,"turns":3.0},{"damage":1.0,"enemies":"Gremlin Gang","floor":14.0,"turns":3.0},{"damage":22.0,"enemies":"Fading Forest","floor":16.0,"turns":11.0},{"damage":0.0,"enemies":"Spheric Guardian","floor":18.0,"turns":2.0},{"damage":22.0,"enemies":"Gremlin Leader","floor":23.0,"turns":4.0},{"damage":8.0,"enemies":"Book of Stabbing","floor":25.0,"turns":2.0},{"damage":1.0,"enemies":"3 Byrds","floor":27.0,"turns":3.0},{"damage":16.0,"enemies":"Snake Plant","floor":29.0,"turns":2.0},{"damage":0.0,"enemies":"Snecko","floor":31.0,"turns":1.0},{"damage":13.0,"enemies":"Champ","floor":33.0,"turns":5.0},{"damage":0.0,"enemies":"Orb Walker","floor":35.0,"turns":1.0},{"damage":0.0,"enemies":"Mind Bloom Boss Battle","floor":36.0,"turns":4.0},{"damage":0.0,"enemies":"Nemesis","floor":40.0,"turns":1.0},{"damage":39.0,"enemies":"R_Hoarder","floor":42.0,"turns":5.0},{"damage":0.0,"enemies":"3 Darklings","floor":45.0,"turns":3.0},{"damage":28.0,"enemies":"4 Shapes","floor":46.0,"turns":3.0},{"damage":5.0,"enemies":"Maw","floor":47.0,"turns":5.0},{"damage":0.0,"enemies":"Transient","floor":48.0,"turns":5.0},{"damage":16.0,"enemies":"Replay:Hell Engine","floor":50.0,"turns":3.0},{"damage":37.0,"enemies":"Shield and Spear","floor":54.0,"turns":3.0},{"damage":54,"enemies":"The Heart","floor":55,"turns":3}],"seed_played":"2338235437945860067","potions_obtained":[{"floor":4.0,"key":"PowerPotion"},{"floor":7.0,"key":"Swift Potion"},{"floor":10.0,"key":"Fire Potion"},{"floor":12.0,"key":"FearPotion"},{"floor":13.0,"key":"SpeedPotion"},{"floor":14.0,"key":"Toxic Potion"},{"floor":16.0,"key":"AttackPotion"},{"floor":23.0,"key":"Explosive Potion"},{"floor":25.0,"key":"Poison Potion"},{"floor":27.0,"key":"GhostInAJar"}],"is_trial":false,"path_per_floor":["M","?","?","M","M","R","E","$","T","M","R","M","E","M","R","B",null,"M","$","?","?","$","E","$","E","T","M","R","M","R","M","R","B",null,"M","?","?","$","?","E","R","E","T","T","M","M","M","M","R","B",null,"R","$","E","B"],"character_chosen":"THE_SILENT","items_purchased":["Blue Doll","TungstenRod","Infinite Blades","Lee\u0027s Waffle","Membership Card","Accuracy","Skewer","ClockworkSouvenir","Choke","Bag of Marbles","Oddly Smooth Stone","Sling","ReplayTheSpireMod:CursedCoin","ReplayTheSpireMod:Shiv Toss","Slice","Dream Catcher","Orichalcum","Chemical X","Guide Book","Blade Dance","Slice","Torii"],"campfire_rested":4,"item_purchase_floors":[0,0,0,0,8,8,8,19,19,19,19,22,24,24,24,24,24,38,38,38,38,53],"current_hp_per_floor":[68,68,68,60,53,53,25,25,25,25,48,48,48,47,47,33,66,66,66,66,66,66,44,44,36,36,35,58,42,42,42,65,52,71,71,71,83,83,83,83,83,44,50,56,56,28,23,23,51,35,80,80,80,43,0,0],"gold":141,"neow_bonus":"","is_daily":false,"chose_seed":false,"campfire_upgraded":3,"win_rate":0.0,"timestamp":1611815582,"path_taken":["M","?","?","?","M","R","E","$","T","M","R","M","E","M","R","BOSS","M","$","?","?","?","E","$","E","T","?","R","M","R","?","R","BOSS","M","?","?","$","?","E","R","E","T","?","M","M","?","M","R","BOSS","R","$","E","BOSS"],"items_purchased_type":["Relic","Relic","Card","Relic","Relic","Card","Card","Relic","Card","Relic","Relic","Relic","Relic","Card","Card","Relic","Relic","Relic","Relic","Card","Card","Relic"],"build_version":"2020-12-22","purchased_purges":0,"victory":false,"max_hp_per_floor":[77,77,77,77,77,77,77,77,77,77,77,77,77,77,77,77,77,77,77,77,77,77,77,77,77,77,77,77,77,77,77,77,77,77,77,77,83,83,83,83,83,83,89,95,95,95,95,95,95,95,95,95,95,95,95,95],"card_choices":[{"not_picked":["Deadly Poison","Dagger Throw"],"picked":"Infinite Blades","floor":1.0},{"not_picked":["Distraction","Infinite Blades"],"picked":"Skewer","floor":2.0},{"not_picked":["Quick Slash","Setup"],"picked":"Dagger Throw","floor":4.0},{"not_picked":["Bouncing Flask","Poisoned Stab"],"picked":"Terror","floor":5.0},{"not_picked":["Bane","Sucker Punch"],"picked":"Slice","floor":7.0},{"not_picked":["Atom Bomb","Deflect","Underhanded Strike"],"picked":"SKIP","floor":10.0},{"not_picked":["Calculated Gamble","Quick Slash","Toxin Wave"],"picked":"SKIP","floor":12.0},{"not_picked":["Hidden Blade","Unload"],"picked":"Cloak And Dagger","floor":13.0},{"not_picked":["Noxious Fumes","Cloak And Dagger"],"picked":"All Out Attack","floor":14.0},{"not_picked":["ReplayTheSpireMod:Necrosis","Doppelganger"],"picked":"Tools of the Trade","floor":16.0},{"not_picked":["Underhanded Strike+1","Poisoned Stab"],"picked":"Acrobatics","floor":18.0},{"not_picked":["Calculated Gamble","Bane"],"picked":"Blade Dance","floor":23.0},{"not_picked":["PiercingWail","Cloak And Dagger"],"picked":"Slice","floor":25.0},{"not_picked":["Hidden Blade","Endless Agony"],"picked":"Dagger Spray","floor":27.0},{"not_picked":["ReplayTheSpireMod:Tripwire","Dodge and Roll+1"],"picked":"ReplayTheSpireMod:Scrap Shanks","floor":28.0},{"not_picked":["Dagger Throw","Dodge and Roll+1","Grand Finale"],"picked":"SKIP","floor":29.0},{"not_picked":["Quick Slash","Sucker Punch"],"picked":"Prepared","floor":31.0},{"not_picked":["Tools of the Trade","ReplayTheSpireMod:Necrosis"],"picked":"Bullet Time","floor":33.0},{"not_picked":["Dagger Spray","Cloak And Dagger+1"],"picked":"Underhanded Strike+1","floor":35.0},{"not_picked":["Replay:Poison Smokescreen","Crippling Poison"],"picked":"Acrobatics","floor":36.0},{"not_picked":["Riddle With Holes+1","Quick Slash","Poisoned Stab"],"picked":"SKIP","floor":40.0},{"not_picked":["Cloak And Dagger","Setup"],"picked":"ReplayTheSpireMod:Shiv Toss","floor":42.0},{"not_picked":["ReplayTheSpireMod:Exploit Weakness","Underhanded Strike","Bane+1"],"picked":"SKIP","floor":45.0},{"not_picked":["Flechettes","Dagger Spray"],"picked":"ReplayTheSpireMod:Scrap Shanks+1","floor":46.0},{"not_picked":["Outmaneuver","Cloak And Dagger"],"picked":"Prepared+1","floor":47.0},{"not_picked":["Atom Bomb","Choke"],"picked":"Blade Dance","floor":48.0},{"not_picked":["Backstab+1","Caltrops"],"picked":"ReplayTheSpireMod:From All Sides","floor":54.0}],"player_experience":541590,"relics_obtained":[{"floor":2.0,"key":"HornCleat"},{"floor":7.0,"key":"Shovel"},{"floor":9.0,"key":"White Beast Statue"},{"floor":13.0,"key":"Replay:Rubber Ducky"},{"floor":15.0,"key":"Replay:Bottled Snecko"},{"floor":23.0,"key":"Bag of Preparation"},{"floor":25.0,"key":"Mercury Hourglass"},{"floor":26.0,"key":"Darkstone Periapt"},{"floor":36.0,"key":"Replay:Multitool"},{"floor":40.0,"key":"StoneCalendar"},{"floor":42.0,"key":"Ancient Tea Set"},{"floor":44.0,"key":"Centennial Puzzle"},{"floor":54.0,"key":"Toy Ornithopter"}],"event_choices":[{"damage_healed":0.0,"max_hp_gain":0.0,"max_hp_loss":0.0,"gold_gain":0.0,"cards_transformed":["Infinite Blades"],"event_name":"Transmorgrifier","player_choice":"Transformed","floor":3.0,"gold_loss":0.0,"damage_taken":0.0,"cards_obtained":["Calculated Gamble"]},{"damage_healed":0.0,"max_hp_gain":0.0,"max_hp_loss":0.0,"gold_gain":0.0,"event_name":"Back to Basics","player_choice":"Simplicity","floor":20.0,"gold_loss":0.0,"damage_taken":0.0,"cards_upgraded":["Strike_G","Strike_G","Strike_G","Strike_G","Strike_G","Defend_G","Defend_G","Defend_G","Defend_G","Defend_G"]},{"damage_healed":0.0,"max_hp_gain":0.0,"max_hp_loss":0.0,"gold_gain":0.0,"event_name":"Ghosts","player_choice":"Ignored","floor":21.0,"gold_loss":0.0,"damage_taken":0.0},{"damage_healed":0.0,"max_hp_gain":0.0,"max_hp_loss":0.0,"gold_gain":0.0,"event_name":"MindBloom","player_choice":"Fight","floor":36.0,"gold_loss":0.0,"damage_taken":0.0},{"damage_healed":19.0,"max_hp_gain":0.0,"max_hp_loss":0.0,"gold_gain":0.0,"event_name":"Winding Halls","player_choice":"Writhe","floor":37.0,"gold_loss":0.0,"damage_taken":0.0,"cards_obtained":["Writhe"]},{"cards_removed":["Defend_G"],"damage_healed":0.0,"max_hp_gain":0.0,"max_hp_loss":0.0,"gold_gain":0.0,"event_name":"Falling","player_choice":"Removed Skill","floor":39.0,"gold_loss":0.0,"damage_taken":0.0}],"is_beta":false,"boss_relics":[{"not_picked":["Astrolabe","Velvet Choker"],"picked":"Replay:Wanted Poster"},{"not_picked":["Ring of the Serpent","Painkiller Herb"],"picked":"Cursed Key"}],"items_purged_floors":[],"is_endless":false,"potions_floor_spawned":[4,7,10,12,13,14,16,18,23,25,27,29,31,33,35,36,40,42,45,46,47,48,54],"killed_by":"The Heart","ascension_level":13}}