{"host":"gl5rgsfncjl28cj1","time":1611830675,"event":{"mods":["BaseMod","Colored Map","Highlight Path","Minty Spire (QoL Compilation)","Permanent Neow","Relic Stats","StSLib"],"gold_per_floor":[210,230,230,240,165,190,190,202,202,202,13,46,65,65,65,144,144,163,42,59,75,34,69,69,82,82,82,96,110,110,110,110,110,110],"floor_reached":33,"language":"KOR","playtime":1452,"items_purged":["Strike_G","Strike_G","Strike_G"],"score":554,"play_id":"2ff99e6e-45d1-441f-b8a0-3a1b1c8ed3c7","local_time":"20210128194435","is_ascension_mode":true,"campfire_choices":[{"floor":7,"key":"REST"},{"data":"Deadly Poison","floor":10,"key":"SMITH"},{"data":"Dagger Spray","floor":15,"key":"SMITH"},{"floor":24,"key":"REST"},{"floor":27,"key":"REST"},{"floor":30,"key":"REST"},{"data":"Neutralize","floor":32,"key":"SMITH"}],"circlet_count":0,"master_deck":["AscendersBane","Strike_G","Strike_G","Defend_G","Defend_G","Defend_G","Defend_G","Defend_G","Survivor","Neutralize+1","Dash","Dagger Spray+1","Deadly Poison+1","Terror+1","Backstab","Bouncing Flask+1","Crippling Poison+1","Calculated Gamble+1","Prepared+1","Backflip+1","Adrenaline+1","Dodge and Roll+1"],"relics":["Ring of the Snake","Toxic Egg 2","Mercury Hourglass","The Courier","Bottled Lightning","Sozu","Darkstone Periapt","HornCleat"],"acts_visited":["Exordium","TheCity"],"potions_floor_usage":[6,12,13,23],"damage_taken":[{"damage":2,"enemies":"Jaw Worm","floor":1,"turns":6},{"damage":1,"enemies":"Cultist","floor":2,"turns":5},{"damage":0,"enemies":"2 Louse","floor":4,"turns":2},{"damage":30,"enemies":"3 Sentries","floor":6,"turns":7},{"damage":9,"enemies":"Red Slaver","floor":8,"turns":4},{"damage":15,"enemies":"Lagavulin","floor":12,"turns":4},{"damage":0,"enemies":"3 Louse","floor":13,"turns":2},{"damage":17,"enemies":"The Guardian","floor":16,"turns":10},{"damage":6,"enemies":"Shell Parasite","floor":18,"turns":4},{"damage":0,"enemies":"Chosen","floor":20,"turns":3},{"damage":0,"enemies":"Sentry and Sphere","floor":21,"turns":2},{"damage":35,"enemies":"Gremlin Leader","floor":23,"turns":6},{"damage":30,"enemies":"Shelled Parasite and Fungi","floor":25,"turns":5},{"damage":0,"enemies":"Snake Plant","floor":28,"turns":3},{"damage":0,"enemies":"3 Cultists","floor":29,"turns":3},{"damage":56,"enemies":"Champ","floor":33,"turns":12}],"seed_played":"-2312928898030830825","potions_obtained":[{"floor":2,"key":"Explosive Potion"},{"floor":6,"key":"Regen Potion"},{"floor":12,"key":"SpeedPotion"},{"floor":13,"key":"Fruit Juice"}],"is_trial":false,"path_per_floor":["M","M","?","M","$","E","R","M","T","R","$","E","M","T","R","B",null,"M","$","M","M","$","E","R","M","T","R","M","M","R","$","R","B"],"character_chosen":"THE_SILENT","items_purchased":["Bouncing Flask+1","Prepared+1","Backflip+1"],"campfire_rested":4,"item_purchase_floors":[11,19,22],"current_hp_per_floor":[57,56,56,56,56,26,45,36,36,36,36,35,40,40,40,23,59,53,53,53,53,53,18,39,9,9,30,30,30,51,51,51,0,0],"gold":110,"neow_bonus":"HUNDRED_GOLD","is_daily":false,"chose_seed":false,"campfire_upgraded":3,"win_rate":0.0,"timestamp":1611830675,"path_taken":["M","M","?","M","$","E","R","M","T","R","$","E","M","?","R","BOSS","M","$","M","M","?","E","R","M","T","R","M","?","R","$","R","BOSS"],"items_purchased_type":["Card","Card","Card"],"build_version":"2020-12-22","purchased_purges":3,"victory":false,"max_hp_per_floor":[66,66,66,66,66,66,66,66,66,66,66,66,71,71,71,71,71,71,71,71,71,71,71,71,71,71,71,71,71,71,71,71,71,71],"relic_stats":{"Sozu":4,"Darkstone Periapt":0,"counters":[16,77],"obtain_stats":[{"Sozu":17,"Darkstone Periapt":23,"HornCleat":26,"The Courier":12,"Bottled Lightning":14,"Toxic Egg 2":6,"Ring of the Snake":0,"Mercury Hourglass":9},{"Sozu":8,"Darkstone Periapt":12,"HornCleat":13,"The Courier":6,"Bottled Lightning":7,"Toxic Egg 2":4,"Ring of the Snake":0,"Mercury Hourglass":5},{"Sozu":40,"Darkstone Periapt":55,"HornCleat":60,"The Courier":28,"Bottled Lightning":30,"Toxic Egg 2":20,"Ring of the Snake":0,"Mercury Hourglass":24}],"Ring of the Snake":[32],"Mercury Hourglass":[143]},"card_choices":[{"not_picked":["Dodge and Roll","Caltrops"],"picked":"Dash","floor":1},{"not_picked":["Blur","Eviscerate"],"picked":"Dagger Spray","floor":2},{"not_picked":["Flechettes","Outmaneuver"],"picked":"Deadly Poison","floor":4},{"not_picked":["Deflect+1","Outmaneuver+1"],"picked":"Terror+1","floor":6},{"not_picked":["Backflip+1","Prepared+1"],"picked":"Backstab","floor":8},{"not_picked":["Malaise+1","Sucker Punch"],"picked":"Crippling Poison+1","floor":12},{"not_picked":["Dagger Spray","Dagger Throw","Quick Slash"],"picked":"SKIP","floor":13},{"not_picked":["Heel Hook","Expertise+1"],"picked":"Calculated Gamble+1","floor":18},{"not_picked":["Riddle With Holes","Outmaneuver+1","Blade Dance+1"],"picked":"SKIP","floor":20},{"not_picked":["Outmaneuver+1","Endless Agony","Slice"],"picked":"SKIP","floor":21},{"not_picked":["Prepared+1","Terror+1"],"picked":"Adrenaline+1","floor":23},{"not_picked":["Masterful Stab","Blade Dance+1","Underhanded Strike"],"picked":"SKIP","floor":25},{"not_picked":["Endless Agony+1","Leg Sweep+1","Flechettes"],"picked":"SKIP","floor":28},{"not_picked":["All Out Attack","Sucker Punch"],"picked":"Dodge and Roll+1","floor":29}],"player_experience":1002621,"relics_obtained":[{"floor":6,"key":"Toxic Egg 2"},{"floor":9,"key":"Mercury Hourglass"},{"floor":12,"key":"The Courier"},{"floor":14,"key":"Bottled Lightning"},{"floor":23,"key":"Darkstone Periapt"},{"floor":26,"key":"HornCleat"}],"event_choices":[{"damage_healed":0,"gold_gain":0,"player_choice":"Ignored","damage_taken":0,"max_hp_gain":0,"max_hp_loss":0,"event_name":"Shining Light","floor":3,"gold_loss":0}],"is_beta":false,"boss_relics":[{"not_picked":["Snecko Eye","Ectoplasm"],"picked":"Sozu"}],"items_purged_floors":[5,11,19],"is_endless":false,"potions_floor_spawned":[2,6,12,13,20,21,25,29],"killed_by":"Champ","ascension_level":20}}