{"host":"vumwfieg2b2mnrfl","time":1611858274,"event":{"mods":["AchievementEnabler","BaseMod","Minty Spire (QoL Compilation)","Rare Cards Sparkle","Relic Stats"],"gold_per_floor":[119,119,139,156,156,182,196,196,223,223,256,275,298,316,316,390,390,401,401,419,469,469,469,469,469],"floor_reached":24,"language":"ENG","playtime":689,"items_purged":[],"score":391,"play_id":"2baeeca6-a406-446f-9e45-de57e725f87e","local_time":"20210128122434","is_ascension_mode":true,"campfire_choices":[{"floor":10.0,"key":"REST"},{"floor":15,"key":"REST"},{"floor":23,"key":"REST"}],"circlet_count":0,"master_deck":["AscendersBane","Strike_R","Strike_R","Strike_R","Strike_R","Defend_R","Defend_R","Defend_R","Bash","Clothesline","Cleave","Armaments","Shrug It Off","Ghostly Armor","Pommel Strike","Double Tap","Inflame","Shrug It Off"],"relics":["Mark of Pain","Juzu Bracelet","Centennial Puzzle","Toy Ornithopter","Pen Nib","Art of War","SacredBark"],"acts_visited":["Exordium","TheCity"],"potions_floor_usage":[11,16,16,20],"damage_taken":[{"damage":2.0,"enemies":"Jaw Worm","floor":1.0,"turns":3.0},{"damage":4.0,"enemies":"Cultist","floor":3.0,"turns":4.0},{"damage":1.0,"enemies":"2 Louse","floor":4.0,"turns":3.0},{"damage":30.0,"enemies":"Gremlin Nob","floor":6.0,"turns":4.0},{"damage":0.0,"enemies":"2 Fungi Beasts","floor":7.0,"turns":2.0},{"damage":35,"enemies":"Lagavulin","floor":11,"turns":7},{"damage":0,"enemies":"Blue Slaver","floor":12,"turns":3},{"damage":0,"enemies":"Looter","floor":14,"turns":3},{"damage":15,"enemies":"Hexaghost","floor":16,"turns":14},{"damage":2,"enemies":"Chosen","floor":18,"turns":5},{"damage":48,"enemies":"3 Byrds","floor":20,"turns":5},{"damage":50,"enemies":"Slavers","floor":24,"turns":3}],"seed_played":"8983112996719598278","potions_obtained":[{"floor":1.0,"key":"BlessingOfTheForge"},{"floor":6.0,"key":"Swift Potion"},{"floor":7.0,"key":"Strength Potion"},{"floor":11,"key":"Swift Potion"},{"floor":18,"key":"Swift Potion"}],"is_trial":false,"path_per_floor":["M","?","M","M","?","E","M","?","T","R","E","M","T","M","R","B",null,"M","?","M","?","?","R","E"],"character_chosen":"IRONCLAD","items_purchased":[],"campfire_rested":3,"item_purchase_floors":[],"current_hp_per_floor":[66,66,62,61,61,31,31,20,20,42,12,12,12,12,34,29,64,62,62,19,19,19,41,0,0],"gold":469,"neow_bonus":"BOSS_RELIC","is_daily":false,"chose_seed":false,"campfire_upgraded":0,"win_rate":0.0,"timestamp":1611858274,"path_taken":["M","?","M","?","?","E","M","?","T","R","E","M","?","M","R","BOSS","M","?","M","?","?","R","E"],"items_purchased_type":[],"build_version":"2020-12-22","purchased_purges":0,"victory":false,"max_hp_per_floor":[75,75,75,75,75,75,75,75,75,75,75,75,75,75,75,75,75,75,75,75,75,75,75,75,75],"relic_stats":{"Centennial Puzzle":[15],"counters":[12,56],"Pen Nib":[6],"Juzu Bracelet":0,"Art of War":[3],"obtain_stats":[{"Centennial Puzzle":8,"SacredBark":17,"Mark of Pain":0,"Pen Nib":11,"Juzu Bracelet":6,"Art of War":13,"Burning Blood":0,"Toy Ornithopter":9},{"Centennial Puzzle":5,"SacredBark":9,"Mark of Pain":0,"Pen Nib":6,"Juzu Bracelet":4,"Art of War":7,"Burning Blood":0,"Toy Ornithopter":5},{"Centennial Puzzle":16,"SacredBark":43,"Mark of Pain":0,"Pen Nib":23,"Juzu Bracelet":14,"Art of War":26,"Burning Blood":0,"Toy Ornithopter":16}],"Toy Ornithopter":20},"card_choices":[{"not_picked":["Searing Blow","Perfected Strike"],"picked":"Clothesline","floor":1.0},{"not_picked":["Clothesline","Sever Soul","Iron Wave"],"picked":"SKIP","floor":3.0},{"not_picked":["Blood for Blood","Burning Pact"],"picked":"Cleave","floor":4.0},{"not_picked":["Brutality","Body Slam","Power Through"],"picked":"SKIP","floor":6.0},{"not_picked":["Dual Wield","Blood for Blood"],"picked":"Armaments","floor":7.0},{"not_picked":["Anger","Armaments"],"picked":"Shrug It Off","floor":11},{"not_picked":["Thunderclap","Dropkick"],"picked":"Ghostly Armor","floor":12},{"not_picked":["Cleave","Havoc"],"picked":"Pommel Strike","floor":14},{"not_picked":["Immolate","Offering"],"picked":"Double Tap","floor":16},{"not_picked":["Cleave","Havoc"],"picked":"Inflame","floor":18},{"not_picked":["Body Slam","Sword Boomerang","Heavy Blade"],"picked":"SKIP","floor":20}],"player_experience":483547,"relics_obtained":[{"floor":6.0,"key":"Juzu Bracelet"},{"floor":9.0,"key":"Toy Ornithopter"},{"floor":11,"key":"Pen Nib"},{"floor":13,"key":"Art of War"}],"event_choices":[{"cards_removed":["Strike_R"],"damage_healed":0.0,"max_hp_gain":0.0,"max_hp_loss":0.0,"gold_gain":0.0,"event_name":"Purifier","player_choice":"Purged","floor":2.0,"gold_loss":0.0,"damage_taken":0.0},{"damage_healed":0.0,"max_hp_gain":0.0,"max_hp_loss":0.0,"gold_gain":0.0,"event_name":"Liars Game","player_choice":"Ignored","floor":5.0,"gold_loss":0.0,"damage_taken":0.0},{"damage_healed":0.0,"max_hp_gain":0.0,"max_hp_loss":0.0,"gold_gain":0.0,"event_name":"Scrap Ooze","player_choice":"Success","floor":8.0,"gold_loss":0.0,"damage_taken":11.0,"relics_obtained":["Centennial Puzzle"]},{"damage_healed":0,"gold_gain":0,"player_choice":"Ignored","damage_taken":0,"max_hp_gain":0,"max_hp_loss":0,"event_name":"Vampires","floor":19,"gold_loss":0},{"damage_healed":0,"gold_gain":50,"player_choice":"Stole From Cult","damage_taken":0,"max_hp_gain":0,"max_hp_loss":0,"event_name":"Nest","floor":21,"gold_loss":0},{"damage_healed":0,"gold_gain":0,"cards_transformed":["Defend_R"],"player_choice":"Transformed","damage_taken":0,"max_hp_gain":0,"max_hp_loss":0,"event_name":"Transmorgrifier","floor":22,"gold_loss":0,"cards_obtained":["Shrug It Off"]}],"is_beta":false,"boss_relics":[{"not_picked":["Tiny House","Ectoplasm"],"picked":"SacredBark"}],"items_purged_floors":[],"is_endless":false,"potions_floor_spawned":[1,6,7,11,18],"killed_by":"Slavers","ascension_level":18}}