{"host":"kkntor5wdjky96yl","time":1611849608,"event":{"mods":["AchievementEnabler","BaseMod","Colored Map","KOR Keyword Fix","Minty Spire (QoL Compilation)","Shop Mod","StSLib","SuperFastMode","Swap Starting Deck Mod"],"gold_per_floor":[116,191,208,228,228,228,263,263,287,287,287,362,396,407,407,503,503,513,513,533,544,103,137,137,170,170,199,233,233,246,281,281,383,383,393,183,201,201,86,86,46,77,129,161,176,190,98,117,117,117],"floor_reached":51,"language":"KOR","playtime":2704,"items_purged":["Pain","Venomology"],"score":1138,"play_id":"36f00180-ec1c-4087-9446-482f01bc4e3f","local_time":"20210129010008","is_ascension_mode":true,"campfire_choices":[{"floor":6,"key":"REST"},{"data":"Bane","floor":8,"key":"SMITH"},{"data":"Acrobatics","floor":10,"key":"SMITH"},{"floor":15,"key":"REST"},{"floor":24,"key":"REST"},{"floor":32,"key":"REST"},{"data":"After Image","floor":40,"key":"SMITH"},{"data":"PiercingWail","floor":49,"key":"SMITH"}],"circlet_count":0,"master_deck":["Poisoned Stab","Poisoned Stab","Poisoned Stab","Poisoned Stab","Deflect","Deflect","Deflect","Deflect","Deadly Poison","Deadly Poison","Acrobatics+1","Bane+1","Deflect","Expertise","Bullet Time","Deadly Poison+1","PiercingWail+1","Bane+1","Blur+1","Footwork+1","After Image+1","Deflect+1","Adrenaline+1","Apotheosis+1","Acrobatics+1","Dodge and Roll+1","Terror+1"],"relics":["Ring of the Snake","Juzu Bracelet","Blood Vial","WarpedTongs","Tough Bandages","Sozu","WingedGreaves","Membership Card","Darkstone Periapt","Pantograph","Question Card","Bottled Lightning","Toxic Egg 2","Shuriken","Paper Crane","Incense Burner","Busted Crown","Bag of Preparation","Centennial Puzzle","Ninja Scroll","Happy Flower","Ornamental Fan","Oddly Smooth Stone"],"acts_visited":["Exordium","TheCity","TheBeyond"],"potions_floor_usage":[4,7,7,7,16,16,16,28],"damage_taken":[{"damage":0,"enemies":"Cultist","floor":1,"turns":3},{"damage":0,"enemies":"2 Louse","floor":3,"turns":3},{"damage":0,"enemies":"Small Slimes","floor":4,"turns":2},{"damage":16,"enemies":"3 Sentries","floor":7,"turns":7},{"damage":19,"enemies":"Gremlin Nob","floor":13,"turns":3},{"damage":12,"enemies":"Gremlin Gang","floor":14,"turns":4},{"damage":8,"enemies":"Hexaghost","floor":16,"turns":7},{"damage":4,"enemies":"Chosen","floor":18,"turns":3},{"damage":7,"enemies":"2 Thieves","floor":20,"turns":3},{"damage":5,"enemies":"Snake Plant","floor":21,"turns":3},{"damage":56,"enemies":"Gremlin Leader","floor":23,"turns":4},{"damage":8,"enemies":"Slavers","floor":25,"turns":5},{"damage":0,"enemies":"Gremlin Leader","floor":27,"turns":4},{"damage":11,"enemies":"Slavers","floor":28,"turns":6},{"damage":4,"enemies":"Centurion and Healer","floor":30,"turns":5},{"damage":2,"enemies":"Gremlin Leader","floor":31,"turns":6},{"damage":37,"enemies":"Collector","floor":33,"turns":9},{"damage":0,"enemies":"3 Shapes","floor":35,"turns":6},{"damage":0,"enemies":"Orb Walker","floor":37,"turns":3},{"damage":0,"enemies":"Nemesis","floor":42,"turns":5},{"damage":0,"enemies":"Reptomancer","floor":44,"turns":5},{"damage":0,"enemies":"Transient","floor":45,"turns":5},{"damage":0,"enemies":"Writhing Mass","floor":46,"turns":4},{"damage":0,"enemies":"4 Shapes","floor":48,"turns":7},{"damage":25,"enemies":"Time Eater","floor":50,"turns":11}],"seed_played":"2801216054028035819","potions_obtained":[{"floor":4,"key":"Regen Potion"},{"floor":14,"key":"AttackPotion"},{"floor":16,"key":"Weak Potion"}],"is_trial":false,"path_per_floor":["M","?","M","M","?","R","E","R","T","R","?","?","E","M","R","B",null,"M","T","M","M","$","E","R","E","T","E","E","?","M","E","R","B",null,"M","$","M","?","$","R","?","E","T","E","M","M","$","M","R","B",null],"character_chosen":"THE_SILENT","items_purchased":["Membership Card","Darkstone Periapt","Pantograph","Bag of Preparation","Apotheosis+1","Centennial Puzzle","Acrobatics+1","Dodge and Roll+1","Oddly Smooth Stone","Terror+1"],"campfire_rested":4,"item_purchase_floors":[22,22,22,36,36,39,39,39,47,47],"current_hp_per_floor":[35,24,24,24,24,45,44,44,44,44,44,37,20,10,31,25,70,66,66,61,58,58,4,25,19,19,21,12,12,10,10,31,21,70,70,70,70,70,70,70,70,70,70,70,70,70,70,70,70,45],"gold":117,"neow_bonus":"","is_daily":false,"chose_seed":false,"campfire_upgraded":4,"win_rate":0.0,"timestamp":1611849608,"path_taken":["M","?","M","M","?","R","E","R","T","R","?","?","E","M","R","BOSS","M","?","M","M","$","E","R","E","T","E","E","?","M","E","R","BOSS","M","$","M","?","$","R","?","E","T","E","M","M","?","M","R","BOSS"],"items_purchased_type":["Relic","Relic","Relic","Relic","Card","Relic","Card","Card","Relic","Card"],"build_version":"2020-12-22","purchased_purges":2,"victory":true,"max_hp_per_floor":[70,70,70,70,70,70,70,70,70,70,70,70,70,70,70,70,70,70,70,70,70,70,70,70,70,70,70,70,70,70,70,70,70,70,70,70,70,70,70,70,70,70,70,70,70,70,70,70,70,70],"card_choices":[{"not_picked":["Eviscerate","Outmaneuver"],"picked":"Deadly Poison","floor":1},{"not_picked":["Flying Knee","Outmaneuver"],"picked":"Acrobatics","floor":3},{"not_picked":["Eviscerate","Slice"],"picked":"Bane","floor":4},{"not_picked":["Tools of the Trade","Prepared"],"picked":"Deflect","floor":7},{"not_picked":["Underhanded Strike","Deadly Poison"],"picked":"Expertise","floor":13},{"not_picked":["Deflect","Distraction","Choke"],"picked":"SKIP","floor":14},{"not_picked":["Tools of the Trade","Night Terror"],"picked":"Bullet Time","floor":16},{"not_picked":["Slice","Sucker Punch"],"picked":"Deadly Poison+1","floor":18},{"not_picked":["Cloak And Dagger","Underhanded Strike"],"picked":"PiercingWail","floor":20},{"not_picked":["Storm of Steel","Prepared"],"picked":"Bane+1","floor":21},{"not_picked":["Well Laid Plans+1","Bane"],"picked":"Blur+1","floor":23},{"not_picked":["Bullet Time","Tactician+1","Backflip"],"picked":"Footwork","floor":25},{"not_picked":["Bane","Dagger Spray","Quick Slash+1"],"picked":"After Image","floor":27},{"not_picked":["Setup+1","Flying Knee","Prepared+1"],"picked":"Deflect+1","floor":28},{"not_picked":["Blade Dance+1","Prepared+1","Quick Slash+1","Distraction+1"],"picked":"SKIP","floor":30},{"not_picked":["Unload","Expertise+1","Dash+1","Underhanded Strike"],"picked":"SKIP","floor":31},{"not_picked":["Glass Knife","Venomology+1","Envenom"],"picked":"Adrenaline+1","floor":33},{"not_picked":["Slice","Quick Slash"],"picked":"SKIP","floor":35},{"not_picked":["Distraction+1","Outmaneuver+1"],"picked":"SKIP","floor":37},{"not_picked":["Distraction+1","Underhanded Strike"],"picked":"SKIP","floor":42},{"not_picked":["Dagger Spray+1","Leg Sweep+1"],"picked":"SKIP","floor":44},{"not_picked":["Blade Dance+1","Wraith Form v2"],"picked":"SKIP","floor":45},{"not_picked":["Sucker Punch+1","Deflect+1"],"picked":"SKIP","floor":46},{"not_picked":["Distraction+1","Dagger Spray"],"picked":"SKIP","floor":48}],"player_experience":108358,"relics_obtained":[{"floor":7,"key":"Juzu Bracelet"},{"floor":9,"key":"Blood Vial"},{"floor":13,"key":"Tough Bandages"},{"floor":19,"key":"WingedGreaves"},{"floor":23,"key":"Question Card"},{"floor":25,"key":"Bottled Lightning"},{"floor":26,"key":"Toxic Egg 2"},{"floor":27,"key":"Shuriken"},{"floor":28,"key":"Paper Crane"},{"floor":31,"key":"Incense Burner"},{"floor":42,"key":"Ninja Scroll"},{"floor":43,"key":"Happy Flower"},{"floor":44,"key":"Ornamental Fan"}],"event_choices":[{"damage_healed":0,"gold_gain":75,"player_choice":"Gather Gold","damage_taken":11,"max_hp_gain":0,"max_hp_loss":0,"event_name":"World of Goop","floor":2,"gold_loss":0},{"damage_healed":0,"gold_gain":0,"player_choice":"Ignored","damage_taken":0,"max_hp_gain":0,"max_hp_loss":0,"event_name":"Golden Wing","floor":5,"gold_loss":0},{"damage_healed":0,"gold_gain":0,"player_choice":"Rummage","damage_taken":0,"relics_obtained":["WarpedTongs"],"max_hp_gain":0,"max_hp_loss":0,"event_name":"Accursed Blacksmith","floor":11,"gold_loss":0,"cards_obtained":["Pain"]},{"damage_healed":0,"gold_gain":75,"player_choice":"Touch","damage_taken":7,"max_hp_gain":0,"max_hp_loss":0,"event_name":"FaceTrader","floor":12,"gold_loss":0},{"damage_healed":0,"gold_gain":0,"player_choice":"0 cards matched","damage_taken":0,"max_hp_gain":0,"max_hp_loss":0,"event_name":"Match and Keep!","floor":29,"gold_loss":0,"cards_obtained":[]},{"damage_healed":0,"gold_gain":0,"player_choice":"Full Heal","damage_taken":0,"max_hp_gain":0,"max_hp_loss":0,"event_name":"Wheel of Change","floor":38,"gold_loss":0},{"damage_healed":0,"gold_gain":0,"player_choice":"Upgrade","damage_taken":0,"max_hp_gain":0,"max_hp_loss":0,"event_name":"Designer","floor":41,"gold_loss":40,"cards_upgraded":["Footwork"]}],"is_beta":false,"boss_relics":[{"not_picked":["Empty Cage","Velvet Choker"],"picked":"Sozu"},{"not_picked":["Philosopher\u0027s Stone","Tiny House"],"picked":"Busted Crown"}],"items_purged_floors":[22,36],"is_endless":false,"potions_floor_spawned":[4,14,16,20,21,30,31,33,44,45],"ascension_level":4}}