{"host":"viepjj0bn20d0lzc","time":1611874461,"event":{"mods":["AchievementEnabler","BaseMod","Better Altar","Better Match","Better Note","Better Sensory Stone","Better Skull","Better Third Choice","Better Vampires","Block Reminder","Colored Map","Colored Powertips","Disable Question Mark Monsters","Downfall","Hermit","Highlight Path","Hubris","Mimic Mod","Minty Spire (QoL Compilation)","Permanent Neow","Practice Mode","Quick Restart","Random Character Button","Rare Cards Sparkle","Relic Sorter","Reliquary","Replay The Spire","StSLib","The Blue Laboratory","The Cursed","The Jungle","The Runesmith","Wandering Minibosses"],"gold_per_floor":[366,380,380,400,464,496,496,516,584,615,615,780,780,799,799,799,799],"floor_reached":16,"language":"ENG","playtime":1393,"items_purged":[],"score":110,"play_id":"b35a1523-beff-45fe-bdb3-87feb8f2b609","local_time":"20210128165421","is_ascension_mode":false,"campfire_choices":[{"floor":13,"key":"REST"},{"floor":15,"key":"REST"}],"circlet_count":0,"master_deck":["TheCursedMod:Strike_TheCursed","TheCursedMod:Strike_TheCursed","TheCursedMod:Strike_TheCursed","TheCursedMod:Strike_TheCursed","TheCursedMod:Defend_TheCursed","TheCursedMod:Defend_TheCursed","TheCursedMod:Defend_TheCursed","TheCursedMod:Defend_TheCursed+1","TheCursedMod:CursedWand","TheCursedMod:CleanUpWorkshop","TheCursedMod:Dregs","downfall:Aged","TheCursedMod:CircleOfBlood","TheCursedMod:SpitefulStrike","TheCursedMod:SoulCrush","TheCursedMod:StunningStrike","TheCursedMod:CursedArmor","TheCursedMod:SmokeScreen","Amnesia","TheCursedMod:Wield"],"relics":["TheCursedMod:BlackMagic101","hubris:BundleOfHerbs","hubris:Icosahedron","Quantum Egg","ReplayTheSpireMod:Ninjato","reliquary:FeatherDuster"],"acts_visited":["Exordium"],"potions_floor_usage":[6,12,14],"damage_taken":[{"damage":2,"enemies":"Small Slimes","floor":1,"turns":5},{"damage":0,"enemies":"2 Louse","floor":2,"turns":3},{"damage":1,"enemies":"Jaw Worm","floor":4,"turns":4},{"damage":19,"enemies":"3 Sentries","floor":6,"turns":8},{"damage":22,"enemies":"Gremlin Gang","floor":8,"turns":6},{"damage":22,"enemies":"Gremlin Nob","floor":10,"turns":5},{"damage":54,"enemies":"3 Sentries","floor":12,"turns":13},{"damage":18,"enemies":"2 Fungi Beasts","floor":14,"turns":6},{"damage":79,"enemies":"Fading Forest","floor":16,"turns":9}],"seed_played":"2227378004625717832","potions_obtained":[{"floor":2,"key":"Elixir"},{"floor":4,"key":"DuplicationPotion"},{"floor":6,"key":"Weak Potion"},{"floor":10,"key":"Energy Potion"}],"is_trial":false,"path_per_floor":["M","M","?","M","?","E","?","M","T","E","?","?","R","M","R","B"],"character_chosen":"THE_CURSED","items_purchased":[],"campfire_rested":2,"item_purchase_floors":[],"current_hp_per_floor":[73,75,75,75,75,56,56,44,44,26,75,23,45,29,51,0,0],"gold":799,"neow_bonus":"TWO_FIFTY_GOLD","is_daily":false,"chose_seed":false,"campfire_upgraded":0,"win_rate":0.0,"timestamp":1611874461,"path_taken":["M","M","?","M","?","E","?","M","T","E","?","?","R","M","R","BOSS"],"items_purchased_type":[],"build_version":"2020-12-22","purchased_purges":0,"victory":false,"max_hp_per_floor":[75,75,75,75,75,75,75,75,75,75,75,75,75,75,75,75,75],"card_choices":[{"not_picked":["TheCursedMod:CursedBlade","TheCursedMod:CursedShiv"],"picked":"TheCursedMod:CircleOfBlood","floor":1},{"not_picked":["TheCursedMod:BlessingInDisguise","TheCursedMod:SpitefulPlan"],"picked":"TheCursedMod:SpitefulStrike","floor":2},{"not_picked":["TheCursedMod:CircleOfFocus","TheCursedMod:RapidMovement"],"picked":"TheCursedMod:SoulCrush","floor":4},{"not_picked":["TheCursedMod:CursedShiv","TheCursedMod:DoubleShield"],"picked":"TheCursedMod:StunningStrike","floor":6},{"not_picked":["TheCursedMod:CursedAmulet","TheCursedMod:VitalStrike"],"picked":"TheCursedMod:CursedArmor","floor":8},{"not_picked":["TheCursedMod:CursedSpellbook","TheCursedMod:SpitefulStrike"],"picked":"TheCursedMod:SmokeScreen","floor":10},{"not_picked":["TheCursedMod:CircleOfWindfury","TheCursedMod:SoulCrush"],"picked":"TheCursedMod:Wield","floor":14}],"player_experience":41957,"relics_obtained":[{"floor":6,"key":"hubris:BundleOfHerbs"},{"floor":9,"key":"Quantum Egg"},{"floor":10,"key":"ReplayTheSpireMod:Ninjato"},{"floor":12,"key":"reliquary:FeatherDuster"}],"event_choices":[{"damage_healed":0,"gold_gain":64,"player_choice":"Gained Gold","damage_taken":0,"max_hp_gain":0,"max_hp_loss":0,"event_name":"Golden Wing","floor":5,"gold_loss":0},{"damage_healed":0,"gold_gain":0,"player_choice":"Searched \u00271\u0027 times","damage_taken":0,"max_hp_gain":0,"max_hp_loss":0,"event_name":"Dead Adventurer","floor":12,"gold_loss":0}],"is_beta":false,"boss_relics":[],"items_purged_floors":[],"is_endless":false,"potions_floor_spawned":[2,4,6,10],"killed_by":"Fading Forest","ascension_level":0}}