{"host":"xc18ixkpjvqrt8st","time":1611869328,"event":{"mods":["Act Like it!","BaseMod","Better Match","Better Third Choice","Conspire","Hallownest","Hermit","Hubris","Infinite Spire","Minty Spire (QoL Compilation)","Replay The Spire","Robot Space Explorer","Shop Mod","Spicy Shops","Spire Arcade","StSLib","The Animator","The Jungle","The Marked","The Sage"],"gold_per_floor":[131,46,24,39,39,39,71,71,141,152,187,217,244,268,268,373,373,386,386,368,368,368,368,378,179,179,198,198,198,218,230,230,230,230],"floor_reached":33,"language":"ENG","playtime":1400,"items_purged":[],"score":312,"play_id":"a728db5f-d331-4153-b11f-ef92648dcdb8","local_time":"20210128152848","is_ascension_mode":true,"campfire_choices":[{"floor":6,"key":"REST"},{"floor":8,"key":"RECALL"},{"floor":15,"key":"REST"},{"floor":23,"key":"REST"},{"floor":28,"key":"REST"},{"floor":32,"key":"REST"}],"circlet_count":0,"master_deck":["animator:Strike_Katanagatari","animator:Defend_Katanagatari","animator:Strike","animator:Strike","animator:Strike","animator:Defend","animator:Defend","animator:Defend","animator:Azekura","animator:Emonzaemon","animator:UneriGinkaku","animator:MamizouFutatsuiwa","animator:Viivi+1","animator:Bozes","animator:Konayuki","animator:TukaLunaMarceau","animator:MumenRider","animator:Biyorigo","animator:Sloth","animator:Hans","animator:EmiyaShirou","animator:Urushihara+1","animator:ChaikaBohdan","animator:Kazuma+1","animator:YaoHaDucy","animator:Shichika","animator:Fredrika"],"relics":["animator:LivingPicture","animator:TheMissingPiece","NeowsBlessing","betterThird:SlimedRelic","Anchor","Garlic","Replay:Mystery Machine","betterThird:NestCultRelic","HandDrill"],"acts_visited":["Exordium","TheCity"],"potions_floor_usage":[11,14,33],"damage_taken":[{"damage":0,"enemies":"Jaw Worm","floor":1,"turns":1},{"damage":0,"enemies":"conspire:RoseBush","floor":4,"turns":1},{"damage":0,"enemies":"Gremlin Nob","floor":7,"turns":1},{"damage":0,"enemies":"Cultist","floor":10,"turns":3},{"damage":53,"enemies":"Lagavulin","floor":11,"turns":8},{"damage":8,"enemies":"Gremlin Gang","floor":12,"turns":4},{"damage":0,"enemies":"Blue Slaver","floor":13,"turns":2},{"damage":0,"enemies":"Red Slaver","floor":14,"turns":2},{"damage":11,"enemies":"Hexaghost","floor":16,"turns":9},{"damage":6,"enemies":"3 Byrds","floor":18,"turns":4},{"damage":0,"enemies":"2 Thieves","floor":20,"turns":4},{"damage":5,"enemies":"Snake Plant","floor":24,"turns":3},{"damage":7,"enemies":"conspire:HollyBat","floor":27,"turns":9},{"damage":52,"enemies":"Centurion and Healer","floor":30,"turns":8},{"damage":2,"enemies":"Snake Plant","floor":31,"turns":6},{"damage":41,"enemies":"Automaton","floor":33,"turns":6}],"seed_played":"-7813204502808706058","potions_obtained":[{"floor":1,"key":"SkillPotion"},{"floor":7,"key":"Milkshake"},{"floor":10,"key":"Reflective Coating"},{"floor":13,"key":"GamblersBrew"},{"floor":16,"key":"Death Potion"}],"is_trial":false,"path_per_floor":["M","$","?","M","?","R","E","R","T","M","E","M","M","M","R","B",null,"M","?","M","?","?","R","M","$","T","M","R","?","M","M","R","B"],"character_chosen":"THE_ANIMATOR","items_purchased":["animator:MamizouFutatsuiwa","HandDrill","animator:YaoHaDucy"],"campfire_rested":5,"item_purchase_floors":[2,25,25],"current_hp_per_floor":[66,66,55,55,55,66,66,66,66,67,14,6,6,6,26,15,67,61,49,49,49,49,67,62,62,62,56,68,68,16,14,34,0,0],"gold":230,"neow_bonus":"THREE_ENEMY_KILL","is_daily":false,"chose_seed":false,"campfire_upgraded":0,"win_rate":0.0,"timestamp":1611869328,"path_taken":["M","$","?","M","?","R","E","R","T","M","E","M","?","?","R","BOSS","M","?","?","?","?","R","M","$","T","?","R","?","M","M","R","BOSS"],"items_purchased_type":["Card","Relic","Card"],"build_version":"2020-12-22","purchased_purges":0,"victory":false,"max_hp_per_floor":[66,66,66,66,66,66,66,66,66,67,67,67,67,67,67,67,67,67,67,67,67,67,67,67,67,67,68,68,68,68,68,68,68,68],"card_choices":[{"not_picked":["animator:YaoHaDucy","animator:Konayuki"],"picked":"animator:UneriGinkaku","floor":1},{"not_picked":["animator:Kazuma","animator:SilverFang"],"picked":"animator:Viivi","floor":4},{"not_picked":["animator:Verdia","animator:MaesHughes"],"picked":"animator:Bozes","floor":7},{"not_picked":["animator:Azekura","animator:Emonzaemon"],"picked":"animator:Konayuki","floor":10},{"not_picked":["animator:ElricEdward","animator:Guy"],"picked":"animator:TukaLunaMarceau","floor":11},{"not_picked":["animator:Assassin","animator:Tyuule"],"picked":"animator:MumenRider","floor":12},{"not_picked":["animator:ZankiKiguchi","animator:Viivi"],"picked":"animator:Biyorigo","floor":13},{"not_picked":["animator:Gluttony","animator:Scar"],"picked":"animator:Sloth","floor":14},{"not_picked":["animator:ChaikaTrabant","animator:Biyorigo"],"picked":"animator:Hans","floor":16},{"not_picked":["animator:Kazuma","animator:TukaLunaMarceau"],"picked":"animator:EmiyaShirou","floor":18},{"not_picked":["animator:SilverFang","animator:TsurugaMeisai"],"picked":"animator:ChaikaBohdan","floor":20},{"not_picked":["animator:Archer","animator:Scar"],"picked":"animator:Kazuma+1","floor":24},{"not_picked":["animator:Azekura","animator:UneriGinkaku"],"picked":"animator:Shichika","floor":27},{"not_picked":["animator:Assassin","animator:UneriGinkaku+1","animator:Viivi+1"],"picked":"SKIP","floor":30},{"not_picked":["animator:Layla","animator:RoryMercury"],"picked":"animator:Fredrika","floor":31}],"player_experience":601583,"relics_obtained":[{"floor":7,"key":"Anchor"},{"floor":9,"key":"Garlic"},{"floor":11,"key":"Replay:Mystery Machine"}],"event_choices":[{"damage_healed":0,"gold_gain":0,"player_choice":"Slimed","damage_taken":11,"max_hp_gain":0,"max_hp_loss":0,"event_name":"betterThird:BetterGoop","floor":3,"gold_loss":22},{"damage_healed":0,"gold_gain":0,"player_choice":"Forge","damage_taken":0,"max_hp_gain":0,"max_hp_loss":0,"event_name":"Accursed Blacksmith","floor":5,"gold_loss":0,"cards_upgraded":["animator:Viivi"]},{"damage_healed":0,"gold_gain":0,"player_choice":"CARD ","damage_taken":12,"max_hp_gain":0,"max_hp_loss":0,"event_name":"Knowing Skull","floor":19,"potions_obtained":[],"gold_loss":0,"cards_obtained":["animator:Urushihara"]},{"damage_healed":0,"gold_gain":0,"player_choice":"Madness","damage_taken":0,"relics_obtained":["betterThird:NestCultRelic"],"max_hp_gain":0,"max_hp_loss":0,"event_name":"betterThird:BetterNest","floor":21,"gold_loss":0},{"damage_healed":0,"gold_gain":0,"player_choice":"2","damage_taken":0,"max_hp_gain":0,"max_hp_loss":0,"event_name":"betterMatch:BetterMatch","floor":22,"gold_loss":0,"cards_obtained":["betterMatch:ColorlessRareCard"]},{"damage_healed":0,"gold_gain":0,"player_choice":"Upgraded","damage_taken":0,"max_hp_gain":0,"max_hp_loss":0,"event_name":"Upgrade Shrine","floor":29,"gold_loss":0,"cards_upgraded":["animator:Urushihara"]}],"is_beta":false,"boss_relics":[{"not_picked":["hubris:CrackedHourglass","Pandora\u0027s Box","Runic Dome"]}],"items_purged_floors":[],"is_endless":false,"potions_floor_spawned":[1,7,10,13,16,20,31],"killed_by":"Automaton","ascension_level":2}}