{"host":"ux8r2oyej5019q8x","time":1611797094,"event":{"mods":["AchievementEnabler","BaseMod","Colored Map","Colored Powertips","GifTheSpireLib","HexUI Lib","Highlight Path","Minty Spire (QoL Compilation)","Rare Cards Sparkle","Relic Stats","StSLib","everything is the same but u backflip on backflip"],"gold_per_floor":[114,114,126,139,39,39,74,84,84,84,102,114,114,127,127,227,227,246,260,220,220,220],"floor_reached":21,"language":"ENG","playtime":2389,"items_purged":["Defend_R"],"score":229,"play_id":"d8216e6e-2343-4a92-971f-5ba5106611b9","local_time":"20210128022454","is_ascension_mode":true,"campfire_choices":[{"data":"True Grit","floor":6,"key":"SMITH"},{"data":"Double Tap","floor":10,"key":"SMITH"},{"data":"Rage","floor":15,"key":"SMITH"}],"circlet_count":0,"master_deck":["Strike_R","Strike_R+1","Strike_R","Strike_R","Strike_R","Defend_R","Defend_R","Defend_R","Bash","True Grit+1","Exhume","Havoc+1","Shrug It Off","Infernal Blade","Double Tap+1","Whirlwind","Rage+1","Reaper","Thunderclap"],"relics":["Burning Blood","Pocketwatch","InkBottle","Bottled Lightning","Runic Cube"],"acts_visited":["Exordium","TheCity"],"potions_floor_usage":[7,16,16,21,21],"damage_taken":[{"damage":2,"enemies":"Jaw Worm","floor":1,"turns":3},{"damage":1,"enemies":"Cultist","floor":3,"turns":3},{"damage":0,"enemies":"2 Louse","floor":4,"turns":3},{"damage":24,"enemies":"Gremlin Nob","floor":7,"turns":5},{"damage":4,"enemies":"Looter","floor":8,"turns":3},{"damage":16,"enemies":"Lots of Slimes","floor":11,"turns":5},{"damage":6,"enemies":"Exordium Thugs","floor":12,"turns":4},{"damage":11,"enemies":"Exordium Wildlife","floor":14,"turns":3},{"damage":44,"enemies":"Hexaghost","floor":16,"turns":12},{"damage":32,"enemies":"Chosen","floor":18,"turns":8},{"damage":30,"enemies":"2 Thieves","floor":19,"turns":4},{"damage":39,"enemies":"Snake Plant","floor":21,"turns":3}],"seed_played":"1745487625020575383","potions_obtained":[{"floor":1,"key":"Weak Potion"},{"floor":3,"key":"GamblersBrew"},{"floor":4,"key":"SneckoOil"},{"floor":12,"key":"AttackPotion"},{"floor":19,"key":"AttackPotion"}],"is_trial":false,"path_per_floor":["M","?","M","M","$","R","E","M","T","R","M","M","?","M","R","B",null,"M","M","?","M"],"character_chosen":"IRONCLAD","items_purchased":["Shrug It Off"],"campfire_rested":0,"item_purchase_floors":[5],"current_hp_per_floor":[80,77,77,77,77,77,59,61,61,61,51,51,56,51,51,13,65,45,29,29,0,0],"gold":220,"neow_bonus":"ONE_RARE_RELIC","is_daily":false,"chose_seed":false,"campfire_upgraded":3,"win_rate":0.0,"timestamp":1611797094,"path_taken":["M","?","M","M","$","R","E","?","T","R","M","M","?","M","R","BOSS","M","M","?","?"],"items_purchased_type":["Card"],"build_version":"2020-12-22","purchased_purges":1,"victory":false,"max_hp_per_floor":[80,77,77,77,77,77,77,77,77,77,77,77,82,82,82,82,82,82,82,82,82,82],"relic_stats":{"counters":[12,56],"obtain_stats":[{"Bottled Lightning":9,"Burning Blood":0,"InkBottle":7,"Pocketwatch":0,"Runic Cube":17},{"Bottled Lightning":5,"Burning Blood":0,"InkBottle":4,"Pocketwatch":0,"Runic Cube":9},{"Bottled Lightning":17,"Burning Blood":0,"InkBottle":14,"Pocketwatch":0,"Runic Cube":41}],"Burning Blood":51,"InkBottle":[13],"Pocketwatch":[90],"Runic Cube":[10]},"card_choices":[{"not_picked":["Rupture","Shrug It Off"],"picked":"True Grit","floor":1},{"not_picked":["Sword Boomerang","Havoc"],"picked":"Exhume","floor":3},{"not_picked":["Rupture","Clothesline"],"picked":"Havoc","floor":4},{"not_picked":["True Grit","Rampage"],"picked":"Infernal Blade","floor":7},{"not_picked":["Armaments","Body Slam"],"picked":"Double Tap","floor":8},{"not_picked":["Fire Breathing","Rampage"],"picked":"Whirlwind","floor":11},{"not_picked":["Blood for Blood","Clothesline","Clash"],"picked":"SKIP","floor":12},{"not_picked":["Havoc","Heavy Blade"],"picked":"Rage","floor":14},{"not_picked":["Fiend Fire","Berserk"],"picked":"Reaper","floor":16},{"not_picked":["Sword Boomerang","Twin Strike"],"picked":"Thunderclap","floor":18},{"not_picked":["Warcry","Clothesline","Shrug It Off"],"picked":"SKIP","floor":19}],"player_experience":223137,"relics_obtained":[{"floor":7,"key":"InkBottle"},{"floor":9,"key":"Bottled Lightning"}],"event_choices":[{"cards_removed":["Parasite"],"damage_healed":0,"gold_gain":0,"player_choice":"Removed Curses","damage_taken":0,"max_hp_gain":0,"max_hp_loss":0,"event_name":"Fountain of Cleansing","floor":2,"gold_loss":0},{"damage_healed":0,"gold_gain":0,"player_choice":"Donut","damage_taken":0,"max_hp_gain":5,"max_hp_loss":0,"event_name":"Big Fish","floor":13,"gold_loss":0},{"damage_healed":0,"gold_gain":0,"player_choice":"Upgraded Two","damage_taken":0,"max_hp_gain":0,"max_hp_loss":0,"event_name":"Designer","floor":20,"gold_loss":40,"cards_upgraded":["Havoc","Strike_R"]}],"is_beta":false,"boss_relics":[{"not_picked":["Empty Cage","Sozu"],"picked":"Runic Cube"}],"items_purged_floors":[5],"is_endless":false,"potions_floor_spawned":[1,3,4,12,14,19],"killed_by":"Snake Plant","ascension_level":5}}