{"host":"ooe12lh8pgcirntb","time":1611794612,"event":{"mods":["AchievementEnabler","Act Like it!","BaseMod","Beaked The Cultist","Better Note","ChefMod","Colored Map","Colored Powertips","Downfall","Hallownest","Minty Spire (QoL Compilation)","StSLib","The Animator","The Bug Knight","The Disciple","The Hierophant","The Problem Sleuth"],"gold_per_floor":[111,19,0,20,20,80,80,80,105,105,36,52,83,93,93,93,93],"floor_reached":16,"language":"ENG","playtime":1190,"items_purged":[],"score":98,"play_id":"1971863c-c5de-4c0b-b30c-194b3c67fbce","local_time":"20210127194332","is_ascension_mode":false,"campfire_choices":[{"data":"Madness","floor":7,"key":"SMITH"},{"data":"HollowMod:MawleksShell","floor":10,"key":"SMITH"},{"floor":15,"key":"REST"}],"circlet_count":0,"master_deck":["HollowMod:NailStrikeStart","HollowMod:NailStrikeStart","HollowMod:NailStrikeStart","HollowMod:NailStrikeStart","HollowMod:QuickDashStart","HollowMod:QuickDashStart","HollowMod:QuickDashStart","HollowMod:QuickDashStart","HollowMod:FocusHealStart","HollowMod:PogoStrike","HollowMod:FastStrike","HollowMod:MawleksShell+1","Madness+1","HollowMod:CycloneSlash","HollowMod:InfectionAssault","HollowMod:MothsMistake","HollowMod:SiblingsSouls"],"relics":["HollowMod:VesselMask","HollowMod:KingsBrand","HollowMod:MillibellesNoteRelic","Meat on the Bone"],"acts_visited":["Exordium"],"potions_floor_usage":[16],"damage_taken":[{"damage":2,"enemies":"Hallownest:monsterHuskGuard","floor":1,"turns":3},{"damage":5,"enemies":"Hallownest:2_Baldur","floor":4,"turns":3},{"damage":3,"enemies":"Hallownest:2_Tiktiks_and_1_Crawlid","floor":12,"turns":4},{"damage":14,"enemies":"Hallownest:eliteMossKnight","floor":13,"turns":6},{"damage":30,"enemies":"Hallownest:1_Ooma_and_2_Uuma","floor":14,"turns":7},{"damage":74,"enemies":"Hallownest:BossHornet","floor":16,"turns":8}],"seed_played":"3154362019537623184","potions_obtained":[{"floor":1,"key":"PowerPotion"},{"floor":13,"key":"Fire Potion"},{"floor":14,"key":"Dexterity Potion"}],"is_trial":false,"path_per_floor":["M","$","?","M","?","?","R","?","T","R","$","M","E","M","R","B"],"character_chosen":"THE_BUGKNIGHT","items_purchased":["Madness","HollowMod:InfectionAssault"],"campfire_rested":1,"item_purchase_floors":[2,11],"current_hp_per_floor":[73,73,73,68,68,68,68,68,68,68,68,71,63,43,65,0,0],"gold":93,"neow_bonus":"THREE_CARDS","is_daily":false,"chose_seed":false,"campfire_upgraded":2,"win_rate":0.0,"timestamp":1611794612,"path_taken":["M","$","?","M","?","?","R","?","T","R","?","M","E","M","R","BOSS"],"items_purchased_type":["Card","Card"],"build_version":"2020-12-22","purchased_purges":0,"victory":false,"max_hp_per_floor":[75,75,75,75,75,75,75,75,75,75,75,75,75,75,75,75,75],"card_choices":[{"not_picked":["HollowMod:NewJinnsSoul","HollowMod:LifebloodCocoon"],"picked":"HollowMod:FastStrike","floor":0},{"not_picked":["HollowMod:CloakDash","HollowMod:CoiledNail"],"picked":"HollowMod:MawleksShell","floor":1},{"not_picked":["HollowMod:DoubleDash","HollowMod:SoulStrike"],"picked":"HollowMod:CycloneSlash","floor":4},{"not_picked":["HollowMod:BlackTendrils","HollowMod:DesolateDive"],"picked":"HollowMod:MothsMistake","floor":12},{"not_picked":["HollowMod:VengefulVoid","HollowMod:BlackTendrils","HollowMod:WraithStrike"],"picked":"SKIP","floor":13},{"not_picked":["HollowMod:FallenFury","HollowMod:HeavyBlow"],"picked":"HollowMod:SiblingsSouls","floor":14}],"player_experience":786396,"relics_obtained":[{"floor":9,"key":"HollowMod:MillibellesNoteRelic"},{"floor":13,"key":"Meat on the Bone"}],"event_choices":[],"is_beta":false,"boss_relics":[],"items_purged_floors":[],"is_endless":false,"potions_floor_spawned":[1,13,14],"killed_by":"Hallownest:BossHornet","ascension_level":0}}