{"host":"dvpvhz1t6etneyb3","time":1611873385,"event":{"mods":["AchievementEnabler","BaseMod","Colored Map","Highlight Path","Minty Spire (QoL Compilation)","Permanent Neow","Quick Restart"],"gold_per_floor":[115,3,19,19,35,67,67,100,149,149,165,165,183,211,211,287,287,304,339,339,339,339,339,366,366,366,67,67,95,95,125,125,202,202,212,226,448,448,458,458,490,66,92,92,125,0,44,62,62,62,62,62],"floor_reached":51,"language":"ENG","playtime":2259,"items_purged":["Strike_G","Strike_G","Strike_G"],"score":1810,"play_id":"973e8748-8989-4248-94b7-eb3447548ddb","local_time":"20210128173625","is_ascension_mode":true,"campfire_choices":[{"floor":7.0,"key":"REST"},{"floor":10.0,"key":"REST"},{"data":"Envenom","floor":15.0,"key":"SMITH"},{"data":"Well Laid Plans","floor":23.0,"key":"SMITH"},{"data":"Crippling Poison","floor":25.0,"key":"SMITH"},{"data":"Glass Knife","floor":28.0,"key":"SMITH"},{"data":"Blade Dance","floor":30.0,"key":"SMITH"},{"floor":32.0,"key":"REST"},{"floor":40.0,"key":"REST"},{"floor":49.0,"key":"RECALL"}],"circlet_count":0,"master_deck":["AscendersBane","Strike_G","Strike_G","Defend_G","Defend_G","Defend_G","Defend_G","Defend_G","Survivor","Neutralize","Quick Slash","Dagger Spray","Poisoned Stab+1","Envenom+1","Well Laid Plans+1","Blade Dance+1","Glass Knife+1","Adrenaline","Bane+1","Crippling Poison+1","Backflip","Bullet Time","PiercingWail+1","Corpse Explosion","Sadistic Nature","Blade Dance+1","Bouncing Flask","Noxious Fumes","Calculated Gamble","Thinking Ahead","Wraith Form v2"],"relics":["Black Star","Shuriken","Snake Skull","Akabeko","Happy Flower","Art of War","Meat on the Bone","Boot","Sozu","Red Mask","MutagenicStrength","Ginger","Tingsha","Matryoshka","Bag of Marbles","Singing Bowl","Ancient Tea Set","Thread and Needle","Regal Pillow","Philosopher\u0027s Stone","Question Card","PreservedInsect","Vajra","Dream Catcher","MealTicket","CeramicFish","Toy Ornithopter"],"acts_visited":["Exordium","TheCity","TheBeyond"],"potions_floor_usage":[],"damage_taken":[{"damage":0.0,"enemies":"2 Louse","floor":1.0,"turns":4.0},{"damage":7.0,"enemies":"Jaw Worm","floor":3.0,"turns":4.0},{"damage":4.0,"enemies":"Small Slimes","floor":5.0,"turns":3.0},{"damage":21.0,"enemies":"Gremlin Nob","floor":6.0,"turns":4.0},{"damage":37.0,"enemies":"3 Sentries","floor":8.0,"turns":7.0},{"damage":0.0,"enemies":"2 Fungi Beasts","floor":11.0,"turns":3.0},{"damage":1.0,"enemies":"Large Slime","floor":13.0,"turns":4.0},{"damage":2.0,"enemies":"Lagavulin","floor":14.0,"turns":3.0},{"damage":0.0,"enemies":"Slime Boss","floor":16.0,"turns":6.0},{"damage":10.0,"enemies":"2 Thieves","floor":18.0,"turns":3.0},{"damage":6.0,"enemies":"Masked Bandits","floor":19.0,"turns":3.0},{"damage":15.0,"enemies":"Slavers","floor":24.0,"turns":3.0},{"damage":5.0,"enemies":"Book of Stabbing","floor":29.0,"turns":3.0},{"damage":21.0,"enemies":"Slavers","floor":31.0,"turns":3.0},{"damage":11.0,"enemies":"Collector","floor":33.0,"turns":6.0},{"damage":0.0,"enemies":"Orb Walker","floor":35.0,"turns":2.0},{"damage":1.0,"enemies":"3 Shapes","floor":36.0,"turns":11.0},{"damage":41.0,"enemies":"3 Darklings","floor":39.0,"turns":5.0},{"damage":0.0,"enemies":"Giant Head","floor":41.0,"turns":4.0},{"damage":0.0,"enemies":"Nemesis","floor":45.0,"turns":2.0},{"damage":1.0,"enemies":"Giant Head","floor":47.0,"turns":3.0},{"damage":0.0,"enemies":"4 Shapes","floor":48.0,"turns":3.0},{"damage":35.0,"enemies":"Donu and Deca","floor":50.0,"turns":5.0},{"damage":60,"enemies":"Time Eater","floor":51,"turns":3}],"seed_played":"3331215916577965554","potions_obtained":[{"floor":3.0,"key":"SkillPotion"},{"floor":6.0,"key":"Fruit Juice"},{"floor":8.0,"key":"Strength Potion"},{"floor":11.0,"key":"FearPotion"},{"floor":16.0,"key":"CunningPotion"}],"is_trial":false,"path_per_floor":["M","$","M","?","M","E","R","E","T","R","M","?","M","E","R","B",null,"M","?","?","?","?","R","E","R","T","$","R","E","R","E","R","B",null,"M","M","?","?","M","R","E","$","T","?","E","$","E","M","R","B","B"],"character_chosen":"THE_SILENT","items_purchased":["Dagger Spray","Poisoned Stab","Bag of Marbles","Backflip","Noxious Fumes","Calculated Gamble","Thinking Ahead"],"campfire_rested":4,"item_purchase_floors":[2,2,27,27,42,42,42],"current_hp_per_floor":[59,59,52,52,48,27,46,14,14,35,35,35,34,32,32,44,64,54,48,48,48,48,48,45,45,45,45,45,42,42,35,72,61,72,72,71,71,71,42,75,75,75,75,71,73,73,72,74,74,39,0,0],"gold":62,"neow_bonus":"BOSS_RELIC","is_daily":false,"chose_seed":false,"campfire_upgraded":5,"win_rate":0.0,"timestamp":1611873385,"path_taken":["M","$","M","?","M","E","R","E","T","R","M","?","M","E","R","BOSS","M","?","?","?","?","R","E","R","T","$","R","E","R","E","R","BOSS","M","M","?","?","M","R","E","$","T","?","E","$","E","M","R","BOSS","BOSS"],"items_purchased_type":["Card","Card","Relic","Card","Card","Card","Card"],"build_version":"2020-12-22","purchased_purges":3,"victory":false,"max_hp_per_floor":[66,66,66,66,66,66,66,71,71,71,71,71,71,71,71,71,71,71,71,71,71,71,71,71,71,71,71,71,73,73,75,75,75,75,75,75,75,75,75,75,75,75,75,71,73,73,73,75,75,75,75,75],"card_choices":[{"not_picked":["Deadly Poison","Acrobatics"],"picked":"Quick Slash","floor":1.0},{"not_picked":["Blur","Setup","Infinite Blades"],"picked":"SKIP","floor":3.0},{"not_picked":["Outmaneuver","Dodge and Roll","Terror"],"picked":"SKIP","floor":5.0},{"not_picked":["Flying Knee","Grand Finale"],"picked":"Envenom","floor":6.0},{"not_picked":["Blade Dance","Setup"],"picked":"Well Laid Plans","floor":8.0},{"not_picked":["Tactician","Finisher"],"picked":"Blade Dance","floor":11.0},{"not_picked":["Finisher","Flechettes","Outmaneuver"],"picked":"SKIP","floor":13.0},{"not_picked":["Dagger Throw","Terror"],"picked":"Glass Knife","floor":14.0},{"not_picked":["Unload","Grand Finale"],"picked":"Adrenaline","floor":16.0},{"not_picked":["Outmaneuver","Well Laid Plans"],"picked":"Bane+1","floor":18.0},{"not_picked":["Blade Dance","Prepared","Grand Finale"],"picked":"SKIP","floor":24.0},{"not_picked":["Setup","Flying Knee","Backflip"],"picked":"Singing Bowl","floor":29.0},{"not_picked":["Predator","Choke","Flying Knee"],"picked":"Singing Bowl","floor":31.0},{"not_picked":["Storm of Steel","Unload"],"picked":"Bullet Time","floor":33.0},{"not_picked":["Accuracy","Poisoned Stab"],"picked":"PiercingWail+1","floor":35.0},{"not_picked":["Backflip","Deflect"],"picked":"Corpse Explosion","floor":36.0},{"not_picked":["Forethought","Jack Of All Trades"],"picked":"Sadistic Nature","floor":38.0},{"not_picked":["Dagger Spray","Flying Knee"],"picked":"Blade Dance+1","floor":39.0},{"not_picked":["Leg Sweep","Concentrate+1"],"picked":"Bouncing Flask","floor":41.0},{"not_picked":["Sucker Punch","Quick Slash+1","Prepared","Bane"],"picked":"Singing Bowl","floor":45.0},{"not_picked":["Bullet Time","Flying Knee","Deflect"],"picked":"Wraith Form v2","floor":47.0},{"not_picked":["Outmaneuver","Prepared","Quick Slash","Flying Knee"],"picked":"Singing Bowl","floor":48.0}],"player_experience":2093114,"relics_obtained":[{"floor":6.0,"key":"Shuriken"},{"floor":6.0,"key":"Snake Skull"},{"floor":8.0,"key":"Akabeko"},{"floor":8.0,"key":"Happy Flower"},{"floor":9.0,"key":"Art of War"},{"floor":14.0,"key":"Meat on the Bone"},{"floor":14.0,"key":"Boot"},{"floor":19.0,"key":"Red Mask"},{"floor":24.0,"key":"Ginger"},{"floor":24.0,"key":"Tingsha"},{"floor":26.0,"key":"Matryoshka"},{"floor":29.0,"key":"Singing Bowl"},{"floor":29.0,"key":"Ancient Tea Set"},{"floor":31.0,"key":"Thread and Needle"},{"floor":31.0,"key":"Regal Pillow"},{"floor":41.0,"key":"Question Card"},{"floor":41.0,"key":"PreservedInsect"},{"floor":43.0,"key":"Vajra"},{"floor":45.0,"key":"Dream Catcher"},{"floor":45.0,"key":"MealTicket"},{"floor":47.0,"key":"CeramicFish"},{"floor":47.0,"key":"Toy Ornithopter"}],"event_choices":[{"damage_healed":0.0,"max_hp_gain":0.0,"max_hp_loss":0.0,"gold_gain":0.0,"event_name":"Living Wall","player_choice":"Grow","floor":4.0,"gold_loss":0.0,"damage_taken":0.0,"cards_upgraded":["Poisoned Stab"]},{"damage_healed":0.0,"max_hp_gain":0.0,"max_hp_loss":0.0,"gold_gain":0.0,"event_name":"Liars Game","player_choice":"Ignored","floor":12.0,"gold_loss":0.0,"damage_taken":0.0},{"damage_healed":0.0,"max_hp_gain":0.0,"max_hp_loss":0.0,"gold_gain":0.0,"event_name":"Masked Bandits","player_choice":"Fought Bandits","floor":19.0,"gold_loss":0.0,"damage_taken":0.0},{"damage_healed":0.0,"max_hp_gain":0.0,"max_hp_loss":0.0,"gold_gain":0.0,"event_name":"Drug Dealer","player_choice":"Inject Mutagens","floor":20.0,"gold_loss":0.0,"damage_taken":0.0,"relics_obtained":["MutagenicStrength"]},{"damage_healed":0.0,"max_hp_gain":0.0,"max_hp_loss":0.0,"gold_gain":0.0,"event_name":"Cursed Tome","player_choice":"Ignored","floor":21.0,"gold_loss":0.0,"damage_taken":0.0},{"damage_healed":0.0,"max_hp_gain":0.0,"max_hp_loss":0.0,"gold_gain":0.0,"event_name":"The Library","player_choice":"Read","floor":22.0,"gold_loss":0.0,"damage_taken":0.0,"cards_obtained":["Crippling Poison"]},{"damage_healed":0.0,"max_hp_gain":0.0,"max_hp_loss":0.0,"gold_gain":222.0,"event_name":"Tomb of Lord Red Mask","player_choice":"Wore Mask","floor":37.0,"gold_loss":0.0,"damage_taken":0.0},{"damage_healed":0.0,"max_hp_gain":0.0,"max_hp_loss":0.0,"gold_gain":0.0,"event_name":"SensoryStone","player_choice":"Memory 1","floor":38.0,"gold_loss":0.0,"damage_taken":0.0},{"damage_healed":0.0,"max_hp_gain":0.0,"max_hp_loss":4.0,"gold_gain":0.0,"event_name":"Winding Halls","player_choice":"Max HP","floor":44.0,"gold_loss":0.0,"damage_taken":0.0}],"is_beta":false,"boss_relics":[{"not_picked":["Runic Dome","Calling Bell"],"picked":"Sozu"},{"not_picked":["Velvet Choker","Coffee Dripper"],"picked":"Philosopher\u0027s Stone"}],"items_purged_floors":[27,42,46],"is_endless":false,"potions_floor_spawned":[3,6,8,11,16,18,31,35,39,41],"killed_by":"Time Eater","ascension_level":20}}