{"host":"n45maixt3qrh0rsz","time":1611821083,"event":{"mods":["ATMod(°¢èªMod)","Act Like it!","Arknights The Spire","BaseMod","CapriCore","Dota2Spire","Downfall","Gensokyo","Minty Spire (QoL Compilation)","Quick Restart","Relic Stats","Replay The Spire","StSLib","¡¾ÒÅÎï¿¨ÅÆ¡¿REMEMod"],"gold_per_floor":[115,128,143,163,155,176,225,14,14,14,37,137,37,212,212,320,320,336,347,115,134,134,134,134,163,39,59,59,59,59],"floor_reached":28,"language":"ZHS","playtime":1172,"items_purged":["Doubt"],"score":237,"play_id":"479ee744-80e7-4c2d-84b6-d5bfb8891590","local_time":"20210128160443","is_ascension_mode":false,"campfire_choices":[{"floor":10,"key":"RECALL"},{"floor":13,"key":"REST"},{"data":"expansioncontent:DashGenerateEvil","floor":15,"key":"SMITH"}],"circlet_count":0,"master_deck":["hexamod:Strike","hexamod:Strike","hexamod:Strike","hexamod:Strike","hexamod:Defend","hexamod:Defend","hexamod:Defend","hexamod:Defend","hexamod:Sear","hexamod:Float","expansioncontent:DashGenerateEvil+1","AT_FamilyPortrait","hexamod:UnleashSpirits","hexamod:DynamicBlow","hexamod:StepThrough","hexamod:SecondSeal","hexamod:FirstSeal","hexamod:FourthSeal","hexamod:ThirdSeal","hexamod:FlamesFromBeyond","hexamod:GhostOfSpireFuture","hexamod:AdvancingGuard","hexamod:Again","hexamod:SwordOfDarkness","hexamod:Hexaguard","hexamod:EmpoweredFlame+1","REME_FirmDetermination","hexamod:GiftsFromTheDead","hexamod:HexaLevel","hexamod:ApocalypseNow","hexamod:SkipABeat","hexamod:Firestarter+1","hexamod:SecondSeal","hexamod:FastForward","hexamod:BurningTouch","hexamod:ThirdSeal","Necronomicurse","hexamod:GhostflameInferno","hexamod:SwordOfDarkness+1","hexamod:BacktrackSmack","hexamod:FlamesFromBeyond","ReplayTheSpireMod:IOU","expansioncontent:QuickStudy","hexamod:FlameSwitch","hexamod:WildfireWeapon"],"relics":["hexamod:SpiritBrand","AT_ATBox","REME_ComplimentaryCards","Guardian:PocketSentry","AT_EbonyIvory","BargainBundle","downfall:HeartBlessingRed","Philosopher\u0027s Stone","PreservedInsect","Necronomicon","Slimebound:PreparedRelic","ReplayTheSpireMod:CursedCoin"],"acts_visited":["Exordium","TheCity"],"potions_floor_usage":[8,16,16,19,19,26,28,28],"damage_taken":[{"damage":3,"enemies":"Jaw Worm","floor":1,"turns":2},{"damage":0,"enemies":"2 Louse","floor":2,"turns":3},{"damage":0,"enemies":"Cultist","floor":3,"turns":2},{"damage":6,"enemies":"2 Fungi Beasts","floor":4,"turns":3},{"damage":5,"enemies":"Blue Slaver","floor":6,"turns":4},{"damage":10,"enemies":"downfall:FleeingMerchant","floor":8,"turns":4},{"damage":3,"enemies":"3 Louse","floor":11,"turns":4},{"damage":22,"enemies":"SI_SHIV_ARCHETYPE","floor":16,"turns":8},{"damage":38,"enemies":"3 Byrds","floor":18,"turns":4},{"damage":5,"enemies":"Shelled Parasite and Fungi","floor":19,"turns":3},{"damage":0,"enemies":"downfall:FleeingMerchant","floor":20,"turns":4},{"damage":10,"enemies":"Snecko","floor":21,"turns":5},{"damage":5,"enemies":"Cultist and Chosen","floor":25,"turns":3},{"damage":0,"enemies":"downfall:FleeingMerchant","floor":26,"turns":4},{"damage":20,"enemies":"Snake Plant","floor":27,"turns":3},{"damage":22,"enemies":"Snecko","floor":28,"turns":3}],"seed_played":"-1802752813951477857","potions_obtained":[{"floor":3,"key":"EssenceOfSteel"},{"floor":4,"key":"FairyPotion"},{"floor":6,"key":"Explosive Potion"},{"floor":8,"key":"Venom Potion"},{"floor":16,"key":"Fruit Juice"},{"floor":16,"key":"Fire Potion"},{"floor":19,"key":"LifebloodPotion"},{"floor":21,"key":"champ:CounterPotion"},{"floor":27,"key":"DuplicationPotion"}],"is_trial":false,"path_per_floor":["M","M","M","M","?","M","T","$","?","R","M","?","R","?","R","B",null,"M","M","$","M","?","T","T","M","$","M","M"],"character_chosen":"THE_SPIRIT","items_purchased":["BargainBundle","hexamod:SwordOfDarkness","hexamod:Hexaguard","hexamod:EmpoweredFlame+1","PowerPotion","AttackPotion","REME_FirmDetermination","PreservedInsect","ReplayTheSpireMod:CursedCoin","expansioncontent:QuickStudy","hexamod:FlameSwitch"],"campfire_rested":1,"item_purchase_floors":[8,8,8,8,8,8,8,20,26,26,26],"current_hp_per_floor":[67,67,67,61,54,56,56,53,53,53,57,57,70,70,70,60,75,44,39,39,36,20,20,20,15,15,22,0,0,0],"gold":59,"neow_bonus":"RANDOM_COMMON_RELIC","is_daily":false,"chose_seed":false,"campfire_upgraded":1,"win_rate":0.0,"timestamp":1611821083,"path_taken":["M","M","M","M","?","M","T","$","?","R","?","?","R","?","R","BOSS","M","M","$","M","?","?","T","M","?","M","M"],"items_purchased_type":["Relic","Card","Card","Card","Potion","Potion","Card","Relic","Relic","Card","Card"],"build_version":"2020-12-22","purchased_purges":1,"victory":false,"max_hp_per_floor":[70,70,70,70,70,70,70,70,70,70,70,70,70,70,70,75,75,75,75,75,75,75,75,75,75,75,75,75,75,75],"relic_stats":{"counters":[16,58],"PreservedInsect":0,"Necronomicon":[5],"obtain_stats":[{"BargainBundle":8,"AT_ATBox":0,"downfall:HeartBlessingRed":13,"ReplayTheSpireMod:CursedCoin":26,"Philosopher\u0027s Stone":17,"AT_EbonyIvory":7,"PreservedInsect":20,"Slimebound:PreparedRelic":24,"Guardian:PocketSentry":0,"Necronomicon":22,"hexamod:SpiritBrand":0,"REME_ComplimentaryCards":0},{"BargainBundle":6,"AT_ATBox":0,"downfall:HeartBlessingRed":7,"ReplayTheSpireMod:CursedCoin":14,"Philosopher\u0027s Stone":8,"AT_EbonyIvory":5,"PreservedInsect":11,"Slimebound:PreparedRelic":12,"Guardian:PocketSentry":0,"Necronomicon":12,"hexamod:SpiritBrand":0,"REME_ComplimentaryCards":0},{"BargainBundle":17,"AT_ATBox":0,"downfall:HeartBlessingRed":21,"ReplayTheSpireMod:CursedCoin":52,"Philosopher\u0027s Stone":29,"AT_EbonyIvory":13,"PreservedInsect":40,"Slimebound:PreparedRelic":45,"Guardian:PocketSentry":0,"Necronomicon":45,"hexamod:SpiritBrand":0,"REME_ComplimentaryCards":0}]},"card_choices":[{"not_picked":["hexamod:ShieldOfDarkness","hexamod:AdvancingGuard"],"picked":"hexamod:ThermalTransfer","floor":1},{"not_picked":["hexamod:GhostShield","hexamod:AdvancingGuard"],"picked":"hexamod:UnleashSpirits","floor":2},{"not_picked":["hexamod:Firestarter","hexamod:SpectersWail"],"picked":"hexamod:DynamicBlow","floor":3},{"not_picked":["hexamod:SpectralAdrenaline","hexamod:DynamicBlow"],"picked":"hexamod:StepThrough","floor":4},{"not_picked":["hexamod:AdvancingGuard","hexamod:Hexaguard"],"picked":"hexamod:FlamesFromBeyond","floor":6},{"not_picked":["hexamod:SwordOfDarkness","hexamod:BacktrackSmack"],"picked":"hexamod:GhostOfSpireFuture","floor":6},{"not_picked":["hexamod:HeatShield","hexamod:BurningTouch"],"picked":"hexamod:AdvancingGuard","floor":8},{"not_picked":["hexamod:DynamicBlow","hexamod:GhostShield"],"picked":"hexamod:Again","floor":8},{"not_picked":["hexamod:NightmareGuise","hexamod:HauntingEcho"],"picked":"hexamod:GiftsFromTheDead","floor":11},{"not_picked":["hexamod:ForkedFlame","hexamod:GhostOfSpirePresent"],"picked":"hexamod:HexaLevel","floor":16},{"not_picked":["hexamod:GhostOfSpirePresent","hexamod:GiftsFromTheDead"],"picked":"hexamod:ApocalypseNow","floor":16},{"not_picked":["hexamod:HeatShield","hexamod:GhostOfSpireFuture"],"picked":"hexamod:SkipABeat","floor":18},{"not_picked":["hexamod:Incineration","hexamod:SkipABeat"],"picked":"hexamod:Firestarter+1","floor":19},{"not_picked":["hexamod:SpectralSpark+1","hexamod:BacktrackSmack"],"picked":"hexamod:SecondSeal","floor":19},{"not_picked":["hexamod:SuperheatedStrike","hexamod:SpectersWail"],"picked":"hexamod:FastForward","floor":20},{"not_picked":["hexamod:ThermalTransfer+1","hexamod:GhostShield+1"],"picked":"hexamod:BurningTouch","floor":21},{"not_picked":["hexamod:HauntingEcho","hexamod:PowerFromBeyond+1"],"picked":"hexamod:ThirdSeal","floor":21},{"not_picked":["hexamod:RadiantFlame","hexamod:GhostShield+1"],"picked":"hexamod:GhostflameInferno","floor":25},{"not_picked":["hexamod:NightmareStrike","hexamod:EmpoweredFlame"],"picked":"hexamod:SwordOfDarkness+1","floor":25},{"not_picked":["hexamod:GhostShield","hexamod:HeatShield+1"],"picked":"hexamod:BacktrackSmack","floor":26},{"not_picked":["hexamod:SoulSteal","hexamod:ThermalTransfer+1"],"picked":"hexamod:FlamesFromBeyond","floor":26},{"not_picked":["hexamod:Haunt+1","hexamod:Rewind"],"picked":"hexamod:WildfireWeapon","floor":27}],"player_experience":57801,"relics_obtained":[{"floor":7,"key":"AT_EbonyIvory"},{"floor":22,"key":"Necronomicon"},{"floor":24,"key":"Slimebound:PreparedRelic"}],"event_choices":[{"damage_healed":0,"gold_gain":0,"player_choice":"Got Potions","damage_taken":0,"max_hp_gain":0,"max_hp_loss":0,"event_name":"Lab","floor":9,"gold_loss":0}],"is_beta":false,"boss_relics":[{"not_picked":["REME_LowDesire","Busted Crown"],"picked":"Philosopher\u0027s Stone"}],"items_purged_floors":[20],"is_endless":false,"potions_floor_spawned":[3,4,6,16,19,21,27],"killed_by":"Snecko","ascension_level":0}}