{"host":"jlk2k69f9c6o7b3e","time":1611849652,"event":{"mods":["BaseMod","Minty Spire (QoL Compilation)","StSLib"],"gold_per_floor":[117,117,42,42,53,81,94,94,119,139,152,152,152],"floor_reached":12,"language":"ZHS","playtime":1135,"items_purged":["Normality"],"score":104,"play_id":"bf3eb8b6-af61-45d7-af18-2d463e127397","local_time":"20210129000052","is_ascension_mode":true,"campfire_choices":[{"floor":8.0,"key":"REST"}],"circlet_count":0,"master_deck":["Strike_G","Strike_G","Strike_G","Strike_G","Strike_G","Defend_G","Defend_G","Defend_G","Defend_G","Survivor","Neutralize","Thinking Ahead","Heel Hook","Setup","Expertise","Calculated Gamble","Well Laid Plans","Heel Hook"],"relics":["Ring of the Snake","Regal Pillow","Paper Crane","Happy Flower"],"acts_visited":["Exordium"],"potions_floor_usage":[11,12],"damage_taken":[{"damage":0.0,"enemies":"Jaw Worm","floor":1.0,"turns":4.0},{"damage":1.0,"enemies":"Cultist","floor":5.0,"turns":3.0},{"damage":42.0,"enemies":"3 Sentries","floor":6.0,"turns":10.0},{"damage":3.0,"enemies":"Small Slimes","floor":7.0,"turns":5.0},{"damage":4.0,"enemies":"Red Slaver","floor":10.0,"turns":6.0},{"damage":6,"enemies":"Looter","floor":11,"turns":3},{"damage":44,"enemies":"Lagavulin","floor":12,"turns":7}],"seed_played":"-372820061881871901","potions_obtained":[{"floor":1.0,"key":"CunningPotion"},{"floor":6.0,"key":"SkillPotion"},{"floor":10.0,"key":"Strength Potion"}],"is_trial":false,"path_per_floor":["M","?","$","?","M","E","M","R","T","M","M","E"],"character_chosen":"THE_SILENT","items_purchased":[],"campfire_rested":1,"item_purchase_floors":[],"current_hp_per_floor":[63,63,63,56,55,13,10,46,46,42,36,0,0],"gold":152,"neow_bonus":"RANDOM_COLORLESS_2","is_daily":false,"chose_seed":false,"campfire_upgraded":0,"win_rate":0.0,"timestamp":1611849652,"path_taken":["M","?","?","?","M","E","M","R","T","M","M","E"],"items_purchased_type":[],"build_version":"2020-12-22","purchased_purges":1,"victory":false,"max_hp_per_floor":[70,70,70,70,70,70,70,70,70,70,70,70,70],"card_choices":[{"not_picked":["Violence","Secret Technique"],"picked":"Thinking Ahead","floor":0.0},{"not_picked":["Dagger Spray","Cloak And Dagger"],"picked":"Heel Hook","floor":1.0},{"not_picked":["PiercingWail","Acrobatics"],"picked":"Setup","floor":5.0},{"not_picked":["Well Laid Plans","Dagger Throw"],"picked":"Expertise","floor":6.0},{"not_picked":["Deflect","PiercingWail"],"picked":"Calculated Gamble","floor":7.0},{"not_picked":["Expertise","Underhanded Strike"],"picked":"Well Laid Plans","floor":10.0},{"not_picked":["Cloak And Dagger","Outmaneuver"],"picked":"Heel Hook","floor":11}],"player_experience":303406,"relics_obtained":[{"floor":6.0,"key":"Paper Crane"},{"floor":9.0,"key":"Happy Flower"}],"event_choices":[{"damage_healed":0.0,"max_hp_gain":0.0,"max_hp_loss":0.0,"gold_gain":0.0,"event_name":"WeMeetAgain","player_choice":"Gave Potion","floor":2.0,"gold_loss":0.0,"damage_taken":0.0,"relics_obtained":["Regal Pillow"]},{"cards_removed":["Defend_G"],"damage_healed":0.0,"max_hp_gain":0.0,"max_hp_loss":0.0,"gold_gain":0.0,"event_name":"Golden Wing","player_choice":"Card Removal","floor":4.0,"gold_loss":0.0,"damage_taken":7.0}],"is_beta":false,"boss_relics":[],"items_purged_floors":[3],"is_endless":false,"potions_floor_spawned":[1,6,10],"killed_by":"Lagavulin","ascension_level":6}}