{"host":"ds28d883r3sz42zs","time":1611805058,"event":{"mods":["2.2 Compatiblity","AchievementEnabler","Act Like it!","BaseMod","Bestiary","Better Match","Better Sensory Stone","Better Third Choice","Better-Laid Plans","BetterRewards","Block Reminder","Challenge The Spire","Colored Map","Colored Powertips","DeckTracker","Defuse TimeMaze Blight","Disable Question Mark Monsters","Displayed Cursed Tome","Emptier Cage","GifTheSpireLib","Gold Saver","Hallownest","Infinite Spire","Minty Spire (QoL Compilation)","Permanent Neow","Practice Mode","Quick Restart","Random Character Button","Rare Cards Sparkle","Relic Filter","Relic Sorter","Relic Stats","Reliquary","SacredBarkPlus","Shop Mod","Spire Arcade","StSLib","SuperFastMode","The Bug Knight","Uncapped","Unknown Chances","Wide Potions"],"gold_per_floor":[909,919,932,947,947,980,980,1011,1011,1011,1028,1028,1038,1055,1055,1158,1158,1168,1168,1181,1181,1181,1208,1208,1235,1258,450,450,450,465,465,465,569,569,585,600,600,619,636,669,669,682,729,745,745,745,778,794,794,794,794,794,3,35,35],"floor_reached":56,"language":"ENG","playtime":2494,"items_purged":["Strike_G","Strike_G"],"score":1622,"play_id":"9d27f236-7ea1-4d5c-9437-f1a324ad41e9","local_time":"20210127223738","is_ascension_mode":true,"campfire_choices":[{"data":"Predator","floor":7.0,"key":"SMITH"},{"floor":10.0,"key":"REST"},{"data":"Noxious Fumes","floor":12.0,"key":"SMITH"},{"data":"Bouncing Flask","floor":15.0,"key":"SMITH"},{"data":"Storm of Steel","floor":24.0,"key":"SMITH"},{"data":"Adrenaline","floor":32.0,"key":"SMITH"},{"floor":41.0,"key":"RECALL"},{"data":"Burst","floor":46,"key":"SMITH"},{"data":"Well Laid Plans","floor":49,"key":"SMITH"},{"data":"Blade Dance","floor":52,"key":"SMITH"}],"circlet_count":0,"master_deck":["Strike_G","Strike_G","Strike_G","Defend_G","Defend_G","Defend_G","Defend_G","Defend_G+1","Survivor+1","Neutralize+1","Predator+1","Noxious Fumes+1","Backstab","Bouncing Flask+1","Escape Plan","Well Laid Plans+1","Die Die Die","Dodge and Roll+1","Deadly Poison+1","Blur","Storm of Steel+1","Adrenaline+1","Blade Dance+1","PiercingWail","Footwork+1","Catalyst+1","Deflect+1","Storm of Steel+1","PiercingWail+1","Backflip+1","Endless Agony+1","Blur+1","Burst+1","Crippling Poison+1","Well Laid Plans+1"],"relics":["Ring of the Snake","Prayer Wheel","Torii","HollowMod:StagPassRelic","Runic Dome","WarpedTongs","Dead Branch","Mango","infinitespire:PuzzleCube","Medical Kit","Tough Bandages","infinitespire:FocusingShard","Coffee Dripper","reliquary:RoseTintedGlasses","Anchor","Chemical X","Paper Crane","Mummified Hand","War Paint"],"acts_visited":["Exordium","TheCity","TheBeyond","TheEnding"],"potions_floor_usage":[55],"damage_taken":[{"damage":5.0,"enemies":"Jaw Worm","floor":1.0,"turns":8.0},{"damage":0.0,"enemies":"2 Louse","floor":3.0,"turns":3.0},{"damage":20.0,"enemies":"infinitespire:Voidling","floor":4.0,"turns":5.0},{"damage":18.0,"enemies":"3 Sentries","floor":6.0,"turns":7.0},{"damage":22.0,"enemies":"Lagavulin","floor":8.0,"turns":5.0},{"damage":1.0,"enemies":"Exordium Wildlife","floor":11.0,"turns":3.0},{"damage":0.0,"enemies":"Large Slime","floor":13.0,"turns":7.0},{"damage":1.0,"enemies":"Looter","floor":14.0,"turns":3.0},{"damage":14.0,"enemies":"Slime Boss","floor":16.0,"turns":10.0},{"damage":1.0,"enemies":"Chosen","floor":18.0,"turns":4.0},{"damage":7.0,"enemies":"3 Byrds","floor":20.0,"turns":5.0},{"damage":14.0,"enemies":"Book of Stabbing","floor":23.0,"turns":4.0},{"damage":8.0,"enemies":"Gremlin Leader","floor":25.0,"turns":7.0},{"damage":0.0,"enemies":"Slavers","floor":29.0,"turns":1.0},{"damage":0.0,"enemies":"Shelled Parasite and Fungi","floor":30.0,"turns":4.0},{"damage":22.0,"enemies":"Champ","floor":33.0,"turns":8.0},{"damage":6.0,"enemies":"3 Darklings","floor":35.0,"turns":5.0},{"damage":1.0,"enemies":"3 Shapes","floor":36.0,"turns":5.0},{"damage":1.0,"enemies":"Writhing Mass","floor":38.0,"turns":4.0},{"damage":0.0,"enemies":"Spire Growth","floor":39.0,"turns":2.0},{"damage":0.0,"enemies":"Nemesis","floor":40.0,"turns":5.0},{"damage":0.0,"enemies":"Jaw Worm Horde","floor":42.0,"turns":2.0},{"damage":0,"enemies":"3 Darklings","floor":44,"turns":3},{"damage":0,"enemies":"Reptomancer","floor":47,"turns":5},{"damage":9,"enemies":"Spire Growth","floor":48,"turns":4},{"damage":15,"enemies":"Donu and Deca","floor":50,"turns":10},{"damage":0,"enemies":"Shield and Spear","floor":54,"turns":6},{"damage":0,"enemies":"The Heart","floor":55,"turns":1}],"seed_played":"-8001192990183638021","potions_obtained":[{"floor":0.0,"key":"PowerPotion"},{"floor":0.0,"key":"DuplicationPotion"},{"floor":11.0,"key":"EntropicBrew"},{"floor":13.0,"key":"Block Potion"},{"floor":18.0,"key":"CunningPotion"},{"floor":30.0,"key":"Swift Potion"},{"floor":33.0,"key":"Block Potion"},{"floor":35.0,"key":"Regen Potion"},{"floor":40.0,"key":"LiquidBronze"},{"floor":42.0,"key":"SkillPotion"},{"floor":44,"key":"Poison Potion"},{"floor":54,"key":"GamblersBrew"}],"is_trial":false,"path_per_floor":["M","?","M","M","?","E","R","E","T","R","M","R","M","M","R","B",null,"M","?","M","?","?","E","R","E","T","$","?","E","M","?","R","B",null,"M","M","?","M","M","E","R","M","T","M","?","R","E","M","R","B",null,"R","$","E","B",null],"character_chosen":"THE_SILENT","items_purchased":["Medical Kit","Tough Bandages","infinitespire:FocusingShard","Blade Dance","Chemical X","Paper Crane","Mummified Hand","Well Laid Plans"],"campfire_rested":1,"item_purchase_floors":[27,27,27,27,53,53,53,53],"current_hp_per_floor":[58,58,58,47,47,29,29,7,7,28,27,27,27,26,26,12,56,55,55,48,48,35,21,21,27,27,27,27,27,27,27,27,5,68,62,61,61,60,60,75,75,75,75,75,52,52,52,43,43,28,74,74,74,74,74],"gold":35,"neow_bonus":"THREE_SMALL_POTIONS","is_daily":false,"chose_seed":false,"campfire_upgraded":8,"win_rate":0.0,"timestamp":1611805058,"path_taken":["M","?","M","M","?","E","R","E","T","R","M","R","M","M","R","BOSS","M","?","?","?","?","E","R","E","T","?","?","E","M","?","R","BOSS","M","M","?","M","M","E","R","M","T","?","?","R","E","M","R","BOSS","R","$","E","BOSS"],"items_purchased_type":["Relic","Relic","Relic","Card","Relic","Relic","Relic","Card"],"build_version":"2020-12-22","purchased_purges":2,"victory":true,"max_hp_per_floor":[70,70,70,70,70,70,70,70,70,70,70,70,70,70,70,70,70,70,70,70,70,75,75,75,89,89,89,89,89,89,89,89,89,89,89,89,89,89,89,89,89,89,89,89,89,89,89,89,89,89,89,89,89,89,89],"relic_stats":{"Tough Bandages":[615],"Torii":24,"counters":[28,136],"Mummified Hand":[5],"Dead Branch":[291],"Prayer Wheel":13,"Chemical X":[4],"War Paint":["Defend_G","Survivor"],"Medical Kit":[2],"obtain_stats":[{"Torii":8,"Dead Branch":23,"Mango":25,"infinitespire:FocusingShard":27,"Paper Crane":53,"War Paint":54,"HollowMod:StagPassRelic":9,"Medical Kit":27,"WarpedTongs":19,"Runic Dome":17,"Tough Bandages":27,"Anchor":47,"Mummified Hand":53,"Prayer Wheel":6,"reliquary:RoseTintedGlasses":40,"Coffee Dripper":34,"Chemical X":53,"infinitespire:PuzzleCube":26,"Ring of the Snake":0},{"Torii":5,"Dead Branch":12,"Mango":13,"infinitespire:FocusingShard":13,"Paper Crane":26,"War Paint":27,"HollowMod:StagPassRelic":5,"Medical Kit":13,"WarpedTongs":10,"Runic Dome":9,"Tough Bandages":13,"Anchor":24,"Mummified Hand":26,"Prayer Wheel":4,"reliquary:RoseTintedGlasses":21,"Coffee Dripper":16,"Chemical X":26,"infinitespire:PuzzleCube":13,"Ring of the Snake":0},{"Torii":28,"Dead Branch":64,"Mango":71,"infinitespire:FocusingShard":71,"Paper Crane":129,"War Paint":135,"HollowMod:StagPassRelic":28,"Medical Kit":71,"WarpedTongs":55,"Runic Dome":51,"Tough Bandages":71,"Anchor":115,"Mummified Hand":129,"Prayer Wheel":23,"reliquary:RoseTintedGlasses":105,"Coffee Dripper":84,"Chemical X":129,"infinitespire:PuzzleCube":71,"Ring of the Snake":0}],"Ring of the Snake":[56],"WarpedTongs":[80]},"card_choices":[{"not_picked":["Acrobatics","Dagger Spray"],"picked":"Predator","floor":1.0},{"not_picked":["Bane","Finisher"],"picked":"Noxious Fumes","floor":3.0},{"not_picked":["Dash","Dodge and Roll"],"picked":"Backstab","floor":4.0},{"not_picked":["Eviscerate","Doppelganger"],"picked":"Bouncing Flask","floor":6.0},{"not_picked":["Predator","Quick Slash"],"picked":"Escape Plan","floor":8.0},{"not_picked":["Backflip","Finisher","Prepared"],"picked":"SKIP","floor":11.0},{"not_picked":["Backflip","Poisoned Stab","Deadly Poison"],"picked":"SKIP","floor":11.0},{"not_picked":["Blade Dance","All Out Attack"],"picked":"Well Laid Plans","floor":13.0},{"not_picked":["Flechettes","Quick Slash","Prepared"],"picked":"SKIP","floor":13.0},{"not_picked":["Tools of the Trade","Sucker Punch","Acrobatics"],"picked":"SKIP","floor":14.0},{"not_picked":["Heel Hook","Dagger Throw","Accuracy"],"picked":"SKIP","floor":14.0},{"not_picked":["Tools of the Trade","Storm of Steel"],"picked":"Die Die Die","floor":16.0},{"not_picked":["Deflect","Catalyst"],"picked":"Dodge and Roll+1","floor":18.0},{"not_picked":["Sucker Punch","Bane"],"picked":"Deadly Poison+1","floor":18.0},{"not_picked":["PiercingWail","Quick Slash"],"picked":"Blur","floor":20.0},{"not_picked":["Expertise","Dagger Throw","Well Laid Plans"],"picked":"SKIP","floor":20.0},{"not_picked":["Underhanded Strike","Noxious Fumes"],"picked":"Storm of Steel","floor":23.0},{"not_picked":["Dagger Spray","Dagger Throw"],"picked":"Adrenaline","floor":25.0},{"not_picked":["Bane","Outmaneuver"],"picked":"PiercingWail","floor":30.0},{"not_picked":["Flying Knee","Deadly Poison","Dodge and Roll"],"picked":"SKIP","floor":30.0},{"not_picked":["Flying Knee","Acrobatics+1"],"picked":"Footwork+1","floor":35.0},{"not_picked":["Escape Plan","Well Laid Plans+1","Quick Slash+1"],"picked":"SKIP","floor":35.0},{"not_picked":["Poisoned Stab+1","Bouncing Flask+1"],"picked":"Catalyst+1","floor":36.0},{"not_picked":["Backflip","Skewer+1"],"picked":"Deflect+1","floor":36.0},{"not_picked":["Sucker Punch","Riddle With Holes+1"],"picked":"PiercingWail+1","floor":38.0},{"not_picked":["Escape Plan","Predator","Dagger Throw"],"picked":"SKIP","floor":38.0},{"not_picked":["Prepared","Deflect"],"picked":"Backflip+1","floor":39.0},{"not_picked":["Backflip","Finisher","Bouncing Flask+1"],"picked":"SKIP","floor":39.0},{"not_picked":["Dodge and Roll","Dagger Spray+1"],"picked":"Endless Agony+1","floor":40.0},{"not_picked":["Crippling Poison+1","Deflect+1"],"picked":"Blur+1","floor":42.0},{"not_picked":["Concentrate","Dagger Throw+1","Blade Dance"],"picked":"SKIP","floor":42.0},{"not_picked":["Blade Dance","PiercingWail"],"picked":"Burst","floor":44},{"not_picked":["Deflect","Slice"],"picked":"Crippling Poison+1","floor":44},{"not_picked":["infinitespire:FutureSight","infinitespire:Oblivion"],"picked":"infinitespire:SealOfDarkness+","floor":45},{"not_picked":["Dagger Throw+1","Poisoned Stab+1","Outmaneuver"],"picked":"SKIP","floor":47},{"not_picked":["Flying Knee","Corpse Explosion","Infinite Blades+1"],"picked":"SKIP","floor":48},{"not_picked":["Underhanded Strike+1","Prepared+1","Dagger Throw"],"picked":"SKIP","floor":48},{"not_picked":["Slice+1","Flying Knee","Bane+1"],"picked":"SKIP","floor":54}],"player_experience":775429,"relics_obtained":[{"floor":6.0,"key":"Prayer Wheel"},{"floor":8.0,"key":"Torii"},{"floor":9.0,"key":"HollowMod:StagPassRelic"},{"floor":23.0,"key":"Dead Branch"},{"floor":25.0,"key":"Mango"},{"floor":26.0,"key":"infinitespire:PuzzleCube"},{"floor":40.0,"key":"reliquary:RoseTintedGlasses"},{"floor":47,"key":"Anchor"},{"floor":54,"key":"War Paint"}],"event_choices":[{"damage_healed":0.0,"max_hp_gain":0.0,"max_hp_loss":0.0,"gold_gain":0.0,"event_name":"Accursed Blacksmith","player_choice":"Rummage","floor":19.0,"gold_loss":0.0,"damage_taken":0.0,"relics_obtained":["WarpedTongs"],"cards_obtained":["Pain"]},{"cards_removed":["Pain"],"damage_healed":0.0,"max_hp_gain":0.0,"max_hp_loss":0.0,"gold_gain":0.0,"event_name":"betterThird:BetterWriting","player_choice":"Elegance","floor":21.0,"gold_loss":0.0,"damage_taken":0.0},{"damage_healed":0.0,"max_hp_gain":5.0,"max_hp_loss":0.0,"gold_gain":0.0,"event_name":"Forgotten Altar","player_choice":"Shed Blood","floor":22.0,"gold_loss":0.0,"damage_taken":18.0},{"damage_healed":0.0,"max_hp_gain":0.0,"max_hp_loss":0.0,"gold_gain":0.0,"event_name":"Ghosts","player_choice":"Ignored","floor":28.0,"gold_loss":0.0,"damage_taken":0.0},{"damage_healed":0.0,"max_hp_gain":0.0,"max_hp_loss":0.0,"gold_gain":0.0,"event_name":"NoteForYourself","player_choice":"Ignored","floor":31.0,"gold_loss":0.0,"damage_taken":0.0},{"damage_healed":0.0,"max_hp_gain":0.0,"max_hp_loss":0.0,"gold_gain":0.0,"event_name":"Duplicator","player_choice":"Copied","floor":37.0,"gold_loss":0.0,"damage_taken":0.0,"cards_obtained":["Storm of Steel"]}],"is_beta":false,"boss_relics":[{"not_picked":["WristBlade","reliquary:KinkedSpring"],"picked":"Runic Dome"},{"not_picked":["Pandora\u0027s Box","SacredBark"],"picked":"Coffee Dripper"}],"items_purged_floors":[27,53],"is_endless":false,"potions_floor_spawned":[11,13,14,18,30,33,35,40,42,44,54],"ascension_level":9}}