{"host":"5ty8fyb0ngp9gspj","time":1611810944,"event":{"mods":["2.2 Compatiblity","AchievementEnabler","Act Like it!","BaseMod","Colored Map","Downfall","Minty Spire (QoL Compilation)","Rare Cards Sparkle","Relic Stats","Reliquary","StSLib","The Animator","The Jungle","slay the spire mod where everything is the same but ironclad has a cowboy hat"],"gold_per_floor":[112,132,152,179,196,222,222,234,234,234,234],"floor_reached":10,"language":"ENG","playtime":566,"items_purged":[],"score":83,"play_id":"dea490a2-8f88-4d85-8287-ca41bdbd7bad","local_time":"20210128161544","is_ascension_mode":true,"campfire_choices":[{"floor":7,"key":"REST"}],"circlet_count":0,"master_deck":["animator:Strike_Konosuba","animator:Defend_Konosuba","animator:Strike","animator:Strike","animator:Strike","animator:Defend","animator:Defend","animator:Defend","animator:Kazuma","animator:Aqua","animator:Cocytus","animator:FielNirvalen","animator:Megumin+3","animator:Demiurge","animator:DolaCouronne"],"relics":["animator:TheMissingPiece","animator:CursedBlade","Juzu Bracelet","animator:Hoodie"],"acts_visited":["Exordium"],"potions_floor_usage":[2,5,10],"damage_taken":[{"damage":0,"enemies":"Cultist","floor":1,"turns":5},{"damage":0,"enemies":"Jaw Worm","floor":2,"turns":5},{"damage":0,"enemies":"2 Louse","floor":3,"turns":2},{"damage":0,"enemies":"2 Fungi Beasts","floor":4,"turns":4},{"damage":0,"enemies":"Lots of Slimes","floor":5,"turns":2},{"damage":58,"enemies":"Gremlin Nob","floor":6,"turns":6},{"damage":6,"enemies":"Looter","floor":8,"turns":4},{"damage":19,"enemies":"3 Sentries","floor":10,"turns":9}],"seed_played":"5726464618151711354","potions_obtained":[{"floor":2,"key":"EntropicBrew"},{"floor":4,"key":"CultistPotion"},{"floor":6,"key":"sneckomod:MuddlingPotion"}],"is_trial":false,"path_per_floor":["M","M","M","M","M","E","R","M","T","E"],"character_chosen":"THE_ANIMATOR","items_purchased":[],"campfire_rested":1,"item_purchase_floors":[],"current_hp_per_floor":[66,66,66,66,66,8,27,23,23,6,6],"gold":234,"neow_bonus":"BOSS_RELIC","is_daily":false,"chose_seed":false,"campfire_upgraded":0,"win_rate":0.0,"timestamp":1611810944,"path_taken":["M","M","?","M","M","E","R","M","T","E"],"items_purchased_type":[],"build_version":"2020-12-22","purchased_purges":0,"victory":false,"max_hp_per_floor":[66,66,66,66,66,66,66,66,66,66,66],"relic_stats":{"counters":[8,37],"Juzu Bracelet":0,"obtain_stats":[{"animator:CursedBlade":0,"animator:Hoodie":9,"animator:TheMissingPiece":0,"animator:LivingPicture":0,"Juzu Bracelet":6},{"animator:CursedBlade":0,"animator:Hoodie":7,"animator:TheMissingPiece":0,"animator:LivingPicture":0,"Juzu Bracelet":6},{"animator:CursedBlade":0,"animator:Hoodie":28,"animator:TheMissingPiece":0,"animator:LivingPicture":0,"Juzu Bracelet":24}]},"card_choices":[{"not_picked":["animator:DwarfShaman","animator:Rider","animator:Jibril"],"picked":"SKIP","floor":1},{"not_picked":["animator:YuiTsuruno","animator:KyokoSakura"],"picked":"animator:Cocytus","floor":2},{"not_picked":["animator:Benimaru","animator:ChlammyZell"],"picked":"animator:FielNirvalen","floor":3},{"not_picked":["animator:Eris","animator:Aqua"],"picked":"animator:Megumin","floor":4},{"not_picked":["animator:IzunaHatsuse","animator:Souei"],"picked":"animator:Demiurge","floor":5},{"not_picked":["animator:IrohaTamaki","animator:Priestess"],"picked":"animator:DolaCouronne","floor":6},{"not_picked":["animator:RinTohsaka","animator:Souei","animator:ShinjiMatou"],"picked":"SKIP","floor":8}],"player_experience":531147,"relics_obtained":[{"floor":6,"key":"Juzu Bracelet"},{"floor":9,"key":"animator:Hoodie"}],"event_choices":[],"is_beta":false,"boss_relics":[],"items_purged_floors":[],"is_endless":false,"potions_floor_spawned":[2,4,6],"killed_by":"3 Sentries","ascension_level":3}}