{"host":"ig9h5mtrygw4gu9r","time":1611803595,"event":{"mods":["2.2 Compatiblity","AchievementEnabler","BaseMod","Downfall","Minty Spire (QoL Compilation)","Relic Stats","StSLib"],"gold_per_floor":[113,129,139,63,78,109,121,153,153,153,153,32,32,51,51,147,147,164,79,29,41,41,41,54,82,106,106,119,44,44,56,56,56,56],"floor_reached":33,"language":"ENG","playtime":1390,"items_purged":[],"score":418,"play_id":"c5382e2b-c530-40ed-badf-5c2b28f52e2a","local_time":"20210127191315","is_ascension_mode":true,"campfire_choices":[{"floor":10.0,"key":"REST"},{"floor":13.0,"key":"REST"},{"data":"Infinite Blades","floor":15.0,"key":"SMITH"},{"data":"Envenom","floor":23.0,"key":"SMITH"},{"data":"Phantasmal Killer","floor":27.0,"key":"SMITH"},{"floor":32.0,"key":"REST"}],"circlet_count":0,"master_deck":["Strike_G","Strike_G+1","Strike_G","Strike_G","Defend_G","Defend_G","Defend_G","Defend_G","Defend_G","Survivor","Neutralize","Dagger Spray+1","Calculated Gamble","Blade Dance","Infinite Blades+1","Quick Slash","Burst","Blade Dance","Phantasmal Killer+1","Blade Dance","Infinite Blades","Slice","Envenom+1","Prepared","Blade Dance","Slice+1","Backflip","Footwork","Quick Slash","Blade Dance"],"relics":["Ring of the Snake","NeowsBlessing","Vajra","Ornamental Fan","Tough Bandages","Philosopher\u0027s Stone","Darkstone Periapt","Calipers","Nunchaku"],"acts_visited":["Exordium","TheCity"],"potions_floor_usage":[33],"damage_taken":[{"damage":0.0,"enemies":"Small Slimes","floor":1.0,"turns":1.0},{"damage":0.0,"enemies":"2 Louse","floor":2.0,"turns":1.0},{"damage":0.0,"enemies":"Cultist","floor":3.0,"turns":1.0},{"damage":0.0,"enemies":"2 Fungi Beasts","floor":5.0,"turns":2.0},{"damage":40.0,"enemies":"Lagavulin","floor":6.0,"turns":7.0},{"damage":5.0,"enemies":"Large Slime","floor":7.0,"turns":5.0},{"damage":8.0,"enemies":"Gremlin Nob","floor":8.0,"turns":3.0},{"damage":0.0,"enemies":"3 Louse","floor":14.0,"turns":2.0},{"damage":42.0,"enemies":"The Guardian","floor":16.0,"turns":9.0},{"damage":14.0,"enemies":"Shell Parasite","floor":18.0,"turns":3.0},{"damage":0.0,"enemies":"Spheric Guardian","floor":21.0,"turns":3.0},{"damage":3.0,"enemies":"Cultist and Chosen","floor":24.0,"turns":3.0},{"damage":0.0,"enemies":"Gremlin Leader","floor":25.0,"turns":3.0},{"damage":0.0,"enemies":"3 Cultists","floor":28.0,"turns":3.0},{"damage":10.0,"enemies":"Snecko","floor":31.0,"turns":3.0},{"damage":77,"enemies":"Automaton","floor":33,"turns":6}],"seed_played":"-6761053717380156922","potions_obtained":[{"floor":3.0,"key":"FairyPotion"},{"floor":6.0,"key":"GamblersBrew"},{"floor":25.0,"key":"SteroidPotion"},{"floor":28.0,"key":"Energy Potion"}],"is_trial":false,"path_per_floor":["M","M","M","$","M","E","M","E","T","R","?","$","R","M","R","B",null,"M","?","$","M","$","R","M","E","T","R","M","?","?","M","R","B"],"character_chosen":"THE_SILENT","items_purchased":["Infinite Blades","Blade Dance","Infinite Blades","Blade Dance"],"campfire_rested":3,"item_purchase_floors":[4,12,12,20],"current_hp_per_floor":[63,63,63,63,63,23,18,10,10,31,17,17,38,38,38,21,58,44,44,44,44,44,44,41,41,41,41,41,41,41,31,52,0,0],"gold":56,"neow_bonus":"THREE_ENEMY_KILL","is_daily":false,"chose_seed":false,"campfire_upgraded":3,"win_rate":0.0,"timestamp":1611803595,"path_taken":["M","M","M","$","M","E","M","E","T","R","?","$","R","M","R","BOSS","M","?","$","M","$","R","M","E","T","R","M","?","?","M","R","BOSS"],"items_purchased_type":["Card","Card","Card","Card"],"build_version":"2020-12-22","purchased_purges":0,"victory":false,"max_hp_per_floor":[70,70,70,70,70,70,70,70,70,70,70,70,70,70,70,70,70,70,70,70,70,70,70,70,70,70,70,70,70,70,70,70,70,70],"relic_stats":{"Darkstone Periapt":0,"Tough Bandages":[60],"Nunchaku":[6],"counters":[16,55],"Ornamental Fan":[228],"obtain_stats":[{"Darkstone Periapt":19,"Tough Bandages":9,"Nunchaku":26,"Calipers":25,"NeowsBlessing":0,"Ornamental Fan":8,"Vajra":6,"Philosopher\u0027s Stone":17,"Ring of the Snake":0},{"Darkstone Periapt":10,"Tough Bandages":7,"Nunchaku":13,"Calipers":13,"NeowsBlessing":0,"Ornamental Fan":7,"Vajra":5,"Philosopher\u0027s Stone":9,"Ring of the Snake":0},{"Darkstone Periapt":34,"Tough Bandages":20,"Nunchaku":43,"Calipers":43,"NeowsBlessing":0,"Ornamental Fan":20,"Vajra":12,"Philosopher\u0027s Stone":31,"Ring of the Snake":0}],"Ring of the Snake":[32]},"card_choices":[{"not_picked":["Reflex","Outmaneuver"],"picked":"Dagger Spray","floor":1.0},{"not_picked":["PiercingWail","Flying Knee"],"picked":"Calculated Gamble","floor":2.0},{"not_picked":["Underhanded Strike","Poisoned Stab"],"picked":"Blade Dance","floor":3.0},{"not_picked":["Acrobatics","Skewer"],"picked":"Quick Slash","floor":5.0},{"not_picked":["Outmaneuver","Venomology"],"picked":"Burst","floor":6.0},{"not_picked":["Backflip","Eviscerate"],"picked":"Blade Dance","floor":7.0},{"not_picked":["Dodge and Roll","Caltrops"],"picked":"Phantasmal Killer","floor":8.0},{"not_picked":["Dash","Setup"],"picked":"Slice","floor":14.0},{"not_picked":["Adrenaline","Malaise"],"picked":"Envenom","floor":16.0},{"not_picked":["Reflex","Bane"],"picked":"Prepared","floor":18.0},{"not_picked":["Dodge and Roll","Heel Hook"],"picked":"Slice+1","floor":21.0},{"not_picked":["Outmaneuver","Deflect+1"],"picked":"Backflip","floor":24.0},{"not_picked":["Quick Slash","Deflect"],"picked":"Footwork","floor":25.0},{"not_picked":["Night Terror","Escape Plan"],"picked":"Quick Slash","floor":28.0},{"not_picked":["Deadly Poison","Blur"],"picked":"Blade Dance","floor":31.0}],"player_experience":373931,"relics_obtained":[{"floor":6.0,"key":"Vajra"},{"floor":8.0,"key":"Ornamental Fan"},{"floor":9.0,"key":"Tough Bandages"},{"floor":25.0,"key":"Calipers"},{"floor":26.0,"key":"Nunchaku"}],"event_choices":[{"damage_healed":0.0,"max_hp_gain":0.0,"max_hp_loss":0.0,"gold_gain":0.0,"event_name":"Shining Light","player_choice":"Entered Light","floor":11.0,"gold_loss":0.0,"damage_taken":14.0,"cards_upgraded":["Dagger Spray","Strike_G"]},{"damage_healed":0.0,"max_hp_gain":0.0,"max_hp_loss":0.0,"gold_gain":0.0,"event_name":"Addict","player_choice":"Obtained Relic","floor":19.0,"gold_loss":85.0,"damage_taken":0.0,"relics_obtained":["Darkstone Periapt"]},{"cards_removed":["Strike_G"],"damage_healed":0.0,"max_hp_gain":0.0,"max_hp_loss":0.0,"gold_gain":0.0,"event_name":"Beggar","player_choice":"Gave Gold","floor":29.0,"gold_loss":75.0,"damage_taken":0.0},{"damage_healed":0.0,"max_hp_gain":0.0,"max_hp_loss":0.0,"gold_gain":0.0,"event_name":"Ghosts","player_choice":"Ignored","floor":30.0,"gold_loss":0.0,"damage_taken":0.0}],"is_beta":false,"boss_relics":[{"not_picked":["Empty Cage","SlaversCollar"],"picked":"Philosopher\u0027s Stone"}],"items_purged_floors":[],"is_endless":false,"potions_floor_spawned":[3,6,25,28,31],"killed_by":"Automaton","ascension_level":6}}