{"host":"k85tjwrh7mjrrc9a","time":1611861301,"event":{"mods":["AchievementEnabler","BaseMod","Colored Powertips","Highlight Path","Minty Spire (QoL Compilation)","Rare Cards Sparkle","StSLib"],"gold_per_floor":[110,120,134,83,94,129,155,155,155,155,155,213,247,259,259,259,259],"floor_reached":16,"language":"ENG","playtime":763,"items_purged":[],"score":198,"play_id":"c61a39d1-8b09-4fdf-8fea-02e31459927c","local_time":"20210128141501","is_ascension_mode":true,"campfire_choices":[{"floor":8.0,"key":"REST"},{"data":"Armaments","floor":15.0,"key":"SMITH"}],"circlet_count":0,"master_deck":["AscendersBane","Strike_R","Strike_R","Strike_R","Strike_R","Strike_R","Defend_R","Defend_R","Defend_R","Defend_R+1","Bash","Shockwave+1","Headbutt","Iron Wave","Thunderclap","Heavy Blade","Flame Barrier+1","Armaments+1","Evolve","Cleave"],"relics":["Burning Blood","Regal Pillow","Smiling Mask","Omamori","Mercury Hourglass","PreservedInsect","Tiny Chest"],"acts_visited":["Exordium"],"potions_floor_usage":[16,16],"damage_taken":[{"damage":6.0,"enemies":"Cultist","floor":1.0,"turns":3.0},{"damage":14.0,"enemies":"Jaw Worm","floor":2.0,"turns":4.0},{"damage":18.0,"enemies":"Small Slimes","floor":3.0,"turns":4.0},{"damage":4.0,"enemies":"2 Fungi Beasts","floor":5.0,"turns":4.0},{"damage":19.0,"enemies":"3 Sentries","floor":6.0,"turns":10.0},{"damage":17.0,"enemies":"Gremlin Nob","floor":12.0,"turns":5.0},{"damage":3.0,"enemies":"Gremlin Nob","floor":13.0,"turns":3.0},{"damage":6.0,"enemies":"Lots of Slimes","floor":14.0,"turns":2.0},{"damage":45,"enemies":"Hexaghost","floor":16,"turns":14}],"seed_played":"4390941975119430224","potions_obtained":[{"floor":1.0,"key":"ElixirPotion"},{"floor":2.0,"key":"Energy Potion"},{"floor":3.0,"key":"HeartOfIron"},{"floor":6.0,"key":"SmokeBomb"},{"floor":14.0,"key":"SpeedPotion"}],"is_trial":false,"path_per_floor":["M","M","M","$","M","E","T","R","T","?","?","?","E","M","R","B"],"character_chosen":"IRONCLAD","items_purchased":["Thunderclap"],"campfire_rested":1,"item_purchase_floors":[4],"current_hp_per_floor":[68,60,48,48,50,37,37,74,74,51,51,40,43,43,43,0,0],"gold":259,"neow_bonus":"RANDOM_COMMON_RELIC","is_daily":false,"chose_seed":false,"campfire_upgraded":1,"win_rate":0.0,"timestamp":1611861301,"path_taken":["M","M","M","$","?","E","?","R","T","?","?","?","E","M","R","BOSS"],"items_purchased_type":["Card"],"build_version":"2020-12-22","purchased_purges":0,"victory":false,"max_hp_per_floor":[75,75,75,75,75,75,75,75,75,75,75,75,75,75,75,75,75],"card_choices":[{"not_picked":["Rage","Clash"],"picked":"Shockwave","floor":1.0},{"not_picked":["Combust","Warcry"],"picked":"Headbutt","floor":2.0},{"not_picked":["Hemokinesis","Second Wind"],"picked":"Iron Wave","floor":3.0},{"not_picked":["True Grit","Warcry"],"picked":"Heavy Blade","floor":5.0},{"not_picked":["Heavy Blade","Entrench"],"picked":"Flame Barrier","floor":6.0},{"not_picked":["Clash","Sever Soul"],"picked":"Armaments","floor":12.0},{"not_picked":["Perfected Strike","Havoc"],"picked":"Evolve","floor":13.0},{"not_picked":["Flex","Bloodletting"],"picked":"Cleave","floor":14.0}],"player_experience":234300,"relics_obtained":[{"floor":6.0,"key":"Smiling Mask"},{"floor":7.0,"key":"Omamori"},{"floor":9.0,"key":"Mercury Hourglass"},{"floor":12.0,"key":"PreservedInsect"},{"floor":13.0,"key":"Tiny Chest"}],"event_choices":[{"damage_healed":0.0,"max_hp_gain":0.0,"max_hp_loss":0.0,"gold_gain":0.0,"event_name":"Shining Light","player_choice":"Entered Light","floor":10.0,"gold_loss":0.0,"damage_taken":23.0,"cards_upgraded":["Defend_R","Shockwave"]},{"damage_healed":0.0,"max_hp_gain":0.0,"max_hp_loss":0.0,"gold_gain":0.0,"event_name":"Living Wall","player_choice":"Grow","floor":11.0,"gold_loss":0.0,"damage_taken":0.0,"cards_upgraded":["Flame Barrier"]},{"damage_healed":0.0,"max_hp_gain":0.0,"max_hp_loss":0.0,"gold_gain":30.0,"event_name":"Dead Adventurer","player_choice":"Searched \u00273\u0027 times","floor":12.0,"gold_loss":0.0,"damage_taken":0.0}],"is_beta":false,"boss_relics":[],"items_purged_floors":[],"is_endless":false,"potions_floor_spawned":[1,2,3,6,14],"killed_by":"Hexaghost","ascension_level":16}}