{"host":"kydqlojjt9mno5rv","time":1611816141,"event":{"mods":["AchievementEnabler","BaseMod","Colored Powertips","DeckTracker","Minty Spire (QoL Compilation)","Spicy Shops","StSLib","SuperFastMode","Synergy Search","Weighted Paths"],"gold_per_floor":[116,133,153,153,170,195,195,229,254,254,274,274,294,469,469,469,469],"floor_reached":16,"language":"ENG","playtime":669,"items_purged":[],"score":118,"play_id":"1a7dbef9-6270-434b-b121-915ab7c4a56a","local_time":"20210128014221","is_ascension_mode":true,"campfire_choices":[{"floor":7,"key":"REST"},{"floor":10,"key":"REST"},{"floor":12,"key":"REST"},{"floor":15,"key":"REST"}],"circlet_count":0,"master_deck":["Strike_R","Strike_R","Strike_R","Strike_R","Strike_R","Defend_R","Defend_R","Bash","Evolve","Warcry","Armaments","Heavy Blade","Limit Break","Heavy Blade","Heavy Blade","Infernal Blade","Whirlwind","Doubt"],"relics":["Burning Blood","Smiling Mask","Bronze Scales","Lantern"],"acts_visited":["Exordium"],"potions_floor_usage":[8,16,16],"damage_taken":[{"damage":6,"enemies":"Cultist","floor":1,"turns":3},{"damage":15,"enemies":"Jaw Worm","floor":2,"turns":4},{"damage":7,"enemies":"2 Louse","floor":3,"turns":3},{"damage":16,"enemies":"Large Slime","floor":5,"turns":5},{"damage":35,"enemies":"Gremlin Nob","floor":6,"turns":5},{"damage":50,"enemies":"Lagavulin","floor":8,"turns":6},{"damage":14,"enemies":"Blue Slaver","floor":11,"turns":3},{"damage":20,"enemies":"Looter","floor":13,"turns":2},{"damage":45,"enemies":"Hexaghost","floor":16,"turns":7}],"seed_played":"4701661011651525274","potions_obtained":[{"floor":2,"key":"Fire Potion"},{"floor":3,"key":"SteroidPotion"},{"floor":8,"key":"SmokeBomb"},{"floor":13,"key":"Energy Potion"}],"is_trial":false,"path_per_floor":["M","M","M","?","M","E","R","E","T","R","M","R","M","?","R","B"],"character_chosen":"IRONCLAD","items_purchased":[],"campfire_rested":4,"item_purchase_floors":[],"current_hp_per_floor":[80,71,70,70,60,31,55,11,11,35,27,51,37,37,61,16,16],"gold":469,"neow_bonus":"TRANSFORM_CARD","is_daily":false,"chose_seed":false,"campfire_upgraded":0,"win_rate":0.0,"timestamp":1611816141,"path_taken":["M","?","?","?","?","E","R","E","T","R","M","R","M","?","R","BOSS"],"items_purchased_type":[],"build_version":"2020-12-22","purchased_purges":0,"victory":false,"max_hp_per_floor":[80,80,80,80,80,80,80,80,80,80,80,80,80,80,80,80,80],"card_choices":[{"not_picked":["Intimidate","Disarm"],"picked":"Warcry","floor":1},{"not_picked":["Twin Strike","Perfected Strike"],"picked":"Armaments","floor":2},{"not_picked":["Searing Blow","Ghostly Armor"],"picked":"Heavy Blade","floor":3},{"not_picked":["Shrug It Off","Iron Wave"],"picked":"Limit Break","floor":5},{"not_picked":["Power Through","Sentinel"],"picked":"Heavy Blade","floor":6},{"not_picked":["Seeing Red","Feel No Pain"],"picked":"Heavy Blade","floor":8},{"not_picked":["Intimidate","Cleave"],"picked":"Infernal Blade","floor":11},{"not_picked":["Armaments","Warcry"],"picked":"Whirlwind","floor":13}],"player_experience":141853,"relics_obtained":[{"floor":6,"key":"Smiling Mask"},{"floor":8,"key":"Bronze Scales"},{"floor":9,"key":"Lantern"}],"event_choices":[{"cards_removed":["Defend_R"],"damage_healed":0,"gold_gain":0,"player_choice":"Card Removal","damage_taken":0,"max_hp_gain":0,"max_hp_loss":0,"event_name":"Wheel of Change","floor":4,"gold_loss":0},{"damage_healed":0,"gold_gain":175,"player_choice":"AGREE","damage_taken":0,"max_hp_gain":0,"max_hp_loss":0,"event_name":"Liars Game","floor":14,"gold_loss":0,"cards_obtained":["Doubt"]}],"is_beta":false,"boss_relics":[],"items_purged_floors":[],"is_endless":false,"potions_floor_spawned":[2,3,8,13],"killed_by":"Hexaghost","ascension_level":1}}