{"host":"sav7uxregyirlf69","time":1611817941,"event":{"mods":["AchievementEnabler","BaseMod","Colored Map","DeckTracker","Keyboard Shortcuts","Minty Spire (QoL Compilation)","READ ME - Guardian Mod","StSLib","SuperFastMode"],"gold_per_floor":[112,112,112,24,24,24,91,91,114,128,142,61,80,111,111,182,182,194,244,294,434,502,348,348,361,443,190,190,190],"floor_reached":28,"language":"KOR","playtime":555,"items_purged":["Strike_B","Strike_B","Strike_B"],"score":432,"play_id":"2317c7df-f4e1-4a23-8b55-2e6d965bd2ad","local_time":"20210128161221","is_ascension_mode":true,"campfire_choices":[{"data":"Zap","floor":6.0,"key":"SMITH"},{"data":"Dualcast","floor":8.0,"key":"SMITH"},{"floor":15.0,"key":"REST"},{"floor":24,"key":"REST"}],"circlet_count":0,"master_deck":["AscendersBane","Defend_B","Defend_B","Defend_B","Defend_B","Zap+1","Dualcast+1","Genetic Algorithm","Double Energy","Capacitor","Cold Snap","Hello World","Sweeping Beam","Loop","Auto Shields","Creative AI+1","Loop+1","Turbo","Loop+1","Hologram"],"relics":["Cracked Core","Orichalcum","SsserpentHead","Regal Pillow","Frozen Egg 2","Sozu","Membership Card"],"acts_visited":["Exordium","TheCity"],"potions_floor_usage":[],"damage_taken":[{"damage":0.0,"enemies":"Cultist","floor":1.0,"turns":3.0},{"damage":10.0,"enemies":"Small Slimes","floor":7.0,"turns":4.0},{"damage":0.0,"enemies":"2 Louse","floor":10.0,"turns":2.0},{"damage":16.0,"enemies":"Red Slaver","floor":11.0,"turns":5.0},{"damage":0.0,"enemies":"Lots of Slimes","floor":13.0,"turns":1.0},{"damage":26.0,"enemies":"3 Sentries","floor":14.0,"turns":8.0},{"damage":46.0,"enemies":"The Guardian","floor":16.0,"turns":12.0},{"damage":33.0,"enemies":"3 Byrds","floor":18.0,"turns":5.0},{"damage":18.0,"enemies":"Spheric Guardian","floor":22.0,"turns":7.0},{"damage":21,"enemies":"Snecko","floor":25,"turns":10},{"damage":24,"enemies":"Shelled Parasite and Fungi","floor":28,"turns":2}],"seed_played":"4899894963716535769","potions_obtained":[{"floor":1.0,"key":"GamblersBrew"},{"floor":13.0,"key":"Fire Potion"},{"floor":16.0,"key":"PowerPotion"}],"is_trial":false,"path_per_floor":["M","?","?","$","?","R","M","R","T","M","M","$","M","E","R","B",null,"M","?","?","?","M","$","R","M","T","$","M"],"character_chosen":"DEFECT","items_purchased":["Capacitor","Cold Snap","PowerPotion","Turbo","Membership Card","Loop+1","Hologram"],"campfire_rested":2,"item_purchase_floors":[4,4,12,23,27,27,27],"current_hp_per_floor":[64,64,64,64,64,64,54,54,54,54,38,38,38,12,48,2,54,21,35,35,23,5,5,41,20,20,20,0,0],"gold":190,"neow_bonus":"RANDOM_COMMON_RELIC","is_daily":false,"chose_seed":false,"campfire_upgraded":2,"win_rate":0.0,"timestamp":1611817941,"path_taken":["M","?","?","$","?","R","?","R","T","M","M","?","M","E","R","BOSS","M","?","?","?","?","$","R","M","T","?","M"],"items_purchased_type":["Card","Card","Potion","Card","Relic","Card","Card"],"build_version":"2020-12-22","purchased_purges":3,"victory":false,"max_hp_per_floor":[71,71,71,71,71,71,71,71,71,71,71,71,71,71,71,71,71,71,71,71,71,71,71,71,71,71,71,71,71],"card_choices":[{"not_picked":["Aggregate","Barrage"],"picked":"Genetic Algorithm","floor":1.0},{"not_picked":["Steam","Scrape"],"picked":"Hello World","floor":7.0},{"not_picked":["Gash","Coolheaded"],"picked":"Sweeping Beam","floor":10.0},{"not_picked":["Chaos","Turbo"],"picked":"Loop","floor":11.0},{"not_picked":["Blizzard","Leap","Static Discharge"],"picked":"SKIP","floor":13.0},{"not_picked":["Compile Driver","Aggregate"],"picked":"Auto Shields","floor":14.0},{"not_picked":["All For One","Echo Form+1"],"picked":"Creative AI+1","floor":16.0},{"not_picked":["Barrage","Cold Snap","Ball Lightning"],"picked":"SKIP","floor":18.0},{"not_picked":["Go for the Eyes","Barrage"],"picked":"Loop+1","floor":22.0},{"not_picked":["Gash","Compile Driver","White Noise"],"picked":"SKIP","floor":25}],"player_experience":1413497,"relics_obtained":[{"floor":9.0,"key":"Regal Pillow"},{"floor":14.0,"key":"Frozen Egg 2"}],"event_choices":[{"damage_healed":0.0,"max_hp_gain":0.0,"max_hp_loss":0.0,"gold_gain":0.0,"event_name":"Liars Game","player_choice":"Ignored","floor":2.0,"gold_loss":0.0,"damage_taken":0.0},{"damage_healed":0.0,"max_hp_gain":0.0,"max_hp_loss":0.0,"gold_gain":0.0,"cards_transformed":["Strike_B"],"event_name":"Living Wall","player_choice":"Change","floor":3.0,"gold_loss":0.0,"damage_taken":0.0,"cards_obtained":["Double Energy"]},{"damage_healed":0.0,"max_hp_gain":0.0,"max_hp_loss":0.0,"gold_gain":0.0,"event_name":"FaceTrader","player_choice":"Trade","floor":5.0,"gold_loss":0.0,"damage_taken":0.0,"relics_obtained":["SsserpentHead"]},{"damage_healed":14.0,"max_hp_gain":0.0,"max_hp_loss":0.0,"gold_gain":0.0,"event_name":"The Library","player_choice":"Heal","floor":19.0,"gold_loss":0.0,"damage_taken":0.0},{"damage_healed":0.0,"max_hp_gain":0.0,"max_hp_loss":0.0,"gold_gain":0.0,"event_name":"Ghosts","player_choice":"Ignored","floor":20.0,"gold_loss":0.0,"damage_taken":0.0},{"damage_healed":0.0,"max_hp_gain":0.0,"max_hp_loss":0.0,"gold_gain":90.0,"event_name":"Knowing Skull","player_choice":"GOLD ","floor":21.0,"potions_obtained":[],"gold_loss":0.0,"damage_taken":12.0,"cards_obtained":[]}],"is_beta":false,"boss_relics":[{"not_picked":["Busted Crown","SacredBark"],"picked":"Sozu"}],"items_purged_floors":[12,23,27],"is_endless":false,"potions_floor_spawned":[1,13,16],"killed_by":"Shelled Parasite and Fungi","ascension_level":20}}