{"host":"1ecbliur7lfoj0sl","time":1611799990,"event":{"mods":["Act Like it!","BaseMod","Gensokyo","KinomotoSakuraMod(Ä¾Ö®±¾Ó£)","Minty Spire (QoL Compilation)","StSLib","Waifu the Spire"],"gold_per_floor":[117,117,117,117,43,43,59,59,59,369,379,379,398,418,418,513,513,530,530,312,327,83,110,110,121,121,121,121,121,333,347,347,347,347],"floor_reached":33,"language":"ZHS","playtime":1658,"items_purged":["ClowCardTheShield"],"score":281,"play_id":"880f8baa-97d4-48d6-9934-4c3e9916a312","local_time":"20210128101310","is_ascension_mode":true,"campfire_choices":[{"floor":6.0,"key":"REST"},{"data":"ClowCardTheIllusion","floor":8.0,"key":"SMITH"},{"data":"ClowCardTheShot","floor":12.0,"key":"SMITH"},{"floor":15.0,"key":"REST"},{"data":"ClowCardTheFight","floor":29.0,"key":"SMITH"},{"data":"ClowCardTheFlower","floor":32.0,"key":"SMITH"}],"circlet_count":0,"master_deck":["ClowCardTheSword","ClowCardTheShield","SpellCardRelease","ClowCardTheDark","ClowCardTheReturn","ClowCardTheIllusion+1","ClowCardTheShot+1","ClowCardTheFight+1","ClowCardTheFlower+1"],"relics":["KSMOD_SealedBook","KSMOD_SealedWand","Gensokyo:Mercy","KSMOD_Cerberus","Bronze Scales","Coffee Dripper","TheAbacus","ClockworkSouvenir","Incense Burner","Gensokyo:MosesMiracle","Happy Flower","Gambling Chip"],"acts_visited":["Exordium","Gensokyo:Gensokyo"],"potions_floor_usage":[],"damage_taken":[{"damage":12.0,"enemies":"Gensokyo:Gryphon","floor":1.0,"turns":3.0},{"damage":12.0,"enemies":"Gensokyo:Python","floor":7.0,"turns":7.0},{"damage":0.0,"enemies":"Gensokyo:2_Kodama","floor":10.0,"turns":8.0},{"damage":12.0,"enemies":"Gensokyo:2_Rabbits","floor":11.0,"turns":4.0},{"damage":1.0,"enemies":"Gensokyo:Gryphon_and_Rabbit","floor":13.0,"turns":4.0},{"damage":0.0,"enemies":"Gensokyo:LivingMonolith","floor":14.0,"turns":3.0},{"damage":9.0,"enemies":"Gensokyo:Reimu","floor":16.0,"turns":7.0},{"damage":20.0,"enemies":"Gensokyo:3_Dogs","floor":18.0,"turns":3.0},{"damage":0.0,"enemies":"Gensokyo:Chomper","floor":21.0,"turns":2.0},{"damage":27.0,"enemies":"Gensokyo:Koishi","floor":23.0,"turns":5.0},{"damage":27.0,"enemies":"Gensokyo:Swordslinger","floor":25.0,"turns":3.0},{"damage":23.0,"enemies":"Gensokyo:Slime_Group","floor":30.0,"turns":3.0},{"damage":25.0,"enemies":"Gensokyo:Wraith","floor":31.0,"turns":4.0},{"damage":78,"enemies":"Gensokyo:Eternal_Rivals","floor":33,"turns":3}],"seed_played":"-692174237309351370","potions_obtained":[{"floor":14.0,"key":"FairyPotion"},{"floor":25.0,"key":"KSMOD_MagickBottle"},{"floor":30.0,"key":"SteroidPotion"},{"floor":31.0,"key":"BlessingOfTheForge"}],"is_trial":false,"path_per_floor":["M","?","?","?","COS","R","M","R","T","M","M","R","M","M","R","B",null,"M","?","$","M","COS","E","?","M","T","?","?","R","M","M","R","B"],"character_chosen":"KINOMOTOSAKURA","items_purchased":["TheAbacus"],"campfire_rested":2,"item_purchase_floors":[20],"current_hp_per_floor":[37,9,9,9,9,30,18,18,18,18,18,18,18,18,39,30,70,50,50,50,50,50,36,36,36,36,36,36,36,36,36,36,0,0],"gold":347,"neow_bonus":"TRANSFORM_TWO_CARDS","is_daily":false,"chose_seed":false,"campfire_upgraded":4,"win_rate":0.0,"timestamp":1611799990,"path_taken":["M","?","?","?","COS","R","?","R","T","M","?","R","M","M","R","BOSS","M","?","$","M","COS","E","?","M","T","?","?","R","M","M","R","BOSS"],"items_purchased_type":["Relic"],"build_version":"2020-12-22","purchased_purges":1,"victory":false,"max_hp_per_floor":[70,70,70,70,70,70,70,70,70,70,70,70,70,70,70,70,70,70,70,70,70,70,70,70,70,70,70,70,70,70,70,70,70,70],"card_choices":[{"not_picked":["ClowCardTheMirror","ClowCardTheMaze"],"picked":"ClowCardTheIllusion","floor":1.0},{"not_picked":["ClowCardTheFreeze","ClowCardTheRain","ClowCardTheMaze"],"picked":"SKIP","floor":7.0},{"not_picked":["ClowCardTheMist","ClowCardTheGlow"],"picked":"ClowCardTheShot","floor":10.0},{"not_picked":["ClowCardTheRain","ClowCardTheMist","ClowCardTheIllusion"],"picked":"SKIP","floor":11.0},{"not_picked":["ClowCardTheBig","ClowCardTheEarthy","ClowCardTheFreeze"],"picked":"SKIP","floor":13.0},{"not_picked":["ClowCardTheLibra","ClowCardTheReturn","ClowCardTheLock"],"picked":"SKIP","floor":14.0},{"not_picked":["ClowCardTheDash","ClowCardTheThrough"],"picked":"ClowCardTheFight","floor":16.0},{"not_picked":["ClowCardTheLock+1","ClowCardTheMaze+1","ClowCardTheShot+1"],"picked":"SKIP","floor":18.0},{"not_picked":["ClowCardThePower","ClowCardTheMist","ClowCardTheChange"],"picked":"SKIP","floor":21.0},{"not_picked":["ClowCardTheMove+1","ClowCardTheRain","ClowCardTheErase"],"picked":"SKIP","floor":23.0},{"not_picked":["ClowCardTheMove+1","ClowCardTheRain","ClowCardTheErase"],"picked":"SKIP","floor":23.0},{"not_picked":["ClowCardTheMove+1","ClowCardTheRain","ClowCardTheErase"],"picked":"SKIP","floor":23.0},{"not_picked":["ClowCardTheRain","ClowCardTheSilent","ClowCardTheReturn"],"picked":"SKIP","floor":25.0},{"not_picked":["ClowCardTheFlower","ClowCardTheSong+1","ClowCardTheLock"],"picked":"SKIP","floor":30.0},{"not_picked":["ClowCardTheMist+1","ClowCardTheArrow","ClowCardTheChange"],"picked":"SKIP","floor":31.0}],"player_experience":16209,"relics_obtained":[{"floor":9.0,"key":"KSMOD_Cerberus"},{"floor":23.0,"key":"Incense Burner"},{"floor":26.0,"key":"Happy Flower"},{"floor":31.0,"key":"Gensokyo:MosesMiracle"}],"event_choices":[],"is_beta":false,"boss_relics":[{"not_picked":["Snecko Eye","Runic Dome"],"picked":"Coffee Dripper"}],"items_purged_floors":[20],"is_endless":false,"potions_floor_spawned":[14,25,30,31],"killed_by":"Gensokyo:Eternal_Rivals","ascension_level":2}}