{"host":"fjjc8m05dtccy69s","time":1611874689,"event":{"mods":["A Penny For Your Troubles","AchievementEnabler","BaseMod","Better Note","Better Third Choice","BetterRewards","Card Forge","CatGirl Mod","Colored Map","Conspire","Defuse TimeMaze Blight","Displayed Cursed Tome","Infinite Spire","Marisa????????","Minty Spire (QoL Compilation)","Permanent Neow","Reliquary","Remilia??????","Replay The Spire","Spikes Relics","StSLib","The Animator","The Servant 0.9.4","Useless Jewels Mod","Waifu the Spire","??????REMEMod"],"gold_per_floor":[117,135,152,152,4,32,49,80,107,57,57,70,87,115,115,212,212,222,238,238,238,248,274,274,274,274,274,290,319,50,62,62,161,161,174,174,19,42,42,42,53,64,64,93,193,207,219,246,246,247],"floor_reached":51,"language":"ENG","playtime":3536,"items_purged":["theCatGirl:Strike"],"score":827,"play_id":"8646314d-2af0-483d-ad59-72411fe5d2f9","local_time":"20210128165809","is_ascension_mode":false,"campfire_choices":[{"data":"theCatGirl:SevenLives","floor":15,"key":"SMITH"},{"data":"infinitespire:Oblivion","floor":24,"key":"SMITH"},{"data":"infinitespire:UltimateForm","floor":40,"key":"SMITH"},{"data":"Backstab","floor":49,"key":"SMITH"}],"circlet_count":0,"master_deck":["theCatGirl:Defend","theCatGirl:Defend","theCatGirl:Defend","theCatGirl:ClawStrike","theCatGirl:Evasion","animator:Strike_Konosuba","animator:Strike_Overlord","theCatGirl:SevenLives+1","theCatGirl:FocusedStrike","theCatGirl:TripLunge","theCatGirl:Parry","DiskWipe","theCatGirl:QuickStrike","theCatGirl:Claws","theCatGirl:BloodBath","theCatGirl:TripLunge","theCatGirl:Parry","theCatGirl:Beastification","theCatGirl:SearchBackpack+1","infinitespire:UltimateForm+1","infinitespire:Starlight","infinitespire:Oblivion+1","theCatGirl:BloodBath+1","theCatGirl:FinishingMove+1","Backstab+1","BlessedFruit","BlessedFruit","theCatGirl:ClawScratch","theCatGirl:Claws","theCatGirl:LearnByMistake","theCatGirl:FumblingBlow+1","infinitespire:Oblivion+1","infinitespire:FutureSight","theCatGirl:SpinningStrike+1","theCatGirl:PlayAround","theCatGirl:ChangeOfPlans+1"],"relics":["theCatGirl:TrainedRelic","Hammer of Thor","Seething Fire","Anvil of the Gods","REME_ComplimentaryCards","REME_HourglassOfDeath","Replay:Rubber Ducky","infinitespire:Lychee Nut","Ancient Tea Set","infinitespire:Beetle Shell","Odd Mushroom","Busted Crown","Black Star","theCatGirl:LostAndFound","theCatGirl:LostAndFound","WingedGreaves","HeavenlyBonsai","MutagenicStrength","Replay:Towering Pillar of Hats","theCatGirl:DriedFish","Lee\u0027s Waffle","Empty Cage","Lantern","Oddly Smooth Stone","CosmicIsotope","reliquary:JackalopeAntler","CherryCoatedStake","LugNut","MealTicket","REME_PuzzleBoxRelic"],"acts_visited":["Exordium","TheCity","TheBeyond"],"potions_floor_usage":[8,16,33],"damage_taken":[{"damage":0,"enemies":"Cultist","floor":1,"turns":5},{"damage":0,"enemies":"Small Slimes","floor":2,"turns":3},{"damage":4,"enemies":"2 Louse","floor":3,"turns":2},{"damage":15,"enemies":"3 Sentries","floor":6,"turns":6},{"damage":0,"enemies":"Large Slime","floor":7,"turns":5},{"damage":8,"enemies":"Gremlin Nob","floor":8,"turns":5},{"damage":2,"enemies":"3 Louse","floor":12,"turns":2},{"damage":8,"enemies":"Looter","floor":13,"turns":3},{"damage":1,"enemies":"The Mushroom Lair","floor":14,"turns":3},{"damage":0,"enemies":"Slime Boss","floor":16,"turns":7},{"damage":0,"enemies":"conspire:FuzzyDice","floor":18,"turns":7},{"damage":0,"enemies":"Spheric Guardian","floor":19,"turns":6},{"damage":0,"enemies":"Centurion and Healer","floor":22,"turns":6},{"damage":40,"enemies":"REME_1_Revenger","floor":23,"turns":5},{"damage":0,"enemies":"Snecko","floor":28,"turns":5},{"damage":12,"enemies":"Gremlin Leader","floor":29,"turns":7},{"damage":0,"enemies":"conspire:HollyBat","floor":31,"turns":8},{"damage":33,"enemies":"Collector","floor":33,"turns":7},{"damage":4,"enemies":"3 Darklings","floor":35,"turns":6},{"damage":24,"enemies":"3 Shapes","floor":41,"turns":3},{"damage":3,"enemies":"3 Darklings","floor":42,"turns":5},{"damage":43,"enemies":"Reptomancer","floor":44,"turns":4},{"damage":0,"enemies":"Jaw Worm Horde","floor":46,"turns":3},{"damage":10,"enemies":"Sphere and 2 Shapes","floor":47,"turns":3},{"damage":43,"enemies":"infinitespire:MassOfShapes","floor":50,"turns":9}],"seed_played":"4856701553704420116","potions_obtained":[{"floor":3,"key":"AttackPotion"},{"floor":7,"key":"Cursed Concoction"},{"floor":8,"key":"Milkshake"},{"floor":16,"key":"LiquidMemories"},{"floor":18,"key":"ColorlessPotion"},{"floor":19,"key":"infinitespire:BlackPotion"},{"floor":35,"key":"Elixir"},{"floor":44,"key":"Flashbang"}],"is_trial":false,"path_per_floor":["M","M","M","T","$","E","M","E","T","?","?","M","M","?","R_BF","B",null,"M","M","AVR","?","M","E","R","?","T","?","M","E","$","M","R_BF","B",null,"M","?","$","T","AVR","R","M","M","T","E","?","M","M","T","R","B",null],"character_chosen":"THE_CATGIRL","items_purchased":["Replay:Rubber Ducky","theCatGirl:Claws","Lee\u0027s Waffle","Lantern"],"campfire_rested":0,"item_purchase_floors":[5,30,30,37],"current_hp_per_floor":[70,70,66,66,66,51,52,44,44,44,44,45,42,46,46,52,52,52,52,52,52,52,12,12,12,12,12,19,25,62,64,64,46,66,68,68,68,68,68,68,53,60,60,31,31,52,65,65,65,60],"gold":247,"neow_bonus":"THREE_RARE_CARDS","is_daily":false,"chose_seed":false,"campfire_upgraded":4,"win_rate":0.0,"timestamp":1611874689,"path_taken":["M","M","M","?","?","E","?","E","T","?","?","M","M","?","R_BF","BOSS","M","M","AVR","?","M","E","R","?","T","?","M","E","$","M","R_BF","BOSS","M","?","$","?","AVR","R","M","M","T","E","?","M","?","?","R","BOSS"],"items_purchased_type":["Relic","Card","Relic","Relic"],"build_version":"2020-12-22","purchased_purges":1,"victory":true,"max_hp_per_floor":[70,70,70,70,70,52,52,52,52,52,52,52,52,52,52,52,52,52,52,52,52,52,52,52,52,52,52,53,55,62,64,64,66,66,68,68,68,68,68,68,70,72,72,72,72,72,72,72,72,74],"card_choices":[{"not_picked":["theCatGirl:LearnThePattern","theCatGirl:BleedingWounds"],"picked":"theCatGirl:SevenLives","floor":0},{"not_picked":["theCatGirl:LuckyBlow","theCatGirl:Misfire"],"picked":"theCatGirl:FocusedStrike","floor":1},{"not_picked":["theCatGirl:ShockedWitness","theCatGirl:Parry"],"picked":"theCatGirl:TripLunge","floor":2},{"not_picked":["theCatGirl:Stalk","theCatGirl:RecoveryBlow"],"picked":"theCatGirl:Parry","floor":3},{"not_picked":["theCatGirl:EmergencyParry","theCatGirl:AdventurersInsight"],"picked":"theCatGirl:QuickStrike","floor":6},{"not_picked":["theCatGirl:RageClaws","theCatGirl:Slip"],"picked":"theCatGirl:Claws","floor":7},{"not_picked":["theCatGirl:BodyBlow","theCatGirl:ElegantStrike","theCatGirl:AccidentalSlap"],"picked":"SKIP","floor":8},{"not_picked":["theCatGirl:TwoStep","theCatGirl:BodyBlow"],"picked":"theCatGirl:BloodBath","floor":12},{"not_picked":["theCatGirl:Insane","theCatGirl:LostTrinket"],"picked":"theCatGirl:TripLunge","floor":13},{"not_picked":["theCatGirl:Misfire","theCatGirl:ScratchFlurry"],"picked":"theCatGirl:Parry","floor":14},{"not_picked":["theCatGirl:AdventurersInsight","theCatGirl:PerfectBlock"],"picked":"theCatGirl:Beastification","floor":16},{"not_picked":["theCatGirl:Growl"],"picked":"SKIP","floor":18},{"not_picked":[],"picked":"theCatGirl:SearchBackpack+1","floor":19},{"not_picked":[],"picked":"theCatGirl:BloodBath+1","floor":22},{"not_picked":[],"picked":"theCatGirl:FinishingMove+1","floor":23},{"not_picked":[],"picked":"theCatGirl:ClawScratch","floor":28},{"not_picked":["theCatGirl:Meow+1"],"picked":"SKIP","floor":29},{"not_picked":["theCatGirl:Slip"],"picked":"SKIP","floor":31},{"not_picked":[],"picked":"theCatGirl:FumblingBlow+1","floor":35},{"not_picked":[],"picked":"theCatGirl:SpinningStrike+1","floor":41},{"not_picked":["theCatGirl:TrainWreck"],"picked":"SKIP","floor":42},{"not_picked":["theCatGirl:TrainWreck"],"picked":"SKIP","floor":44},{"not_picked":[],"picked":"theCatGirl:PlayAround","floor":46},{"not_picked":[],"picked":"theCatGirl:ChangeOfPlans+1","floor":47}],"player_experience":313449,"relics_obtained":[{"floor":4,"key":"REME_HourglassOfDeath"},{"floor":6,"key":"infinitespire:Lychee Nut"},{"floor":8,"key":"Ancient Tea Set"},{"floor":9,"key":"infinitespire:Beetle Shell"},{"floor":14,"key":"Odd Mushroom"},{"floor":23,"key":"theCatGirl:LostAndFound"},{"floor":23,"key":"WingedGreaves"},{"floor":26,"key":"HeavenlyBonsai"},{"floor":29,"key":"Replay:Towering Pillar of Hats"},{"floor":29,"key":"theCatGirl:DriedFish"},{"floor":38,"key":"Oddly Smooth Stone"},{"floor":43,"key":"CherryCoatedStake"},{"floor":44,"key":"LugNut"},{"floor":44,"key":"MealTicket"},{"floor":48,"key":"REME_PuzzleBoxRelic"}],"event_choices":[{"cards_removed":["theCatGirl:Strike"],"damage_healed":0,"gold_gain":0,"player_choice":"Card Removal","damage_taken":0,"max_hp_gain":0,"max_hp_loss":0,"event_name":"The Cleric","floor":10,"gold_loss":50},{"damage_healed":44,"gold_gain":0,"player_choice":"Embrace Burn","damage_taken":0,"max_hp_gain":0,"max_hp_loss":52,"event_name":"betterThird:BetterShining","floor":11,"gold_loss":0},{"damage_healed":0,"gold_gain":0,"player_choice":"Fought Mushrooms","damage_taken":0,"max_hp_gain":0,"max_hp_loss":0,"event_name":"Mushrooms","floor":14,"gold_loss":0},{"cards_removed":["Burn"],"damage_healed":5,"gold_gain":0,"player_choice":"Offered Common","damage_taken":0,"max_hp_gain":0,"max_hp_loss":0,"event_name":"Bonfire Elementals","floor":21,"gold_loss":0},{"cards_removed":["Burn"],"damage_healed":5,"gold_gain":0,"player_choice":"Offered Special","damage_taken":0,"max_hp_gain":0,"max_hp_loss":0,"event_name":"Bonfire Elementals","floor":21,"gold_loss":0},{"damage_healed":0,"gold_gain":0,"player_choice":"Take","damage_taken":0,"max_hp_gain":0,"max_hp_loss":0,"event_name":"betterNote:BetterNote","floor":25,"gold_loss":0,"cards_obtained":["Backstab"]},{"damage_healed":0,"gold_gain":0,"player_choice":"Inject Mutagens","damage_taken":0,"relics_obtained":["MutagenicStrength"],"max_hp_gain":0,"max_hp_loss":0,"event_name":"Drug Dealer","floor":27,"gold_loss":0},{"damage_healed":0,"gold_gain":0,"player_choice":"Copied","damage_taken":0,"max_hp_gain":0,"max_hp_loss":0,"event_name":"Duplicator","floor":36,"gold_loss":0,"cards_obtained":["infinitespire:Oblivion"]},{"damage_healed":0,"gold_gain":100,"player_choice":"Pray","damage_taken":0,"max_hp_gain":0,"max_hp_loss":0,"event_name":"Golden Shrine","floor":45,"gold_loss":0}],"is_beta":false,"boss_relics":[{"not_picked":["Runic Pyramid","conspire:RunicOctahedron"],"picked":"Busted Crown"},{"not_picked":["ReplayTheSpireMod:DimensionalGlitch","Snecko Eye"],"picked":"Empty Cage"}],"items_purged_floors":[30],"is_endless":false,"potions_floor_spawned":[3,7,8,16,18,19,35,44,47],"ascension_level":0}}