{"host":"n9lc5i44t98l6pio","time":1611852154,"event":{"mods":["BaseMod","Curses Come First","Downfall","Minty Spire (QoL Compilation)","Replay The Spire","Say the Spire","StSLib"],"gold_per_floor":[115,115,130,305,319,353,371,434,434,469,483,31,31,45,45,143,143,154,174,449,459,231,231,231,231,231,260,247,294,294,123,123,220,220,231,249,249,249,249,281,291,320,320,336,255,271,303,99,99,99,99,99,51,78,78],"floor_reached":56,"language":"ENG","playtime":4360,"items_purged":["Regret"],"score":1440,"play_id":"6b7b787e-015e-416c-a3dd-7db3526b7be8","local_time":"20210128174234","is_ascension_mode":true,"campfire_choices":[{"floor":13,"key":"RECALL"},{"data":"Demon Form","floor":15,"key":"SMITH"},{"floor":23,"key":"REST"},{"data":"Demon Form","floor":25,"key":"SMITH"},{"data":"Juggernaut","floor":30,"key":"SMITH"},{"data":"Barricade","floor":32,"key":"SMITH"},{"data":"Demon Form","floor":49,"key":"SMITH"},{"data":"Rupture","floor":52,"key":"SMITH"}],"circlet_count":0,"master_deck":["Defend_R","Defend_R","Defend_R+1","Defend_R+1","Bash","Sword Boomerang","Life Link","Doubt","Rampage","Power Through","Cleave","Carnage","Uppercut","Body Slam","Demon Form+1","Bludgeon","Power Through","Demon Form+1","Clothesline","Rage","Barricade+1","Cleave","Iron Wave","ReplayTheSpireMod:Muscle Training","Writhe","Disarm","Sword Boomerang","Hallucinations","Reaper","Juggernaut+1","Body Slam","Massacre","Magnetism","Blood for Blood","Demon Form","Pummel","ReplayTheSpireMod:Muscle Training+1","Writhe","Replay:Parry","Bandage Up","Dark Shackles","ReplayTheSpireMod:LeadingStrike+1","Heavy Blade+1","Spot Weakness+1","Entrench","Shrug It Off","Demon Form+1","Rupture+1","Rupture","Demon Form+1","Iron Wave","Thunderclap"],"relics":["Black Blood","MealTicket","Orichalcum","Replay:PocketPolymizer","Self Forming Clay","Happy Flower","Lee\u0027s Waffle","Electric Blood","Regal Pillow","Ice Cream","Bronze Scales","ReplayTheSpireMod:Lightbulb","ReplayTheSpireMod:CursedCoin","Anchor","Torii","Bag of Preparation","Replay:Rubber Ducky","DollysMirror","Strawberry"],"acts_visited":["Exordium","TheCity","TheBeyond","TheEnding"],"potions_floor_usage":[8,11,16,21,33,42,42,50,55,55],"damage_taken":[{"damage":2,"enemies":"Small Slimes","floor":1,"turns":5},{"damage":0,"enemies":"2 Louse","floor":3,"turns":3},{"damage":9,"enemies":"Cultist","floor":5,"turns":4},{"damage":24,"enemies":"Gremlin Nob","floor":6,"turns":5},{"damage":0,"enemies":"3 Louse","floor":7,"turns":5},{"damage":31,"enemies":"Lagavulin Event","floor":8,"turns":7},{"damage":14,"enemies":"3 Sentries","floor":10,"turns":8},{"damage":2,"enemies":"Looter","floor":11,"turns":3},{"damage":7,"enemies":"2 Fungi Beasts","floor":14,"turns":3},{"damage":9,"enemies":"Slime Boss","floor":16,"turns":8},{"damage":16,"enemies":"Spheric Guardian","floor":18,"turns":5},{"damage":15,"enemies":"3 Byrds","floor":19,"turns":5},{"damage":22,"enemies":"Centurion and Healer","floor":21,"turns":11},{"damage":37,"enemies":"Slavers","floor":27,"turns":4},{"damage":23,"enemies":"Pondfish","floor":33,"turns":7},{"damage":7,"enemies":"Orb Walker","floor":35,"turns":2},{"damage":46,"enemies":"3 Darklings","floor":36,"turns":3},{"damage":53,"enemies":"Reptomancer","floor":40,"turns":6},{"damage":17,"enemies":"4 Shapes","floor":41,"turns":4},{"damage":25,"enemies":"Nemesis","floor":42,"turns":5},{"damage":50,"enemies":"Spire Growth","floor":44,"turns":4},{"damage":25,"enemies":"3 Darklings","floor":46,"turns":5},{"damage":18,"enemies":"Reptomancer","floor":47,"turns":6},{"damage":21,"enemies":"Time Eater","floor":50,"turns":7},{"damage":56,"enemies":"Shield and Spear","floor":54,"turns":6},{"damage":36,"enemies":"The Heart","floor":55,"turns":8}],"seed_played":"452064937449525377","potions_obtained":[{"floor":3,"key":"SpeedPotion"},{"floor":6,"key":"Doom Potion"},{"floor":10,"key":"hexamod:SoulburnPotion"},{"floor":14,"key":"DuplicationPotion"},{"floor":16,"key":"SteroidPotion"},{"floor":29,"key":"SkillPotion"},{"floor":33,"key":"DistilledChaos"},{"floor":35,"key":"ColorlessPotion"},{"floor":44,"key":"FairyPotion"},{"floor":47,"key":"ColorlessPotion"}],"is_trial":false,"path_per_floor":["M","?","M","?","M","E","M","?","T","E","M","$","R","M","R","B",null,"M","M","?","M","$","R","?","R","T","E","$","?","R","$","R","B",null,"M","M","?","?","$","E","M","E","T","M","$","M","E","$","R","B",null,"R","$","E","B",null],"character_chosen":"IRONCLAD","items_purchased":["Demon Form","Bludgeon","Power Through","Lee\u0027s Waffle","Regal Pillow","ReplayTheSpireMod:CursedCoin","Reaper","Magnetism","Entrench","Rupture","DollysMirror","FearPotion"],"campfire_rested":1,"item_purchase_floors":[12,12,12,12,22,28,28,31,45,48,48,53],"current_hp_per_floor":[80,64,70,70,67,49,55,30,30,22,26,87,87,86,86,83,87,77,68,68,52,67,87,87,87,87,56,71,71,71,86,86,79,87,87,53,75,65,80,47,58,87,87,53,68,87,84,87,87,78,87,87,87,54,51],"gold":78,"neow_bonus":"RANDOM_COMMON_RELIC","is_daily":false,"chose_seed":false,"campfire_upgraded":6,"win_rate":0.0,"timestamp":1611852154,"path_taken":["M","?","M","?","M","E","M","?","T","E","M","$","R","M","R","BOSS","M","M","?","?","$","R","?","R","T","E","$","?","R","$","R","BOSS","M","?","?","?","$","E","M","E","T","M","$","M","E","$","R","BOSS","R","$","E","BOSS"],"items_purchased_type":["Card","Card","Card","Relic","Relic","Relic","Card","Card","Card","Card","Relic","Potion"],"build_version":"2020-12-22","purchased_purges":1,"victory":true,"max_hp_per_floor":[80,80,80,80,80,80,80,80,80,80,80,87,87,87,87,87,87,87,87,87,87,87,87,87,87,87,87,87,87,87,87,87,87,87,87,87,87,87,87,87,87,87,87,87,87,87,87,87,87,87,87,87,87,94,94],"card_choices":[{"not_picked":["Havoc","Warcry"],"picked":"Sword Boomerang","floor":1},{"not_picked":["Clothesline","ReplayReversal"],"picked":"Life Link","floor":3},{"not_picked":["ReplayTheSpireMod:Strike From Hell","Iron Wave"],"picked":"Rampage","floor":5},{"not_picked":["Run Through","Headbutt"],"picked":"Power Through","floor":6},{"not_picked":["ReplayTheSpireMod:Corrosion Curse","Perfected Strike"],"picked":"Cleave","floor":7},{"not_picked":["Warcry","Clash"],"picked":"Carnage","floor":8},{"not_picked":["Cleave","Clothesline"],"picked":"Uppercut","floor":10},{"not_picked":["Shrug It Off","Bloodletting"],"picked":"Body Slam","floor":11},{"not_picked":["Searing Blow","Life Link"],"picked":"Clothesline","floor":14},{"not_picked":["Impervious","Hemogenesis"],"picked":"Barricade","floor":16},{"not_picked":["Wild Strike","Battle Trance"],"picked":"Cleave","floor":18},{"not_picked":["Feel No Pain","Flex"],"picked":"Iron Wave","floor":19},{"not_picked":["Clothesline","Massacre+1"],"picked":"ReplayTheSpireMod:Muscle Training","floor":21},{"not_picked":["Intimidate","Clothesline"],"picked":"Sword Boomerang","floor":27},{"not_picked":["Armaments+1","Wild Strike+1"],"picked":"Juggernaut","floor":29},{"not_picked":["Replay:Undeath\u0027s Touch+1","Heavy Blade+1"],"picked":"Body Slam","floor":29},{"not_picked":["Double Tap","Berserk"],"picked":"Demon Form","floor":33},{"not_picked":["ReplayTheSpireMod:Strike From Hell+1","ReplayTheSpireMod:LeadingStrike"],"picked":"Pummel","floor":35},{"not_picked":["Wild Strike+1","Pommel Strike+1"],"picked":"ReplayTheSpireMod:Muscle Training+1","floor":36},{"not_picked":["Trip","Finesse"],"picked":"Replay:Parry","floor":38},{"not_picked":["Forethought","Poisoned Strike"],"picked":"Bandage Up","floor":38},{"not_picked":["Secret Technique","Master of Strategy"],"picked":"Dark Shackles","floor":38},{"not_picked":["Flex+1","Sword Boomerang+1"],"picked":"ReplayTheSpireMod:LeadingStrike+1","floor":40},{"not_picked":["Perfected Strike","Iron Wave"],"picked":"Seeing Red","floor":41},{"not_picked":["Massacre+1","Berserk"],"picked":"Heavy Blade+1","floor":42},{"not_picked":["Pommel Strike","Thunderclap+1"],"picked":"Spot Weakness+1","floor":44},{"not_picked":["Clothesline","Clash+1"],"picked":"Shrug It Off","floor":46},{"not_picked":["Clothesline","Entrench"],"picked":"Demon Form","floor":47},{"not_picked":["Searing Blow+1","Run Through"],"picked":"Thunderclap","floor":54}],"player_experience":222779,"relics_obtained":[{"floor":6,"key":"Orichalcum"},{"floor":9,"key":"Self Forming Clay"},{"floor":10,"key":"Happy Flower"},{"floor":26,"key":"Bronze Scales"},{"floor":27,"key":"ReplayTheSpireMod:Lightbulb"},{"floor":29,"key":"Anchor"},{"floor":40,"key":"Torii"},{"floor":42,"key":"Bag of Preparation"},{"floor":47,"key":"Replay:Rubber Ducky"},{"floor":54,"key":"Strawberry"}],"event_choices":[{"damage_healed":0,"gold_gain":0,"player_choice":"Entered Light","damage_taken":16,"max_hp_gain":0,"max_hp_loss":0,"event_name":"Shining Light","floor":2,"gold_loss":0,"cards_upgraded":["Defend_R","Defend_R"]},{"damage_healed":0,"gold_gain":175,"player_choice":"AGREE","damage_taken":0,"max_hp_gain":0,"max_hp_loss":0,"event_name":"Liars Game","floor":4,"gold_loss":0,"cards_obtained":["Doubt"]},{"damage_healed":0,"gold_gain":0,"player_choice":"Searched \u00273\u0027 times","damage_taken":0,"relics_obtained":["Replay:PocketPolymizer"],"max_hp_gain":0,"max_hp_loss":0,"event_name":"Dead Adventurer","floor":8,"gold_loss":0},{"damage_healed":0,"gold_gain":275,"player_choice":"Desecrate","damage_taken":0,"max_hp_gain":0,"max_hp_loss":0,"event_name":"Golden Shrine","floor":20,"gold_loss":0,"cards_obtained":["Regret"]},{"damage_healed":0,"gold_gain":0,"player_choice":"Opened","damage_taken":0,"relics_obtained":["Ice Cream"],"max_hp_gain":0,"max_hp_loss":0,"event_name":"The Mausoleum","floor":24,"gold_loss":0,"cards_obtained":["Writhe"]},{"damage_healed":22,"gold_gain":0,"player_choice":"Writhe","damage_taken":0,"max_hp_gain":0,"max_hp_loss":0,"event_name":"Winding Halls","floor":37,"gold_loss":0,"cards_obtained":["Writhe"]},{"damage_healed":0,"gold_gain":0,"player_choice":"Memory 3","damage_taken":10,"max_hp_gain":0,"max_hp_loss":0,"event_name":"SensoryStone","floor":38,"gold_loss":0}],"is_beta":false,"boss_relics":[{"not_picked":["Ooze Armor","Replay:Wanted Poster"],"picked":"Electric Blood"},{"not_picked":["Runic Cube","Velvet Choker"],"picked":"Black Blood"}],"items_purged_floors":[22],"is_endless":false,"potions_floor_spawned":[3,6,10,14,16,33,35,36,40,44,47],"ascension_level":1}}