{"host":"sc0o2qwpf9j16a4i","time":1611834436,"event":{"mods":["AchievementEnabler","BaseMod","BetterRewards","Block Reminder","Colored Map","Colored Powertips","Custom Start","Highlight Path","Minty Spire (QoL Compilation)","Relic Stats"],"gold_per_floor":[113,38,61,61,9,44,44,78,104,104,129,79,114,114,114,243,306,322,335,335,356,369,402,416,416,416,454,495,533,533,566,566,695,695,708,729,205,205,266,297,310,349,349,373,70,95,46,61,61,61],"floor_reached":51,"language":"ENG","playtime":2447,"items_purged":["Steam"],"score":1082,"play_id":"85286740-85cc-4b92-86f9-c682974efec0","local_time":"20210128134716","daily_mods":["SealedDeck","Blue Cards","Terminal"],"is_ascension_mode":false,"campfire_choices":[{"data":"Finisher","floor":7,"key":"SMITH"},{"data":"Noxious Fumes","floor":15,"key":"SMITH"},{"data":"Footwork","floor":25,"key":"SMITH"},{"data":"Hologram","floor":30,"key":"SMITH"},{"data":"Turbo","floor":32,"key":"SMITH"},{"data":"Apotheosis","floor":49,"key":"SMITH"}],"circlet_count":0,"master_deck":["Conserve Battery+1","Infinite Blades","Scrape","Backflip","Deflect","Slice","Slice","Gash","Finisher+1","Footwork+1","Noxious Fumes+1","Dagger Throw","Acrobatics","Dash","Cloak And Dagger","FTL","Self Repair","Blade Dance","Conserve Battery","Blade Dance","Gash","Turbo+1","Hologram+1","Leg Sweep","Sweeping Beam+1","Envenom","BootSequence+1","Backflip+1","Leap+1","Dagger Throw+1","Apotheosis+1","Leg Sweep+1"],"relics":["Ring of the Snake","Happy Flower","Letter Opener","Omamori","Regal Pillow","Juzu Bracelet","Eternal Feather","Golden Idol","Tiny House","Dream Catcher","Bottled Lightning","Tiny Chest","Red Mask","Bag of Marbles","Nunchaku","Runic Pyramid","Medical Kit","HornCleat","Ice Cream","Gremlin Horn","Du-Vu Doll","Mango","MawBank","Lantern"],"acts_visited":["Exordium","TheCity","TheBeyond"],"potions_floor_usage":[11,16,17,21,33,39,40,48,50],"damage_taken":[{"damage":0.0,"enemies":"2 Louse","floor":1.0,"turns":2.0},{"damage":1,"enemies":"Gremlin Nob","floor":6,"turns":3},{"damage":0,"enemies":"3 Sentries","floor":8,"turns":6},{"damage":0,"enemies":"Gremlin Nob","floor":11,"turns":2},{"damage":0,"enemies":"Lagavulin","floor":13,"turns":6},{"damage":0,"enemies":"The Guardian","floor":16,"turns":7},{"damage":0,"enemies":"Shell Parasite","floor":18,"turns":3},{"damage":0,"enemies":"Chosen","floor":19,"turns":3},{"damage":17,"enemies":"Snecko","floor":21,"turns":5},{"damage":0,"enemies":"Centurion and Healer","floor":22,"turns":5},{"damage":16,"enemies":"Gremlin Leader","floor":23,"turns":5},{"damage":19,"enemies":"Snake Plant","floor":24,"turns":5},{"damage":19,"enemies":"Slavers","floor":27,"turns":7},{"damage":0,"enemies":"Masked Bandits","floor":28,"turns":3},{"damage":4,"enemies":"Book of Stabbing","floor":29,"turns":5},{"damage":0,"enemies":"Gremlin Leader","floor":31,"turns":6},{"damage":17,"enemies":"Champ","floor":33,"turns":10},{"damage":0,"enemies":"3 Darklings","floor":35,"turns":3},{"damage":0,"enemies":"3 Shapes","floor":36,"turns":4},{"damage":15,"enemies":"2 Orb Walkers","floor":39,"turns":4},{"damage":0,"enemies":"Nemesis","floor":40,"turns":3},{"damage":0,"enemies":"Spire Growth","floor":41,"turns":3},{"damage":0,"enemies":"Reptomancer","floor":42,"turns":3},{"damage":0,"enemies":"4 Shapes","floor":46,"turns":3},{"damage":0,"enemies":"Transient","floor":48,"turns":5},{"damage":0,"enemies":"Donu and Deca","floor":50,"turns":10}],"seed_played":"-2807959180866370803","potions_obtained":[{"floor":8,"key":"BlessingOfTheForge"},{"floor":17,"key":"Fruit Juice"},{"floor":19,"key":"LiquidMemories"},{"floor":27,"key":"Energy Potion"},{"floor":29,"key":"Energy Potion"},{"floor":36,"key":"PowerPotion"},{"floor":39,"key":"SpeedPotion"},{"floor":46,"key":"Block Potion"},{"floor":48,"key":"Fruit Juice"}],"is_trial":true,"path_per_floor":["M","$","T","?","$","E","R","E","T","?","E","$","E","?","R","B",null,"M","M","?","M","M","E","M","R","T","E","?","E","R","E","R","B",null,"M","M","$","?","?","E","M","E","T","T","$","M","$","M","R","B",null],"character_chosen":"THE_SILENT","items_purchased":["Noxious Fumes","Fire Potion","Cloak And Dagger","Medical Kit","HornCleat","SteroidPotion","Apotheosis","Lantern","PowerPotion"],"campfire_rested":0,"item_purchase_floors":[2,5,12,37,37,37,45,45,47],"current_hp_per_floor":[68,67,66,70,69,68,67,66,65,64,63,62,61,46,55,55,67,66,65,64,54,61,45,33,45,45,33,33,29,44,51,52,42,50,49,48,47,46,38,38,38,38,52,52,52,52,51,55,54,53],"gold":61,"neow_bonus":"","is_daily":false,"chose_seed":false,"campfire_upgraded":6,"win_rate":0.0,"timestamp":1611834436,"path_taken":["M","$","?","?","$","E","R","E","T","?","E","?","E","?","R","BOSS","M","M","?","M","M","E","M","R","T","E","?","E","R","E","R","BOSS","M","M","$","?","?","E","M","E","T","?","?","M","$","M","R","BOSS"],"items_purchased_type":["Card","Potion","Card","Relic","Relic","Potion","Card","Relic","Potion"],"build_version":"2020-12-22","purchased_purges":1,"victory":true,"max_hp_per_floor":[68,67,66,70,69,68,67,66,65,64,63,62,61,60,59,58,67,66,65,64,63,62,61,60,59,58,57,56,55,54,53,52,51,50,49,48,47,46,45,44,43,42,55,54,53,52,51,55,54,53],"relic_stats":{"Regal Pillow":0,"Happy Flower":[39],"Gremlin Horn":[6,6],"counters":[26,121],"Golden Idol":188,"Eternal Feather":38,"Juzu Bracelet":0,"Letter Opener":[292],"Medical Kit":[3],"MawBank":12,"Dream Catcher":0,"Nunchaku":[21],"Tiny Chest":1,"obtain_stats":[{"Ice Cream":39,"Regal Pillow":9,"Lantern":45,"Tiny House":17,"Happy Flower":3,"Gremlin Horn":40,"Golden Idol":14,"Eternal Feather":13,"Mango":43,"Omamori":8,"Juzu Bracelet":11,"Letter Opener":6,"Medical Kit":37,"MawBank":44,"Du-Vu Doll":42,"Dream Catcher":23,"Nunchaku":31,"HornCleat":37,"Tiny Chest":27,"Red Mask":28,"Bag of Marbles":29,"Bottled Lightning":26,"Ring of the Snake":0,"Runic Pyramid":34},{"Ice Cream":20,"Regal Pillow":3,"Lantern":23,"Tiny House":6,"Happy Flower":1,"Gremlin Horn":21,"Golden Idol":5,"Eternal Feather":5,"Mango":23,"Omamori":3,"Juzu Bracelet":4,"Letter Opener":2,"Medical Kit":19,"MawBank":23,"Du-Vu Doll":23,"Dream Catcher":11,"Nunchaku":16,"HornCleat":19,"Tiny Chest":13,"Red Mask":14,"Bag of Marbles":15,"Bottled Lightning":12,"Ring of the Snake":0,"Runic Pyramid":17},{"Ice Cream":94,"Regal Pillow":11,"Lantern":103,"Tiny House":26,"Happy Flower":2,"Gremlin Horn":97,"Golden Idol":19,"Eternal Feather":19,"Mango":103,"Omamori":11,"Juzu Bracelet":13,"Letter Opener":5,"Medical Kit":90,"MawBank":103,"Du-Vu Doll":103,"Dream Catcher":47,"Nunchaku":73,"HornCleat":90,"Tiny Chest":59,"Red Mask":62,"Bag of Marbles":67,"Bottled Lightning":52,"Ring of the Snake":0,"Runic Pyramid":83}],"Ring of the Snake":[52]},"card_choices":[{"not_picked":["BootSequence","Acrobatics"],"picked":"Footwork","floor":1.0},{"not_picked":["Outmaneuver","Electrodynamics"],"picked":"Dagger Throw","floor":6},{"not_picked":["Static Discharge","Lockon"],"picked":"Acrobatics","floor":8},{"not_picked":["Heatsinks","Dash","Glass Knife"],"picked":"SKIP","floor":11},{"not_picked":["Heatsinks","Glass Knife"],"picked":"Dash","floor":11},{"not_picked":["Caltrops","Streamline"],"picked":"FTL","floor":13},{"not_picked":["Rebound","Dagger Spray"],"picked":"Self Repair","floor":17},{"not_picked":["Barrage","Cold Snap","Thunder Strike"],"picked":"SKIP","floor":18},{"not_picked":["Poisoned Stab","Slice"],"picked":"Blade Dance","floor":19},{"not_picked":["Slice","Recycle"],"picked":"Conserve Battery","floor":21},{"not_picked":["Backflip","Calculated Gamble"],"picked":"Blade Dance","floor":22},{"not_picked":["Rip and Tear","Rebound"],"picked":"Gash","floor":23},{"not_picked":["Barrage","Chill"],"picked":"Turbo","floor":24},{"not_picked":["Outmaneuver","Seek"],"picked":"Hologram","floor":27},{"not_picked":["Endless Agony","Sucker Punch"],"picked":"Leg Sweep","floor":29},{"not_picked":["Cold Snap","Rebound"],"picked":"Sweeping Beam+1","floor":31},{"not_picked":["Bullet Time","Fission"],"picked":"Envenom","floor":33},{"not_picked":["Steam Power","Turbo+1"],"picked":"BootSequence+1","floor":35},{"not_picked":["Loop+1","Tactician"],"picked":"Flechettes+1","floor":36},{"not_picked":["Dagger Spray+1","Compile Driver+1"],"picked":"Backflip+1","floor":39},{"not_picked":["Dagger Spray+1","Rebound"],"picked":"Leap+1","floor":40},{"not_picked":["All Out Attack+1","Outmaneuver","Flying Knee"],"picked":"SKIP","floor":41},{"not_picked":["Lockon","Redo"],"picked":"Dagger Throw+1","floor":42},{"not_picked":["Outmaneuver+1","Steam+1","Lockon"],"picked":"SKIP","floor":46},{"not_picked":["Bane+1","Defragment+1"],"picked":"Leg Sweep+1","floor":48}],"player_experience":1012580,"relics_obtained":[{"floor":3.0,"key":"Happy Flower"},{"floor":6,"key":"Letter Opener"},{"floor":8,"key":"Omamori"},{"floor":9,"key":"Regal Pillow"},{"floor":11,"key":"Juzu Bracelet"},{"floor":13,"key":"Eternal Feather"},{"floor":23,"key":"Dream Catcher"},{"floor":26,"key":"Bottled Lightning"},{"floor":27,"key":"Tiny Chest"},{"floor":28,"key":"Red Mask"},{"floor":29,"key":"Bag of Marbles"},{"floor":31,"key":"Nunchaku"},{"floor":39,"key":"Ice Cream"},{"floor":40,"key":"Gremlin Horn"},{"floor":42,"key":"Du-Vu Doll"},{"floor":43,"key":"Mango"},{"floor":44,"key":"MawBank"}],"event_choices":[{"damage_healed":0,"gold_gain":0,"player_choice":"Donut","damage_taken":0,"max_hp_gain":5,"max_hp_loss":0,"event_name":"Big Fish","floor":4,"gold_loss":0},{"damage_healed":0,"gold_gain":0,"player_choice":"Leave","damage_taken":0,"max_hp_gain":0,"max_hp_loss":0,"event_name":"The Cleric","floor":10,"gold_loss":0},{"damage_healed":0,"gold_gain":0,"player_choice":"Take Damage","damage_taken":15,"relics_obtained":["Golden Idol"],"max_hp_gain":0,"max_hp_loss":0,"event_name":"Golden Idol","floor":14,"gold_loss":0},{"damage_healed":0,"gold_gain":0,"player_choice":"Ignored","damage_taken":0,"max_hp_gain":0,"max_hp_loss":0,"event_name":"Beggar","floor":20,"gold_loss":0},{"damage_healed":0,"gold_gain":0,"player_choice":"Fought Bandits","damage_taken":0,"max_hp_gain":0,"max_hp_loss":0,"event_name":"Masked Bandits","floor":28,"gold_loss":0},{"cards_removed":["Flechettes"],"damage_healed":0,"gold_gain":0,"player_choice":"Removed Attack","damage_taken":0,"max_hp_gain":0,"max_hp_loss":0,"event_name":"Falling","floor":38,"gold_loss":0},{"damage_healed":0,"gold_gain":0,"player_choice":"Fight","damage_taken":0,"max_hp_gain":0,"max_hp_loss":0,"event_name":"Mysterious Sphere","floor":39,"gold_loss":0}],"is_beta":false,"boss_relics":[{"not_picked":["Velvet Choker","Philosopher\u0027s Stone"],"picked":"Tiny House"},{"not_picked":["Black Star","SacredBark"],"picked":"Runic Pyramid"}],"items_purged_floors":[37],"is_endless":false,"potions_floor_spawned":[8,19,27,29,36,39,46,48],"ascension_level":0}}