{"host":"5p9hybygolzp0efr","time":1611838825,"event":{"mods":["AchievementEnabler","BaseMod","Bestiary","Colored Map","Minty Spire (QoL Compilation)","Relic Stats"],"gold_per_floor":[11,11,25,41,56,56,83,99,124,49,61,61,87,102,102,204,204,186,111,129,164,164,198,198,198,225,150,150,184,184,195,195,290,290,309,86,105,116,116,142,92,92,116,116,116,116],"floor_reached":45,"language":"ENG","playtime":1849,"items_purged":["Pain","Strike_R","Strike_R","Defend_R"],"score":712,"play_id":"1c801681-7ded-4ff2-8e4b-97d2391d2b35","local_time":"20210128210025","is_ascension_mode":true,"campfire_choices":[{"data":"Uppercut","floor":6,"key":"SMITH"},{"data":"Inflame","floor":12,"key":"SMITH"},{"data":"Disarm","floor":15,"key":"SMITH"},{"floor":25,"key":"REST"},{"data":"Clothesline","floor":28,"key":"SMITH"},{"floor":32,"key":"REST"},{"floor":44,"key":"REST"}],"circlet_count":0,"master_deck":["Strike_R","Strike_R","Defend_R","Defend_R","Defend_R","Bash","Clothesline+1","Pummel","Uppercut+1","Inflame+1","True Grit","Burning Pact","Disarm+1","Iron Wave","Double Tap","Whirlwind","Flex","Seeing Red+1","Pommel Strike","Flex","Dropkick+1","Heavy Blade","Dark Shackles"],"relics":["Black Blood","Thread and Needle","WarpedTongs","Pantograph","Orichalcum","Strawberry","Velvet Choker","Red Mask","Calipers","Smiling Mask","Art of War","Bag of Preparation","Bottled Tornado","Juzu Bracelet","Shuriken","Blood Vial","Oddly Smooth Stone"],"acts_visited":["Exordium","TheCity","TheBeyond"],"potions_floor_usage":[16,21,33,40],"damage_taken":[{"damage":6,"enemies":"2 Louse","floor":1,"turns":3},{"damage":3,"enemies":"Cultist","floor":3,"turns":4},{"damage":8,"enemies":"Jaw Worm","floor":4,"turns":4},{"damage":3,"enemies":"Blue Slaver","floor":5,"turns":5},{"damage":22,"enemies":"Gremlin Nob","floor":7,"turns":4},{"damage":14,"enemies":"2 Fungi Beasts","floor":8,"turns":3},{"damage":0,"enemies":"Large Slime","floor":11,"turns":6},{"damage":5,"enemies":"3 Sentries","floor":13,"turns":7},{"damage":0,"enemies":"Red Slaver","floor":14,"turns":4},{"damage":13,"enemies":"Hexaghost","floor":16,"turns":13},{"damage":8,"enemies":"2 Thieves","floor":18,"turns":4},{"damage":2,"enemies":"Spheric Guardian","floor":20,"turns":3},{"damage":23,"enemies":"Masked Bandits","floor":21,"turns":4},{"damage":46,"enemies":"Slavers","floor":23,"turns":8},{"damage":23,"enemies":"Gremlin Leader","floor":29,"turns":6},{"damage":0,"enemies":"Cultist and Chosen","floor":31,"turns":4},{"damage":60,"enemies":"Automaton","floor":33,"turns":11},{"damage":24,"enemies":"3 Shapes","floor":35,"turns":2},{"damage":1,"enemies":"Orb Walker","floor":37,"turns":3},{"damage":60,"enemies":"Maw","floor":38,"turns":9},{"damage":18,"enemies":"Nemesis","floor":40,"turns":7},{"damage":51,"enemies":"Giant Head","floor":45,"turns":7}],"seed_played":"-4115247451419309288","potions_obtained":[{"floor":3,"key":"HeartOfIron"},{"floor":5,"key":"SkillPotion"},{"floor":7,"key":"SkillPotion"},{"floor":18,"key":"Explosive Potion"},{"floor":23,"key":"CultistPotion"},{"floor":40,"key":"ElixirPotion"}],"is_trial":false,"path_per_floor":["M","?","M","M","M","R","E","M","T","$","M","R","E","M","R","B",null,"M","?","M","?","T","E","?","R","T","$","R","E","T","M","R","B",null,"M","$","M","M","T","E","$","?","T","R","E"],"character_chosen":"IRONCLAD","items_purchased":["Pommel Strike","Heavy Blade","Juzu Bracelet"],"campfire_rested":3,"item_purchase_floors":[27,36,36],"current_hp_per_floor":[72,72,75,73,76,76,60,52,52,52,58,58,66,72,72,80,85,83,83,87,70,70,30,30,56,56,56,56,39,39,45,71,33,74,62,62,73,25,25,19,19,19,19,45,0,0],"gold":116,"neow_bonus":"ONE_RARE_RELIC","is_daily":false,"chose_seed":false,"campfire_upgraded":4,"win_rate":0.0,"timestamp":1611838825,"path_taken":["M","?","M","M","M","R","E","M","T","$","?","R","E","M","R","BOSS","M","?","M","?","?","E","?","R","T","$","R","E","?","M","R","BOSS","M","$","M","M","?","E","$","?","T","R","E"],"items_purchased_type":["Card","Card","Relic"],"build_version":"2020-12-22","purchased_purges":4,"victory":false,"max_hp_per_floor":[80,80,80,80,80,80,80,80,80,80,80,80,87,87,87,87,87,87,87,87,87,87,87,87,87,87,87,87,87,87,87,87,87,87,87,87,87,87,87,87,87,87,87,87,87,87],"relic_stats":{"Blood Vial":2,"counters":[22,121],"Shuriken":[3],"Pantograph":31,"Black Blood":150,"Art of War":[1],"Bag of Preparation":[14],"Juzu Bracelet":0,"Orichalcum":[192],"Smiling Mask":225,"obtain_stats":[{"Calipers":22,"Velvet Choker":17,"Black Blood":34,"Oddly Smooth Stone":43,"Thread and Needle":0,"Bag of Preparation":29,"Juzu Bracelet":36,"Orichalcum":9,"Bottled Tornado":30,"Smiling Mask":23,"Burning Blood":0,"WarpedTongs":2,"Blood Vial":40,"Shuriken":39,"Pantograph":7,"Strawberry":13,"Red Mask":21,"Art of War":26},{"Calipers":13,"Velvet Choker":10,"Black Blood":17,"Oddly Smooth Stone":21,"Thread and Needle":0,"Bag of Preparation":15,"Juzu Bracelet":18,"Orichalcum":6,"Bottled Tornado":15,"Smiling Mask":14,"Burning Blood":0,"WarpedTongs":1,"Blood Vial":21,"Shuriken":20,"Pantograph":5,"Strawberry":8,"Red Mask":13,"Art of War":14},{"Calipers":64,"Velvet Choker":53,"Black Blood":93,"Oddly Smooth Stone":114,"Thread and Needle":0,"Bag of Preparation":78,"Juzu Bracelet":95,"Orichalcum":23,"Bottled Tornado":78,"Smiling Mask":72,"Burning Blood":0,"WarpedTongs":3,"Blood Vial":114,"Shuriken":107,"Pantograph":20,"Strawberry":36,"Red Mask":64,"Art of War":72}],"WarpedTongs":[116]},"card_choices":[{"not_picked":["Iron Wave","Pommel Strike"],"picked":"Clothesline","floor":1},{"not_picked":["Evolve","Wild Strike"],"picked":"Pummel","floor":3},{"not_picked":["Clothesline","Body Slam"],"picked":"Uppercut","floor":4},{"not_picked":["Hemokinesis","Body Slam"],"picked":"Inflame","floor":5},{"not_picked":["Armaments","Sentinel","Bloodletting"],"picked":"SKIP","floor":7},{"not_picked":["Spot Weakness","Headbutt"],"picked":"True Grit","floor":8},{"not_picked":["Reckless Charge","Warcry"],"picked":"Burning Pact","floor":11},{"not_picked":["Armaments","Demon Form"],"picked":"Disarm","floor":13},{"not_picked":["Wild Strike","Fire Breathing"],"picked":"Iron Wave","floor":14},{"not_picked":["Juggernaut","Barricade"],"picked":"Double Tap","floor":16},{"not_picked":["True Grit","Second Wind"],"picked":"Whirlwind","floor":18},{"not_picked":["Perfected Strike","Armaments"],"picked":"Flex","floor":20},{"not_picked":["Flame Barrier","Spot Weakness"],"picked":"Seeing Red+1","floor":23},{"not_picked":["Pommel Strike","Burning Pact","Havoc"],"picked":"SKIP","floor":29},{"not_picked":["Heavy Blade","Disarm"],"picked":"Flex","floor":31},{"not_picked":["Headbutt","Twin Strike"],"picked":"Dropkick+1","floor":35},{"not_picked":["Heavy Blade","Clothesline","Dark Embrace+1"],"picked":"SKIP","floor":37},{"not_picked":["Clothesline","Armaments","Twin Strike+1"],"picked":"SKIP","floor":38},{"not_picked":["Anger","Demon Form","Flex"],"picked":"SKIP","floor":40},{"not_picked":["Blind","Purity"],"picked":"Dark Shackles","floor":42}],"player_experience":548905,"relics_obtained":[{"floor":7,"key":"Pantograph"},{"floor":9,"key":"Orichalcum"},{"floor":13,"key":"Strawberry"},{"floor":21,"key":"Red Mask"},{"floor":22,"key":"Calipers"},{"floor":23,"key":"Smiling Mask"},{"floor":26,"key":"Art of War"},{"floor":29,"key":"Bag of Preparation"},{"floor":30,"key":"Bottled Tornado"},{"floor":39,"key":"Shuriken"},{"floor":40,"key":"Blood Vial"},{"floor":43,"key":"Oddly Smooth Stone"}],"event_choices":[{"damage_healed":0,"gold_gain":0,"player_choice":"Rummage","damage_taken":0,"relics_obtained":["WarpedTongs"],"max_hp_gain":0,"max_hp_loss":0,"event_name":"Accursed Blacksmith","floor":2,"gold_loss":0,"cards_obtained":["Pain"]},{"cards_removed":["Strike_R"],"damage_healed":0,"gold_gain":0,"player_choice":"Gave Gold","damage_taken":0,"max_hp_gain":0,"max_hp_loss":0,"event_name":"Beggar","floor":19,"gold_loss":75},{"damage_healed":0,"gold_gain":0,"player_choice":"Fought Bandits","damage_taken":0,"max_hp_gain":0,"max_hp_loss":0,"event_name":"Masked Bandits","floor":21,"gold_loss":0},{"damage_healed":0,"gold_gain":0,"player_choice":"Ignored","damage_taken":0,"max_hp_gain":0,"max_hp_loss":0,"event_name":"Ghosts","floor":24,"gold_loss":0},{"damage_healed":0,"gold_gain":0,"player_choice":"Memory 1","damage_taken":0,"max_hp_gain":0,"max_hp_loss":0,"event_name":"SensoryStone","floor":42,"gold_loss":0}],"is_beta":false,"boss_relics":[{"not_picked":["Tiny House","Busted Crown"],"picked":"Velvet Choker"},{"not_picked":["Mark of Pain","Fusion Hammer"],"picked":"Black Blood"}],"items_purged_floors":[10,27,36,41],"is_endless":false,"potions_floor_spawned":[3,5,7,11,14,18,23,29,40],"killed_by":"Giant Head","ascension_level":9}}