{"host":"u7lm8z2rvb4dg2oo","time":1611867538,"event":{"mods":["AchievementEnabler","BaseMod","Bestiary","Block Reminder","Colored Map","Colored Powertips","Curses Come First","DeckTracker","Googly Eyes","Highlight Path","Minty Spire (QoL Compilation)","Quick Restart","StSLib"],"gold_per_floor":[218,293,308,327,327,327,360,360,360,535,32,32,32,48,48,174,174,193,193,193,206,30,58,58,73,73,73,84,11,11,29,29,128,128,139,139,159,176,226,226,261,261,261,261,261],"floor_reached":44,"language":"ENG","playtime":4338,"items_purged":["Doubt","Writhe"],"score":709,"play_id":"b6c1f98d-1707-4e73-af60-e05b884d4917","local_time":"20210128155858","is_ascension_mode":true,"campfire_choices":[{"data":"Terror","floor":6.0,"key":"SMITH"},{"floor":8.0,"key":"REST"},{"floor":13.0,"key":"REST"},{"data":"Footwork","floor":15.0,"key":"SMITH"},{"floor":24.0,"key":"REST"},{"data":"Night Terror","floor":27.0,"key":"SMITH"},{"floor":30.0,"key":"REST"},{"floor":32.0,"key":"REST"},{"floor":40.0,"key":"REST"},{"floor":42.0,"key":"REST"}],"circlet_count":0,"master_deck":["AscendersBane","Strike_G","Strike_G","Strike_G","Strike_G","Defend_G","Defend_G","Defend_G","Defend_G","Defend_G","Survivor","Neutralize","Terror+1","Slice","Accuracy","Footwork+1","Deadly Poison","Crippling Poison","Bane","Corpse Explosion","PiercingWail","Bane+1","Well Laid Plans","Endless Agony+1","Night Terror+1","Poisoned Stab+1","Bane+1","Dagger Spray+1","Dash+1","Malaise","Bane+1","Blur+1","Quick Slash+1","Noxious Fumes+1"],"relics":["Ring of the Serpent","CaptainsWheel","Mercury Hourglass","Pear","Bloody Idol","Molten Egg 2","Smiling Mask","Shuriken","HoveringKite","Ginger","Toxic Egg 2","Torii"],"acts_visited":["Exordium","TheCity","TheBeyond"],"potions_floor_usage":[],"damage_taken":[{"damage":4.0,"enemies":"2 Louse","floor":1.0,"turns":4.0},{"damage":5.0,"enemies":"Small Slimes","floor":3.0,"turns":8.0},{"damage":4.0,"enemies":"Jaw Worm","floor":4.0,"turns":4.0},{"damage":42.0,"enemies":"3 Sentries","floor":7.0,"turns":17.0},{"damage":6.0,"enemies":"Blue Slaver","floor":14.0,"turns":4.0},{"damage":45.0,"enemies":"Hexaghost","floor":16.0,"turns":12.0},{"damage":12.0,"enemies":"Chosen","floor":18.0,"turns":4.0},{"damage":4.0,"enemies":"Shell Parasite","floor":21.0,"turns":5.0},{"damage":34.0,"enemies":"Slavers","floor":23.0,"turns":4.0},{"damage":3.0,"enemies":"Cultist and Chosen","floor":25.0,"turns":6.0},{"damage":23.0,"enemies":"Snecko","floor":28.0,"turns":5.0},{"damage":13.0,"enemies":"Snake Plant","floor":31.0,"turns":4.0},{"damage":50.0,"enemies":"Automaton","floor":33.0,"turns":12.0},{"damage":0.0,"enemies":"3 Shapes","floor":35.0,"turns":4.0},{"damage":1.0,"enemies":"3 Darklings","floor":36.0,"turns":2.0},{"damage":28.0,"enemies":"Writhing Mass","floor":37.0,"turns":4.0},{"damage":35.0,"enemies":"Jaw Worm Horde","floor":38.0,"turns":2.0},{"damage":4.0,"enemies":"Mind Bloom Boss Battle","floor":39.0,"turns":9.0},{"damage":18.0,"enemies":"Nemesis","floor":41.0,"turns":7.0},{"damage":87,"enemies":"Giant Head","floor":44,"turns":10}],"seed_played":"2498462781783695565","potions_obtained":[{"floor":1.0,"key":"Regen Potion"},{"floor":16.0,"key":"EntropicBrew"},{"floor":18.0,"key":"GamblersBrew"},{"floor":28.0,"key":"SmokeBomb"},{"floor":33.0,"key":"FearPotion"},{"floor":37.0,"key":"FearPotion"},{"floor":39.0,"key":"Block Potion"}],"is_trial":false,"path_per_floor":["M","?","M","M","?","R","E","R","T","?","$","?","R","M","R","B",null,"M","?","?","M","$","E","R","M","T","R","M","$","R","M","R","B",null,"M","M","M","M","?","R","E","R","T","E"],"character_chosen":"THE_SILENT","items_purchased":["Footwork","Pear","Deadly Poison","Crippling Poison","Well Laid Plans","Bane+1","Dagger Spray+1"],"campfire_rested":7,"item_purchase_floors":[11,11,11,11,22,29,29],"current_hp_per_floor":[59,48,58,54,47,47,5,26,26,26,36,36,58,52,52,7,57,45,45,45,46,46,17,39,41,41,41,23,23,45,37,59,14,59,64,63,40,10,11,33,20,42,42,0,0],"gold":261,"neow_bonus":"HUNDRED_GOLD","is_daily":false,"chose_seed":false,"campfire_upgraded":3,"win_rate":0.0,"timestamp":1611867538,"path_taken":["M","?","M","M","?","R","E","R","T","?","$","?","R","M","R","BOSS","M","?","?","M","$","E","R","M","T","R","M","?","R","M","R","BOSS","M","M","M","M","?","R","E","R","T","E"],"items_purchased_type":["Card","Relic","Card","Card","Card","Card","Card"],"build_version":"2020-12-22","purchased_purges":2,"victory":false,"max_hp_per_floor":[70,70,70,70,70,70,70,70,70,70,80,74,74,74,74,74,74,74,74,74,74,74,74,74,74,74,74,74,74,74,74,74,74,74,74,74,74,74,74,74,74,74,74,74,74],"card_choices":[{"not_picked":["Dodge and Roll","Escape Plan"],"picked":"Terror","floor":1.0},{"not_picked":["Choke","Setup"],"picked":"Slice","floor":3.0},{"not_picked":["Sucker Punch","Underhanded Strike","Outmaneuver"],"picked":"SKIP","floor":4.0},{"not_picked":["Backflip","Dagger Throw"],"picked":"Accuracy","floor":7.0},{"not_picked":["Choke","Endless Agony"],"picked":"Bane","floor":14.0},{"not_picked":["Burst","Unload"],"picked":"Corpse Explosion","floor":16.0},{"not_picked":["Poisoned Stab","Heel Hook"],"picked":"PiercingWail","floor":18.0},{"not_picked":["Backstab+1","Leg Sweep"],"picked":"Bane+1","floor":21.0},{"not_picked":["Predator+1","Sucker Punch+1"],"picked":"Endless Agony+1","floor":23.0},{"not_picked":["PiercingWail+1","Deadly Poison"],"picked":"Night Terror","floor":25.0},{"not_picked":["Well Laid Plans+1","Outmaneuver"],"picked":"Poisoned Stab+1","floor":28.0},{"not_picked":["Backflip+1","Flying Knee+1"],"picked":"Dash+1","floor":31.0},{"not_picked":["Grand Finale+1","Doppelganger"],"picked":"Malaise","floor":33.0},{"not_picked":["Prepared","Expertise"],"picked":"Bane+1","floor":35.0},{"not_picked":["Well Laid Plans","Choke+1"],"picked":"Blur+1","floor":37.0},{"not_picked":["Setup+1","All Out Attack+1","Deflect+1"],"picked":"SKIP","floor":38.0},{"not_picked":["Flying Knee+1","All Out Attack+1"],"picked":"Quick Slash+1","floor":39.0},{"not_picked":["Bane+1","Underhanded Strike+1"],"picked":"Noxious Fumes+1","floor":41.0}],"player_experience":1040808,"relics_obtained":[{"floor":7.0,"key":"CaptainsWheel"},{"floor":9.0,"key":"Mercury Hourglass"},{"floor":23.0,"key":"Smiling Mask"},{"floor":26.0,"key":"Shuriken"},{"floor":39.0,"key":"Ginger"},{"floor":41.0,"key":"Toxic Egg 2"},{"floor":43.0,"key":"Torii"}],"event_choices":[{"damage_healed":0.0,"max_hp_gain":0.0,"max_hp_loss":0.0,"gold_gain":75.0,"event_name":"World of Goop","player_choice":"Gather Gold","floor":2.0,"gold_loss":0.0,"damage_taken":11.0},{"cards_removed":["Strike_G"],"damage_healed":0.0,"max_hp_gain":0.0,"max_hp_loss":0.0,"gold_gain":0.0,"event_name":"Golden Wing","player_choice":"Card Removal","floor":5.0,"gold_loss":0.0,"damage_taken":7.0},{"damage_healed":0.0,"max_hp_gain":0.0,"max_hp_loss":0.0,"gold_gain":175.0,"event_name":"Liars Game","player_choice":"AGREE","floor":10.0,"gold_loss":0.0,"damage_taken":0.0,"cards_obtained":["Doubt"]},{"damage_healed":0.0,"max_hp_gain":0.0,"max_hp_loss":6.0,"gold_gain":0.0,"event_name":"Golden Idol","player_choice":"Lose Max HP","floor":12.0,"gold_loss":0.0,"damage_taken":0.0,"relics_obtained":["Golden Idol"]},{"damage_healed":0.0,"max_hp_gain":0.0,"max_hp_loss":0.0,"gold_gain":0.0,"event_name":"The Mausoleum","player_choice":"Opened","floor":19.0,"gold_loss":0.0,"damage_taken":0.0,"relics_obtained":["Molten Egg 2"],"cards_obtained":["Writhe"]},{"damage_healed":0.0,"max_hp_gain":0.0,"max_hp_loss":0.0,"gold_gain":0.0,"event_name":"Forgotten Altar","player_choice":"Gave Idol","floor":20.0,"relics_lost":["Golden Idol"],"gold_loss":0.0,"damage_taken":0.0,"relics_obtained":["Bloody Idol"]},{"damage_healed":0.0,"max_hp_gain":0.0,"max_hp_loss":0.0,"gold_gain":0.0,"event_name":"MindBloom","player_choice":"Fight","floor":39.0,"gold_loss":0.0,"damage_taken":0.0}],"is_beta":false,"boss_relics":[{"not_picked":["Pandora\u0027s Box","Coffee Dripper"],"picked":"Ring of the Serpent"},{"not_picked":["Sozu","Cursed Key"],"picked":"HoveringKite"}],"items_purged_floors":[11,22],"is_endless":false,"potions_floor_spawned":[1,16,18,28,33,37,39],"killed_by":"Giant Head","ascension_level":10}}