{"host":"bxn2em57qlx5u4i0","time":1611795137,"event":{"mods":["BaseMod","Colored Map","Colored Powertips","Highlight Path","Minty Spire (QoL Compilation)","Random Character Button","Relic Sorter","Relic Stats","StSLib","SuperFastMode"],"gold_per_floor":[114,114,128,128,146,174,174,206,206,206,34,34,66,95,95,171,171,189,189,104,104,115,148,175,187,199,245,291,303,315,113,113,192,192,211,1210,1210,477,527,852,852,207,232,258,258,258,285,329,329,329,329,329,329,28,59,59],"floor_reached":57,"language":"ENG","playtime":2125,"items_purged":["Normality","Normality","Deadly Poison"],"score":3399,"play_id":"c8e10ee7-7061-4513-8637-b12afd2bfd88","local_time":"20210127195217","daily_mods":["SealedDeck","Flight"],"is_ascension_mode":true,"campfire_choices":[{"data":"Concentrate","floor":7,"key":"SMITH"},{"data":"Noxious Fumes","floor":10,"key":"SMITH"},{"data":"Burst","floor":12,"key":"SMITH"},{"data":"Bouncing Flask","floor":15,"key":"SMITH"},{"floor":25,"key":"REST"},{"floor":29,"key":"REST"},{"data":"Calculated Gamble","floor":32,"key":"SMITH"},{"data":"Tactician","floor":41,"key":"SMITH"},{"data":"Tactician","floor":45,"key":"SMITH"},{"floor":46,"key":"RECALL"},{"data":"Crippling Poison","floor":49,"key":"SMITH"},{"data":"After Image","floor":53,"key":"SMITH"}],"circlet_count":0,"master_deck":["AscendersBane","Deadly Poison","PiercingWail","PiercingWail","Calculated Gamble+1","Acrobatics","Deflect","Dodge and Roll","Deflect","Bouncing Flask+1","Burst+1","Concentrate+1","Noxious Fumes+1","After Image+1","After Image+1","Tactician+1","Tactician+1","Crippling Poison+1","Sadistic Nature+1","Backflip","Backflip","Backflip"],"relics":["Ring of the Snake","Regal Pillow","Shuriken","MealTicket","Oddly Smooth Stone","Letter Opener","Bronze Scales","Busted Crown","Frozen Egg 2","Blood Vial","MawBank","Girya","Matryoshka","ClockworkSouvenir","Black Star","Art of War","HornCleat","The Specimen","Old Coin","CeramicFish","Paper Crane","Pear","Juzu Bracelet","Snake Skull","PreservedInsect","Molten Egg 2","Strawberry","Toy Ornithopter","Sundial","Gremlin Horn","Toolbox","Centennial Puzzle","Lantern"],"acts_visited":["Exordium","TheCity","TheBeyond","TheEnding"],"potions_floor_usage":[8,13,22,23,28,39,51],"damage_taken":[{"damage":0,"enemies":"Cultist","floor":1,"turns":3},{"damage":6,"enemies":"Small Slimes","floor":3,"turns":3},{"damage":0,"enemies":"2 Louse","floor":5,"turns":2},{"damage":16,"enemies":"Lagavulin","floor":6,"turns":5},{"damage":30,"enemies":"3 Sentries","floor":8,"turns":9},{"damage":8,"enemies":"Gremlin Nob","floor":13,"turns":3},{"damage":0,"enemies":"Lagavulin","floor":14,"turns":5},{"damage":0,"enemies":"Hexaghost","floor":16,"turns":6},{"damage":0,"enemies":"3 Byrds","floor":18,"turns":2},{"damage":0,"enemies":"Chosen","floor":22,"turns":4},{"damage":0,"enemies":"Gremlin Leader","floor":23,"turns":5},{"damage":24,"enemies":"Slavers","floor":24,"turns":5},{"damage":14,"enemies":"Gremlin Leader","floor":27,"turns":7},{"damage":35,"enemies":"Slavers","floor":28,"turns":4},{"damage":44,"enemies":"Champ","floor":33,"turns":8},{"damage":9,"enemies":"3 Shapes","floor":35,"turns":4},{"damage":0,"enemies":"2 Orb Walkers","floor":39,"turns":4},{"damage":34,"enemies":"Giant Head","floor":40,"turns":7},{"damage":0,"enemies":"Reptomancer","floor":44,"turns":4},{"damage":27,"enemies":"Nemesis","floor":47,"turns":5},{"damage":0,"enemies":"Giant Head","floor":48,"turns":4},{"damage":14,"enemies":"Awakened One","floor":50,"turns":9},{"damage":8,"enemies":"Donu and Deca","floor":51,"turns":3},{"damage":17,"enemies":"Shield and Spear","floor":55,"turns":5},{"damage":33,"enemies":"The Heart","floor":56,"turns":7}],"seed_played":"-196453457396491130","potions_obtained":[{"floor":6,"key":"SneckoOil"},{"floor":8,"key":"CunningPotion"},{"floor":14,"key":"ColorlessPotion"},{"floor":22,"key":"Energy Potion"},{"floor":24,"key":"Energy Potion"},{"floor":28,"key":"PowerPotion"},{"floor":35,"key":"FearPotion"},{"floor":55,"key":"SteroidPotion"}],"is_trial":true,"path_per_floor":["M","?","M","?","M","E","R","E","T","R","$","R","E","E","R","B",null,"M","?","?","?","M","E","E","R","T","E","E","R","?","$","R","B",null,"M","?","?","$","?","E","R","$","T","E","R","R","E","E","R","B","B",null,"R","$","E","B",null],"character_chosen":"THE_SILENT","items_purchased":["Oddly Smooth Stone","ClockworkSouvenir","Crippling Poison","Art of War","HornCleat","Sadistic Nature+1","Backflip","Paper Crane","Pear","Backflip","Toolbox"],"campfire_rested":2,"item_purchase_floors":[11,31,31,38,38,38,38,42,42,54,54],"current_hp_per_floor":[59,59,53,53,53,37,37,7,7,7,22,22,14,14,14,14,53,53,35,35,35,35,35,13,49,49,37,4,40,40,55,55,13,57,50,50,50,65,67,35,35,60,60,62,62,62,44,46,46,34,33,74,74,88,71,40],"gold":59,"neow_bonus":"","is_daily":false,"chose_seed":false,"campfire_upgraded":9,"win_rate":0.0,"timestamp":1611795137,"path_taken":["M","?","M","?","?","E","R","E","T","R","$","R","E","E","R","BOSS","M","?","?","?","?","E","E","R","T","E","E","R","?","$","R","BOSS","M","?","?","$","?","E","R","$","T","E","R","R","E","E","R","BOSS","BOSS","R","$","E","BOSS"],"items_purchased_type":["Relic","Relic","Card","Relic","Relic","Card","Card","Relic","Relic","Card","Relic"],"build_version":"2020-12-22","purchased_purges":3,"victory":true,"max_hp_per_floor":[66,66,66,66,66,66,66,66,66,66,66,66,66,66,66,66,66,66,71,71,71,71,71,71,71,71,71,71,71,71,71,71,71,71,71,71,71,71,71,71,71,81,81,81,81,81,88,88,88,88,88,88,88,88,88,88],"relic_stats":{"Regal Pillow":30,"Gremlin Horn":[4,4],"counters":[25,123],"CeramicFish":18,"Snake Skull":[206],"PreservedInsect":257,"Juzu Bracelet":0,"Letter Opener":[1081],"MawBank":84,"Blood Vial":26,"Centennial Puzzle":[3],"Busted Crown":28,"Shuriken":[1],"Sundial":[22],"Bronze Scales":[418],"MealTicket":74,"Black Star":5,"Art of War":[39],"obtain_stats":[{"Regal Pillow":6,"Lantern":55,"Gremlin Horn":48,"CeramicFish":40,"Snake Skull":43,"Juzu Bracelet":43,"ClockworkSouvenir":31,"Old Coin":40,"Blood Vial":23,"Centennial Puzzle":55,"Matryoshka":28,"HornCleat":38,"Sundial":48,"Strawberry":47,"Toolbox":54,"MealTicket":9,"Ring of the Snake":0,"Girya":27,"Pear":42,"The Specimen":39,"Oddly Smooth Stone":11,"PreservedInsect":44,"Letter Opener":13,"Frozen Egg 2":20,"Paper Crane":42,"MawBank":24,"Busted Crown":17,"Shuriken":8,"Bronze Scales":14,"Molten Egg 2":44,"Black Star":34,"Art of War":38,"Toy Ornithopter":47},{"Regal Pillow":4,"Lantern":24,"Gremlin Horn":21,"CeramicFish":18,"Snake Skull":18,"Juzu Bracelet":18,"ClockworkSouvenir":14,"Old Coin":18,"Blood Vial":11,"Centennial Puzzle":24,"Matryoshka":14,"HornCleat":16,"Sundial":21,"Strawberry":20,"Toolbox":23,"MealTicket":5,"Ring of the Snake":0,"Girya":13,"Pear":18,"The Specimen":17,"Oddly Smooth Stone":5,"PreservedInsect":19,"Letter Opener":6,"Frozen Egg 2":9,"Paper Crane":18,"MawBank":12,"Busted Crown":8,"Shuriken":5,"Bronze Scales":7,"Molten Egg 2":19,"Black Star":15,"Art of War":16,"Toy Ornithopter":20},{"Regal Pillow":13,"Lantern":116,"Gremlin Horn":99,"CeramicFish":86,"Snake Skull":86,"Juzu Bracelet":86,"ClockworkSouvenir":63,"Old Coin":86,"Blood Vial":47,"Centennial Puzzle":116,"Matryoshka":63,"HornCleat":75,"Sundial":99,"Strawberry":95,"Toolbox":111,"MealTicket":22,"Ring of the Snake":0,"Girya":59,"Pear":86,"The Specimen":79,"Oddly Smooth Stone":22,"PreservedInsect":90,"Letter Opener":25,"Frozen Egg 2":38,"Paper Crane":86,"MawBank":52,"Busted Crown":36,"Shuriken":22,"Bronze Scales":30,"Molten Egg 2":90,"Black Star":71,"Art of War":75,"Toy Ornithopter":95}],"Toy Ornithopter":5,"Ring of the Snake":[50]},"card_choices":[{"not_picked":["Flying Knee","Dodge and Roll","Outmaneuver"],"picked":"SKIP","floor":1},{"not_picked":["Heel Hook","Underhanded Strike"],"picked":"Bouncing Flask","floor":3},{"not_picked":["Terror","Poisoned Stab"],"picked":"Burst","floor":5},{"not_picked":["Backstab","Dodge and Roll","Concentrate"],"picked":"SKIP","floor":6},{"not_picked":["Backstab","Dodge and Roll"],"picked":"Concentrate","floor":6},{"not_picked":["Deflect","Dodge and Roll"],"picked":"Noxious Fumes","floor":8},{"not_picked":["Underhanded Strike","Slice","Flying Knee"],"picked":"SKIP","floor":13},{"not_picked":["Flechettes","Bane","A Thousand Cuts"],"picked":"SKIP","floor":14},{"not_picked":["Night Terror","Envenom"],"picked":"After Image","floor":16},{"not_picked":["Skewer"],"picked":"SKIP","floor":18},{"not_picked":[],"picked":"Tactician","floor":22},{"not_picked":["Flying Knee"],"picked":"SKIP","floor":23},{"not_picked":["Prepared"],"picked":"SKIP","floor":24},{"not_picked":["Cloak And Dagger"],"picked":"SKIP","floor":27},{"not_picked":["Doppelganger"],"picked":"SKIP","floor":28},{"not_picked":["Outmaneuver"],"picked":"SKIP","floor":35},{"not_picked":["Outmaneuver"],"picked":"SKIP","floor":40},{"not_picked":["Terror"],"picked":"SKIP","floor":44},{"not_picked":["Outmaneuver"],"picked":"SKIP","floor":47},{"not_picked":[],"picked":"Backflip","floor":48},{"not_picked":["Bane+1"],"picked":"SKIP","floor":55}],"player_experience":2954791,"relics_obtained":[{"floor":6,"key":"Regal Pillow"},{"floor":8,"key":"Shuriken"},{"floor":9,"key":"MealTicket"},{"floor":13,"key":"Letter Opener"},{"floor":14,"key":"Bronze Scales"},{"floor":23,"key":"Blood Vial"},{"floor":24,"key":"MawBank"},{"floor":27,"key":"Girya"},{"floor":28,"key":"Matryoshka"},{"floor":39,"key":"The Specimen"},{"floor":40,"key":"Old Coin"},{"floor":40,"key":"CeramicFish"},{"floor":43,"key":"Juzu Bracelet"},{"floor":43,"key":"Snake Skull"},{"floor":44,"key":"PreservedInsect"},{"floor":44,"key":"Molten Egg 2"},{"floor":47,"key":"Strawberry"},{"floor":47,"key":"Toy Ornithopter"},{"floor":48,"key":"Sundial"},{"floor":48,"key":"Gremlin Horn"},{"floor":55,"key":"Centennial Puzzle"},{"floor":55,"key":"Lantern"}],"event_choices":[{"damage_healed":0,"gold_gain":0,"player_choice":"Ignored","damage_taken":0,"max_hp_gain":0,"max_hp_loss":0,"event_name":"Golden Wing","floor":2,"gold_loss":0},{"damage_healed":0,"gold_gain":0,"player_choice":"0 cards matched","damage_taken":0,"max_hp_gain":0,"max_hp_loss":0,"event_name":"Match and Keep!","floor":4,"gold_loss":0,"cards_obtained":[]},{"damage_healed":0,"gold_gain":0,"player_choice":"Shed Blood","damage_taken":23,"max_hp_gain":5,"max_hp_loss":0,"event_name":"Forgotten Altar","floor":19,"gold_loss":0},{"damage_healed":0,"gold_gain":0,"player_choice":"Obtained Relic","damage_taken":0,"relics_obtained":["Frozen Egg 2"],"max_hp_gain":0,"max_hp_loss":0,"event_name":"Addict","floor":20,"gold_loss":85},{"damage_healed":0,"gold_gain":0,"player_choice":"Copied","damage_taken":0,"max_hp_gain":0,"max_hp_loss":0,"event_name":"Duplicator","floor":21,"gold_loss":0,"cards_obtained":["After Image"]},{"damage_healed":0,"gold_gain":0,"player_choice":"Read","damage_taken":0,"max_hp_gain":0,"max_hp_loss":0,"event_name":"The Library","floor":30,"gold_loss":0,"cards_obtained":["Tactician"]},{"damage_healed":0,"gold_gain":999,"player_choice":"Gold","damage_taken":0,"max_hp_gain":0,"max_hp_loss":0,"event_name":"MindBloom","floor":36,"gold_loss":0,"cards_obtained":["Normality","Normality"]},{"cards_removed":["Bane"],"damage_healed":0,"gold_gain":0,"player_choice":"Removed Attack","damage_taken":0,"max_hp_gain":0,"max_hp_loss":0,"event_name":"Falling","floor":37,"gold_loss":0},{"damage_healed":0,"gold_gain":0,"player_choice":"Fight","damage_taken":0,"max_hp_gain":0,"max_hp_loss":0,"event_name":"Mysterious Sphere","floor":39,"gold_loss":0}],"is_beta":false,"boss_relics":[{"not_picked":["SacredBark","Runic Dome"],"picked":"Busted Crown"},{"not_picked":["Velvet Choker","Cursed Key"],"picked":"Black Star"}],"items_purged_floors":[38,42,54],"is_endless":false,"potions_floor_spawned":[6,8,14,22,24,28,35,55],"ascension_level":20}}