{"host":"yqw1zpryoutrnocq","time":1611872015,"event":{"mods":["2.2 Compatiblity","AchievementEnabler","BaseMod","Colored Map","Custom Start","DeckTracker","Minty Spire (QoL Compilation)","Replay The Spire","StSLib","SuperFastMode"],"gold_per_floor":[113,130,146,0,15,15,48,48,48,48,48,48,48,58,58,160,160,142,161,176,194,194,194,194],"floor_reached":23,"language":"KOR","playtime":709,"items_purged":["Strike_R"],"score":232,"play_id":"b2df6228-dac0-43c6-866c-65c555f65fc8","local_time":"20210128161335","is_ascension_mode":true,"campfire_choices":[{"data":"Body Slam","floor":6,"key":"SMITH"},{"data":"Dark Embrace","floor":8,"key":"SMITH"},{"data":"Body Slam","floor":13,"key":"SMITH"},{"data":"Bash","floor":15,"key":"SMITH"}],"circlet_count":0,"master_deck":["Strike_R","Strike_R","Strike_R","Strike_R","Defend_R","Defend_R","Defend_R+1","Defend_R+1","Bash+1","Defend_B","Defend_G","Body Slam+1","Dropkick","Dark Embrace+1","Evolve","Body Slam+1","Inflame+1","Eclipse","ReplayTheSpireMod:Strike From Hell","Defy Death","Offering","ReplayTheSpireMod:Strike From Hell"],"relics":["Burning Blood","StoneCalendar","Blue Candle","FossilizedHelix","Replay:Towering Pillar of Hats","War Paint","Mark of Pain","Kunai"],"acts_visited":["Exordium","TheCity"],"potions_floor_usage":[7,16,20,21],"damage_taken":[{"damage":16,"enemies":"Cultist","floor":1,"turns":4},{"damage":2,"enemies":"Jaw Worm","floor":2,"turns":3},{"damage":10,"enemies":"2 Louse","floor":3,"turns":4},{"damage":19,"enemies":"Exordium Thugs","floor":5,"turns":4},{"damage":36,"enemies":"Gremlin Nob","floor":7,"turns":6},{"damage":0,"enemies":"2 Fungi Beasts","floor":14,"turns":3},{"damage":28,"enemies":"Fading Forest","floor":16,"turns":11},{"damage":14,"enemies":"2 Thieves","floor":18,"turns":4},{"damage":11,"enemies":"Spheric Guardian","floor":19,"turns":4},{"damage":22,"enemies":"Snecko","floor":20,"turns":5},{"damage":18,"enemies":"Chosen and Byrds","floor":21,"turns":4},{"damage":54,"enemies":"Gremlin Leader","floor":23,"turns":4}],"seed_played":"5055417576443003964","potions_obtained":[{"floor":1,"key":"LifebloodPotion"},{"floor":14,"key":"EssenceOfSteel"},{"floor":16,"key":"Regen Potion"},{"floor":18,"key":"SkillPotion"},{"floor":21,"key":"GamblersBrew"}],"is_trial":false,"path_per_floor":["M","M","M","$","M","R","E","R","T","?","?","?","R","M","R","B",null,"M","M","M","M","?","E"],"character_chosen":"IRONCLAD","items_purchased":["Evolve"],"campfire_rested":0,"item_purchase_floors":[4],"current_hp_per_floor":[70,74,70,70,57,57,27,27,27,20,20,20,20,26,26,20,80,72,67,51,48,48,0,0],"gold":194,"neow_bonus":"ONE_RARE_RELIC","is_daily":false,"chose_seed":false,"campfire_upgraded":4,"win_rate":0.0,"timestamp":1611872015,"path_taken":["M","M","M","$","M","R","E","R","T","?","?","?","R","M","R","BOSS","M","M","M","M","?","E"],"items_purchased_type":["Card"],"build_version":"2020-12-22","purchased_purges":1,"victory":false,"max_hp_per_floor":[80,80,80,80,80,80,80,80,80,80,80,80,80,80,80,80,80,80,80,80,80,80,80,80],"card_choices":[{"not_picked":["Armaments","ReplayTheSpireMod:Corrosion Curse"],"picked":"Body Slam","floor":1},{"not_picked":["Sentinel","ReplayTheSpireMod:LeadingStrike"],"picked":"Dropkick","floor":2},{"not_picked":["Anger","Flex"],"picked":"Dark Embrace","floor":3},{"not_picked":["Ghostly Armor","Havoc"],"picked":"Body Slam","floor":5},{"not_picked":["Cleave","Combust"],"picked":"Inflame","floor":7},{"not_picked":["Infernal Blade","Disarm","Flex"],"picked":"SKIP","floor":14},{"not_picked":["Double Tap","Brutality"],"picked":"Eclipse","floor":16},{"not_picked":["Heavy Blade","Twin Strike"],"picked":"ReplayTheSpireMod:Strike From Hell","floor":18},{"not_picked":["Rupture","Disarm"],"picked":"Defy Death","floor":19},{"not_picked":["Reckless Charge","Feel No Pain"],"picked":"Offering","floor":20},{"not_picked":["Sword Boomerang","Headbutt+1"],"picked":"ReplayTheSpireMod:Strike From Hell","floor":21}],"player_experience":236464,"relics_obtained":[{"floor":7,"key":"Blue Candle"},{"floor":9,"key":"FossilizedHelix"}],"event_choices":[{"damage_healed":0,"gold_gain":0,"player_choice":"Success","damage_taken":7,"relics_obtained":["Replay:Towering Pillar of Hats"],"max_hp_gain":0,"max_hp_loss":0,"event_name":"Scrap Ooze","floor":10,"gold_loss":0},{"damage_healed":0,"gold_gain":0,"player_choice":"Grow","damage_taken":0,"max_hp_gain":0,"max_hp_loss":0,"event_name":"Living Wall","floor":11,"gold_loss":0,"cards_upgraded":["Inflame"]},{"damage_healed":0,"gold_gain":0,"player_choice":"Searched \u00271\u0027 times","damage_taken":0,"relics_obtained":["War Paint"],"max_hp_gain":0,"max_hp_loss":0,"event_name":"Dead Adventurer","floor":12,"gold_loss":0},{"damage_healed":0,"gold_gain":0,"player_choice":"Gave Potion","damage_taken":0,"relics_obtained":["Kunai"],"max_hp_gain":0,"max_hp_loss":0,"event_name":"WeMeetAgain","floor":22,"gold_loss":0}],"is_beta":false,"boss_relics":[{"not_picked":["Runic Pyramid","Cursed Key"],"picked":"Mark of Pain"}],"items_purged_floors":[4],"is_endless":false,"potions_floor_spawned":[1,14,16,18,21],"killed_by":"Gremlin Leader","ascension_level":4}}