{"host":"mnbcmacrd1psrd1k","time":1611874603,"event":{"mods":["100% Spire Juice","2.2 Compatiblity","AchievementEnabler","Act Like it!","AlwaysNeverKeys","Aspiration","BaseMod","Better Note","CapriCore","Colored Map","Colored Powertips","Conspire","Elementarium","Energized Spire","Friendly Minions","GifTheSpireLib","Googly Eyes","Halation","Highlight Path","Infinite Spire","Marked Mod","Menagerie","Minty Spire (QoL Compilation)","Permanent Neow","Quarter Circle Forward PUNCH!","Quick Restart","RRrroohrrRGHHhhh!!","Rare Cards Sparkle","Relic Sorter","Reliquary","Replay The Spire","Robot Space Explorer","Shop Mod","Small Relic Pack","Spikes Relics","StSLib","Stuff the Spire","SuperFastMode","The Blue Laboratory","The Dragon Tamer","The Druid","TheSurvivalist","Trackpad","Treasure Hunter","Unceasing Turn Reminder","Wandering Minibosses","noobMod","slay the spire mod where everything is the same but ironclad has a cowboy hat","thorton"],"gold_per_floor":[109,109,109,125,148,184,184,60,60,60,74,74,90,9,9,132,132,146,169,183,183,183,183,208,208,276,276,276,276,178,178,266,280,280,410,410,430,446,91,112,112,112],"floor_reached":41,"language":"ENG","playtime":3447,"items_purged":["rorgmod:Ache"],"score":481,"play_id":"f1e478b2-98a5-4aad-953a-c972ac4f3d85","local_time":"20210128165643","is_ascension_mode":false,"campfire_choices":[{"data":"survmod:AcidTrap","floor":7,"key":"SMITH"},{"data":"survmod:MarkedFromAfar","floor":10,"key":"SMITH"},{"data":"survmod:FlashbangShot","floor":25,"key":"SMITH"},{"floor":27,"key":"REST"},{"data":"survmod:SurpriseTrap","floor":31,"key":"SMITH"},{"data":"survmod:ComplexMutation","floor":34,"key":"SMITH"}],"circlet_count":0,"master_deck":["survmod:Strike","survmod:Strike","survmod:Strike","survmod:Strike","survmod:Defend","survmod:Defend","survmod:Defend","survmod:Defend","survmod:VersatileOffense+1","survmod:Sprint","survmod:AimForTheLiver","survmod:AcidTrap+1","survmod:DuckAndFlare","survmod:ExplosiveTrap","survmod:MarkedFromAfar+1","survmod:GoForFace","survmod:AcidArrow","survmod:MarkedFromAfar+1","survmod:SurpriseTrap+1","survmod:CloseCall","survmod:FlashbangShot+1","survmod:QuickDash","survmod:ShrapnelTraps+1","survmod:PiercingShot","survmod:DuckAndFlare+1","TH:PixieDust","survmod:GoForFace","survmod:AcidTrap+1","survmod:ComplexMutation+1","survmod:PerfectPosition","survmod:DuckAndFlare+1","survmod:VersatilePower","survmod:FenceTrap","survmod:PoisonTrap"],"relics":["survmod:InnateMutation","ice","reliquary:RosewoodLute","Golden Idol","Smiling Mask","trackpad:RapidFire","trackpad:ByrdBGone","rorgmod:Black Star","qcfpunch:Broken_Tusk","reliquary:WeakTea","SpikesRelics:ToyHorsey","Kunai","reliquary:PurpleTingedLeaf","Elementarium:ElementariumTrophy","aspiration:SilentSkillbook","Bag of Preparation"],"acts_visited":["Exordium","Exordium","TheBeyond"],"potions_floor_usage":[6,6,16,19,20,26,33,33],"damage_taken":[{"damage":0,"enemies":"Cultist","floor":1,"turns":4},{"damage":5,"enemies":"Jaw Worm","floor":4,"turns":5},{"damage":2,"enemies":"2 Louse","floor":5,"turns":4},{"damage":17,"enemies":"Replay:BlueRogue","floor":6,"turns":9},{"damage":3,"enemies":"Blue Slaver","floor":11,"turns":3},{"damage":2,"enemies":"Large Slime","floor":13,"turns":4},{"damage":52,"enemies":"Fading Forest","floor":16,"turns":11},{"damage":2,"enemies":"Elementarium:Cyclone","floor":18,"turns":5},{"damage":0,"enemies":"Elementarium:MUD_AND_TAR_GOLEMS","floor":19,"turns":3},{"damage":4,"enemies":"Elementarium:VoidBeast","floor":20,"turns":4},{"damage":4,"enemies":"Elementarium:3_ELEMENTALS","floor":24,"turns":3},{"damage":15,"enemies":"Elementarium:WarGolem","floor":26,"turns":5},{"damage":5,"enemies":"Elementarium:ElementalPortal","floor":32,"turns":6},{"damage":4,"enemies":"Elementarium:RubyGolem","floor":33,"turns":4},{"damage":21,"enemies":"Elementarium:GoldenDragon","floor":35,"turns":8},{"damage":27,"enemies":"3 Darklings","floor":37,"turns":4},{"damage":0,"enemies":"Orb Walker","floor":38,"turns":2},{"damage":11,"enemies":"Transient","floor":40,"turns":5},{"damage":0,"enemies":"Jaw Worm Horde","floor":41,"turns":1}],"seed_played":"-4226985408952853302","potions_obtained":[{"floor":4,"key":"blueLaboratory:CorrosionFlask"},{"floor":5,"key":"PowerPotion"},{"floor":6,"key":"blueLaboratory:FruitPunch"},{"floor":19,"key":"EntropicBrew"},{"floor":32,"key":"blueLaboratory:TrueEctoplasm"},{"floor":32,"key":"blueLaboratory:TrueEctoplasm"},{"floor":33,"key":"blueLaboratory:BottledHope"},{"floor":38,"key":"Weak Potion"}],"is_trial":false,"path_per_floor":["M","?","T","M","M","E","R","$","T","R","M","?","M","$","R_BF","B",null,"M","M","M","?","PTL","PTL","M","R","E","R","T","?","$","R","E","M","R","B",null,"M","M","$","M","M"],"character_chosen":"THE_SURVIVOR","items_purchased":["survmod:MarkedFromAfar","survmod:GoForFace","survmod:SurpriseTrap","survmod:GoForFace","survmod:VersatilePower","Bag of Preparation","survmod:FenceTrap"],"campfire_rested":1,"item_purchase_floors":[8,8,14,30,39,39,39],"current_hp_per_floor":[50,50,50,45,43,26,26,26,26,26,23,23,21,21,36,47,54,52,52,48,48,48,48,44,44,29,52,52,77,77,77,72,69,69,50,106,80,80,80,70,70,70],"gold":112,"neow_bonus":"RANDOM_COMMON_RELIC","is_daily":false,"chose_seed":false,"campfire_upgraded":5,"win_rate":0.0,"timestamp":1611874603,"path_taken":["M","?","?","M","M","E","R","$","T","R","M","?","M","?","R_BF","BOSS","M","M","M","?","PTL","PTL","M","R","E","R","T","?","?","R","E","M","R","BOSS","M","M","$","M","?"],"items_purchased_type":["Card","Card","Card","Card","Card","Relic","Card"],"build_version":"2020-12-22","purchased_purges":1,"victory":false,"max_hp_per_floor":[50,50,50,50,50,50,50,50,50,50,50,50,50,50,50,54,54,56,59,68,68,68,68,73,73,77,77,77,77,77,77,88,96,96,106,106,113,114,114,119,119,119],"card_choices":[{"not_picked":["survmod:FocusedFire","survmod:NockAnArrow"],"picked":"survmod:AimForTheLiver","floor":1},{"not_picked":["TH:Mimic","TH:ArmorSpikes"],"picked":"SKIP","floor":3},{"not_picked":["survmod:TakeAim","survmod:NockAnArrow"],"picked":"survmod:AcidTrap","floor":4},{"not_picked":["survmod:Marksmanship","survmod:QuickThinking"],"picked":"survmod:DuckAndFlare","floor":5},{"not_picked":["survmod:AcidTrap","survmod:NockAnArrow"],"picked":"survmod:ExplosiveTrap","floor":6},{"not_picked":["TH:CursedSword","TH:PixieDust"],"picked":"SKIP","floor":6},{"not_picked":["TH:CursedSword","TH:PixieDust"],"picked":"SKIP","floor":6},{"not_picked":["TH:Mimic","TH:ArmorSpikes"],"picked":"SKIP","floor":9},{"not_picked":["survmod:SwiftKick","survmod:SimpleMutation"],"picked":"survmod:AcidArrow","floor":11},{"not_picked":["survmod:RobFromTheRich","survmod:FindCover"],"picked":"survmod:MarkedFromAfar","floor":13},{"not_picked":["survmod:Decoy","survmod:Camouflage"],"picked":"survmod:CloseCall","floor":16},{"not_picked":["survmod:TakeAim","survmod:GoForFace"],"picked":"survmod:FlashbangShot","floor":18},{"not_picked":["survmod:PinningSnipe+1","survmod:UnfortunateEscape"],"picked":"survmod:QuickDash","floor":19},{"not_picked":["survmod:UnfortunateEscape","survmod:PenetratingShot+1"],"picked":"survmod:ShrapnelTraps","floor":20},{"not_picked":["survmod:MarkedFromAfar","survmod:OverexertingShot"],"picked":"survmod:PiercingShot","floor":24},{"not_picked":["survmod:FocusedFire","survmod:PinningSnipe"],"picked":"survmod:DuckAndFlare+1","floor":26},{"not_picked":["TH:Mimic"],"picked":"TH:PixieDust","floor":26},{"not_picked":["TH:TreasureMap","TH:Mimic"],"picked":"SKIP","floor":28},{"not_picked":["survmod:VersatileDefense","survmod:HailOfArrows"],"picked":"survmod:AcidTrap+1","floor":32},{"not_picked":["TH:CopperCoins","TH:EnergyPotion"],"picked":"SKIP","floor":32},{"not_picked":["survmod:MarkTrap","survmod:BearTrap"],"picked":"survmod:ComplexMutation","floor":33},{"not_picked":["survmod:CloseCombat","survmod:CloseCall"],"picked":"survmod:PerfectPosition","floor":35},{"not_picked":["survmod:TwinShot+1","survmod:PenetratingShot","survmod:PinningSnipe+1"],"picked":"survmod:DuckAndFlare+1","floor":37},{"not_picked":["survmod:SkillfulManeuver","survmod:RobFromTheRich","survmod:SimpleMutation+1","survmod:DuckAndFlare"],"picked":"SKIP","floor":38},{"not_picked":["survmod:TakeAim+1","survmod:FenceTrap","survmod:PenetratingShot"],"picked":"survmod:PoisonTrap","floor":40}],"player_experience":540006,"relics_obtained":[{"floor":3,"key":"Smiling Mask"},{"floor":6,"key":"trackpad:RapidFire"},{"floor":9,"key":"trackpad:ByrdBGone"},{"floor":26,"key":"qcfpunch:Broken_Tusk"},{"floor":26,"key":"reliquary:WeakTea"},{"floor":28,"key":"SpikesRelics:ToyHorsey"},{"floor":32,"key":"Kunai"},{"floor":32,"key":"reliquary:PurpleTingedLeaf"}],"event_choices":[{"damage_healed":0,"gold_gain":0,"player_choice":"Take Wound","damage_taken":0,"relics_obtained":["Golden Idol"],"max_hp_gain":0,"max_hp_loss":0,"event_name":"Golden Idol","floor":2,"gold_loss":0,"cards_obtained":["rorgmod:Ache"]},{"damage_healed":0,"gold_gain":0,"player_choice":"Leave","damage_taken":0,"max_hp_gain":0,"max_hp_loss":0,"event_name":"The Cleric","floor":12,"gold_loss":0},{"damage_healed":0,"gold_gain":0,"player_choice":"Meditate","damage_taken":0,"max_hp_gain":0,"max_hp_loss":0,"event_name":"Elementarium:SculptureGarden","floor":21,"gold_loss":0,"cards_upgraded":["survmod:VersatileOffense","survmod:ShrapnelTraps"]},{"damage_healed":27,"gold_gain":0,"player_choice":"Drink","damage_taken":0,"max_hp_gain":0,"max_hp_loss":0,"event_name":"Elementarium:StickySituation","floor":29,"gold_loss":0,"cards_obtained":["Elementarium:StickyTar"]}],"is_beta":false,"boss_relics":[{"not_picked":["CosmicIsotope","Sandwich"],"picked":"rorgmod:Black Star"},{"not_picked":["aspiration:PoetsPen","conspire:RunicOctahedron"],"picked":"aspiration:SilentSkillbook"}],"items_purged_floors":[30],"is_endless":false,"potions_floor_spawned":[4,5,6,19,32,33,38],"killed_by":"Jaw Worm Horde","ascension_level":0}}