{"host":"ds3v42j7tpaaz1mg","time":1611804937,"event":{"mods":["AchievementEnabler","Aspiration","BaseMod","Bestiary","Better Altar","Better Note","Better Sensory Stone","BetterRewards","Block Reminder","Colored Powertips","Conspire","Downfall","Energized Spire","Halation","Hermit","Highlight Path","Hubris","Infinite Spire","Jorbs\u0027s Wanderer Trilogy","Minty Spire (QoL Compilation)","Relic Stats","Replay The Spire","StSLib","The Elementalist","The Servant 0.9.4"],"gold_per_floor":[119,119,119,134,134,161,161,13,13,13,26,26,26,26,26,123,123,140,89,89,109,122,122,154,154,178,178,178,202,60,87,87,186,186,201,220,245,245,265,265,265,275,275,289,316,21,21,35,35,35],"floor_reached":51,"language":"ENG","playtime":1458,"items_purged":["Strike_R"],"score":1536,"play_id":"eebef02e-b9c7-4032-8f0a-c90e4b9e0753","local_time":"20210127223537","is_ascension_mode":true,"campfire_choices":[{"floor":7.0,"key":"REST"},{"floor":10.0,"key":"RECALL"},{"data":"Dark Embrace","floor":12.0,"key":"SMITH"},{"data":"Clothesline","floor":15.0,"key":"SMITH"},{"floor":23.0,"key":"REST"},{"data":"hermit:Magnum","floor":25.0,"key":"SMITH"},{"data":"Glacier","floor":27.0,"key":"SMITH"},{"floor":32.0,"key":"REST"},{"data":"hermit:BlackWind","floor":47.0,"key":"SMITH"},{"data":"stsjorbsmod:Frustration","floor":49,"key":"SMITH"}],"circlet_count":0,"master_deck":["AscendersBane","Strike_R","Strike_R","Strike_R","Strike_R","Defend_R","Defend_R","Defend_R","Defend_R","Bash","Dark Embrace+1","Apotheosis+1","Armaments","Run Through","Wild Strike","Clothesline+1","Cleave+1","Hemokinesis+1","hermit:Magnum+1","Iron Wave","Glacier+1","Blade Dance+1","Adrenaline","hermit:BlackWind+1","stsjorbsmod:ScorchingRay+1","sneckomod:SoulDraw","Consecrate+1","Guardian:Gem_White","WindmillStrike","stsjorbsmod:Frustration+1","bronze:Flail"],"relics":["Burning Blood","Strawberry","BargainBundle","PreservedInsect","Durian","halation:Sosunser","Brimstone","halation:TwoAmDonut","PrismaticShard","aspiration:FetidBarrel","aspiration:PoetsPen_weak","Ancient Tea Set","Lantern","MawBank","Nunchaku","Pet Ghost","aspiration:RitualDagger","hubris:ToyBattleship","conspire:GiftBox","infinitespire:Beetle Shell","Quantum Egg"],"acts_visited":["Exordium","TheCity","TheBeyond"],"potions_floor_usage":[50],"damage_taken":[{"damage":1.0,"enemies":"Jaw Worm","floor":1.0,"turns":3.0},{"damage":8.0,"enemies":"2 Louse","floor":4.0,"turns":2.0},{"damage":18.0,"enemies":"Gremlin Nob","floor":6.0,"turns":3.0},{"damage":6.0,"enemies":"Cultist","floor":11.0,"turns":3.0},{"damage":37.0,"enemies":"Hexaghost","floor":16.0,"turns":7.0},{"damage":5.0,"enemies":"Chosen","floor":18.0,"turns":2.0},{"damage":26.0,"enemies":"Shell Parasite","floor":21.0,"turns":3.0},{"damage":20.0,"enemies":"Centurion and Healer","floor":22.0,"turns":3.0},{"damage":2.0,"enemies":"Gremlin Leader","floor":24.0,"turns":2.0},{"damage":9.0,"enemies":"3 Cultists","floor":29.0,"turns":3.0},{"damage":52.0,"enemies":"hubris:MusketHawk","floor":33.0,"turns":6.0},{"damage":20.0,"enemies":"3 Darklings","floor":35.0,"turns":2.0},{"damage":57.0,"enemies":"3 Shapes","floor":36.0,"turns":4.0},{"damage":33.0,"enemies":"3 Darklings","floor":39.0,"turns":3.0},{"damage":19.0,"enemies":"Transient","floor":42.0,"turns":5.0},{"damage":39.0,"enemies":"Maw","floor":44.0,"turns":3.0},{"damage":17.0,"enemies":"Nemesis","floor":45.0,"turns":3.0},{"damage":7.0,"enemies":"Jaw Worm Horde","floor":48.0,"turns":1.0},{"damage":90,"enemies":"hubris:GrandSnecko","floor":50,"turns":8}],"seed_played":"-5712584936278856059","potions_obtained":[{"floor":1.0,"key":"SneckoOil"},{"floor":6.0,"key":"Languid Potion"},{"floor":20.0,"key":"Elixir"},{"floor":20.0,"key":"DuplicationPotion"},{"floor":29.0,"key":"Regen Potion"},{"floor":33.0,"key":"Milkshake"},{"floor":39.0,"key":"DistilledChaos"},{"floor":42.0,"key":"FearPotion"}],"is_trial":false,"path_per_floor":["M","?","?","M","?","E","R","$","T","R","M","R","?","$","R","B",null,"M","$","?","M","M","R","E","R","T","R","?","M","$","T","R","B",null,"M","M","T","?","M","?","R","M","T","M","E","$","R","M","R","B",null],"character_chosen":"IRONCLAD","items_purchased":["Strawberry","Dark Embrace","BargainBundle","BloodPotion","Block Potion","PreservedInsect","Apotheosis","Durian","halation:Sosunser","Brimstone","Run Through","PrismaticShard","Iron Wave","Nunchaku","Quantum Egg","PowerPotion"],"campfire_rested":3,"item_purchase_floors":[0,0,0,0,0,0,0,0,0,0,0,8,19,30,46,46],"current_hp_per_floor":[59,59,59,57,57,45,72,72,72,72,72,72,54,54,54,23,75,76,76,76,56,42,69,73,73,73,73,73,70,70,70,92,60,84,70,19,19,19,92,92,92,92,92,69,73,73,73,88,88,79],"gold":35,"neow_bonus":"","is_daily":false,"chose_seed":false,"campfire_upgraded":6,"win_rate":0.0,"timestamp":1611804937,"path_taken":["M","?","?","?","?","E","R","$","T","R","M","R","?","$","R","BOSS","M","$","?","M","?","R","E","R","T","R","?","M","$","?","R","BOSS","M","M","?","?","?","?","R","M","T","M","E","?","R","M","R","BOSS"],"items_purchased_type":["Relic","Card","Relic","Potion","Potion","Relic","Card","Relic","Relic","Relic","Card","Relic","Card","Relic","Relic","Potion"],"build_version":"2020-12-22","purchased_purges":1,"victory":true,"max_hp_per_floor":[92,92,92,92,92,92,92,92,92,92,92,92,92,92,92,92,92,92,92,92,92,92,92,92,92,92,92,92,92,92,92,92,92,92,92,92,92,92,92,92,92,92,92,92,92,92,92,92,92,92],"relic_stats":{"Nunchaku":[13],"counters":[61,230],"PreservedInsect":119,"MawBank":24,"obtain_stats":[{"CeramicFish":39,"Vajra":10,"aspiration:PoetsPen_weak":17,"halation:Komachan":42,"Ring of Searing":38,"halation:RedSoulGem":2,"Blood Vial":12,"Centennial Puzzle":24,"Lizard Tail":30,"halation:PrussianBluePaint":43,"Strawberry":10,"downfall:ExtraCursedKey":37,"halation:PromiseList":21,"Replay:Wax Seal":40,"Girya":10,"Happy Flower":8,"ReplayTheSpireMod:CursedCoin":36,"Blue Candle":41,"hubris:FruitBowl":10,"Ring of Chaos":17,"infinitespire:Beetle Shell":45,"aspiration:SeaSaltIceCream":9,"Akabeko":21,"infinitespire:EvilPickle":33,"OrangePellets":0,"Replay:Baseball":14,"conspire:GiftBox":0,"Shuriken":0,"Brimstone":0,"Bronze Scales":22,"halation:PenCase":9,"conspire:BottledYoYo":44,"hubris:TenFootPole":0,"energizedSpire:MagnifyingGlass":17,"hubris:ToyBattleship":37,"Grinning Jar":34,"Abe\u0027s Treasure":34,"Meat on the Bone":0,"Darkstone Periapt":43,"halation:PapillonHeart":47,"Lantern":26,"Torii":45,"halation:Sosunser":0,"aspiration:TomeofQuesting":27,"conspire:SpecialSausage":29,"halation:WeightlessCrab":29,"Replay:Mystery Machine":8,"PrismaticShard":8,"Ancient Tea Set":24,"Burning Blood":0,"Pet Ghost":31,"aspiration:StickyExplosives_weak":31,"Replay:Bandana":14,"Nunchaku":30,"hubris:Icosahedron":4,"Ring of Peace":38,"Tiny Chest":26,"hubris:KleinBottle":10,"BargainBundle":0,"NeowsBlessing":0,"Golden Idol":9,"aspiration:FetidBarrel":9,"Quantum Egg":46,"hubris:MedicalManual":46,"PreservedInsect":0,"hubris:Towel":4,"MawBank":28,"Calling Bell":34,"Ornamental Fan":41,"halation:EternalFortune":36,"hubris:BundleOfHerbs":34,"infinitespire:Burning Sword":42,"Durian":0,"halation:AfternoonTea":26,"halation:TwoAmDonut":6,"aspiration:RitualDagger":34,"infinitespire:Midas Blood":34},{"CeramicFish":37,"Vajra":3,"aspiration:PoetsPen_weak":47,"halation:Komachan":38,"Ring of Searing":37,"halation:RedSoulGem":1,"Blood Vial":5,"Centennial Puzzle":9,"Lizard Tail":11,"halation:PrussianBluePaint":38,"Strawberry":3,"downfall:ExtraCursedKey":37,"halation:PromiseList":31,"Replay:Wax Seal":18,"Girya":3,"Happy Flower":3,"ReplayTheSpireMod:CursedCoin":37,"Blue Candle":38,"hubris:FruitBowl":3,"Ring of Chaos":6,"infinitespire:Beetle Shell":59,"aspiration:SeaSaltIceCream":26,"Akabeko":7,"infinitespire:EvilPickle":13,"OrangePellets":22,"Replay:Baseball":5,"conspire:GiftBox":22,"Shuriken":22,"Brimstone":42,"Bronze Scales":31,"halation:PenCase":3,"conspire:BottledYoYo":18,"hubris:TenFootPole":22,"energizedSpire:MagnifyingGlass":28,"hubris:ToyBattleship":55,"Grinning Jar":36,"Abe\u0027s Treasure":13,"Meat on the Bone":22,"Darkstone Periapt":18,"halation:PapillonHeart":40,"Lantern":51,"Torii":39,"halation:Sosunser":42,"aspiration:TomeofQuesting":11,"conspire:SpecialSausage":11,"halation:WeightlessCrab":11,"Replay:Mystery Machine":26,"PrismaticShard":45,"Ancient Tea Set":51,"Burning Blood":0,"Pet Ghost":52,"aspiration:StickyExplosives_weak":35,"Replay:Bandana":27,"Nunchaku":52,"hubris:Icosahedron":24,"Ring of Peace":37,"Tiny Chest":10,"hubris:KleinBottle":3,"BargainBundle":42,"NeowsBlessing":0,"Golden Idol":26,"aspiration:FetidBarrel":45,"Quantum Egg":59,"hubris:MedicalManual":20,"PreservedInsect":42,"hubris:Towel":1,"MawBank":51,"Calling Bell":36,"Ornamental Fan":18,"halation:EternalFortune":14,"hubris:BundleOfHerbs":36,"infinitespire:Burning Sword":38,"Durian":42,"halation:AfternoonTea":32,"halation:TwoAmDonut":45,"aspiration:RitualDagger":53,"infinitespire:Midas Blood":36},{"CeramicFish":145,"Vajra":4,"aspiration:PoetsPen_weak":182,"halation:Komachan":150,"Ring of Searing":145,"halation:RedSoulGem":1,"Blood Vial":10,"Centennial Puzzle":28,"Lizard Tail":38,"halation:PrussianBluePaint":150,"Strawberry":4,"downfall:ExtraCursedKey":145,"halation:PromiseList":116,"Replay:Wax Seal":64,"Girya":4,"Happy Flower":4,"ReplayTheSpireMod:CursedCoin":145,"Blue Candle":150,"hubris:FruitBowl":4,"Ring of Chaos":16,"infinitespire:Beetle Shell":221,"aspiration:SeaSaltIceCream":98,"Akabeko":22,"infinitespire:EvilPickle":47,"OrangePellets":83,"Replay:Baseball":10,"conspire:GiftBox":83,"Shuriken":83,"Brimstone":164,"Bronze Scales":116,"halation:PenCase":4,"conspire:BottledYoYo":64,"hubris:TenFootPole":83,"energizedSpire:MagnifyingGlass":107,"hubris:ToyBattleship":207,"Grinning Jar":142,"Abe\u0027s Treasure":47,"Meat on the Bone":83,"Darkstone Periapt":64,"halation:PapillonHeart":157,"Lantern":192,"Torii":155,"halation:Sosunser":164,"aspiration:TomeofQuesting":38,"conspire:SpecialSausage":38,"halation:WeightlessCrab":38,"Replay:Mystery Machine":98,"PrismaticShard":172,"Ancient Tea Set":192,"Burning Blood":0,"Pet Ghost":195,"aspiration:StickyExplosives_weak":133,"Replay:Bandana":101,"Nunchaku":195,"hubris:Icosahedron":90,"Ring of Peace":145,"Tiny Chest":34,"hubris:KleinBottle":4,"BargainBundle":164,"NeowsBlessing":0,"Golden Idol":98,"aspiration:FetidBarrel":172,"Quantum Egg":221,"hubris:MedicalManual":72,"PreservedInsect":164,"hubris:Towel":1,"MawBank":192,"Calling Bell":142,"Ornamental Fan":64,"halation:EternalFortune":48,"hubris:BundleOfHerbs":142,"infinitespire:Burning Sword":150,"Durian":164,"halation:AfternoonTea":121,"halation:TwoAmDonut":172,"aspiration:RitualDagger":201,"infinitespire:Midas Blood":142}],"Burning Blood":325},"card_choices":[{"not_picked":["Flex","Body Slam"],"picked":"Clothesline","floor":1.0},{"not_picked":["Headbutt","Havoc"],"picked":"Cleave","floor":4.0},{"not_picked":["Havoc","infinitespire:OneForAll"],"picked":"Hemokinesis","floor":6.0},{"not_picked":["ClearTheMind","Barrage","stsjorbsmod:FindFamiliar"],"picked":"SKIP","floor":11.0},{"not_picked":["champ:VampiricStrike","hexamod:TimeOfNeed"],"picked":"hermit:Magnum","floor":16.0},{"not_picked":["MentalFortress","Slimebound:Replication","Guardian:RollAttack+1"],"picked":"SKIP","floor":18.0},{"not_picked":["Perfected Strike","ReplayTheSpireMod:Strike From Hell+1"],"picked":"Glacier","floor":21.0},{"not_picked":["Poisoned Stab+1","elementalist:Flame"],"picked":"Blade Dance+1","floor":22.0},{"not_picked":["Replay:AllIn","Headbutt","champ:CrownThrow"],"picked":"SKIP","floor":24.0},{"not_picked":["hexamod:InspiringFlames","champ:FancyFootwork","hermit:BodyArmor"],"picked":"SKIP","floor":29.0},{"not_picked":["bronze:Verify","bronze:ShipIt"],"picked":"hermit:BlackWind","floor":33.0},{"not_picked":["elementalist:Overheat","Body Slam"],"picked":"stsjorbsmod:ScorchingRay+1","floor":35.0},{"not_picked":["elementalist:Emberveil","bronze:FineTuning"],"picked":"sneckomod:SoulDraw","floor":36.0},{"not_picked":["hexamod:ThermalTransfer","Guardian:VentSteam"],"picked":"Consecrate+1","floor":39.0},{"not_picked":["hexamod:FastForward","Slimebound:BestDefense+1"],"picked":"stsjorbsmod:Frustration","floor":42.0},{"not_picked":["Slimebound:ComboTackle+1","bronze:Boost"],"picked":"bronze:Flail","floor":44.0},{"not_picked":["SpiritShield","stsjorbsmod:SilverStrike","sneckomod:UnknownClassELEMENTALIST_BLUE"],"picked":"SKIP","floor":45.0},{"not_picked":["Guardian:Harden+1","champ:BladeFlurry","Abandon"],"picked":"SKIP","floor":48.0}],"player_experience":658832,"relics_obtained":[{"floor":6.0,"key":"halation:TwoAmDonut"},{"floor":9.0,"key":"aspiration:FetidBarrel"},{"floor":24.0,"key":"Ancient Tea Set"},{"floor":26.0,"key":"Lantern"},{"floor":31.0,"key":"Pet Ghost"},{"floor":37.0,"key":"hubris:ToyBattleship"},{"floor":43.0,"key":"conspire:GiftBox"},{"floor":45.0,"key":"infinitespire:Beetle Shell"}],"event_choices":[{"damage_healed":0.0,"max_hp_gain":0.0,"max_hp_loss":0.0,"gold_gain":0.0,"event_name":"Accursed Blacksmith","player_choice":"Forge","floor":3.0,"gold_loss":0.0,"damage_taken":0.0,"cards_upgraded":["Apotheosis"]},{"damage_healed":0.0,"max_hp_gain":0.0,"max_hp_loss":0.0,"gold_gain":0.0,"event_name":"conspire:Investor","player_choice":"Leave","floor":5.0,"gold_loss":0.0,"damage_taken":0.0},{"damage_healed":0.0,"max_hp_gain":0.0,"max_hp_loss":0.0,"gold_gain":0.0,"event_name":"Shining Light","player_choice":"Entered Light","floor":13.0,"gold_loss":0.0,"damage_taken":18.0,"cards_upgraded":["Cleave","Hemokinesis"]},{"damage_healed":0.0,"max_hp_gain":0.0,"max_hp_loss":0.0,"gold_gain":0.0,"event_name":"Lab","player_choice":"Got Potions","floor":20.0,"gold_loss":0.0,"damage_taken":0.0},{"damage_healed":0.0,"max_hp_gain":0.0,"max_hp_loss":0.0,"gold_gain":0.0,"event_name":"The Mausoleum","player_choice":"Opened","floor":28.0,"gold_loss":0.0,"damage_taken":0.0,"relics_obtained":["MawBank"]}],"is_beta":false,"boss_relics":[{"not_picked":["aspiration:DefectSkillbook","halation:Yufonium"],"picked":"aspiration:PoetsPen_weak"},{"not_picked":["aspiration:FutureDiary","Runic Dome"],"picked":"aspiration:RitualDagger"}],"items_purged_floors":[0],"is_endless":false,"potions_floor_spawned":[1,6,29,33,39,42,48],"ascension_level":12}}