{"host":"wghdsg8ym2wc7ov9","time":1611801396,"event":{"mods":["AchievementEnabler","Astrologer","BaseMod","Beaked The Cultist","Better Altar","Better Note","ChefMod","Colored Map","Evolution","Fox Events","Hermit","Highlight Path","Jorbs\u0027s Wanderer Trilogy","KinomotoSakuraMod(????)","Minty Spire (QoL Compilation)","Random Character Button","Relic Stats","SIMod","Shop Mod","StSLib","The Blackbeard","The Bladedancer","The Construct","The Cursed","The Death Knight","The Gatherer","The Hierophant","The Marked","The Mystic","The Necromancer","The Runesmith","The Senshi","The Servant 0.9.4"],"gold_per_floor":[118,118,132,149,166,194,210,210,210,210,224,243,243,418,418,513,513,528,528,554,571,571,571],"floor_reached":22,"language":"ENG","playtime":4315,"items_purged":[],"score":218,"play_id":"22e8a773-0958-4c73-9fd4-9c4176d4b6dd","local_time":"20210127183636","is_ascension_mode":true,"campfire_choices":[{"data":"SpellCardSeal","floor":8,"key":"SMITH"},{"data":"ClowCardTheFight","floor":10,"key":"SMITH"},{"floor":15,"key":"REST"}],"circlet_count":0,"master_deck":["SakuraCardTheDream+","ClowCardTheShot+1","ClowCardTheSword","ClowCardTheSword","ClowCardTheShield","ClowCardTheShield","ClowCardTheShield","ClowCardTheShield","SpellCardSeal+1","SpellCardRelease","ClowCardTheSong+1","ClowCardTheJump","ClowCardTheFight+1","ClowCardTheWindy","ClowCardTheMirror","ClowCardTheDream+1","ClowCardTheMove","Doubt","ClowCardTheDark","ClowCardTheMaze","Violence","ClowCardTheRain","ClowCardTheFreeze+1"],"relics":["KSMOD_SealedBook","KSMOD_SealedWand","EVO:Axolotl","Anchor","beaked:MawFillet","Whetstone"],"acts_visited":["Exordium","TheCity"],"potions_floor_usage":[6,16,20,21,21,22],"damage_taken":[{"damage":0,"enemies":"2 Louse","floor":1,"turns":4},{"damage":1,"enemies":"Cultist","floor":3,"turns":4},{"damage":2,"enemies":"Small Slimes","floor":4,"turns":3},{"damage":10,"enemies":"Looter","floor":5,"turns":3},{"damage":7,"enemies":"Gremlin Nob","floor":6,"turns":3},{"damage":3,"enemies":"Exordium Thugs","floor":7,"turns":7},{"damage":0,"enemies":"Exordium Wildlife","floor":11,"turns":3},{"damage":0,"enemies":"Blue Slaver","floor":12,"turns":1},{"damage":45,"enemies":"The Guardian","floor":16,"turns":7},{"damage":0,"enemies":"Spheric Guardian","floor":18,"turns":2},{"damage":69,"enemies":"Slavers","floor":20,"turns":7},{"damage":0,"enemies":"3 Byrds","floor":21,"turns":5},{"damage":9,"enemies":"Shelled Parasite and Fungi","floor":22,"turns":2}],"seed_played":"5039919282740535461","potions_obtained":[{"floor":3,"key":"KSMOD_MagickBottle"},{"floor":5,"key":"LiquidBronze"},{"floor":6,"key":"SpeedPotion"},{"floor":11,"key":"LiquidBronze"},{"floor":16,"key":"GamblersBrew"},{"floor":20,"key":"AttackPotion"},{"floor":21,"key":"construct:ShiftPotion"}],"is_trial":false,"path_per_floor":["M","?","M","M","M","E","M","R","T","R","M","M","?","?","R","B",null,"M","?","E","M","M"],"character_chosen":"KINOMOTOSAKURA","items_purchased":[],"campfire_rested":1,"item_purchase_floors":[],"current_hp_per_floor":[70,70,69,67,57,50,47,47,47,47,47,47,47,47,68,23,70,70,70,1,1,0,0],"gold":571,"neow_bonus":"RANDOM_COLORLESS","is_daily":false,"chose_seed":false,"campfire_upgraded":2,"win_rate":0.0,"timestamp":1611801396,"path_taken":["M","?","M","M","M","E","M","R","T","R","?","M","?","?","R","BOSS","M","?","E","M","M"],"items_purchased_type":[],"build_version":"2020-12-22","purchased_purges":0,"victory":false,"max_hp_per_floor":[70,70,70,70,70,70,70,70,70,70,70,70,70,70,70,70,70,70,70,70,70,70,70],"relic_stats":{"counters":[13,51],"Whetstone":["ClowCardTheSong","ClowCardTheShot"],"obtain_stats":[{"Anchor":6,"KSMOD_SealedBook":0,"beaked:MawFillet":17,"KSMOD_SealedWand":0,"EVO:Axolotl":0,"Whetstone":20},{"Anchor":5,"KSMOD_SealedBook":0,"beaked:MawFillet":9,"KSMOD_SealedWand":0,"EVO:Axolotl":0,"Whetstone":11},{"Anchor":17,"KSMOD_SealedBook":0,"beaked:MawFillet":35,"KSMOD_SealedWand":0,"EVO:Axolotl":0,"Whetstone":44}]},"card_choices":[{"not_picked":["Forethought","Purity"],"picked":"Blind","floor":0},{"not_picked":["ClowCardTheLock","ClowCardTheSilent"],"picked":"ClowCardTheSong","floor":1},{"not_picked":["ClowCardTheStorm","ClowCardTheShadow"],"picked":"ClowCardTheJump","floor":3},{"not_picked":["ClowCardTheMirror","ClowCardTheIllusion"],"picked":"ClowCardTheFight","floor":4},{"not_picked":["ClowCardTheLibra","ClowCardTheLock"],"picked":"ClowCardTheWindy","floor":5},{"not_picked":["ClowCardTheSand","ClowCardTheShot"],"picked":"ClowCardTheDream","floor":6},{"not_picked":["ClowCardTheStorm","ClowCardTheShot"],"picked":"ClowCardTheMirror","floor":7},{"not_picked":["ClowCardTheLoop","ClowCardTheMist"],"picked":"ClowCardTheDream","floor":11},{"not_picked":["ClowCardTheLock","ClowCardTheDream"],"picked":"ClowCardTheMove","floor":12},{"not_picked":["ClowCardTheThrough","ClowCardTheDash"],"picked":"ClowCardTheDark","floor":16},{"not_picked":["ClowCardTheShadow","ClowCardTheSong+1"],"picked":"ClowCardTheMaze","floor":18},{"not_picked":["ClowCardTheMirror","ClowCardTheChange"],"picked":"ClowCardTheRain","floor":20},{"not_picked":["ClowCardTheLibra","ClowCardTheSleep+1"],"picked":"ClowCardTheFreeze+1","floor":21}],"player_experience":802789,"relics_obtained":[{"floor":6,"key":"Anchor"},{"floor":20,"key":"Whetstone"}],"event_choices":[{"cards_removed":["ClowCardTheSword"],"damage_healed":0,"gold_gain":0,"player_choice":"Card Removal","damage_taken":0,"max_hp_gain":0,"max_hp_loss":0,"event_name":"Wheel of Change","floor":2,"gold_loss":0},{"damage_healed":0,"gold_gain":0,"player_choice":"Grow","damage_taken":0,"max_hp_gain":0,"max_hp_loss":0,"event_name":"Living Wall","floor":13,"gold_loss":0,"cards_upgraded":["ClowCardTheDream"]},{"damage_healed":0,"gold_gain":175,"player_choice":"AGREE","damage_taken":0,"max_hp_gain":0,"max_hp_loss":0,"event_name":"Liars Game","floor":14,"gold_loss":0,"cards_obtained":["Doubt"]},{"damage_healed":0,"gold_gain":0,"cards_transformed":["Blind"],"player_choice":"Transformed","damage_taken":0,"max_hp_gain":0,"max_hp_loss":0,"event_name":"Transmorgrifier","floor":19,"gold_loss":0,"cards_obtained":["Violence"]}],"is_beta":false,"boss_relics":[{"not_picked":["beaked:SacredDeck","Ectoplasm"],"picked":"beaked:MawFillet"}],"items_purged_floors":[],"is_endless":false,"potions_floor_spawned":[3,5,6,11,16,20,21],"killed_by":"Shelled Parasite and Fungi","ascension_level":1}}