{"host":"w4b7hmige5bnqipq","time":1611853967,"event":{"mods":["2.2 Compatiblity","BaseMod","Colored Map","DeckTracker","Keyboard Shortcuts","Minty Spire (QoL Compilation)","Permanent Neow","Rare Cards Sparkle","SuperFastMode","everything is the same but u backflip on backflip","slay the spire mod where everything is the same but ironclad has a cowboy hat"],"gold_per_floor":[15,15,31,31,31,31,66,66,66,86,105,139,153,168,168,242,242,258,23,23,23,23,23,23],"floor_reached":23,"language":"KOR","playtime":505,"items_purged":["Strike_G"],"score":398,"play_id":"9815ef7f-1a58-45bb-8b37-3c90ebfcb669","local_time":"20210129021247","is_ascension_mode":true,"campfire_choices":[{"data":"Apotheosis","floor":6.0,"key":"SMITH"},{"floor":8.0,"key":"REST"},{"floor":15,"key":"REST"}],"circlet_count":0,"master_deck":["AscendersBane","Strike_G","Strike_G","Defend_G","Defend_G","Defend_G","Defend_G","Defend_G","Survivor","Neutralize","Apotheosis+1","Footwork","Backflip","Masterful Stab","Dagger Spray","Malaise","Deadly Poison","Blur","Envenom","CurseOfTheBell","Escape Plan","Reflex","Tactician","Apotheosis+1"],"relics":["Ring of the Snake","Pen Nib","Matryoshka","Bronze Scales","Calling Bell","Strawberry","Ninja Scroll","Girya"],"acts_visited":["Exordium","TheCity"],"potions_floor_usage":[],"damage_taken":[{"damage":0.0,"enemies":"2 Louse","floor":1.0,"turns":4.0},{"damage":6.0,"enemies":"Small Slimes","floor":3.0,"turns":5.0},{"damage":50.0,"enemies":"Gremlin Nob","floor":7.0,"turns":5.0},{"damage":0.0,"enemies":"Cultist","floor":10.0,"turns":4.0},{"damage":10.0,"enemies":"Exordium Wildlife","floor":11.0,"turns":4.0},{"damage":2.0,"enemies":"3 Sentries","floor":12.0,"turns":10.0},{"damage":0.0,"enemies":"Red Slaver","floor":13.0,"turns":2.0},{"damage":1,"enemies":"Exordium Thugs","floor":14,"turns":5},{"damage":10,"enemies":"The Guardian","floor":16,"turns":11},{"damage":19,"enemies":"Spheric Guardian","floor":18,"turns":4},{"damage":47,"enemies":"Slavers","floor":23,"turns":3}],"seed_played":"352736414139796858","potions_obtained":[{"floor":1.0,"key":"AttackPotion"},{"floor":7.0,"key":"Dexterity Potion"},{"floor":10.0,"key":"AttackPotion"},{"floor":16,"key":"BlessingOfTheForge"}],"is_trial":false,"path_per_floor":["M","?","M","?","?","R","E","R","T","M","M","E","M","M","R","B",null,"M","$","?","$","?","E"],"character_chosen":"THE_SILENT","items_purchased":["Reflex","Tactician"],"campfire_rested":2,"item_purchase_floors":[19,19],"current_hp_per_floor":[59,59,53,53,53,53,3,22,22,22,12,10,10,9,28,18,61,42,42,42,42,42,0,0],"gold":23,"neow_bonus":"RANDOM_COLORLESS_2","is_daily":false,"chose_seed":false,"campfire_upgraded":1,"win_rate":0.0,"timestamp":1611853967,"path_taken":["M","?","M","?","?","R","E","R","T","M","M","E","M","M","R","BOSS","M","$","?","$","?","E"],"items_purchased_type":["Card","Card"],"build_version":"2020-12-22","purchased_purges":1,"victory":false,"max_hp_per_floor":[66,66,66,66,66,66,66,66,66,66,66,66,66,66,66,66,73,73,73,73,73,73,73,73],"card_choices":[{"not_picked":["Panache","Thinking Ahead"],"picked":"Apotheosis","floor":0.0},{"not_picked":["Reflex","Dodge and Roll"],"picked":"Footwork","floor":1.0},{"not_picked":["Leg Sweep","PiercingWail"],"picked":"Backflip","floor":3.0},{"not_picked":["Calculated Gamble","Infinite Blades"],"picked":"Masterful Stab","floor":7.0},{"not_picked":["Outmaneuver","Calculated Gamble"],"picked":"Dagger Spray","floor":10.0},{"not_picked":["Footwork","Accuracy"],"picked":"Malaise","floor":11.0},{"not_picked":["Quick Slash","Well Laid Plans","Outmaneuver"],"picked":"SKIP","floor":12.0},{"not_picked":["Predator","Tactician"],"picked":"Deadly Poison","floor":13.0},{"not_picked":["Slice","Poisoned Stab"],"picked":"Blur","floor":14},{"not_picked":["A Thousand Cuts","Unload"],"picked":"Envenom","floor":16},{"not_picked":["Calculated Gamble","Poisoned Stab"],"picked":"Escape Plan","floor":18}],"player_experience":622414,"relics_obtained":[{"floor":7.0,"key":"Pen Nib"},{"floor":9.0,"key":"Matryoshka"},{"floor":12.0,"key":"Bronze Scales"},{"floor":17,"key":"Strawberry"},{"floor":17,"key":"Ninja Scroll"},{"floor":17,"key":"Girya"}],"event_choices":[{"cards_removed":["Strike_G"],"damage_healed":0.0,"max_hp_gain":0.0,"max_hp_loss":0.0,"gold_gain":0.0,"event_name":"Living Wall","player_choice":"Forget","floor":2.0,"gold_loss":0.0,"damage_taken":0.0},{"damage_healed":0.0,"max_hp_gain":0.0,"max_hp_loss":0.0,"gold_gain":0.0,"event_name":"Liars Game","player_choice":"Ignored","floor":4.0,"gold_loss":0.0,"damage_taken":0.0},{"cards_removed":["Strike_G"],"damage_healed":0.0,"max_hp_gain":0.0,"max_hp_loss":0.0,"gold_gain":0.0,"event_name":"Bonfire Elementals","player_choice":"Offered Basic","floor":5.0,"gold_loss":0.0,"damage_taken":0.0},{"damage_healed":0,"gold_gain":0,"player_choice":"Ignored","damage_taken":0,"max_hp_gain":0,"max_hp_loss":0,"event_name":"Vampires","floor":20,"gold_loss":0},{"damage_healed":0,"gold_gain":0,"player_choice":"Copied","damage_taken":0,"max_hp_gain":0,"max_hp_loss":0,"event_name":"Duplicator","floor":22,"gold_loss":0,"cards_obtained":["Apotheosis"]}],"is_beta":false,"boss_relics":[{"not_picked":["Cursed Key","SacredBark"],"picked":"Calling Bell"}],"items_purged_floors":[19],"is_endless":false,"potions_floor_spawned":[1,7,10,11,16],"killed_by":"Slavers","ascension_level":20}}