{"host":"dlqcqir7p8cpkknl","time":1611857529,"event":{"mods":["BaseMod","Colored Map","Downfall","Minty Spire (QoL Compilation)","StSLib"],"gold_per_floor":[99,118,137,137,137,155,207,223,23,39,66,103,103,116,135,135,135,135],"floor_reached":16,"language":"ENG","playtime":1031,"items_purged":[],"score":131,"play_id":"59a2290e-28a0-4e2a-9904-4dbd421d657c","local_time":"20210128181209","is_ascension_mode":false,"campfire_choices":[{"floor":1,"key":"RECALL"},{"data":"Guardian:ChargeCore","floor":9,"key":"SMITH"}],"circlet_count":0,"master_deck":["Guardian:Strike_Guardian","Guardian:Strike_Guardian","Guardian:Strike_Guardian","Guardian:Strike_Guardian","Guardian:Defend_Guardian","Guardian:Defend_Guardian","Guardian:Defend_Guardian","Guardian:Defend_Guardian","Guardian:CurlUp","Guardian:TwinSlam","Guardian:VentSteam","Regret","Guardian:PiercingHide","Guardian:ChargeCore+1","Guardian:DonusPower","Guardian:PiercingHide","Guardian:SpikerProtocol+1","Guardian:WalkerClaw"],"relics":["Guardian:ModeShifter","Mummified Hand","downfall:HeartBlessingRed","downfall:HeartBlessingBlue","Strawberry"],"acts_visited":["Exordium"],"potions_floor_usage":[8,8,10,12],"damage_taken":[{"damage":10,"enemies":"Small Slimes","floor":2,"turns":4},{"damage":10,"enemies":"Cultist","floor":3,"turns":4},{"damage":4,"enemies":"Jaw Worm","floor":6,"turns":5},{"damage":10,"enemies":"Gremlin Gang","floor":8,"turns":3},{"damage":0,"enemies":"Large Slime","floor":10,"turns":2},{"damage":25,"enemies":"Lagavulin","floor":11,"turns":9},{"damage":2,"enemies":"Lots of Slimes","floor":12,"turns":3},{"damage":9,"enemies":"Exordium Wildlife","floor":14,"turns":2},{"damage":16,"enemies":"Blue Slaver","floor":15,"turns":4},{"damage":25,"enemies":"SI_SHIV_ARCHETYPE","floor":16,"turns":8}],"seed_played":"-1104920190339787541","potions_obtained":[{"floor":3,"key":"SteroidPotion"},{"floor":6,"key":"LiquidBronze"},{"floor":8,"key":"Fire Potion"},{"floor":11,"key":"ColorlessPotion"},{"floor":12,"key":"Ancient Potion"}],"is_trial":false,"path_per_floor":["R","M","M","?","?","M","T","M","R","M","E","M","?","M","M","B"],"character_chosen":"GUARDIAN","items_purchased":[],"campfire_rested":0,"item_purchase_floors":[],"current_hp_per_floor":[88,78,68,68,68,64,64,54,64,64,46,44,44,35,19,0,0,0],"gold":135,"neow_bonus":"TEN_PERCENT_HP_BONUS","is_daily":false,"chose_seed":false,"campfire_upgraded":1,"win_rate":0.0,"timestamp":1611857529,"path_taken":["R","M","M","?","?","M","T","M","R","M","E","?","?","?","M","BOSS"],"items_purchased_type":[],"build_version":"2020-12-22","purchased_purges":0,"victory":false,"max_hp_per_floor":[88,88,88,88,88,88,88,88,98,98,105,105,105,105,105,105,105,105],"card_choices":[{"not_picked":["Guardian:Gem_Red","Guardian:DecasProtection"],"picked":"Guardian:VentSteam","floor":2},{"not_picked":["Guardian:Suspension","Guardian:CrystalBeam","Guardian:RefractedBeam"],"picked":"SKIP","floor":3},{"not_picked":["Guardian:PrimingBeam","Guardian:ArmoredProtocol"],"picked":"Guardian:Gem_Cyan","floor":6},{"not_picked":["Guardian:Suspension","Guardian:SentryBeam"],"picked":"Guardian:ChargeCore","floor":8},{"not_picked":["Guardian:FloatingOrbs","Guardian:VentSteam"],"picked":"Guardian:DonusPower","floor":10},{"not_picked":["Guardian:StasisEngine","Guardian:ChargeCore"],"picked":"Guardian:PiercingHide","floor":11},{"not_picked":["Guardian:Suspension","Guardian:Gem_Cyan"],"picked":"Guardian:SpikerProtocol","floor":12},{"not_picked":["Guardian:VentSteam","Guardian:Planning","Guardian:BronzeOrb"],"picked":"SKIP","floor":14},{"not_picked":["Guardian:DonusPower","Guardian:CrystalBeam"],"picked":"Guardian:WalkerClaw","floor":15}],"player_experience":290836,"relics_obtained":[{"floor":11,"key":"Strawberry"}],"event_choices":[{"damage_healed":0,"gold_gain":0,"player_choice":"Box","damage_taken":0,"relics_obtained":["Mummified Hand"],"max_hp_gain":0,"max_hp_loss":0,"event_name":"Big Fish","floor":4,"gold_loss":0,"cards_obtained":["Regret"]}],"is_beta":false,"boss_relics":[],"items_purged_floors":[],"is_endless":false,"potions_floor_spawned":[3,6,8,11,12],"killed_by":"SI_SHIV_ARCHETYPE","ascension_level":0}}