{"host":"c3lc60y5x60jlt1y","time":1611827702,"event":{"mods":["AchievementEnabler","BaseMod","Bestiary","Colored Map","Minty Spire (QoL Compilation)","Quick Restart","StSLib","ojb\u0027s Info Mod"],"gold_per_floor":[117,135,155,155,155,186,186,219,219,219,1,28,28,47,47,125,125,145,156,156,236,236,261,41,52,79,79,79,129,129,143,143,218,218,230,230,15,41,41,41,41],"floor_reached":40,"language":"ENG","playtime":2862,"items_purged":[],"score":911,"play_id":"f0cc298d-a049-4df6-9996-4a6afbcfd1cd","local_time":"20210128115502","is_ascension_mode":true,"campfire_choices":[{"floor":7.0,"key":"REST"},{"floor":10.0,"key":"REST"},{"data":"Intimidate","floor":15.0,"key":"SMITH"},{"data":"Double Tap","floor":28.0,"key":"SMITH"},{"data":"Demon Form","floor":32.0,"key":"SMITH"}],"circlet_count":0,"master_deck":["AscendersBane","Bash","Impervious","Dual Wield","Fiend Fire","Feed+1","Immolate","Flame Barrier","Pommel Strike","Armaments+1","Metallicize","Evolve","Demon Form+1","Pommel Strike","Intimidate+1","Double Tap+1","Heavy Blade+1","Seeing Red","Ghostly Armor","Pommel Strike+1","Feed+1","Bludgeon+1","Dark Embrace","Madness","Madness"],"relics":["Pandora\u0027s Box","Question Card","Bag of Marbles","Gremlin Horn","Anchor","Akabeko","Tiny Chest","Coffee Dripper","MutagenicStrength","Molten Egg 2","Juzu Bracelet","Orichalcum","Pantograph","Mark of Pain","MealTicket","Omamori"],"acts_visited":["Exordium","TheCity","TheBeyond"],"potions_floor_usage":[40],"damage_taken":[{"damage":0.0,"enemies":"2 Louse","floor":1.0,"turns":2.0},{"damage":0.0,"enemies":"Small Slimes","floor":2.0,"turns":2.0},{"damage":0.0,"enemies":"Jaw Worm","floor":3.0,"turns":2.0},{"damage":15.0,"enemies":"3 Sentries","floor":6.0,"turns":6.0},{"damage":28.0,"enemies":"Gremlin Nob","floor":8.0,"turns":5.0},{"damage":15.0,"enemies":"3 Sentries","floor":12.0,"turns":5.0},{"damage":0.0,"enemies":"2 Fungi Beasts","floor":14.0,"turns":1.0},{"damage":18.0,"enemies":"Hexaghost","floor":16.0,"turns":7.0},{"damage":15.0,"enemies":"Spheric Guardian","floor":18.0,"turns":5.0},{"damage":11.0,"enemies":"Shell Parasite","floor":19.0,"turns":4.0},{"damage":32.0,"enemies":"Gremlin Leader","floor":23.0,"turns":5.0},{"damage":18.0,"enemies":"Snake Plant","floor":25.0,"turns":3.0},{"damage":0.0,"enemies":"Colosseum Slavers","floor":30.0,"turns":1.0},{"damage":0.0,"enemies":"3 Cultists","floor":31.0,"turns":4.0},{"damage":12.0,"enemies":"Champ","floor":33.0,"turns":9.0},{"damage":13.0,"enemies":"3 Shapes","floor":35.0,"turns":4.0},{"damage":76,"enemies":"Reptomancer","floor":40,"turns":3}],"seed_played":"8429012259175180068","potions_obtained":[{"floor":1.0,"key":"SpeedPotion"},{"floor":2.0,"key":"LiquidBronze"},{"floor":6.0,"key":"Swift Potion"},{"floor":14.0,"key":"CultistPotion"},{"floor":16.0,"key":"HeartOfIron"},{"floor":23.0,"key":"SkillPotion"},{"floor":25.0,"key":"ColorlessPotion"},{"floor":33.0,"key":"BloodPotion"}],"is_trial":false,"path_per_floor":["M","M","M","?","?","E","R","E","T","R","$","E","T","M","R","B",null,"M","M","?","T","?","E","$","M","T","T","R","?","?","M","R","B",null,"M","?","$","T","?","E"],"character_chosen":"IRONCLAD","items_purchased":["Anchor","Pommel Strike","Fruit Juice","Fruit Juice","MealTicket","Block Potion"],"campfire_rested":2,"item_purchase_floors":[11,11,24,24,37,37],"current_hp_per_floor":[68,71,74,50,43,28,52,24,24,48,48,33,33,33,33,19,69,54,43,43,43,43,11,21,3,3,3,3,3,3,7,7,20,79,70,51,71,71,71,0,0],"gold":41,"neow_bonus":"BOSS_RELIC","is_daily":false,"chose_seed":false,"campfire_upgraded":3,"win_rate":0.0,"timestamp":1611827702,"path_taken":["M","M","M","?","?","E","R","E","T","R","$","E","?","M","R","BOSS","M","M","?","?","?","E","$","M","T","?","R","?","?","M","R","BOSS","M","?","$","?","?","E"],"items_purchased_type":["Relic","Card","Potion","Potion","Relic","Potion"],"build_version":"2020-12-22","purchased_purges":0,"victory":false,"max_hp_per_floor":[75,78,81,81,81,81,81,81,81,81,81,81,81,81,81,85,85,85,85,85,85,85,85,95,95,95,95,95,95,95,99,99,99,99,103,103,103,103,103,103,103],"card_choices":[{"not_picked":["Pummel","Entrench","Infernal Blade"],"picked":"SKIP","floor":1.0},{"not_picked":["Warcry","Body Slam"],"picked":"Armaments","floor":2.0},{"not_picked":["Perfected Strike","Havoc"],"picked":"Metallicize","floor":3.0},{"not_picked":["Second Wind","Havoc"],"picked":"Evolve","floor":6.0},{"not_picked":["Hemokinesis","Bloodletting","Rage"],"picked":"Demon Form","floor":8.0},{"not_picked":["Clash","Barricade","Body Slam","Cleave"],"picked":"SKIP","floor":12.0},{"not_picked":["Flex","Twin Strike","Blood for Blood"],"picked":"Intimidate","floor":14.0},{"not_picked":["Corruption","Barricade","Brutality"],"picked":"Double Tap","floor":16.0},{"not_picked":["True Grit","Warcry","Clothesline"],"picked":"Heavy Blade+1","floor":18.0},{"not_picked":["Headbutt+1","Ghostly Armor","Sentinel"],"picked":"Seeing Red","floor":19.0},{"not_picked":["Perfected Strike+1","Seeing Red","Iron Wave+1"],"picked":"Ghostly Armor","floor":23.0},{"not_picked":["Clash+1","Wild Strike+1","Twin Strike+1"],"picked":"Pommel Strike+1","floor":25.0},{"not_picked":["Headbutt+1","Body Slam+1","Evolve"],"picked":"Feed+1","floor":31.0},{"not_picked":["Offering","Berserk","Demon Form"],"picked":"Bludgeon+1","floor":33.0},{"not_picked":["Armaments+1","Burning Pact","Thunderclap+1"],"picked":"Dark Embrace","floor":35.0}],"player_experience":8707913,"relics_obtained":[{"floor":6.0,"key":"Question Card"},{"floor":8.0,"key":"Bag of Marbles"},{"floor":9.0,"key":"Gremlin Horn"},{"floor":12.0,"key":"Akabeko"},{"floor":13.0,"key":"Tiny Chest"},{"floor":21.0,"key":"Molten Egg 2"},{"floor":23.0,"key":"Juzu Bracelet"},{"floor":26.0,"key":"Orichalcum"},{"floor":27.0,"key":"Pantograph"},{"floor":38.0,"key":"Omamori"}],"event_choices":[{"damage_healed":0.0,"max_hp_gain":0.0,"max_hp_loss":0.0,"gold_gain":0.0,"event_name":"Shining Light","player_choice":"Entered Light","floor":4.0,"gold_loss":0.0,"damage_taken":24.0,"cards_upgraded":["Armaments","Feed"]},{"cards_removed":["Berserk"],"damage_healed":0.0,"max_hp_gain":0.0,"max_hp_loss":0.0,"gold_gain":0.0,"event_name":"Golden Wing","player_choice":"Card Removal","floor":5.0,"gold_loss":0.0,"damage_taken":7.0},{"damage_healed":0.0,"max_hp_gain":0.0,"max_hp_loss":0.0,"gold_gain":0.0,"event_name":"Drug Dealer","player_choice":"Inject Mutagens","floor":20.0,"gold_loss":0.0,"damage_taken":0.0,"relics_obtained":["MutagenicStrength"]},{"damage_healed":0.0,"max_hp_gain":0.0,"max_hp_loss":0.0,"gold_gain":0.0,"event_name":"Beggar","player_choice":"Ignored","floor":22.0,"gold_loss":0.0,"damage_taken":0.0},{"damage_healed":0.0,"max_hp_gain":0.0,"max_hp_loss":0.0,"gold_gain":50.0,"event_name":"Nest","player_choice":"Stole From Cult","floor":29.0,"gold_loss":0.0,"damage_taken":0.0},{"damage_healed":0.0,"max_hp_gain":0.0,"max_hp_loss":0.0,"gold_gain":0.0,"event_name":"Colosseum","player_choice":"Fight","floor":30.0,"gold_loss":0.0,"damage_taken":0.0},{"damage_healed":0.0,"max_hp_gain":0.0,"max_hp_loss":0.0,"gold_gain":0.0,"event_name":"Colosseum","player_choice":"Fled From Nobs","floor":30.0,"gold_loss":0.0,"damage_taken":0.0},{"damage_healed":0.0,"max_hp_gain":0.0,"max_hp_loss":0.0,"gold_gain":0.0,"event_name":"Winding Halls","player_choice":"Embrace Madness","floor":36.0,"gold_loss":0.0,"damage_taken":19.0,"cards_obtained":["Madness","Madness"]},{"cards_removed":["Headbutt"],"damage_healed":0.0,"max_hp_gain":0.0,"max_hp_loss":0.0,"gold_gain":0.0,"event_name":"Falling","player_choice":"Removed Attack","floor":39.0,"gold_loss":0.0,"damage_taken":0.0}],"is_beta":false,"boss_relics":[{"not_picked":["Empty Cage","Runic Dome"],"picked":"Coffee Dripper"},{"not_picked":["Sozu","Philosopher\u0027s Stone"],"picked":"Mark of Pain"}],"items_purged_floors":[],"is_endless":false,"potions_floor_spawned":[1,2,6,14,16,23,25,33],"killed_by":"Reptomancer","ascension_level":20}}