{"host":"lq2h7q9ca6uwu60x","time":1611818907,"event":{"mods":["Act Like it!","BaseMod","Gensokyo","Koishi","Marisa£®ÏF”Í°°ƒß¿Ì…≥£©","Minty Spire (QoL Compilation)","StSLib","Youmu£®ªÍ∆«—˝√Œ£©"],"gold_per_floor":[10,10,10,24,104,29,64,64,64,64,13,30,48,48,48,348,348],"floor_reached":16,"language":"ZHS","playtime":401,"items_purged":["Koishi:BasicStrike"],"score":120,"play_id":"52cccb47-029e-49b0-8f93-acd9b7e332c0","local_time":"20210128152827","is_ascension_mode":true,"campfire_choices":[{"data":"Gensokyo:CrescentMoonSlash","floor":8,"key":"SMITH"},{"data":"Koishi:UnseenTerror","floor":15,"key":"SMITH"}],"circlet_count":0,"master_deck":["Koishi:BasicStrike","Koishi:BasicStrike","Koishi:BasicStrike","Koishi:BasicDefend","Koishi:BasicDefend","Koishi:BasicDefend","Koishi:BasicDefend","Koishi:Provoke","Koishi:HauntingSlash","Master of Strategy","Gensokyo:CrescentMoonSlash+1","Koishi:Untouchable","Clumsy","Gensokyo:TarnishedGold","Koishi:UnseenTerror+1"],"relics":["Koishi:ImaginaryFriend","Anchor","Vajra","The Courier","Gensokyo:NagashiBinaDoll","Gensokyo:Justice"],"acts_visited":["Exordium"],"potions_floor_usage":[],"damage_taken":[{"damage":0.0,"enemies":"Gensokyo:Python","floor":1.0,"turns":3.0},{"damage":0,"enemies":"Gensokyo:2_Kodama","floor":4,"turns":2},{"damage":9,"enemies":"Gensokyo:Mamizou","floor":7,"turns":10},{"damage":0,"enemies":"Gensokyo:Gryphon","floor":12,"turns":6},{"damage":0,"enemies":"Gensokyo:3_Kodama","floor":13,"turns":1},{"damage":39,"enemies":"Gensokyo:Yukari","floor":16,"turns":3}],"seed_played":"-5111466314278710328","potions_obtained":[{"floor":7,"key":"FearPotion"},{"floor":12,"key":"Ancient Potion"},{"floor":13,"key":"Weak Potion"}],"is_trial":false,"path_per_floor":["M","?","?","M","?","$","E","R","T","?","COS","M","M","?","R","B"],"character_chosen":"KOISHI","items_purchased":[],"campfire_rested":0,"item_purchase_floors":[],"current_hp_per_floor":[60,48,39,40,40,40,33,33,33,33,33,34,35,35,35,0,0],"gold":348,"neow_bonus":"RANDOM_COLORLESS_2","is_daily":false,"chose_seed":false,"campfire_upgraded":2,"win_rate":0.0,"timestamp":1611818907,"path_taken":["M","?","?","M","?","$","E","R","T","?","COS","M","?","?","R","BOSS"],"items_purchased_type":[],"build_version":"2020-12-22","purchased_purges":1,"victory":false,"max_hp_per_floor":[60,60,60,60,60,60,60,60,60,60,60,60,60,60,60,60,60],"card_choices":[{"not_picked":["Secret Weapon","Magnetism"],"picked":"Master of Strategy","floor":0.0},{"not_picked":["Koishi:Vanish","Koishi:FourthEye","Koishi:UnconsciousUprising"],"picked":"SKIP","floor":1.0},{"not_picked":["Koishi:BramblyRoseGarden","Koishi:PhantomBarrier"],"picked":"Koishi:Whimsy","floor":4},{"not_picked":["Koishi:FormlessExistence","Koishi:UnconsciousUprising"],"picked":"Koishi:Untouchable","floor":7},{"not_picked":["Koishi:BramblyRoseGarden","Koishi:EmbersOfLove"],"picked":"Koishi:UnseenTerror","floor":12},{"not_picked":["Koishi:SpiritedAway","Koishi:Whimsy","Koishi:DreadfulBlow"],"picked":"SKIP","floor":13}],"player_experience":945115,"relics_obtained":[{"floor":7,"key":"Vajra"},{"floor":9,"key":"The Courier"}],"event_choices":[],"is_beta":false,"boss_relics":[],"items_purged_floors":[6],"is_endless":false,"potions_floor_spawned":[7,12,13],"killed_by":"Gensokyo:Yukari","ascension_level":5}}