{"host":"vumwfieg2b2mnrfl","time":1611873906,"event":{"mods":["AchievementEnabler","BaseMod","Minty Spire (QoL Compilation)","Rare Cards Sparkle","Relic Stats"],"gold_per_floor":[117,117,130,63,83,103,103,128,197,197,231,245,273,286,286,382,382,382,382,322,247,247,247,247,247,247],"floor_reached":25,"language":"ENG","playtime":870,"items_purged":["Strike_B"],"score":335,"play_id":"73e19bdf-e5e0-431f-ac3f-1c1461e04f2b","local_time":"20210128164506","is_ascension_mode":true,"campfire_choices":[{"floor":7.0,"key":"REST"},{"data":"Multi-Cast","floor":10.0,"key":"SMITH"},{"data":"Coolheaded","floor":15.0,"key":"SMITH"},{"data":"Electrodynamics","floor":23,"key":"SMITH"}],"circlet_count":0,"master_deck":["AscendersBane","Strike_B","Strike_B","Strike_B","Defend_B","Defend_B","Defend_B","Defend_B","Zap","Dualcast","Parasite","Meteor Strike","Streamline","Doom and Gloom","Recycle","Coolheaded+1","Multi-Cast+1","Self Repair","Conserve Battery","Cold Snap","Self Repair","Electrodynamics+1","Glacier+1","Self Repair+1","Sweeping Beam"],"relics":["Cracked Core","Unceasing Top","The Courier","Toy Ornithopter","Bird Faced Urn","Ectoplasm"],"acts_visited":["Exordium","TheCity"],"potions_floor_usage":[24],"damage_taken":[{"damage":0.0,"enemies":"Small Slimes","floor":1.0,"turns":3.0},{"damage":6.0,"enemies":"Cultist","floor":3.0,"turns":4.0},{"damage":19.0,"enemies":"Jaw Worm","floor":5.0,"turns":3.0},{"damage":28.0,"enemies":"Large Slime","floor":6.0,"turns":5.0},{"damage":13.0,"enemies":"3 Sentries","floor":8.0,"turns":5.0},{"damage":26.0,"enemies":"Lagavulin","floor":11.0,"turns":6.0},{"damage":4.0,"enemies":"Exordium Thugs","floor":12.0,"turns":3.0},{"damage":16.0,"enemies":"Gremlin Nob","floor":13.0,"turns":3.0},{"damage":16.0,"enemies":"2 Fungi Beasts","floor":14.0,"turns":4.0},{"damage":25.0,"enemies":"Slime Boss","floor":16.0,"turns":13.0},{"damage":0.0,"enemies":"Spheric Guardian","floor":18.0,"turns":3.0},{"damage":28.0,"enemies":"2 Thieves","floor":21.0,"turns":4.0},{"damage":17,"enemies":"Snake Plant","floor":24,"turns":5},{"damage":90,"enemies":"Book of Stabbing","floor":25,"turns":6}],"seed_played":"-4486756499492693611","potions_obtained":[{"floor":2.0,"key":"Block Potion"},{"floor":2.0,"key":"EntropicBrew"},{"floor":2.0,"key":"EntropicBrew"},{"floor":3.0,"key":"Fruit Juice"},{"floor":6.0,"key":"Fruit Juice"},{"floor":11.0,"key":"Energy Potion"},{"floor":14.0,"key":"Swift Potion"},{"floor":21.0,"key":"Block Potion"}],"is_trial":false,"path_per_floor":["M","?","M","$","M","M","R","E","T","R","E","M","E","M","R","B",null,"M","?","$","M","?","R","M","E"],"character_chosen":"DEFECT","items_purchased":["Recycle"],"campfire_rested":1,"item_purchase_floors":[4],"current_hp_per_floor":[68,68,67,67,48,25,50,37,37,37,18,21,22,32,32,41,74,85,85,85,68,68,68,67,0,0],"gold":247,"neow_bonus":"THREE_RARE_CARDS","is_daily":false,"chose_seed":false,"campfire_upgraded":3,"win_rate":0.0,"timestamp":1611873906,"path_taken":["M","?","M","$","?","?","R","E","T","R","E","M","E","M","R","BOSS","M","?","$","M","?","R","M","E"],"items_purchased_type":["Card"],"build_version":"2020-12-22","purchased_purges":1,"victory":false,"max_hp_per_floor":[75,75,80,80,80,85,85,85,85,85,85,85,85,85,85,85,85,85,85,85,85,85,85,85,85,85],"relic_stats":{"counters":[14,67],"Bird Faced Urn":[26],"Ectoplasm":215,"obtain_stats":[{"Bird Faced Urn":13,"The Courier":9,"Ectoplasm":17,"Cracked Core":0,"Unceasing Top":8,"Toy Ornithopter":11},{"Bird Faced Urn":8,"The Courier":5,"Ectoplasm":10,"Cracked Core":0,"Unceasing Top":5,"Toy Ornithopter":6},{"Bird Faced Urn":32,"The Courier":20,"Ectoplasm":49,"Cracked Core":0,"Unceasing Top":20,"Toy Ornithopter":26}],"Unceasing Top":[1],"Toy Ornithopter":30},"card_choices":[{"not_picked":["Buffer","Reboot"],"picked":"Meteor Strike","floor":0.0},{"not_picked":["Redo","Barrage"],"picked":"Streamline","floor":1.0},{"not_picked":["Go for the Eyes","Leap"],"picked":"Doom and Gloom","floor":3.0},{"not_picked":["Gash","Go for the Eyes"],"picked":"Coolheaded","floor":5.0},{"not_picked":["Hologram","Stack"],"picked":"Multi-Cast","floor":6.0},{"not_picked":["Recycle","Chill"],"picked":"Self Repair","floor":8.0},{"not_picked":["Melter","Barrage"],"picked":"Conserve Battery","floor":11.0},{"not_picked":["Stack","Compile Driver"],"picked":"Cold Snap","floor":12.0},{"not_picked":["Streamline","Sweeping Beam"],"picked":"Self Repair","floor":13.0},{"not_picked":["Blizzard","Gash","Rainbow"],"picked":"SKIP","floor":14.0},{"not_picked":["Thunder Strike","Buffer"],"picked":"Electrodynamics","floor":16.0},{"not_picked":["Aggregate","Double Energy+1"],"picked":"Glacier+1","floor":18.0},{"not_picked":["Rebound","Static Discharge"],"picked":"Self Repair+1","floor":21.0},{"not_picked":["FTL","Hologram"],"picked":"Sweeping Beam","floor":24}],"player_experience":487304,"relics_obtained":[{"floor":8.0,"key":"Unceasing Top"},{"floor":9.0,"key":"The Courier"},{"floor":11.0,"key":"Toy Ornithopter"},{"floor":13.0,"key":"Bird Faced Urn"}],"event_choices":[{"damage_healed":0.0,"max_hp_gain":0.0,"max_hp_loss":0.0,"gold_gain":0.0,"event_name":"Lab","player_choice":"Got Potions","floor":2.0,"gold_loss":0.0,"damage_taken":0.0},{"damage_healed":0.0,"max_hp_gain":0.0,"max_hp_loss":0.0,"gold_gain":99.0,"event_name":"Nest","player_choice":"Stole From Cult","floor":19.0,"gold_loss":0.0,"damage_taken":0.0},{"damage_healed":0,"gold_gain":0,"player_choice":"Leave","damage_taken":0,"max_hp_gain":0,"max_hp_loss":0,"event_name":"FaceTrader","floor":22,"gold_loss":0}],"is_beta":false,"boss_relics":[{"not_picked":["Sozu","Busted Crown"],"picked":"Ectoplasm"}],"items_purged_floors":[20],"is_endless":false,"potions_floor_spawned":[3,6,11,13,14,21],"killed_by":"Book of Stabbing","ascension_level":10}}