{"host":"au11756vq5igonuc","time":1611795155,"event":{"mods":["BaseMod","Bestiary","BetterRewards","CapriCore","Colored Map","Colored Powertips","Dark Map","Downfall","Energized Spire","Halation","Highlight Path","Hubris","Infinite Spire","KinomotoSakuraMod(????)","Koishi","Marisa????????","Minty Spire (QoL Compilation)","Onozuka Komachi Mod","Reimu??????","Remilia??????","Replay The Spire","StSLib","The Administrix","The Animator","The Construct","The Cursed","The Immortal","The Mystic","The Servant 0.9.4","TheBandit","TheVelvet","Yakumo Yukari mod"],"gold_per_floor":[114,114,128,138,150,180,180,195,195,195,195,195,195,222,233,243,243,243,243,243],"floor_reached":18,"language":"ENG","playtime":1815,"items_purged":[],"score":124,"play_id":"4080c368-e758-44fc-87dd-1abde46180ce","local_time":"20210127195235","is_ascension_mode":false,"campfire_choices":[{"data":"wariomod:BigUpgrade","floor":7,"key":"SMITH"},{"floor":10,"key":"RECALL"},{"data":"wariomod:Bombtime","floor":13,"key":"SMITH"},{"floor":17,"key":"REST"}],"circlet_count":0,"master_deck":["wariomod:Strike","wariomod:Strike","wariomod:Strike","wariomod:Strike","wariomod:Defend","wariomod:Defend","wariomod:Defend","wariomod:Defend","wariomod:Step","wariomod:Leap","wariomod:BodyBlock","wariomod:Immortalize","wariomod:SimpleShield","wariomod:DeepDig","wariomod:BigUpgrade+1","wariomod:Bombtime+1","wariomod:AbandonGame","wariomod:HappyHit"],"relics":["wariomod:TheHat","NeowsBlessing","HornCleat","Letter Opener","Bag of Preparation"],"acts_visited":["Exordium"],"potions_floor_usage":[],"damage_taken":[{"damage":0,"enemies":"Small Slimes","floor":1,"turns":2},{"damage":0,"enemies":"infinitespire:Voidling","floor":3,"turns":1},{"damage":0,"enemies":"Jaw Worm","floor":4,"turns":1},{"damage":0,"enemies":"Large Slime","floor":5,"turns":6},{"damage":39,"enemies":"Lagavulin","floor":6,"turns":9},{"damage":0,"enemies":"Gremlin Gang","floor":8,"turns":2},{"damage":37,"enemies":"Replay:BlueRogue","floor":14,"turns":8},{"damage":0,"enemies":"2 Fungi Beasts","floor":15,"turns":3},{"damage":2,"enemies":"Exordium Wildlife","floor":16,"turns":5},{"damage":43,"enemies":"Fading Forest","floor":18,"turns":11}],"seed_played":"-2593259410533496559","potions_obtained":[{"floor":1,"key":"BlessingOfTheForge"},{"floor":14,"key":"Elixir"},{"floor":15,"key":"Block Potion"}],"is_trial":false,"path_per_floor":["M","?","M","M","M","E","R","M","T","R","PTL","PTL","R","E","M","M","R","B"],"character_chosen":"THE_BANDIT","items_purchased":[],"campfire_rested":1,"item_purchase_floors":[],"current_hp_per_floor":[80,80,80,80,80,41,41,41,41,41,41,41,41,4,4,2,26,0,0,0],"gold":243,"neow_bonus":"THREE_ENEMY_KILL","is_daily":false,"chose_seed":false,"campfire_upgraded":2,"win_rate":0.0,"timestamp":1611795155,"path_taken":["M","?","M","?","?","E","R","M","T","R","PTL","PTL","R","E","M","M","R","BOSS"],"items_purchased_type":[],"build_version":"2020-12-22","purchased_purges":0,"victory":false,"max_hp_per_floor":[80,80,80,80,80,80,80,80,80,80,80,80,80,80,80,80,80,80,80,80],"card_choices":[{"not_picked":["wariomod:Bombshield","wariomod:DanceDash"],"picked":"wariomod:BodyBlock","floor":1},{"not_picked":["wariomod:SpikeSlash","wariomod:WhirlwindBurst"],"picked":"wariomod:Immortalize","floor":3},{"not_picked":["wariomod:BlastDash","wariomod:Goblast"],"picked":"wariomod:SimpleShield","floor":4},{"not_picked":["wariomod:SmallSprint","wariomod:DanceDash"],"picked":"wariomod:DeepDig","floor":5},{"not_picked":["wariomod:Smackflip","wariomod:Game"],"picked":"wariomod:BigUpgrade","floor":6},{"not_picked":["wariomod:AwfulLook","wariomod:GreaterGuard"],"picked":"wariomod:Bombtime","floor":8},{"not_picked":["wariomod:SpikeSlash","wariomod:SpaceSwap"],"picked":"wariomod:AbandonGame","floor":14},{"not_picked":["wariomod:SimpleShield","wariomod:DisarmingMoves"],"picked":"wariomod:HappyHit","floor":15},{"not_picked":["wariomod:AwfulLook","wariomod:f","wariomod:DanceDash"],"picked":"SKIP","floor":16}],"player_experience":203814,"relics_obtained":[{"floor":6,"key":"Letter Opener"},{"floor":14,"key":"Bag of Preparation"}],"event_choices":[{"damage_healed":0,"gold_gain":0,"player_choice":"Gave Potion","damage_taken":0,"relics_obtained":["HornCleat"],"max_hp_gain":0,"max_hp_loss":0,"event_name":"WeMeetAgain","floor":2,"gold_loss":0}],"is_beta":false,"boss_relics":[],"items_purged_floors":[],"is_endless":false,"potions_floor_spawned":[1,14,15],"killed_by":"Fading Forest","ascension_level":0}}