{"host":"a4ifeplrx8vfq4u5","time":1611872068,"event":{"mods":["BaseMod","Beaked The Cultist","Better Third Choice","Colored Map","Conspire","Downfall","Marisa????????","Minty Spire (QoL Compilation)","Random Character Button","Rare Cards Sparkle","Replay The Spire","StSLib","The Cursed","The Hierophant","The Servant 0.9.4"],"gold_per_floor":[109,34,51,71,89,117,117,158,158,158,158,58,58,68,68,68,68],"floor_reached":16,"language":"ENG","playtime":1398,"items_purged":["Strike_G","Defend_G"],"score":100,"play_id":"83f15af3-7efe-4fa2-99ce-3906f6da873c","local_time":"20210128221428","is_ascension_mode":false,"campfire_choices":[{"data":"Neutralize","floor":7,"key":"SMITH"},{"data":"Backflip","floor":11,"key":"SMITH"},{"data":"Survivor","floor":13,"key":"SMITH"},{"floor":15,"key":"REST"}],"circlet_count":0,"master_deck":["Strike_G","Strike_G","Strike_G","Defend_G","Defend_G","Defend_G","Defend_G","Survivor+1","Neutralize+1","Backflip+1","ReplayTheSpireMod:Shiv Toss","Terror"],"relics":["Ring of the Snake","Pocketwatch","Replay:Accelerometer","Strawberry","ReplayTheSpireMod:Ninjato"],"acts_visited":["Exordium"],"potions_floor_usage":[6],"damage_taken":[{"damage":0,"enemies":"Cultist","floor":1,"turns":4},{"damage":3,"enemies":"Jaw Worm","floor":3,"turns":4},{"damage":0,"enemies":"Small Slimes","floor":4,"turns":3},{"damage":6,"enemies":"Exordium Wildlife","floor":5,"turns":9},{"damage":16,"enemies":"Replay:BlueRogue","floor":6,"turns":10},{"damage":11,"enemies":"conspire:MimicChest","floor":8,"turns":11},{"damage":3,"enemies":"3 Louse","floor":14,"turns":5},{"damage":42,"enemies":"Slime Boss","floor":16,"turns":12}],"seed_played":"-6562048953623527133","potions_obtained":[{"floor":4,"key":"ColorlessPotion"}],"is_trial":false,"path_per_floor":["M","$","M","M","M","E","R","?","T","?","R","$","R","M","R","B"],"character_chosen":"THE_SILENT","items_purchased":[],"campfire_rested":1,"item_purchase_floors":[],"current_hp_per_floor":[49,49,46,46,40,24,24,20,20,20,20,20,20,17,40,0,0],"gold":68,"neow_bonus":"ONE_RARE_RELIC","is_daily":false,"chose_seed":false,"campfire_upgraded":3,"win_rate":0.0,"timestamp":1611872068,"path_taken":["M","$","M","?","M","E","R","?","T","?","R","?","R","M","R","BOSS"],"items_purchased_type":[],"build_version":"2020-12-22","purchased_purges":2,"victory":false,"max_hp_per_floor":[70,70,70,70,70,70,70,77,77,77,77,77,77,77,77,77,77],"card_choices":[{"not_picked":["Prepared","Slice","Cloak And Dagger"],"picked":"SKIP","floor":1},{"not_picked":["Dash","Unload","Distraction"],"picked":"SKIP","floor":3},{"not_picked":["Outmaneuver","Dagger Spray"],"picked":"Backflip","floor":4},{"not_picked":["Poisoned Stab","PiercingWail"],"picked":"ReplayTheSpireMod:Shiv Toss","floor":5},{"not_picked":["Hidden Blade","Deadly Poison"],"picked":"Terror","floor":6},{"not_picked":["Prepared","Distraction","Skewer"],"picked":"SKIP","floor":14}],"player_experience":419812,"relics_obtained":[{"floor":6,"key":"Replay:Accelerometer"},{"floor":8,"key":"Strawberry"},{"floor":9,"key":"ReplayTheSpireMod:Ninjato"}],"event_choices":[{"cards_removed":["Strike_G"],"damage_healed":0,"gold_gain":0,"player_choice":"Forget","damage_taken":0,"max_hp_gain":0,"max_hp_loss":0,"event_name":"Living Wall","floor":10,"gold_loss":0}],"is_beta":false,"boss_relics":[],"items_purged_floors":[2,12],"is_endless":false,"potions_floor_spawned":[4],"killed_by":"Slime Boss","ascension_level":0}}