{"host":"5p9hybygolzp0efr","time":1611839625,"event":{"mods":["AchievementEnabler","BaseMod","Bestiary","Colored Map","Minty Spire (QoL Compilation)","Relic Stats"],"gold_per_floor":[110,125,200,212,227,227,240,240,240,240,259,289,289,306,306,408,408,424,442,442,458,77,77,77,87,87,87,103,103,123,138,138,138,138],"floor_reached":33,"language":"ENG","playtime":787,"items_purged":["Strike_R"],"score":243,"play_id":"07bf5ad4-1710-40b7-8886-9b751597a768","local_time":"20210128211345","is_ascension_mode":false,"campfire_choices":[{"floor":6,"key":"REST"},{"data":"Cleave","floor":10,"key":"SMITH"},{"floor":15,"key":"REST"},{"floor":23,"key":"REST"},{"data":"Thunderclap","floor":29,"key":"SMITH"},{"floor":32,"key":"REST"}],"circlet_count":0,"master_deck":["Strike_R","Strike_R","Strike_R+1","Strike_R","Defend_R","Defend_R","Defend_R","Defend_R","Bash","Thunderclap+1","Cleave+1","Inflame+1","Flex","Shockwave","Reaper","Inflame","Writhe","Sword Boomerang","Heavy Blade+1"],"relics":["Runic Pyramid","Meat on the Bone","Nilry\u0027s Codex","Bronze Scales","Lee\u0027s Waffle","Sundial","Happy Flower","Nloth\u0027s Gift"],"acts_visited":["Exordium","TheCity"],"potions_floor_usage":[33],"damage_taken":[{"damage":11,"enemies":"Jaw Worm","floor":1,"turns":2},{"damage":7,"enemies":"2 Louse","floor":2,"turns":2},{"damage":0,"enemies":"Small Slimes","floor":4,"turns":2},{"damage":10,"enemies":"Looter","floor":5,"turns":4},{"damage":5,"enemies":"3 Louse","floor":7,"turns":2},{"damage":5,"enemies":"Lots of Slimes","floor":11,"turns":2},{"damage":13,"enemies":"Blue Slaver","floor":14,"turns":3},{"damage":53,"enemies":"The Guardian","floor":16,"turns":11},{"damage":20,"enemies":"Shell Parasite","floor":18,"turns":6},{"damage":16,"enemies":"3 Byrds","floor":19,"turns":5},{"damage":18,"enemies":"Cultist and Chosen","floor":21,"turns":6},{"damage":36,"enemies":"Snake Plant","floor":25,"turns":3},{"damage":34,"enemies":"Centurion and Healer","floor":28,"turns":5},{"damage":20,"enemies":"Chosen and Byrds","floor":30,"turns":4},{"damage":36,"enemies":"Sentry and Sphere","floor":31,"turns":5},{"damage":82,"enemies":"Collector","floor":33,"turns":6}],"seed_played":"3672362663151080771","potions_obtained":[{"floor":2,"key":"Ancient Potion"},{"floor":4,"key":"GamblersBrew"},{"floor":5,"key":"SpeedPotion"},{"floor":7,"key":"SteroidPotion"}],"is_trial":false,"path_per_floor":["M","M","?","M","M","R","M","?","T","R","M","?","?","M","R","B",null,"M","M","?","M","$","R","?","M","T","?","M","R","M","M","R","B"],"character_chosen":"IRONCLAD","items_purchased":["Bronze Scales","Lee\u0027s Waffle"],"campfire_rested":4,"item_purchase_floors":[22,22],"current_hp_per_floor":[69,62,51,51,41,65,60,60,60,60,55,55,39,38,62,21,80,70,60,44,52,87,87,87,51,51,51,55,55,46,30,56,0,0],"gold":138,"neow_bonus":"BOSS_RELIC","is_daily":false,"chose_seed":false,"campfire_upgraded":2,"win_rate":0.0,"timestamp":1611839625,"path_taken":["M","M","?","M","M","R","M","?","T","R","M","?","?","M","R","BOSS","M","M","?","M","$","R","?","M","T","?","?","R","?","M","R","BOSS"],"items_purchased_type":["Relic","Relic"],"build_version":"2020-12-22","purchased_purges":1,"victory":false,"max_hp_per_floor":[80,80,80,80,80,80,80,80,80,80,80,80,80,80,80,80,80,80,80,80,80,87,87,87,87,87,87,87,87,87,87,87,87,87],"relic_stats":{"Lee\u0027s Waffle":35,"Happy Flower":[6],"counters":[16,68],"Sundial":[2],"Bronze Scales":[78],"Nloth\u0027s Gift":1,"obtain_stats":[{"Lee\u0027s Waffle":22,"Happy Flower":26,"Nilry\u0027s Codex":20,"Sundial":24,"Bronze Scales":22,"Mark of Pain":17,"Nloth\u0027s Gift":27,"Burning Blood":0,"Runic Pyramid":0,"Meat on the Bone":9},{"Lee\u0027s Waffle":11,"Happy Flower":12,"Nilry\u0027s Codex":10,"Sundial":11,"Bronze Scales":11,"Mark of Pain":8,"Nloth\u0027s Gift":12,"Burning Blood":0,"Runic Pyramid":0,"Meat on the Bone":5},{"Lee\u0027s Waffle":45,"Happy Flower":48,"Nilry\u0027s Codex":39,"Sundial":45,"Bronze Scales":45,"Mark of Pain":28,"Nloth\u0027s Gift":48,"Burning Blood":0,"Runic Pyramid":0,"Meat on the Bone":12}],"Meat on the Bone":60},"card_choices":[{"not_picked":["Headbutt","Twin Strike"],"picked":"Thunderclap","floor":1},{"not_picked":["Warcry","Rupture","Reckless Charge"],"picked":"SKIP","floor":2},{"not_picked":["Headbutt","Havoc"],"picked":"Cleave","floor":4},{"not_picked":["Warcry","Pommel Strike"],"picked":"Inflame","floor":5},{"not_picked":["Impervious","Entrench"],"picked":"Flex","floor":7},{"not_picked":["Perfected Strike","Clothesline"],"picked":"Shockwave","floor":11},{"not_picked":["Wild Strike","True Grit","Armaments"],"picked":"SKIP","floor":14},{"not_picked":["Corruption","Offering"],"picked":"Reaper","floor":16},{"not_picked":["Armaments","Intimidate+1"],"picked":"Inflame","floor":18},{"not_picked":["Cleave","Pommel Strike+1","Power Through"],"picked":"SKIP","floor":19},{"not_picked":["Iron Wave","Rampage","Pommel Strike"],"picked":"SKIP","floor":21},{"not_picked":["Warcry","Barricade","Twin Strike"],"picked":"SKIP","floor":25},{"not_picked":["Berserk","Clothesline+1"],"picked":"Sword Boomerang","floor":28},{"not_picked":["Combust+1","Perfected Strike","Sword Boomerang"],"picked":"SKIP","floor":30},{"not_picked":["Spot Weakness","Sword Boomerang"],"picked":"Heavy Blade+1","floor":31}],"player_experience":550754,"relics_obtained":[{"floor":9,"key":"Meat on the Bone"},{"floor":20,"key":"Nilry\u0027s Codex"},{"floor":26,"key":"Happy Flower"}],"event_choices":[{"damage_healed":0,"gold_gain":75,"player_choice":"Gather Gold","damage_taken":11,"max_hp_gain":0,"max_hp_loss":0,"event_name":"World of Goop","floor":3,"gold_loss":0},{"damage_healed":0,"gold_gain":0,"player_choice":"Ignored","damage_taken":0,"max_hp_gain":0,"max_hp_loss":0,"event_name":"Liars Game","floor":8,"gold_loss":0},{"damage_healed":0,"gold_gain":30,"player_choice":"Searched \u00272\u0027 times","damage_taken":0,"max_hp_gain":0,"max_hp_loss":0,"event_name":"Dead Adventurer","floor":12,"gold_loss":0},{"damage_healed":0,"gold_gain":0,"player_choice":"Entered Light","damage_taken":16,"max_hp_gain":0,"max_hp_loss":0,"event_name":"Shining Light","floor":13,"gold_loss":0,"cards_upgraded":["Strike_R","Inflame"]},{"damage_healed":0,"gold_gain":0,"player_choice":"Obtained Book","damage_taken":16,"max_hp_gain":0,"max_hp_loss":0,"event_name":"Cursed Tome","floor":20,"gold_loss":0},{"damage_healed":0,"gold_gain":0,"player_choice":"Opened","damage_taken":0,"relics_obtained":["Sundial"],"max_hp_gain":0,"max_hp_loss":0,"event_name":"The Mausoleum","floor":24,"gold_loss":0,"cards_obtained":["Writhe"]},{"damage_healed":0,"gold_gain":0,"player_choice":"Traded Relic","damage_taken":0,"relics_obtained":["Nloth\u0027s Gift"],"max_hp_gain":0,"max_hp_loss":0,"event_name":"N\u0027loth","floor":27,"relics_lost":["Mark of Pain"],"gold_loss":0}],"is_beta":false,"boss_relics":[{"not_picked":["Runic Dome","Snecko Eye"],"picked":"Mark of Pain"}],"items_purged_floors":[22],"is_endless":false,"potions_floor_spawned":[2,4,5,7,19,30,31],"killed_by":"Collector","ascension_level":0}}