{"host":"lzzv50t0ea3gz1kk","time":1611801425,"event":{"mods":["ATMod(∞¢Ë™Mod)","Act Like it!","Aspiration","BaseMod","Colored Powertips","Downfall","Gensokyo","Hallownest","Hermit","Marisa£®ÏF”Í°°ƒß¿Ì…≥£©","Minty Spire (QoL Compilation)","Reimu£®≤©¿ˆ¡È√Œ£©","Remilia£®¿Ÿ√◊¿Ú—«£©","StSLib","The Servant 0.9.4","Youmu£®ªÍ∆«—˝√Œ£©"],"gold_per_floor":[99,119,219,219,197,214,214,114,114,114,14,14,14,29,47,151,151,151,168,185,204,84,103,155,55,81,81,101,82,82,92,92,92,92],"floor_reached":32,"language":"ZHS","playtime":1598,"items_purged":["bronze:Defend","bronze:Strike"],"score":300,"play_id":"b48cbd21-0f81-46e6-8b3d-e46257a56315","local_time":"20210128103705","is_ascension_mode":false,"campfire_choices":[{"floor":1.0,"key":"RECALL"},{"data":"bronze:CleanCode","floor":8,"key":"SMITH"},{"data":"bronze:DelayedGuard","floor":10,"key":"SMITH"},{"data":"bronze:Replicate","floor":12,"key":"SMITH"},{"data":"bronze:Break","floor":18,"key":"SMITH"},{"floor":25,"key":"REST"}],"circlet_count":0,"master_deck":["bronze:Strike","bronze:Strike+1","bronze:Strike","bronze:Defend","bronze:Defend","bronze:Defend","bronze:Replicate+1","bronze:Goto","bronze:DelayedGuard+1","bronze:CleanCode+1","bronze:FineTuning+1","bronze:GetLatest","bronze:Overload","bronze:Break+1","bronze:Safeguard","bronze:Iterate","bronze:FineTuning+1","Shame","bronze:WildBeam+1"],"relics":["bronze:BronzeCore","AT_ATBox","NeowsBlessing","Bottled Tornado","PureWhite:ReiMu","downfall:HeartBlessingRed","Gensokyo:OccultBall","Philosopher\u0027s Stone","Gensokyo:LionMask","downfall:HeartBlessingBlue","Du-Vu Doll"],"acts_visited":["Gensokyo:Gensokyo","Gensokyo:Gensokyoer"],"potions_floor_usage":[16],"damage_taken":[{"damage":0.0,"enemies":"Gensokyo:Gryphon","floor":2.0,"turns":1.0},{"damage":0,"enemies":"downfall:FleeingMerchant","floor":5,"turns":1},{"damage":0,"enemies":"Gensokyo:Python","floor":6,"turns":1},{"damage":0,"enemies":"Gensokyo:3_Fairies","floor":14,"turns":4},{"damage":2,"enemies":"Gensokyo:2_Rabbits","floor":15,"turns":4},{"damage":0,"enemies":"IC_STATUS_ARCHETYPE","floor":16,"turns":7},{"damage":10,"enemies":"Gensokyo:AngelMirror","floor":19,"turns":2},{"damage":0,"enemies":"Gensokyo:Chomper","floor":20,"turns":3},{"damage":19,"enemies":"Gensokyo:Wraith","floor":21,"turns":2},{"damage":1,"enemies":"Gensokyo:Chomper_and_Gloop","floor":23,"turns":4},{"damage":29,"enemies":"Gensokyo:Tenshi","floor":26,"turns":5},{"damage":11,"enemies":"Gensokyo:Monolith_and_Dog","floor":28,"turns":4},{"damage":30,"enemies":"Gensokyo:Wraith","floor":31,"turns":4},{"damage":24,"enemies":"Gensokyo:Chomper_and_Gloop","floor":32,"turns":4}],"seed_played":"8747999691540096921","potions_obtained":[{"floor":2.0,"key":"GamblersBrew"},{"floor":15,"key":"Slimebound:ThreeZeroPotion"},{"floor":19,"key":"Swift Potion"},{"floor":21,"key":"Guardian:BlockOnCardUsePotion"},{"floor":26,"key":"bronze:BurnAndBuffPotion"}],"is_trial":false,"path_per_floor":["R","M","?","?","$","M","T","R","?","R","$","R","?","M","M","B",null,"R","M","M","M","?","M","T","R","E","$","M","?","?","M","M"],"character_chosen":"THE_AUTOMATON","items_purchased":["Bottled Tornado"],"campfire_rested":1,"item_purchase_floors":[5],"current_hp_per_floor":[70,70,70,70,70,70,70,70,70,70,70,70,70,70,68,68,70,70,60,60,41,41,40,40,74,45,45,34,53,53,23,0,0,0],"gold":92,"neow_bonus":"THREE_ENEMY_KILL","is_daily":false,"chose_seed":false,"campfire_upgraded":4,"win_rate":0.0,"timestamp":1611801425,"path_taken":["R","M","?","?","$","M","T","R","?","R","?","R","?","M","M","BOSS","R","M","?","M","?","M","T","R","E","$","M","?","?","M","M"],"items_purchased_type":["Relic"],"build_version":"2020-12-22","purchased_purges":2,"victory":false,"max_hp_per_floor":[70,70,70,70,70,70,70,70,70,70,70,70,70,70,70,70,70,70,70,70,70,70,70,70,80,80,80,80,80,80,80,80,80,80],"card_choices":[{"not_picked":["bronze:BronzeArmor","bronze:BugBarrage"],"picked":"bronze:DelayedGuard","floor":2.0},{"not_picked":["bronze:BugBarrage","bronze:DarkDash"],"picked":"bronze:CleanCode","floor":4},{"not_picked":["bronze:Turbo","bronze:DelayedGuard"],"picked":"bronze:Overload","floor":4},{"not_picked":["bronze:DarkDash","bronze:ForLoop","bronze:ForceShield"],"picked":"SKIP","floor":5},{"not_picked":["bronze:DelayedSlice","bronze:Optimize"],"picked":"bronze:FineTuning","floor":6},{"not_picked":["bronze:Branch","bronze:Backtrace"],"picked":"bronze:GetLatest","floor":14},{"not_picked":["bronze:Turbo","bronze:DelayedGuard"],"picked":"bronze:Overload","floor":15},{"not_picked":["bronze:Virus","bronze:RecursiveStrike"],"picked":"bronze:Break","floor":16},{"not_picked":["bronze:DelayedSlice","bronze:ForLoop"],"picked":"bronze:Safeguard","floor":19},{"not_picked":["bronze:Turbo","bronze:GetLatest","bronze:BuggyMess"],"picked":"SKIP","floor":20},{"not_picked":["bronze:DelayedGuard","bronze:Turbo"],"picked":"bronze:Fortify","floor":21},{"not_picked":["bronze:DelayedSlice","bronze:Repulsor"],"picked":"bronze:Iterate","floor":23},{"not_picked":["bronze:BugBarrage+1","bronze:Allocate","bronze:Mutator"],"picked":"SKIP","floor":26},{"not_picked":["bronze:ClassDefault","bronze:DarkDash"],"picked":"bronze:FineTuning","floor":28},{"not_picked":["bronze:OilSpill","bronze:CutThrough"],"picked":"bronze:WildBeam+1","floor":31}],"player_experience":441908,"relics_obtained":[{"floor":7,"key":"PureWhite:ReiMu"},{"floor":16,"key":"Gensokyo:OccultBall"},{"floor":21,"key":"Gensokyo:OccultBall"},{"floor":26,"key":"Du-Vu Doll"}],"event_choices":[],"is_beta":false,"boss_relics":[{"not_picked":["aspiration:RitualDagger","aspiration:RunicSpoon"],"picked":"Philosopher\u0027s Stone"}],"items_purged_floors":[5,11],"is_endless":false,"potions_floor_spawned":[2,15,19,21,26],"killed_by":"Gensokyo:Chomper_and_Gloop","ascension_level":0}}