{"host":"o6j8h35axmoodbwy","time":1611832761,"event":{"mods":["2.2 Compatiblity","Act Like it!","BaseMod","Colored Map","Colored Powertips","Gensokyo","Marisa（霧雨　魔理沙）","Minty Spire (QoL Compilation)","Prisma Mod","Quick Restart","Shop Mod","StSLib","SuperFastMode","Td1madao Mod","Youmu（魂魄妖梦）"],"gold_per_floor":[116,41,58,58,72,72,83,83,154,179,179,179,191,26,26,100,100,116,126,126,126],"floor_reached":20,"language":"JPN","playtime":784,"items_purged":[],"score":313,"play_id":"e872ffc0-3ff4-4c38-9c8f-2439f8213893","local_time":"20210128201921","is_ascension_mode":true,"campfire_choices":[{"data":"Hemokinesis","floor":6,"key":"SMITH"},{"data":"Sword Boomerang","floor":11,"key":"SMITH"},{"data":"Body Slam","floor":15,"key":"SMITH"}],"circlet_count":0,"master_deck":["AscendersBane","Strike_R","Strike_R","Strike_R","Strike_R","Defend_R","Defend_R","Defend_R","Defend_R","Bash+1","Spot Weakness","Hemokinesis+1","Sword Boomerang+1","Battle Trance","Body Slam+1","Barricade"],"relics":["Burning Blood","Kunai","Paper Frog","Sundial","Medical Kit","Snecko Eye"],"acts_visited":["Exordium","TheCity"],"potions_floor_usage":[10,16,20,20],"damage_taken":[{"damage":7,"enemies":"Jaw Worm","floor":1,"turns":3},{"damage":5,"enemies":"2 Louse","floor":3,"turns":4},{"damage":3,"enemies":"Cultist","floor":5,"turns":3},{"damage":9,"enemies":"2 Fungi Beasts","floor":7,"turns":3},{"damage":19,"enemies":"3 Sentries","floor":10,"turns":6},{"damage":17,"enemies":"Exordium Thugs","floor":13,"turns":3},{"damage":22,"enemies":"Slime Boss","floor":16,"turns":7},{"damage":51,"enemies":"Spheric Guardian","floor":18,"turns":6},{"damage":20,"enemies":"2 Thieves","floor":19,"turns":3},{"damage":10,"enemies":"Centurion and Healer","floor":20,"turns":1}],"seed_played":"4036876319675664792","potions_obtained":[{"floor":1,"key":"Dexterity Potion"},{"floor":3,"key":"Explosive Potion"},{"floor":13,"key":"PowerPotion"},{"floor":19,"key":"HeartOfIron"}],"is_trial":false,"path_per_floor":["M","?","M","?","M","R","M","T","T","E","R","?","M","$","R","B",null,"M","M","M"],"character_chosen":"IRONCLAD","items_purchased":["Medical Kit"],"campfire_rested":0,"item_purchase_floors":[14],"current_hp_per_floor":[67,67,68,68,71,71,68,68,68,55,55,75,64,64,64,48,68,23,9,0,0],"gold":126,"neow_bonus":"UPGRADE_CARD","is_daily":false,"chose_seed":false,"campfire_upgraded":3,"win_rate":0.0,"timestamp":1611832761,"path_taken":["M","?","M","?","M","R","M","?","T","E","R","?","?","$","R","BOSS","M","M","M"],"items_purchased_type":["Relic"],"build_version":"2020-12-22","purchased_purges":0,"victory":false,"max_hp_per_floor":[75,75,75,75,75,75,75,75,75,75,75,75,75,75,75,75,75,75,75,75,75],"card_choices":[{"not_picked":["Whirlwind","True Grit"],"picked":"Spot Weakness","floor":1},{"not_picked":["Bloodletting","Metallicize"],"picked":"Hemokinesis","floor":3},{"not_picked":["Flex","Twin Strike"],"picked":"Sword Boomerang","floor":5},{"not_picked":["Warcry","Iron Wave","Thunderclap"],"picked":"SKIP","floor":7},{"not_picked":["Heavy Blade","Uppercut"],"picked":"Battle Trance","floor":10},{"not_picked":["Rampage","Hemokinesis"],"picked":"Body Slam","floor":13},{"not_picked":["Feed","Exhume"],"picked":"Barricade","floor":16},{"not_picked":["Havoc","Armaments","Body Slam"],"picked":"SKIP","floor":18},{"not_picked":["Twin Strike","Infernal Blade","True Grit"],"picked":"SKIP","floor":19}],"player_experience":611620,"relics_obtained":[{"floor":8,"key":"Kunai"},{"floor":9,"key":"Paper Frog"},{"floor":10,"key":"Sundial"}],"event_choices":[{"cards_removed":["Strike_R"],"damage_healed":0,"gold_gain":0,"player_choice":"Card Removal","damage_taken":0,"max_hp_gain":0,"max_hp_loss":0,"event_name":"The Cleric","floor":2,"gold_loss":75},{"damage_healed":0,"gold_gain":0,"player_choice":"Ignored","damage_taken":0,"max_hp_gain":0,"max_hp_loss":0,"event_name":"Liars Game","floor":4,"gold_loss":0},{"damage_healed":25,"gold_gain":0,"player_choice":"Banana","damage_taken":0,"max_hp_gain":0,"max_hp_loss":0,"event_name":"Big Fish","floor":12,"gold_loss":0}],"is_beta":false,"boss_relics":[{"not_picked":["Mark of Pain","Calling Bell"],"picked":"Snecko Eye"}],"items_purged_floors":[],"is_endless":false,"potions_floor_spawned":[1,3,5,13,19],"killed_by":"Centurion and Healer","ascension_level":16}}