{"host":"yajbwjoofeeg2olc","time":1611855673,"event":{"mods":["AchievementEnabler","BaseMod","Better Altar","Better Match","Better Note","Better Sensory Stone","Better Skull","Better Third Choice","BetterRewards","Clockwork Mod","Colored Map","Downfall","GifTheSpireLib","Highlight Path","Minty Spire (QoL Compilation)","Permanent Neow","Replay The Spire","StSLib"],"gold_per_floor":[99,115,126,141,141,141,141],"floor_reached":6,"language":"ENG","playtime":1462,"items_purged":[],"score":36,"play_id":"e960c9a6-8d71-4aeb-930f-4b6cd8569040","local_time":"20210128174113","is_ascension_mode":false,"campfire_choices":[{"data":"Clockwork:Tinker","floor":1,"key":"SMITH"}],"circlet_count":0,"master_deck":["Clockwork:Strike","Clockwork:Strike","Clockwork:Shield","Clockwork:Shield","Clockwork:Shield","Clockwork:Tinker+1","Clockwork:WarmUp","ReplayTheSpireMod:Splinters","Clockwork:Improve","Clockwork:SystemHardening","Clockwork:ElasticNanites","Clockwork:EnthusiasticStrike","Clockwork:Randomization","Clockwork:Downsize","Decay","Clockwork:RitualDaggerMk0"],"relics":["Clockwork:MomentumEngine","Prayer Wheel"],"acts_visited":["Exordium"],"potions_floor_usage":[6],"damage_taken":[{"damage":7,"enemies":"2 Louse","floor":2,"turns":5},{"damage":13,"enemies":"Cultist","floor":3,"turns":9},{"damage":2,"enemies":"Jaw Worm","floor":4,"turns":9},{"damage":52,"enemies":"3 Sentries","floor":6,"turns":10}],"seed_played":"-6783474503788506891","potions_obtained":[{"floor":4,"key":"LiquidMemories"}],"is_trial":false,"path_per_floor":["R","M","M","M","?","E"],"character_chosen":"CLOCKWORK","items_purchased":[],"campfire_rested":0,"item_purchase_floors":[],"current_hp_per_floor":[85,78,65,63,63,11,11],"gold":141,"neow_bonus":"ONE_RARE_RELIC","is_daily":false,"chose_seed":false,"campfire_upgraded":1,"win_rate":0.0,"timestamp":1611855673,"path_taken":["R","M","M","M","?","E"],"items_purchased_type":[],"build_version":"2020-12-22","purchased_purges":0,"victory":false,"max_hp_per_floor":[85,85,85,85,85,85,85],"card_choices":[{"not_picked":["Clockwork:SystemHardening","Clockwork:AdaptiveCannon"],"picked":"Clockwork:Improve","floor":2},{"not_picked":["Clockwork:SnapKeep","Clockwork:CogToss"],"picked":"Clockwork:SystemHardening","floor":2},{"not_picked":["Clockwork:CogShield","Clockwork:Minimalism"],"picked":"Clockwork:ElasticNanites","floor":3},{"not_picked":["Clockwork:Pluck","Clockwork:SystemScan","Clockwork:InertialShield"],"picked":"SKIP","floor":3},{"not_picked":["Clockwork:AdaptiveCannon","Clockwork:MechanicalMass"],"picked":"Clockwork:EnthusiasticStrike","floor":4},{"not_picked":["Clockwork:ForgeStrike","Clockwork:ChargingBlade","Clockwork:Improve"],"picked":"SKIP","floor":4}],"player_experience":263752,"relics_obtained":[],"event_choices":[],"is_beta":false,"boss_relics":[],"items_purged_floors":[],"is_endless":false,"potions_floor_spawned":[4],"killed_by":"3 Sentries","ascension_level":0}}