{"host":"8srk5r1dwtmjotwd","time":1611872765,"event":{"mods":["AchievementEnabler","Act Like it!","BaseMod","Beaked The Cultist","Bestiary","Better Note","Better Third Choice","Colored Map","Colored Powertips","Friendly Minions","GifTheSpireLib","Halation","Hallownest","Hermit","Hubris","Minty Spire (QoL Compilation)","Quick Restart","Rare Cards Sparkle","Replay The Spire","Shop Mod","StSLib","SuperFastMode","Synergy Search","The Bug Knight","The Construct","The Cursed","The Jungle","Thieving Mod","Yohane!","everything is the same but u backflip on backflip","slay the spire mod where everything is the same but ironclad has a cowboy hat"],"gold_per_floor":[113,113,213,229,240,271,271,271,271,297,297,317,317,329,329,424,424,439,439,189,202,301,301,311,311,311,322,347,359,43,58,58,154,154,174,191,46,46,46],"floor_reached":38,"language":"ENG","playtime":2838,"items_purged":[],"score":584,"play_id":"000e5819-77b6-4d63-b40e-b2fa43236688","local_time":"20210128172605","is_ascension_mode":true,"campfire_choices":[{"floor":7.0,"key":"REST"},{"data":"Sentinel","floor":11.0,"key":"SMITH"},{"floor":13.0,"key":"REST"},{"data":"Seeing Red","floor":15.0,"key":"SMITH"},{"data":"GremboGang","floor":23.0,"key":"SMITH"},{"data":"Heavy Blade","floor":25.0,"key":"SMITH"},{"floor":32,"key":"REST"}],"circlet_count":0,"master_deck":["Strike_R","Strike_R","Strike_R","Strike_R","Strike_R","Defend_R","Defend_R","Defend_R","Defend_R","Bash","Anger","Flex","Seeing Red+1","Rage","Sentinel+1","hubris:CleavingFinish","ReplayTheSpireMod:Strike From Hell","Anger","Barricade","Heavy Blade+1","ReplayReversal+1","GremboGang+1","Replay:Undeath\u0027s Touch+1","Spot Weakness+1","Iron Wave","Twin Strike","Bludgeon","Violence+1","ReplayTheSpireMod:Trickstab","Cleave","Flex+1"],"relics":["Burning Blood","Lantern","Orichalcum","Toxic Egg 2","hubris:Reverence","Ring of Chaos","Replay:Accelerometer","White Beast Statue","Fusion Hammer","PrismaticShard"],"acts_visited":["Exordium","TheCity","Hallownest:KingdomsEdge"],"potions_floor_usage":[31,31,33,35,36,38,38],"damage_taken":[{"damage":1.0,"enemies":"2 Louse","floor":1.0,"turns":3.0},{"damage":1.0,"enemies":"Cultist","floor":4.0,"turns":3.0},{"damage":8.0,"enemies":"Jaw Worm","floor":5.0,"turns":3.0},{"damage":24.0,"enemies":"Gremlin Nob","floor":6.0,"turns":4.0},{"damage":29.0,"enemies":"Lagavulin","floor":10.0,"turns":8.0},{"damage":6.0,"enemies":"Exordium Wildlife","floor":12.0,"turns":4.0},{"damage":1.0,"enemies":"Looter","floor":14.0,"turns":2.0},{"damage":26.0,"enemies":"The Guardian","floor":16.0,"turns":14.0},{"damage":14.0,"enemies":"3 Byrds","floor":18.0,"turns":7.0},{"damage":6.0,"enemies":"Chosen","floor":21.0,"turns":5.0},{"damage":5.0,"enemies":"Snake Plant","floor":24.0,"turns":4.0},{"damage":33.0,"enemies":"Shelled Parasite and Fungi","floor":27.0,"turns":5.0},{"damage":5.0,"enemies":"HollowMod:Nosk","floor":28.0,"turns":6.0},{"damage":15.0,"enemies":"Centurion and Healer","floor":29.0,"turns":4.0},{"damage":6,"enemies":"3 Cultists","floor":31,"turns":5},{"damage":78,"enemies":"Pondfish","floor":33,"turns":11},{"damage":38,"enemies":"Hallownest:2_Littles","floor":35,"turns":5},{"damage":26,"enemies":"Hallownest:3_Siblings","floor":36,"turns":8},{"damage":29,"enemies":"Hallownest:monsterPrimalAspid","floor":38,"turns":3}],"seed_played":"-2913947461589026598","potions_obtained":[{"floor":4.0,"key":"Elixir"},{"floor":6.0,"key":"EssenceOfSteel"},{"floor":10.0,"key":"SpeedPotion"},{"floor":14.0,"key":"HeartOfIron"},{"floor":16.0,"key":"Regen Potion"},{"floor":18.0,"key":"BloodPotion"},{"floor":24.0,"key":"construct:ShiftPotion"},{"floor":28.0,"key":"GamblersBrew"},{"floor":29.0,"key":"FearPotion"},{"floor":31,"key":"LiquidBronze"},{"floor":33,"key":"Strength Potion"},{"floor":35,"key":"LiquidBronze"},{"floor":36,"key":"Dexterity Potion"}],"is_trial":false,"path_per_floor":["M","?","?","M","M","E","R","$","T","E","R","M","R","M","R","B",null,"M","?","?","M","?","R","M","R","T","M","E","M","$","M","R","B",null,"M","M","$","M"],"character_chosen":"IRONCLAD","items_purchased":["Violence+1","ReplayTheSpireMod:Trickstab","SkillPotion","PrismaticShard"],"campfire_rested":3,"item_purchase_floors":[30,30,30,37],"current_hp_per_floor":[80,80,80,80,78,60,80,80,80,57,57,57,80,80,80,60,80,77,77,77,77,77,77,78,78,78,65,66,57,57,57,80,8,80,48,28,28,0,0],"gold":46,"neow_bonus":"RANDOM_COMMON_RELIC","is_daily":false,"chose_seed":false,"campfire_upgraded":4,"win_rate":0.0,"timestamp":1611872765,"path_taken":["M","?","?","?","M","E","R","$","T","E","R","M","R","M","R","BOSS","M","?","?","M","?","R","M","R","T","M","E","M","$","M","R","BOSS","M","M","$","M"],"items_purchased_type":["Card","Card","Potion","Relic"],"build_version":"2020-12-22","purchased_purges":0,"victory":false,"max_hp_per_floor":[80,80,80,80,80,80,80,80,80,80,80,80,80,80,80,80,80,80,80,80,80,80,80,80,80,80,80,80,80,80,80,80,80,80,80,80,80,80,80],"card_choices":[{"not_picked":["Warcry","Clash"],"picked":"Anger","floor":1.0},{"not_picked":["Shrug It Off","Headbutt"],"picked":"Seeing Red","floor":4.0},{"not_picked":["Shrug It Off","Perfected Strike"],"picked":"Rage","floor":5.0},{"not_picked":["Thunderclap","Carnage"],"picked":"Sentinel","floor":6.0},{"not_picked":["Battle Trance+1","Rage+1"],"picked":"hubris:CleavingFinish","floor":10.0},{"not_picked":["Clash","Whirlwind"],"picked":"ReplayTheSpireMod:Strike From Hell","floor":12.0},{"not_picked":["Reckless Charge","Sword Boomerang"],"picked":"Anger","floor":14.0},{"not_picked":["Berserk","Replay:Many Hands+1"],"picked":"Barricade","floor":16.0},{"not_picked":["True Grit+1","Clothesline"],"picked":"Heavy Blade","floor":18.0},{"not_picked":["Second Wind+1","Blood for Blood"],"picked":"Replay:Undeath\u0027s Touch+1","floor":21.0},{"not_picked":["Wild Strike","Dropkick+1"],"picked":"Spot Weakness+1","floor":24.0},{"not_picked":["Juggernaut","Clash"],"picked":"Iron Wave","floor":27.0},{"not_picked":["Life Link","Whirlwind"],"picked":"Twin Strike","floor":28.0},{"not_picked":["Anger","Pommel Strike"],"picked":"Bludgeon","floor":29.0},{"not_picked":["Wild Strike","True Grit+1"],"picked":"Cleave","floor":31},{"not_picked":["Havoc+1","Sword Boomerang"],"picked":"Flex+1","floor":35},{"not_picked":["Iron Wave+1","Whirlwind","Combust+1"],"picked":"SKIP","floor":36}],"player_experience":68497,"relics_obtained":[{"floor":6.0,"key":"Orichalcum"},{"floor":9.0,"key":"Toxic Egg 2"},{"floor":10.0,"key":"hubris:Reverence"},{"floor":26.0,"key":"Replay:Accelerometer"},{"floor":28.0,"key":"White Beast Statue"}],"event_choices":[{"damage_healed":0.0,"max_hp_gain":0.0,"max_hp_loss":0.0,"gold_gain":100.0,"event_name":"Golden Shrine","player_choice":"Pray","floor":3.0,"gold_loss":0.0,"damage_taken":0.0},{"damage_healed":0.0,"max_hp_gain":0.0,"max_hp_loss":0.0,"gold_gain":0.0,"event_name":"The Library","player_choice":"Read","floor":19.0,"gold_loss":0.0,"damage_taken":0.0,"cards_obtained":["ReplayReversal"]},{"damage_healed":0.0,"max_hp_gain":0.0,"max_hp_loss":0.0,"gold_gain":99.0,"event_name":"betterThird:BetterNest","player_choice":"Steal","floor":22.0,"gold_loss":0.0,"damage_taken":0.0}],"is_beta":false,"boss_relics":[{"not_picked":["halation:Yufonium","halation:Risk"],"picked":"Ring of Chaos"},{"not_picked":["halation:HeavySnake","halation:Prosthetics"],"picked":"Fusion Hammer"}],"items_purged_floors":[],"is_endless":false,"potions_floor_spawned":[4,6,10,14,16,18,24,28,29,31,33,35,36],"killed_by":"Hallownest:monsterPrimalAspid","ascension_level":1}}