{"host":"aqym1xxr3lb31d9m","time":1611835321,"event":{"mods":["BaseMod","Block Reminder","Colored Map","Colored Powertips","DeckTracker","Highlight Path","Minty Spire (QoL Compilation)","Quick Restart","Random Character Button","StSLib","SuperFastMode","UnlockEverythingMod"],"gold_per_floor":[111,111,127,127,127,160,160,179,205,236,236,248,39,39,39,111,111,121,46,46,61,61,96,96,96,122,122,122,122],"floor_reached":28,"language":"JPN","playtime":963,"items_purged":[],"score":534,"play_id":"244184d6-6786-45b8-99c8-9d0ec3bcc657","local_time":"20210128210201","is_ascension_mode":true,"campfire_choices":[{"data":"Rip and Tear","floor":7,"key":"SMITH"},{"floor":11,"key":"RECALL"},{"floor":15,"key":"REST"},{"data":"Ghostly","floor":27,"key":"SMITH"}],"circlet_count":0,"master_deck":["AscendersBane","Strike_B","Strike_B","Defend_B","Defend_B","Defend_B+1","Defend_B","Zap","Dualcast","Ball Lightning+1","Rip and Tear+1","Steam Power","Rebound","Auto Shields","Coolheaded+1","Chaos","Echo Form","Compile Driver","RitualDagger","Glacier","Writhe","Cold Snap","Sweeping Beam","Aggregate","Ghostly+1","Ghostly","Ghostly"],"relics":["Cracked Core","NeowsBlessing","Dream Catcher","Happy Flower","Lizard Tail","Frozen Eye","Snecko Eye","Lantern","MealTicket","Vajra"],"acts_visited":["Exordium","TheCity"],"potions_floor_usage":[10,21,23],"damage_taken":[{"damage":0,"enemies":"Cultist","floor":1,"turns":1},{"damage":0,"enemies":"Jaw Worm","floor":3,"turns":1},{"damage":0,"enemies":"Lagavulin","floor":6,"turns":1},{"damage":11,"enemies":"2 Louse","floor":8,"turns":2},{"damage":11,"enemies":"Gremlin Nob","floor":10,"turns":3},{"damage":0,"enemies":"Large Slime","floor":12,"turns":3},{"damage":27,"enemies":"The Guardian","floor":16,"turns":12},{"damage":7,"enemies":"Shell Parasite","floor":18,"turns":6},{"damage":0,"enemies":"Chosen","floor":21,"turns":3},{"damage":63,"enemies":"Slavers","floor":23,"turns":6},{"damage":32,"enemies":"Snake Plant","floor":28,"turns":2}],"seed_played":"8826522255100018575","potions_obtained":[{"floor":8,"key":"BlessingOfTheForge"},{"floor":10,"key":"Swift Potion"},{"floor":16,"key":"SteroidPotion"},{"floor":18,"key":"Ancient Potion"}],"is_trial":false,"path_per_floor":["M","?","M","$","?","E","R","M","T","E","R","M","$","?","R","B",null,"M","?","?","M","?","E","?","?","T","R","M"],"character_chosen":"DEFECT","items_purchased":["Frozen Eye","Coolheaded"],"campfire_rested":1,"item_purchase_floors":[13,13],"current_hp_per_floor":[64,69,69,69,69,69,69,58,58,47,47,47,47,24,46,19,62,55,55,49,49,49,28,28,28,28,28,0,0],"gold":122,"neow_bonus":"THREE_ENEMY_KILL","is_daily":false,"chose_seed":false,"campfire_upgraded":2,"win_rate":0.0,"timestamp":1611835321,"path_taken":["M","?","M","$","?","E","R","M","T","E","R","M","$","?","R","BOSS","M","?","?","M","?","E","?","?","T","R","?"],"items_purchased_type":["Relic","Card"],"build_version":"2020-12-22","purchased_purges":0,"victory":false,"max_hp_per_floor":[71,76,76,76,76,76,76,76,76,76,76,76,76,76,76,76,76,76,76,76,76,76,76,76,38,38,38,38,38],"card_choices":[{"not_picked":["Sweeping Beam","Auto Shields"],"picked":"Ball Lightning","floor":1},{"not_picked":["Stack","Blizzard"],"picked":"Gash","floor":3},{"not_picked":["Steam","Turbo"],"picked":"Rip and Tear","floor":6},{"not_picked":["Static Discharge","Heatsinks"],"picked":"Steam Power","floor":8},{"not_picked":["Redo","Compile Driver"],"picked":"Rebound","floor":10},{"not_picked":["Compile Driver","Steam Power"],"picked":"Auto Shields","floor":12},{"not_picked":["Gash","Redo"],"picked":"Chaos","floor":15},{"not_picked":["Buffer","Machine Learning"],"picked":"Echo Form","floor":16},{"not_picked":["Turbo+1","Beam Cell"],"picked":"Compile Driver","floor":18},{"not_picked":["Conserve Battery","Turbo"],"picked":"Glacier","floor":21},{"not_picked":["Rip and Tear","Gash"],"picked":"Cold Snap","floor":23}],"player_experience":4120412,"relics_obtained":[{"floor":6,"key":"Dream Catcher"},{"floor":9,"key":"Happy Flower"},{"floor":10,"key":"Lizard Tail"},{"floor":23,"key":"MealTicket"},{"floor":26,"key":"Vajra"}],"event_choices":[{"damage_healed":0,"gold_gain":0,"player_choice":"Donut","damage_taken":0,"max_hp_gain":5,"max_hp_loss":0,"event_name":"Big Fish","floor":2,"gold_loss":0},{"damage_healed":0,"gold_gain":0,"player_choice":"Grow","damage_taken":0,"max_hp_gain":0,"max_hp_loss":0,"event_name":"Living Wall","floor":5,"gold_loss":0,"cards_upgraded":["Ball Lightning"]},{"damage_healed":0,"gold_gain":0,"player_choice":"Entered Light","damage_taken":23,"max_hp_gain":0,"max_hp_loss":0,"event_name":"Shining Light","floor":14,"gold_loss":0,"cards_upgraded":["Coolheaded","Defend_B"]},{"cards_removed":["Gash"],"damage_healed":0,"gold_gain":0,"player_choice":"Gave Gold","damage_taken":0,"max_hp_gain":0,"max_hp_loss":0,"event_name":"Beggar","floor":19,"gold_loss":75},{"damage_healed":0,"gold_gain":0,"player_choice":"Joined the Cult","damage_taken":6,"max_hp_gain":0,"max_hp_loss":0,"event_name":"Nest","floor":20,"gold_loss":0,"cards_obtained":["RitualDagger"]},{"damage_healed":0,"gold_gain":0,"player_choice":"Opened","damage_taken":0,"relics_obtained":["Lantern"],"max_hp_gain":0,"max_hp_loss":0,"event_name":"The Mausoleum","floor":22,"gold_loss":0,"cards_obtained":["Writhe"]},{"damage_healed":0,"gold_gain":0,"cards_transformed":["Strike_B","Strike_B"],"player_choice":"Became Test Subject","damage_taken":0,"max_hp_gain":0,"max_hp_loss":0,"event_name":"Drug Dealer","floor":24,"gold_loss":0,"cards_obtained":["Sweeping Beam","Aggregate"]},{"damage_healed":0,"gold_gain":0,"player_choice":"Became a Ghost","damage_taken":0,"max_hp_gain":0,"max_hp_loss":38,"event_name":"Ghosts","floor":25,"gold_loss":0,"cards_obtained":["Ghostly","Ghostly","Ghostly"]}],"is_beta":false,"boss_relics":[{"not_picked":["Astrolabe","Velvet Choker"],"picked":"Snecko Eye"}],"items_purged_floors":[],"is_endless":false,"potions_floor_spawned":[8,10,16,18],"killed_by":"Snake Plant","ascension_level":20}}