{"host":"17xjy7b7ubl548g2","time":1611800537,"event":{"mods":["2.2 Compatiblity","Act Like it!","Aspiration","Astrologer","Bard","BaseMod","Challenge The Spire","ChefMod","Colored Map","Colored Powertips","Conspire","Elementarium","Energized Spire","Gensokyo","GifTheSpireLib","Halation","Hallownest","Hermit","Hubris","Infinite Spire","Jedi Mod","Jorbs\u0027s Wanderer Trilogy","Marisa（霧雨　魔理沙）","Marked Mod","Menagerie","Minty Spire (QoL Compilation)","Permanent Neow","Reliquary","Replay The Spire","Robot Space Explorer","Spicy Shops","Spire Arcade","StSLib","Stuff the Spire","The Blue Laboratory","The Bug Knight","The Construct","The Disciple","The Hayseed","The Hierophant","The Marked","The Runesmith","The Sage","TheFirefly"],"gold_per_floor":[114,134,134,151,151,151,251,251,276,301,99,99,235,251,251,251,251],"floor_reached":16,"language":"ENG","playtime":1378,"items_purged":[],"score":236,"play_id":"f847ece3-cea7-4e33-b23c-a1185db71041","local_time":"20210127212217","is_ascension_mode":true,"campfire_choices":[{"data":"Eruption","floor":6,"key":"SMITH"},{"data":"Vigilance","floor":8,"key":"SMITH"},{"data":"Gensokyo:GapWoman","floor":12,"key":"SMITH"},{"data":"CrushJoints","floor":15,"key":"SMITH"}],"circlet_count":0,"master_deck":["AscendersBane","Strike_P","Strike_P","Strike_P","Defend_P+1","Defend_P+1","Defend_P","Defend_P","Eruption+1","Vigilance+1","CrushJoints+1","Tantrum","EmptyBody","Gensokyo:GapWoman+1","Consecrate","FollowUp"],"relics":["PureWater","Blood Vial","hubris:Towel","War Paint","StuffTheSpire:TintedRock","Bag of Marbles"],"acts_visited":["Exordium"],"potions_floor_usage":[14],"damage_taken":[{"damage":3,"enemies":"Gensokyo:2_Kodama","floor":1,"turns":6},{"damage":9,"enemies":"Gensokyo:Gryphon","floor":2,"turns":5},{"damage":0,"enemies":"Gensokyo:3_Fairies","floor":4,"turns":3},{"damage":0,"enemies":"Gensokyo:Aya","floor":13,"turns":6},{"damage":4,"enemies":"Gensokyo:Python_and_Kodama","floor":14,"turns":3},{"damage":49,"enemies":"Gensokyo:Kokoro","floor":16,"turns":13}],"seed_played":"-5567760943253132613","potions_obtained":[{"floor":1,"key":"blueLaboratory:BottledHope"},{"floor":13,"key":"Energy Potion"}],"is_trial":false,"path_per_floor":["M","M","?","M","?","R","?","R","T","T","COS","R","E","M","R","B"],"character_chosen":"WATCHER","items_purchased":[],"campfire_rested":0,"item_purchase_floors":[],"current_hp_per_floor":[60,53,53,55,55,55,55,55,55,55,55,55,57,55,55,8,8],"gold":251,"neow_bonus":"RANDOM_COMMON_RELIC","is_daily":false,"chose_seed":false,"campfire_upgraded":4,"win_rate":0.0,"timestamp":1611800537,"path_taken":["M","M","?","M","?","R","?","R","T","?","COS","R","E","M","R","BOSS"],"items_purchased_type":[],"build_version":"2020-12-22","purchased_purges":0,"victory":false,"max_hp_per_floor":[68,68,68,68,68,68,68,68,68,68,68,68,68,68,68,68,68],"card_choices":[{"not_picked":["Wireheading","Replay:Cycle"],"picked":"CrushJoints","floor":1},{"not_picked":["PathToVictory","CrushJoints"],"picked":"Tantrum","floor":2},{"not_picked":["Replay:ManipulateFuture","SandsOfTime"],"picked":"EmptyBody","floor":4},{"not_picked":["ThirdEye","JustLucky"],"picked":"Consecrate","floor":13},{"not_picked":["BowlingBash","JustLucky"],"picked":"FollowUp","floor":14}],"player_experience":1997683,"relics_obtained":[{"floor":9,"key":"War Paint"},{"floor":10,"key":"StuffTheSpire:TintedRock"},{"floor":13,"key":"Bag of Marbles"}],"event_choices":[],"is_beta":false,"boss_relics":[],"items_purged_floors":[],"is_endless":false,"potions_floor_spawned":[1,13],"killed_by":"Gensokyo:Kokoro","ascension_level":20}}