{"host":"z7byfb4bpt09dh7e","time":1611793773,"event":{"mods":["Aspiration","BaseMod","BetterRewards","Displayed Cursed Tome","Downfall","Infinite Spire","Minty Spire (QoL Compilation)","StSLib","The Blue Laboratory","Uncapped"],"gold_per_floor":[118,193,204,204,204,204,204,220,220,234,249,249,249,269,269,392,392,416,380,393,103,103,139,139,139,139,139,158,173,194,217,217,341,341,366,429,453,4,22,22,22,22],"floor_reached":41,"language":"ENG","playtime":2437,"items_purged":[],"score":680,"play_id":"6434313a-6b15-42fb-a71a-c5246a4ce8a9","local_time":"20210127192933","is_ascension_mode":false,"campfire_choices":[{"floor":6,"key":"REST"},{"floor":12,"key":"REST"},{"data":"infinitespire:NeuralNetwork","floor":15,"key":"SMITH"},{"floor":24,"key":"REST"},{"floor":32,"key":"REST"},{"floor":40,"key":"REST"}],"circlet_count":0,"master_deck":["Strike_B","Strike_B","Strike_B","Strike_B","Defend_B","Defend_B","Defend_B","Defend_B","Zap","Dualcast","Dramatic Entrance","Defragment","BootSequence","Flash of Steel","Turbo","Leap","Injury","Steam","Redo","Cold Snap","downfall:Icky","Regret","infinitespire:NeuralNetwork+1","Cold Snap","Electrodynamics","CurseOfTheBell","Beam Cell","Capacitor","Sweeping Beam","downfall:Bewildered","Gash+1","Cold Snap+1","Conserve Battery","Conserve Battery","Storm+1","Fission","Ball Lightning+1","Static Discharge+1","Skim+1","Rip and Tear+1"],"relics":["Cracked Core","FossilizedHelix","Darkstone Periapt","Golden Idol","Cables","Calling Bell","infinitespire:Beetle Shell","infinitespire:ShieldingShard","Du-Vu Doll","Shuriken","sneckomod:BabySnecko","Molten Egg 2","Unceasing Top","aspiration:HiddenCompartment","Frozen Eye","aspiration:RunicSpoon","infinitespire:Lychee Nut","Lantern","aspiration:EnhancedActuators","Strange Spoon"],"acts_visited":["Exordium","TheCity","TheBeyond"],"potions_floor_usage":[16,33,33,33,41,41,41],"damage_taken":[{"damage":0,"enemies":"Cultist","floor":1,"turns":3},{"damage":0,"enemies":"Small Slimes","floor":3,"turns":2},{"damage":0,"enemies":"Jaw Worm","floor":8,"turns":2},{"damage":0,"enemies":"Blue Slaver","floor":10,"turns":3},{"damage":0,"enemies":"Exordium Thugs","floor":11,"turns":5},{"damage":0,"enemies":"3 Louse","floor":14,"turns":2},{"damage":58,"enemies":"Hexaghost","floor":16,"turns":13},{"damage":0,"enemies":"Spheric Guardian","floor":18,"turns":3},{"damage":0,"enemies":"2 Thieves","floor":20,"turns":4},{"damage":29,"enemies":"Book of Stabbing","floor":23,"turns":5},{"damage":23,"enemies":"Snake Plant","floor":28,"turns":4},{"damage":3,"enemies":"Centurion and Healer","floor":29,"turns":4},{"damage":0,"enemies":"Cultist and Chosen","floor":30,"turns":3},{"damage":0,"enemies":"Snecko","floor":31,"turns":4},{"damage":24,"enemies":"Champ","floor":33,"turns":8},{"damage":0,"enemies":"3 Darklings","floor":35,"turns":2},{"damage":40,"enemies":"2 Orb Walkers","floor":36,"turns":6},{"damage":21,"enemies":"3 Shapes","floor":37,"turns":2},{"damage":0,"enemies":"Spire Growth","floor":39,"turns":4},{"damage":11,"enemies":"infinitespire:Three Voidlings","floor":41,"turns":3},{"damage":73,"enemies":"Nightmare_Alpha","floor":41,"turns":8}],"seed_played":"359694645350242106","potions_obtained":[{"floor":1,"key":"EssenceOfSteel"},{"floor":8,"key":"blueLaboratory:HummingbirdPotion"},{"floor":20,"key":"hexamod:SoulburnPotion"},{"floor":29,"key":"Block Potion"},{"floor":33,"key":"LiquidMemories"},{"floor":35,"key":"PowerPotion"},{"floor":36,"key":"SneckoOil"}],"is_trial":false,"path_per_floor":["M","?","M","T","?","R","?","M","T","M","M","R","?","M","R","B",null,"M","$","M","$","?","E","R","?","T","AVR","M","M","M","M","R","B",null,"M","?","M","$","M","R","?"],"character_chosen":"DEFECT","items_purchased":["Dramatic Entrance","Defragment","BootSequence","Flash of Steel","Capacitor","Shuriken","Sweeping Beam","Lantern","aspiration:EnhancedActuators","Strange Spoon"],"campfire_rested":5,"item_purchase_floors":[0,0,0,0,19,21,21,38,38,38],"current_hp_per_floor":[49,38,38,38,44,68,68,68,68,68,68,81,93,93,93,35,99,99,99,99,99,105,76,105,105,105,105,82,79,79,79,105,81,105,105,65,47,47,53,76,0,0],"gold":22,"neow_bonus":"","is_daily":false,"chose_seed":false,"campfire_upgraded":1,"win_rate":0.0,"timestamp":1611793773,"path_taken":["M","?","M","?","?","R","?","M","T","M","M","R","?","M","R","BOSS","M","$","M","$","?","E","R","?","T","AVR","?","M","M","M","R","BOSS","M","?","M","$","M","R","?"],"items_purchased_type":["Card","Card","Card","Card","Card","Relic","Card","Relic","Relic","Relic"],"build_version":"2020-12-22","purchased_purges":0,"victory":false,"max_hp_per_floor":[75,75,75,75,81,81,81,81,81,81,81,81,93,93,93,93,99,99,99,99,99,105,105,105,105,105,105,105,105,105,105,105,105,105,105,78,78,78,78,78,78,78],"card_choices":[{"not_picked":["Leap","Beam Cell"],"picked":"Turbo","floor":1},{"not_picked":["Coolheaded","Stack"],"picked":"Leap","floor":3},{"not_picked":["Go for the Eyes","Stack"],"picked":"Steam","floor":8},{"not_picked":["Scrape","Barrage"],"picked":"Redo","floor":10},{"not_picked":["Compile Driver","Go for the Eyes"],"picked":"Cold Snap","floor":11},{"not_picked":["infinitespire:Starlight","infinitespire:Execution"],"picked":"infinitespire:NeuralNetwork","floor":13},{"not_picked":["Meteor Strike","Coolheaded"],"picked":"Cold Snap","floor":14},{"not_picked":["Rainbow","Meteor Strike"],"picked":"Electrodynamics","floor":16},{"not_picked":["Reinforced Body","Streamline+1"],"picked":"Beam Cell","floor":18},{"not_picked":["Hologram","Coolheaded"],"picked":"Beam Cell","floor":20},{"not_picked":["Redo","Hyperbeam+1"],"picked":"Gash+1","floor":23},{"not_picked":["Sunder+1","Turbo"],"picked":"Cold Snap+1","floor":28},{"not_picked":["Darkness","Blizzard+1"],"picked":"Conserve Battery","floor":29},{"not_picked":["Coolheaded","Streamline+1"],"picked":"Conserve Battery","floor":30},{"not_picked":["FTL+1","Ball Lightning+1"],"picked":"Storm+1","floor":31},{"not_picked":["Seek","Rainbow"],"picked":"Fission","floor":33},{"not_picked":["Aggregate","Consume+1"],"picked":"Ball Lightning+1","floor":35},{"not_picked":["Lockon+1","Doom and Gloom+1"],"picked":"Static Discharge+1","floor":36},{"not_picked":["Genetic Algorithm+1","Beam Cell+1"],"picked":"Skim+1","floor":37},{"not_picked":["Self Repair+1","Lockon+1"],"picked":"Rip and Tear+1","floor":39}],"player_experience":305025,"relics_obtained":[{"floor":4,"key":"Darkstone Periapt"},{"floor":9,"key":"Cables"},{"floor":17,"key":"infinitespire:Beetle Shell"},{"floor":17,"key":"infinitespire:ShieldingShard"},{"floor":17,"key":"Du-Vu Doll"},{"floor":23,"key":"Molten Egg 2"},{"floor":26,"key":"aspiration:HiddenCompartment"},{"floor":36,"key":"infinitespire:Lychee Nut"}],"event_choices":[{"damage_healed":0,"gold_gain":75,"player_choice":"Gather Gold","damage_taken":11,"max_hp_gain":0,"max_hp_loss":0,"event_name":"World of Goop","floor":2,"gold_loss":0},{"damage_healed":0,"gold_gain":0,"player_choice":"Take Wound","damage_taken":0,"relics_obtained":["Golden Idol"],"max_hp_gain":0,"max_hp_loss":0,"event_name":"Golden Idol","floor":5,"gold_loss":0,"cards_obtained":["Injury"]},{"damage_healed":0,"gold_gain":0,"player_choice":"Ignored","damage_taken":0,"max_hp_gain":0,"max_hp_loss":0,"event_name":"Golden Wing","floor":7,"gold_loss":0},{"cards_removed":["Beam Cell"],"damage_healed":0,"gold_gain":0,"player_choice":"Gave Card","damage_taken":0,"relics_obtained":["Unceasing Top"],"max_hp_gain":0,"max_hp_loss":0,"event_name":"WeMeetAgain","floor":25,"gold_loss":0},{"damage_healed":0,"gold_gain":0,"player_choice":"Fight","damage_taken":0,"max_hp_gain":0,"max_hp_loss":0,"event_name":"Mysterious Sphere","floor":36,"gold_loss":0}],"is_beta":false,"boss_relics":[{"not_picked":["Cursed Key","aspiration:SecretTechniqueScroll"],"picked":"Calling Bell"},{"not_picked":["Velvet Choker","Tiny House"],"picked":"aspiration:RunicSpoon"}],"items_purged_floors":[],"is_endless":false,"potions_floor_spawned":[1,8,20,29,33,35,36,37],"killed_by":"Nightmare_Alpha","ascension_level":0}}