{"host":"nwd160me4iqdtr8u","time":1611847734,"event":{"mods":["AchievementEnabler","Act Like it!","BaseMod","Colored Map","DeckTracker","Minty Spire (QoL Compilation)","Quick Restart","Rare Cards Sparkle","StSLib","SuperFastMode","everything is the same but u backflip on backflip"],"gold_per_floor":[111,123,123,136,86,126,141,141,165,178,178,178,202,246,246,366,366,390,311,334,1,24,24,24,42,42,42,42,61,86,110,110,110,110],"floor_reached":33,"language":"KOR","playtime":1229,"items_purged":[],"score":404,"play_id":"452dfe3b-962c-4916-8fe0-3ec4fc351c82","local_time":"20210129002854","is_ascension_mode":true,"campfire_choices":[{"data":"Judgement","floor":8.0,"key":"SMITH"},{"data":"Eruption","floor":12.0,"key":"SMITH"},{"floor":15.0,"key":"REST"},{"data":"Scrawl","floor":23.0,"key":"SMITH"},{"floor":27.0,"key":"REST"},{"floor":32,"key":"REST"}],"circlet_count":0,"master_deck":["Strike_P+1","Strike_P+1","Defend_P","Eruption+1","Vigilance","Judgement+1","Meditate","EmptyMind","ForeignInfluence","Fasting2","Sanctity","FollowUp","Scrawl+1","Tantrum+1","EmptyFist+1","ReachHeaven+1","ClearTheMind","Swivel","Protect","Study","Evaluate+1","RitualDagger","Halt+1","Indignation"],"relics":["PureWater","Golden Idol","Oddly Smooth Stone","Whetstone","Vajra","Astrolabe","Incense Burner","Nilry\u0027s Codex","The Courier"],"acts_visited":["Exordium","TheCity"],"potions_floor_usage":[33],"damage_taken":[{"damage":4.0,"enemies":"Jaw Worm","floor":1.0,"turns":2.0},{"damage":0.0,"enemies":"2 Louse","floor":2.0,"turns":2.0},{"damage":3.0,"enemies":"Small Slimes","floor":4.0,"turns":4.0},{"damage":9.0,"enemies":"3 Sentries","floor":6.0,"turns":7.0},{"damage":2.0,"enemies":"3 Louse","floor":7.0,"turns":2.0},{"damage":0.0,"enemies":"Looter","floor":10.0,"turns":1.0},{"damage":0.0,"enemies":"Exordium Thugs","floor":13.0,"turns":3.0},{"damage":21.0,"enemies":"Lagavulin","floor":14.0,"turns":4.0},{"damage":0.0,"enemies":"Slime Boss","floor":16.0,"turns":5.0},{"damage":18.0,"enemies":"3 Byrds","floor":18.0,"turns":4.0},{"damage":11.0,"enemies":"2 Thieves","floor":20.0,"turns":2.0},{"damage":5.0,"enemies":"Cultist and Chosen","floor":22.0,"turns":4.0},{"damage":0.0,"enemies":"Snecko","floor":25.0,"turns":2.0},{"damage":7.0,"enemies":"Centurion and Healer","floor":29.0,"turns":2.0},{"damage":0,"enemies":"Snake Plant","floor":30,"turns":2},{"damage":0,"enemies":"3 Cultists","floor":31,"turns":3},{"damage":44,"enemies":"Collector","floor":33,"turns":9}],"seed_played":"-5598355044788088726","potions_obtained":[{"floor":1.0,"key":"DuplicationPotion"},{"floor":4.0,"key":"Ancient Potion"},{"floor":7.0,"key":"Strength Potion"},{"floor":13.0,"key":"Ancient Potion"},{"floor":16.0,"key":"Energy Potion"},{"floor":18.0,"key":"Dexterity Potion"},{"floor":29.0,"key":"Block Potion"}],"is_trial":false,"path_per_floor":["M","M","?","M","?","E","M","R","T","M","?","R","M","E","R","B",null,"M","$","M","$","M","R","?","M","T","R","?","M","M","M","R","B"],"character_chosen":"WATCHER","items_purchased":["Swivel","Incense Burner","Protect"],"campfire_rested":3,"item_purchase_floors":[19,21,21],"current_hp_per_floor":[61,61,61,58,58,49,47,47,47,47,47,47,47,26,46,46,62,44,44,33,33,28,28,12,12,12,32,26,19,19,19,39,0,0],"gold":110,"neow_bonus":"ONE_RANDOM_RARE_CARD","is_daily":false,"chose_seed":false,"campfire_upgraded":3,"win_rate":0.0,"timestamp":1611847734,"path_taken":["M","M","?","M","?","E","M","R","T","M","?","R","M","E","R","BOSS","M","$","M","$","M","R","?","M","T","R","?","M","M","M","R","BOSS"],"items_purchased_type":["Card","Relic","Card"],"build_version":"2020-12-22","purchased_purges":0,"victory":false,"max_hp_per_floor":[72,72,67,67,67,67,67,67,67,67,67,67,67,67,67,67,67,67,67,67,67,67,67,67,67,67,67,67,67,67,67,67,67,67],"card_choices":[{"not_picked":["Prostrate","ClearTheMind"],"picked":"Meditate","floor":1.0},{"not_picked":["CrushJoints","Wireheading","WreathOfFlame"],"picked":"SKIP","floor":2.0},{"not_picked":["BowlingBash","Halt"],"picked":"EmptyMind","floor":4.0},{"not_picked":["Perseverance","Wish"],"picked":"ForeignInfluence","floor":6.0},{"not_picked":["Crescendo","EmptyBody"],"picked":"Fasting2","floor":7.0},{"not_picked":["WindmillStrike","DeceiveReality","JustLucky"],"picked":"SKIP","floor":10.0},{"not_picked":["Evaluate","BattleHymn"],"picked":"Sanctity","floor":13.0},{"not_picked":["InnerPeace","Consecrate"],"picked":"FollowUp","floor":14.0},{"not_picked":["MasterReality","Judgement"],"picked":"Scrawl","floor":16.0},{"not_picked":["WreathOfFlame","WindmillStrike"],"picked":"ClearTheMind","floor":18.0},{"not_picked":["BowlingBash+1","FlyingSleeves+1","Nirvana+1"],"picked":"SKIP","floor":20.0},{"not_picked":["Prostrate","Weave"],"picked":"Study","floor":22.0},{"not_picked":["Meditate","CrushJoints"],"picked":"Evaluate+1","floor":25.0},{"not_picked":["CrushJoints+1","Establishment"],"picked":"Halt+1","floor":29.0},{"not_picked":["Protect","Consecrate","FollowUp+1"],"picked":"SKIP","floor":30},{"not_picked":["Brilliance","BowlingBash+1"],"picked":"Indignation","floor":31}],"player_experience":284575,"relics_obtained":[{"floor":6.0,"key":"Oddly Smooth Stone"},{"floor":9.0,"key":"Whetstone"},{"floor":14.0,"key":"Vajra"},{"floor":24.0,"key":"Nilry\u0027s Codex"},{"floor":26.0,"key":"The Courier"}],"event_choices":[{"damage_healed":0.0,"max_hp_gain":0.0,"max_hp_loss":5.0,"gold_gain":0.0,"event_name":"Golden Idol","player_choice":"Lose Max HP","floor":3.0,"gold_loss":0.0,"damage_taken":0.0,"relics_obtained":["Golden Idol"]},{"cards_removed":["Defend_P"],"damage_healed":0.0,"max_hp_gain":0.0,"max_hp_loss":0.0,"gold_gain":0.0,"event_name":"The Cleric","player_choice":"Card Removal","floor":5.0,"gold_loss":50.0,"damage_taken":0.0},{"cards_removed":["Strike_P"],"damage_healed":0.0,"max_hp_gain":0.0,"max_hp_loss":0.0,"gold_gain":0.0,"event_name":"Living Wall","player_choice":"Forget","floor":11.0,"gold_loss":0.0,"damage_taken":0.0},{"damage_healed":0.0,"max_hp_gain":0.0,"max_hp_loss":0.0,"gold_gain":0.0,"event_name":"Cursed Tome","player_choice":"Obtained Book","floor":24.0,"gold_loss":0.0,"damage_taken":16.0},{"damage_healed":0.0,"max_hp_gain":0.0,"max_hp_loss":0.0,"gold_gain":0.0,"event_name":"Nest","player_choice":"Joined the Cult","floor":28.0,"gold_loss":0.0,"damage_taken":6.0,"cards_obtained":["RitualDagger"]}],"is_beta":false,"boss_relics":[{"not_picked":["VioletLotus","SlaversCollar"],"picked":"Astrolabe"}],"items_purged_floors":[],"is_endless":false,"potions_floor_spawned":[1,4,7,13,16,18,29],"killed_by":"Collector","ascension_level":6}}