{"host":"rb2p2z6v6vieend5","time":1611794024,"event":{"mods":["BaseMod","Block Reminder","Colored Map","DeckTracker","Highlight Path","Minty Spire (QoL Compilation)","Random Character Button","Relic Stats"],"gold_per_floor":[113,113,131,143,143,143,172,192,219,219,253,268,268,268,268,372,372,384,403,110,130,141,141,151,181,181,181,192,271,271,186,186,290,290,309,531,540,48,48,48,65,65,65,115,115,115,125,158,158,158],"floor_reached":51,"language":"ENG","playtime":3000,"items_purged":["Strike_P","Strike_P"],"score":839,"play_id":"6d2a7a27-a0a8-4dd4-aafb-b268759ac652","local_time":"20210128013344","is_ascension_mode":true,"campfire_choices":[{"data":"Eruption","floor":6,"key":"SMITH"},{"data":"Protect","floor":10,"key":"SMITH"},{"floor":15,"key":"REST"},{"data":"Wallop","floor":23,"key":"SMITH"},{"data":"Perseverance","floor":27,"key":"SMITH"},{"floor":30,"key":"REST"},{"floor":32,"key":"REST"},{"data":"TalkToTheHand","floor":40,"key":"SMITH"},{"data":"SpiritShield","floor":42,"key":"SMITH"},{"data":"JustLucky","floor":45,"key":"SMITH"},{"data":"Weave","floor":49,"key":"SMITH"}],"circlet_count":0,"master_deck":["Defend_P+1","Defend_P","Defend_P","Eruption+1","Vigilance","ClearTheMind+1","WheelKick","CutThroughFate","Wireheading","Protect+1","Wallop+1","Conclude","SpiritShield+1","JustLucky+1","SandsOfTime","Perseverance+1","Weave+1","JustLucky","Dramatic Entrance","TalkToTheHand+1","Nirvana"],"relics":["PureWater","NeowsBlessing","War Paint","Tiny Chest","Bag of Marbles","SacredBark","Oddly Smooth Stone","Red Mask","CeramicFish","Shuriken","Akabeko","SlaversCollar","Toxic Egg 2","Bottled Flame","Juzu Bracelet","TungstenRod","StoneCalendar"],"acts_visited":["Exordium","TheCity","TheBeyond"],"potions_floor_usage":[50],"damage_taken":[{"damage":0,"enemies":"Cultist","floor":1,"turns":1},{"damage":0,"enemies":"2 Louse","floor":3,"turns":1},{"damage":0,"enemies":"Jaw Worm","floor":4,"turns":1},{"damage":32,"enemies":"Lagavulin","floor":7,"turns":5},{"damage":0,"enemies":"Large Slime","floor":8,"turns":4},{"damage":18,"enemies":"3 Sentries","floor":11,"turns":6},{"damage":0,"enemies":"2 Fungi Beasts","floor":12,"turns":2},{"damage":0,"enemies":"Slime Boss","floor":16,"turns":4},{"damage":2,"enemies":"Spheric Guardian","floor":18,"turns":3},{"damage":0,"enemies":"2 Thieves","floor":19,"turns":2},{"damage":24,"enemies":"Snake Plant","floor":21,"turns":4},{"damage":2,"enemies":"Centurion and Healer","floor":22,"turns":5},{"damage":1,"enemies":"Snecko","floor":24,"turns":5},{"damage":15,"enemies":"Masked Bandits","floor":25,"turns":4},{"damage":21,"enemies":"Snake Plant","floor":28,"turns":7},{"damage":24,"enemies":"Champ","floor":33,"turns":8},{"damage":0,"enemies":"Orb Walker","floor":35,"turns":2},{"damage":4,"enemies":"3 Darklings","floor":41,"turns":2},{"damage":0,"enemies":"Mind Bloom Boss Battle","floor":44,"turns":5},{"damage":2,"enemies":"Spire Growth","floor":47,"turns":5},{"damage":0,"enemies":"Giant Head","floor":48,"turns":7},{"damage":4,"enemies":"Awakened One","floor":50,"turns":14}],"seed_played":"3108250733911254764","potions_obtained":[{"floor":3,"key":"Dexterity Potion"},{"floor":7,"key":"SpeedPotion"},{"floor":12,"key":"Fire Potion"}],"is_trial":false,"path_per_floor":["M","?","M","M","?","R","E","M","T","R","E","M","?","?","R","B",null,"M","M","$","M","M","R","M","?","T","R","M","T","R","?","R","B",null,"M","?","?","$","T","R","M","R","T","?","R","?","M","E","R","B",null],"character_chosen":"WATCHER","items_purchased":["Oddly Smooth Stone","SandsOfTime","TalkToTheHand","Nirvana","Toxic Egg 2"],"campfire_rested":3,"item_purchase_floors":[20,20,38,38,38],"current_hp_per_floor":[72,72,72,72,72,72,40,40,40,40,22,22,15,15,36,36,72,70,70,70,46,44,44,43,28,28,28,7,7,28,28,49,25,72,72,72,72,72,72,72,68,68,68,68,68,68,66,66,66,62],"gold":158,"neow_bonus":"THREE_ENEMY_KILL","is_daily":false,"chose_seed":false,"campfire_upgraded":8,"win_rate":0.0,"timestamp":1611794024,"path_taken":["M","?","M","?","?","R","E","?","T","R","E","M","?","?","R","BOSS","M","M","$","M","M","R","M","?","T","R","M","?","R","?","R","BOSS","M","?","?","$","?","R","M","R","T","?","R","?","M","E","R","BOSS"],"items_purchased_type":["Relic","Card","Card","Card","Relic"],"build_version":"2020-12-22","purchased_purges":2,"victory":true,"max_hp_per_floor":[72,72,72,72,72,72,72,72,72,72,72,72,72,72,72,72,72,72,72,72,72,72,72,72,72,72,72,72,72,72,72,72,72,72,72,72,72,72,72,72,72,72,72,72,72,68,68,68,68,68],"relic_stats":{"counters":[22,97],"Shuriken":[34],"CeramicFish":36,"Tiny Chest":2,"StoneCalendar":[52],"Juzu Bracelet":1,"War Paint":["Defend_P","ClearTheMind"],"obtain_stats":[{"NeowsBlessing":0,"SacredBark":17,"CeramicFish":26,"Oddly Smooth Stone":20,"StoneCalendar":48,"Juzu Bracelet":43,"War Paint":7,"Akabeko":31,"SlaversCollar":34,"Bottled Flame":39,"Shuriken":29,"Tiny Chest":9,"Bag of Marbles":11,"Red Mask":25,"PureWater":0,"Toxic Egg 2":38,"TungstenRod":44},{"NeowsBlessing":0,"SacredBark":8,"CeramicFish":14,"Oddly Smooth Stone":10,"StoneCalendar":21,"Juzu Bracelet":18,"War Paint":4,"Akabeko":15,"SlaversCollar":16,"Bottled Flame":17,"Shuriken":15,"Tiny Chest":5,"Bag of Marbles":6,"Red Mask":14,"PureWater":0,"Toxic Egg 2":17,"TungstenRod":19},{"NeowsBlessing":0,"SacredBark":24,"CeramicFish":47,"Oddly Smooth Stone":29,"StoneCalendar":83,"Juzu Bracelet":66,"War Paint":8,"Akabeko":54,"SlaversCollar":62,"Bottled Flame":64,"Shuriken":54,"Tiny Chest":12,"Bag of Marbles":18,"Red Mask":47,"PureWater":0,"Toxic Egg 2":64,"TungstenRod":71}],"TungstenRod":3},"card_choices":[{"not_picked":["Prostrate","CrushJoints"],"picked":"ClearTheMind","floor":1},{"not_picked":["Study","FlyingSleeves"],"picked":"CutThroughFate","floor":3},{"not_picked":["CrushJoints","Prostrate"],"picked":"Wireheading","floor":4},{"not_picked":["ConjureBlade","ThirdEye","DeceiveReality"],"picked":"SKIP","floor":7},{"not_picked":["PathToVictory","FlurryOfBlows"],"picked":"Protect","floor":8},{"not_picked":["Tantrum","Protect"],"picked":"Wallop","floor":11},{"not_picked":["JustLucky","WheelKick"],"picked":"Conclude","floor":12},{"not_picked":["Devotion","Alpha"],"picked":"SpiritShield","floor":16},{"not_picked":["EmptyMind+1","Halt","ThirdEye"],"picked":"SKIP","floor":18},{"not_picked":["Evaluate","FlyingSleeves"],"picked":"JustLucky","floor":19},{"not_picked":["EmptyBody+1","Judgement","InnerPeace+1"],"picked":"SKIP","floor":21},{"not_picked":["Protect","FlurryOfBlows"],"picked":"Perseverance","floor":22},{"not_picked":["FlyingSleeves","BowlingBash","SashWhip"],"picked":"SKIP","floor":24},{"not_picked":["Consecrate","Worship"],"picked":"Weave","floor":25},{"not_picked":["ClearTheMind","CrushJoints+1","SashWhip"],"picked":"SKIP","floor":28},{"not_picked":["PathToVictory+1","Crescendo+1"],"picked":"JustLucky","floor":35},{"not_picked":["Dark Shackles","PanicButton"],"picked":"Dramatic Entrance","floor":37},{"not_picked":["MentalFortress+1","FlurryOfBlows+1","InnerPeace+1"],"picked":"SKIP","floor":41},{"not_picked":["PathToVictory+1","Evaluate+1","SashWhip"],"picked":"SKIP","floor":47},{"not_picked":["BowlingBash","Evaluate+1","Halt+1"],"picked":"SKIP","floor":48}],"player_experience":637145,"relics_obtained":[{"floor":7,"key":"War Paint"},{"floor":9,"key":"Tiny Chest"},{"floor":11,"key":"Bag of Marbles"},{"floor":25,"key":"Red Mask"},{"floor":26,"key":"CeramicFish"},{"floor":29,"key":"Shuriken"},{"floor":39,"key":"Bottled Flame"},{"floor":43,"key":"Juzu Bracelet"},{"floor":44,"key":"TungstenRod"},{"floor":48,"key":"StoneCalendar"}],"event_choices":[{"damage_healed":0,"gold_gain":0,"cards_transformed":["Defend_P"],"player_choice":"Transformed","damage_taken":0,"max_hp_gain":0,"max_hp_loss":0,"event_name":"Transmorgrifier","floor":2,"gold_loss":0,"cards_obtained":["WheelKick"]},{"damage_healed":0,"gold_gain":0,"player_choice":"Bought 0 Potions","damage_taken":0,"max_hp_gain":0,"max_hp_loss":0,"event_name":"The Woman in Blue","floor":5,"gold_loss":0},{"cards_removed":["Strike_P"],"damage_healed":0,"gold_gain":0,"player_choice":"Card Removal","damage_taken":7,"max_hp_gain":0,"max_hp_loss":0,"event_name":"Golden Wing","floor":13,"gold_loss":0},{"cards_removed":["Strike_P"],"damage_healed":0,"gold_gain":0,"player_choice":"Forget","damage_taken":0,"max_hp_gain":0,"max_hp_loss":0,"event_name":"Living Wall","floor":14,"gold_loss":0},{"damage_healed":0,"gold_gain":0,"player_choice":"Fought Bandits","damage_taken":0,"max_hp_gain":0,"max_hp_loss":0,"event_name":"Masked Bandits","floor":25,"gold_loss":0},{"damage_healed":0,"gold_gain":0,"player_choice":"Obtained Relic","damage_taken":0,"relics_obtained":["Akabeko"],"max_hp_gain":0,"max_hp_loss":0,"event_name":"Addict","floor":31,"gold_loss":85},{"damage_healed":0,"gold_gain":222,"player_choice":"Wore Mask","damage_taken":0,"max_hp_gain":0,"max_hp_loss":0,"event_name":"Tomb of Lord Red Mask","floor":36,"gold_loss":0},{"damage_healed":0,"gold_gain":0,"player_choice":"Memory 1","damage_taken":0,"max_hp_gain":0,"max_hp_loss":0,"event_name":"SensoryStone","floor":37,"gold_loss":0},{"damage_healed":0,"gold_gain":0,"player_choice":"Fight","damage_taken":0,"max_hp_gain":0,"max_hp_loss":0,"event_name":"MindBloom","floor":44,"gold_loss":0},{"damage_healed":0,"gold_gain":0,"player_choice":"Max HP","damage_taken":0,"max_hp_gain":0,"max_hp_loss":4,"event_name":"Winding Halls","floor":46,"gold_loss":0}],"is_beta":false,"boss_relics":[{"not_picked":["Philosopher\u0027s Stone","Ectoplasm"],"picked":"SacredBark"},{"not_picked":["Black Star","Runic Dome"],"picked":"SlaversCollar"}],"items_purged_floors":[20,38],"is_endless":false,"potions_floor_spawned":[3,7,12,19,28,35],"ascension_level":3}}