{"host":"yvlk1m4foro8gl4v","time":1611834577,"event":{"mods":["AchievementEnabler","Act Like it!","BaseMod","Minty Spire (QoL Compilation)","Relic Stats","StSLib","The Servant 0.9.4","Uncapped"],"gold_per_floor":[109,129,129,129,129,172,172,192,217,232,407,90,90,122,134,244,256,292,322,359,123,141,141,185,185,185],"floor_reached":25,"language":"ENG","playtime":1616,"items_purged":["Doubt","Mayhem+1"],"score":335,"play_id":"02137a80-aeca-48c0-b01d-4dc7413cb931","local_time":"20210128114937","is_ascension_mode":true,"campfire_choices":[{"floor":7.0,"key":"REST"},{"data":"Mayhem","floor":15.0,"key":"SMITH"},{"floor":23,"key":"REST"}],"circlet_count":0,"master_deck":["AscendersBane","Strike_G+1","Strike_G","Strike_G","Strike_G","Strike_G","Defend_G","Defend_G","Defend_G","Defend_G","Defend_G","Survivor","Neutralize+1","Riddle With Holes","Bouncing Flask+1","Prepared","Well Laid Plans","Crippling Poison","Calculated Gamble","Deadly Poison","Footwork","PiercingWail","Dodge and Roll","PiercingWail"],"relics":["Ring of the Snake","Whetstone","Bottled Lightning","Golden Idol","Darkstone Periapt","Blood Vial","Membership Card","MawBank","Velvet Choker","Paper Crane","Red Mask"],"acts_visited":["Exordium","TheCity"],"potions_floor_usage":[16,20],"damage_taken":[{"damage":3.0,"enemies":"2 Louse","floor":1.0,"turns":4.0},{"damage":4.0,"enemies":"Jaw Worm","floor":2.0,"turns":4.0},{"damage":30.0,"enemies":"Gremlin Nob","floor":6.0,"turns":4.0},{"damage":1.0,"enemies":"Small Slimes","floor":8.0,"turns":4.0},{"damage":4.0,"enemies":"2 Fungi Beasts","floor":10.0,"turns":3.0},{"damage":13.0,"enemies":"Exordium Wildlife","floor":14.0,"turns":8.0},{"damage":5,"enemies":"Slime Boss","floor":16,"turns":7},{"damage":4,"enemies":"3 Byrds","floor":18,"turns":7},{"damage":28,"enemies":"Shell Parasite","floor":19,"turns":5},{"damage":18,"enemies":"Cultist and Chosen","floor":20,"turns":7},{"damage":5,"enemies":"Centurion and Healer","floor":22,"turns":7},{"damage":33,"enemies":"Masked Bandits","floor":24,"turns":6},{"damage":6,"enemies":"Slavers","floor":25,"turns":2}],"seed_played":"8119151853901149406","potions_obtained":[{"floor":1.0,"key":"DuplicationPotion"},{"floor":2.0,"key":"DistilledChaos"},{"floor":18,"key":"Ancient Potion"}],"is_trial":false,"path_per_floor":["M","M","?","T","?","E","R","M","T","M","?","$","?","M","R","B",null,"M","M","M","$","M","R","?","E"],"character_chosen":"THE_SILENT","items_purchased":["Membership Card","Mayhem","Footwork","Paper Crane","PiercingWail","Dodge and Roll"],"campfire_rested":2,"item_purchase_floors":[12,12,21,21,21,21],"current_hp_per_floor":[60,56,56,56,56,26,45,44,44,42,48,48,45,34,34,31,61,59,33,17,17,14,35,4,0,0],"gold":185,"neow_bonus":"RANDOM_COMMON_RELIC","is_daily":false,"chose_seed":false,"campfire_upgraded":1,"win_rate":0.0,"timestamp":1611834577,"path_taken":["M","M","?","?","?","E","R","M","T","M","?","$","?","M","R","BOSS","M","M","M","$","M","R","?","E"],"items_purchased_type":["Relic","Card","Card","Relic","Card","Card"],"build_version":"2020-12-22","purchased_purges":2,"victory":false,"max_hp_per_floor":[70,70,70,70,65,65,65,65,65,65,71,71,71,71,71,71,71,71,71,71,71,71,71,71,71,71],"relic_stats":{"Darkstone Periapt":6,"Blood Vial":18,"counters":[13,68],"Golden Idol":67,"Whetstone":["Neutralize","Strike_G"],"MawBank":96,"obtain_stats":[{"Darkstone Periapt":6,"Blood Vial":9,"Golden Idol":5,"Velvet Choker":17,"Red Mask":24,"Whetstone":0,"Bottled Lightning":4,"Membership Card":12,"Paper Crane":21,"MawBank":13,"Ring of the Snake":0},{"Darkstone Periapt":3,"Blood Vial":4,"Golden Idol":2,"Velvet Choker":7,"Red Mask":12,"Whetstone":0,"Bottled Lightning":2,"Membership Card":5,"Paper Crane":10,"MawBank":5,"Ring of the Snake":0},{"Darkstone Periapt":12,"Blood Vial":16,"Golden Idol":8,"Velvet Choker":34,"Red Mask":66,"Whetstone":0,"Bottled Lightning":8,"Membership Card":19,"Paper Crane":53,"MawBank":19,"Ring of the Snake":0}],"Ring of the Snake":[26]},"card_choices":[{"not_picked":["Acrobatics","Tactician"],"picked":"Riddle With Holes","floor":1.0},{"not_picked":["Outmaneuver","Deflect"],"picked":"Bouncing Flask","floor":2.0},{"not_picked":["Cloak And Dagger","Bane"],"picked":"Prepared","floor":6.0},{"not_picked":["Cloak And Dagger","Escape Plan"],"picked":"Well Laid Plans","floor":8.0},{"not_picked":["A Thousand Cuts","Choke","Dagger Throw"],"picked":"SKIP","floor":10.0},{"not_picked":["Quick Slash","Deflect"],"picked":"Crippling Poison","floor":14.0},{"not_picked":["Quick Slash","All Out Attack+1"],"picked":"Calculated Gamble","floor":18},{"not_picked":["Terror","Prepared","Blade Dance"],"picked":"SKIP","floor":19},{"not_picked":["Accuracy+1","Choke"],"picked":"Deadly Poison","floor":20},{"not_picked":["Underhanded Strike","Cloak And Dagger","Endless Agony"],"picked":"SKIP","floor":22},{"not_picked":["Dagger Spray","Cloak And Dagger"],"picked":"PiercingWail","floor":24}],"player_experience":764478,"relics_obtained":[{"floor":4.0,"key":"Bottled Lightning"},{"floor":6.0,"key":"Darkstone Periapt"},{"floor":9.0,"key":"Blood Vial"},{"floor":24,"key":"Red Mask"}],"event_choices":[{"damage_healed":0.0,"max_hp_gain":0.0,"max_hp_loss":0.0,"gold_gain":0.0,"event_name":"Living Wall","player_choice":"Grow","floor":3.0,"gold_loss":0.0,"damage_taken":0.0,"cards_upgraded":["Bouncing Flask"]},{"damage_healed":0.0,"max_hp_gain":0.0,"max_hp_loss":5.0,"gold_gain":0.0,"event_name":"Golden Idol","player_choice":"Lose Max HP","floor":5.0,"gold_loss":0.0,"damage_taken":0.0,"relics_obtained":["Golden Idol"]},{"damage_healed":0.0,"max_hp_gain":0.0,"max_hp_loss":0.0,"gold_gain":175.0,"event_name":"Liars Game","player_choice":"AGREE","floor":11.0,"gold_loss":0.0,"damage_taken":0.0,"cards_obtained":["Doubt"]},{"damage_healed":0.0,"max_hp_gain":0.0,"max_hp_loss":0.0,"gold_gain":0.0,"event_name":"Scrap Ooze","player_choice":"Success","floor":13.0,"gold_loss":0.0,"damage_taken":3.0,"relics_obtained":["MawBank"]},{"damage_healed":0,"gold_gain":0,"player_choice":"Fought Bandits","damage_taken":0,"max_hp_gain":0,"max_hp_loss":0,"event_name":"Masked Bandits","floor":24,"gold_loss":0}],"is_beta":false,"boss_relics":[{"not_picked":["Ectoplasm","Philosopher\u0027s Stone"],"picked":"Velvet Choker"}],"items_purged_floors":[12,21],"is_endless":false,"potions_floor_spawned":[1,2,18],"killed_by":"Slavers","ascension_level":13}}