{"host":"lktusdb9orijgc6z","time":1611848162,"event":{"mods":["BaseMod","Bestiary","Colored Map","Colored Powertips","Minty Spire (QoL Compilation)","Permanent Neow","Quick Restart","Relic Stats","StSLib","everything is the same but u backflip on backflip","slay the spire mod where everything is the same but ironclad has a cowboy hat"],"gold_per_floor":[116,23,23,42,61,61,88,88,168,193,193,212,212,212,212,289,289,301,318,318,318,318],"floor_reached":21,"language":"ENG","playtime":879,"items_purged":[],"score":374,"play_id":"03fe75ed-9548-4fbf-ac53-6f7a90779b30","local_time":"20210128163602","is_ascension_mode":true,"campfire_choices":[{"floor":6,"key":"REST"},{"data":"Beam Cell","floor":8,"key":"SMITH"},{"floor":11,"key":"REST"},{"data":"Sunder","floor":13,"key":"SMITH"},{"floor":15,"key":"REST"}],"circlet_count":0,"master_deck":["AscendersBane","Strike_B","Strike_B","Strike_B","Strike_B","Defend_B+1","Defend_B+1","Defend_B","Defend_B","Zap","Dualcast","Sweeping Beam","Rip and Tear","Undo","Beam Cell+1","Doom and Gloom","Coolheaded","Sunder+1","Echo Form+1","Self Repair+1","Cold Snap+1"],"relics":["Cracked Core","Pocketwatch","Potion Belt","The Courier","Frozen Egg 2","TungstenRod","Nuclear Battery","Enchiridion"],"acts_visited":["Exordium","TheCity"],"potions_floor_usage":[7,10,16,21],"damage_taken":[{"damage":1,"enemies":"Cultist","floor":1,"turns":3},{"damage":0,"enemies":"Jaw Worm","floor":4,"turns":2},{"damage":0,"enemies":"Small Slimes","floor":5,"turns":4},{"damage":11,"enemies":"Lagavulin","floor":7,"turns":6},{"damage":22,"enemies":"3 Sentries","floor":10,"turns":5},{"damage":0,"enemies":"Looter","floor":12,"turns":2},{"damage":21,"enemies":"Hexaghost","floor":16,"turns":8},{"damage":14,"enemies":"Spheric Guardian","floor":18,"turns":4},{"damage":17,"enemies":"3 Byrds","floor":19,"turns":5},{"damage":9,"enemies":"Masked Bandits","floor":21,"turns":2}],"seed_played":"5372637356185911226","potions_obtained":[{"floor":4,"key":"PotionOfCapacity"},{"floor":5,"key":"Strength Potion"},{"floor":7,"key":"Block Potion"},{"floor":16,"key":"SteroidPotion"}],"is_trial":false,"path_per_floor":["M","$","?","M","M","R","E","R","T","E","R","M","R","?","R","B",null,"M","M","?","?"],"character_chosen":"DEFECT","items_purchased":["FocusPotion","Rip and Tear"],"campfire_rested":3,"item_purchase_floors":[2,2],"current_hp_per_floor":[45,45,24,24,24,45,34,34,34,12,33,33,33,15,36,15,57,43,26,9,0,0],"gold":318,"neow_bonus":"ONE_RARE_RELIC","is_daily":false,"chose_seed":false,"campfire_upgraded":2,"win_rate":0.0,"timestamp":1611848162,"path_taken":["M","$","?","M","M","R","E","R","T","E","R","M","R","?","R","BOSS","M","M","?","?"],"items_purchased_type":["Potion","Card"],"build_version":"2020-12-22","purchased_purges":0,"victory":false,"max_hp_per_floor":[71,71,71,71,71,71,71,71,71,71,71,71,71,71,71,71,71,71,71,71,71,71],"relic_stats":{"counters":[10,41],"obtain_stats":[{"Potion Belt":7,"Enchiridion":20,"The Courier":9,"Frozen Egg 2":10,"Cracked Core":0,"TungstenRod":14,"Pocketwatch":0,"Nuclear Battery":17},{"Potion Belt":4,"Enchiridion":9,"The Courier":4,"Frozen Egg 2":5,"Cracked Core":0,"TungstenRod":6,"Pocketwatch":0,"Nuclear Battery":7},{"Potion Belt":15,"Enchiridion":39,"The Courier":15,"Frozen Egg 2":20,"Cracked Core":0,"TungstenRod":22,"Pocketwatch":0,"Nuclear Battery":30}],"TungstenRod":27,"Pocketwatch":[59]},"card_choices":[{"not_picked":["Stack","Barrage"],"picked":"Sweeping Beam","floor":1},{"not_picked":["Streamline","Beam Cell"],"picked":"Undo","floor":4},{"not_picked":["Recycle","Conserve Battery"],"picked":"Beam Cell","floor":5},{"not_picked":["Cold Snap","Beam Cell"],"picked":"Doom and Gloom","floor":7},{"not_picked":["FTL","Compile Driver"],"picked":"Coolheaded","floor":10},{"not_picked":["Coolheaded","Force Field"],"picked":"Sunder","floor":12},{"not_picked":["Rainbow","Amplify"],"picked":"Echo Form+1","floor":16},{"not_picked":["Compile Driver","Sweeping Beam"],"picked":"Self Repair+1","floor":18},{"not_picked":["Leap","Conserve Battery"],"picked":"Cold Snap+1","floor":19}],"player_experience":707398,"relics_obtained":[{"floor":7,"key":"Potion Belt"},{"floor":9,"key":"The Courier"},{"floor":10,"key":"Frozen Egg 2"},{"floor":20,"key":"Enchiridion"}],"event_choices":[{"damage_healed":0,"gold_gain":0,"player_choice":"Entered Light","damage_taken":21,"max_hp_gain":0,"max_hp_loss":0,"event_name":"Shining Light","floor":3,"gold_loss":0,"cards_upgraded":["Defend_B","Defend_B"]},{"damage_healed":0,"gold_gain":0,"player_choice":"Success","damage_taken":18,"relics_obtained":["TungstenRod"],"max_hp_gain":0,"max_hp_loss":0,"event_name":"Scrap Ooze","floor":14,"gold_loss":0},{"damage_healed":0,"gold_gain":0,"player_choice":"Obtained Book","damage_taken":21,"max_hp_gain":0,"max_hp_loss":0,"event_name":"Cursed Tome","floor":20,"gold_loss":0},{"damage_healed":0,"gold_gain":0,"player_choice":"Fought Bandits","damage_taken":0,"max_hp_gain":0,"max_hp_loss":0,"event_name":"Masked Bandits","floor":21,"gold_loss":0}],"is_beta":false,"boss_relics":[{"not_picked":["Inserter","Runic Dome"],"picked":"Nuclear Battery"}],"items_purged_floors":[],"is_endless":false,"potions_floor_spawned":[4,5,7,16],"killed_by":"Masked Bandits","ascension_level":20}}