{"host":"mnpd8gh7cwxsn5kh","time":1611849439,"event":{"mods":["BaseMod","Block Reminder","Colored Map","Colored Powertips","Highlight Path","Minty Spire (QoL Compilation)","Relic Sorter","Relic Stats"],"gold_per_floor":[212,487,505,519,519,552,552,578,578,578,595,595,614,628,628,726,726,746,746,746,746,746,780,792,479,479,405,419,453,478,495,495,598,598,613,632,632,632,652,684,684,718,768,344,364,364,364,374,374,374],"floor_reached":51,"language":"ENG","playtime":4745,"items_purged":["Doubt","Second Wind"],"score":968,"play_id":"eeb548a5-c640-4001-8ec7-e06fdb57d200","local_time":"20210128165719","is_ascension_mode":true,"campfire_choices":[{"data":"Carnage","floor":7,"key":"SMITH"},{"data":"Ghostly Armor","floor":10,"key":"SMITH"},{"data":"Whirlwind","floor":15,"key":"SMITH"},{"data":"Barricade","floor":32,"key":"SMITH"},{"data":"Body Slam","floor":41,"key":"SMITH"},{"floor":47,"key":"RECALL"},{"data":"Impervious","floor":49,"key":"SMITH"}],"circlet_count":0,"master_deck":["Strike_R","Strike_R","Strike_R","Strike_R","Defend_R","Defend_R+1","Defend_R","Defend_R","Bash","Carnage+1","Ghostly Armor+1","Flame Barrier","Entrench+1","Pommel Strike","Metallicize","Whirlwind+1","Shrug It Off","Hemokinesis","Barricade+1","Pummel","Impervious","Armaments+1","Rampage","RitualDagger","Reaper","Body Slam+1","Uppercut","Power Through","Warcry+1","Shrug It Off","Clothesline","Demon Form","Battle Trance+1","Shrug It Off+1","Clothesline+1","Entrench+1","Warcry+1","Impervious+1","Metamorphosis","Demon Form","PanicButton","Body Slam+1"],"relics":["Burning Blood","PreservedInsect","Prayer Wheel","Anchor","Matryoshka","Sozu","Pocketwatch","Blood Vial","Toolbox","War Paint","Tiny Chest","Eternal Feather","Mummified Hand","Omamori","Coffee Dripper","Gremlin Horn","Bag of Preparation","Pear","Nunchaku"],"acts_visited":["Exordium","TheCity","TheBeyond"],"potions_floor_usage":[6,16],"damage_taken":[{"damage":0,"enemies":"Small Slimes","floor":1,"turns":4},{"damage":4,"enemies":"Cultist","floor":3,"turns":3},{"damage":4,"enemies":"2 Louse","floor":4,"turns":2},{"damage":11,"enemies":"Gremlin Nob","floor":6,"turns":4},{"damage":20,"enemies":"3 Sentries","floor":8,"turns":6},{"damage":2,"enemies":"2 Fungi Beasts","floor":11,"turns":3},{"damage":4,"enemies":"Exordium Wildlife","floor":13,"turns":6},{"damage":14,"enemies":"Lots of Slimes","floor":14,"turns":6},{"damage":48,"enemies":"The Guardian","floor":16,"turns":11},{"damage":4,"enemies":"Chosen","floor":18,"turns":4},{"damage":21,"enemies":"Slavers","floor":23,"turns":4},{"damage":2,"enemies":"Shell Parasite","floor":24,"turns":7},{"damage":0,"enemies":"Cultist and Chosen","floor":28,"turns":9},{"damage":10,"enemies":"Book of Stabbing","floor":29,"turns":6},{"damage":2,"enemies":"Snecko","floor":31,"turns":7},{"damage":12,"enemies":"Champ","floor":33,"turns":10},{"damage":8,"enemies":"3 Darklings","floor":35,"turns":6},{"damage":5,"enemies":"Orb Walker","floor":36,"turns":3},{"damage":22,"enemies":"4 Shapes","floor":39,"turns":11},{"damage":0,"enemies":"Giant Head","floor":40,"turns":11},{"damage":4,"enemies":"Reptomancer","floor":42,"turns":9},{"damage":17,"enemies":"Jaw Worm Horde","floor":45,"turns":9},{"damage":2,"enemies":"Spire Growth","floor":48,"turns":5},{"damage":67,"enemies":"Donu and Deca","floor":50,"turns":9}],"seed_played":"8896577576826996450","potions_obtained":[{"floor":1,"key":"Dexterity Potion"},{"floor":3,"key":"Block Potion"},{"floor":6,"key":"SmokeBomb"},{"floor":11,"key":"Dexterity Potion"}],"is_trial":false,"path_per_floor":["M","?","M","M","?","E","R","E","T","R","M","?","M","M","R","B",null,"M","?","?","?","?","E","M","$","T","$","M","E","T","M","R","B",null,"M","M","T","?","M","E","R","E","T","$","M","?","R","M","R","B",null],"character_chosen":"IRONCLAD","items_purchased":["Toolbox","Uppercut","Power Through","Nunchaku","Metamorphosis"],"campfire_rested":0,"item_purchase_floors":[25,25,27,44,44],"current_hp_per_floor":[80,80,80,80,80,75,75,61,61,61,65,65,67,59,59,17,80,80,74,74,74,59,44,50,50,50,50,62,65,65,75,85,79,85,83,85,85,85,77,85,85,95,95,95,90,80,95,95,95,54],"gold":374,"neow_bonus":"HUNDRED_GOLD","is_daily":false,"chose_seed":false,"campfire_upgraded":6,"win_rate":0.0,"timestamp":1611849439,"path_taken":["M","?","?","M","?","E","R","E","T","R","?","?","M","M","R","BOSS","M","?","?","?","?","E","M","$","T","$","?","E","?","M","R","BOSS","M","?","?","?","M","E","R","E","T","$","?","?","R","M","R","BOSS"],"items_purchased_type":["Relic","Card","Card","Relic","Card"],"build_version":"2020-12-22","purchased_purges":2,"victory":true,"max_hp_per_floor":[80,80,80,80,80,80,80,80,80,80,80,80,80,80,80,80,80,80,80,80,80,85,85,85,85,85,85,85,85,85,85,85,85,85,85,85,85,85,85,85,85,95,95,95,95,95,95,95,95,95],"relic_stats":{"Gremlin Horn":[10,12],"counters":[24,155],"Eternal Feather":25,"PreservedInsect":317,"Bag of Preparation":[8],"War Paint":["Entrench","Defend_R"],"Burning Blood":121,"Sozu":5,"Blood Vial":12,"Nunchaku":[3],"Mummified Hand":[32],"Prayer Wheel":12,"Tiny Chest":1,"obtain_stats":[{"Pear":42,"Gremlin Horn":37,"Eternal Feather":29,"PreservedInsect":5,"Omamori":30,"Bag of Preparation":40,"War Paint":26,"Burning Blood":0,"Sozu":17,"Blood Vial":23,"Anchor":8,"Nunchaku":44,"Matryoshka":9,"Mummified Hand":30,"Toolbox":25,"Prayer Wheel":6,"Tiny Chest":26,"Coffee Dripper":34,"Pocketwatch":20},{"Pear":21,"Gremlin Horn":18,"Eternal Feather":14,"PreservedInsect":3,"Omamori":14,"Bag of Preparation":20,"War Paint":12,"Burning Blood":0,"Sozu":9,"Blood Vial":11,"Anchor":5,"Nunchaku":21,"Matryoshka":5,"Mummified Hand":14,"Toolbox":12,"Prayer Wheel":4,"Tiny Chest":12,"Coffee Dripper":16,"Pocketwatch":10},{"Pear":132,"Gremlin Horn":101,"Eternal Feather":75,"PreservedInsect":9,"Omamori":75,"Bag of Preparation":123,"War Paint":60,"Burning Blood":0,"Sozu":45,"Blood Vial":53,"Anchor":19,"Nunchaku":132,"Matryoshka":19,"Mummified Hand":75,"Toolbox":60,"Prayer Wheel":13,"Tiny Chest":60,"Coffee Dripper":92,"Pocketwatch":49}],"Pocketwatch":[96]},"card_choices":[{"not_picked":["Iron Wave","Twin Strike"],"picked":"Carnage","floor":1},{"not_picked":["Flex","Flame Barrier"],"picked":"Ghostly Armor","floor":3},{"not_picked":["Cleave","Iron Wave"],"picked":"Flame Barrier","floor":4},{"not_picked":["Heavy Blade","Wild Strike"],"picked":"Entrench","floor":6},{"not_picked":["Sword Boomerang","Intimidate"],"picked":"Pommel Strike","floor":8},{"not_picked":["Sever Soul","Rage"],"picked":"Metallicize","floor":11},{"not_picked":["Dark Embrace","Twin Strike"],"picked":"Whirlwind","floor":11},{"not_picked":["Bloodletting","Dropkick"],"picked":"Shrug It Off","floor":13},{"not_picked":["Fire Breathing","True Grit"],"picked":"Hemokinesis","floor":13},{"not_picked":["Uppercut","Rampage"],"picked":"Barricade","floor":14},{"not_picked":["True Grit","Warcry"],"picked":"Pummel","floor":14},{"not_picked":["Demon Form","Juggernaut"],"picked":"Impervious","floor":16},{"not_picked":["Perfected Strike+1","Rampage"],"picked":"Armaments+1","floor":18},{"not_picked":["Twin Strike","Feel No Pain"],"picked":"Rampage","floor":18},{"not_picked":["Evolve+1","Reaper"],"picked":"Second Wind","floor":23},{"not_picked":["Heavy Blade","Anger"],"picked":"Body Slam","floor":24},{"not_picked":["Headbutt","Inflame","Rupture"],"picked":"SKIP","floor":24},{"not_picked":["Anger","Flex"],"picked":"Warcry+1","floor":28},{"not_picked":["Twin Strike","Sword Boomerang","Cleave+1"],"picked":"SKIP","floor":28},{"not_picked":["Second Wind+1","Twin Strike"],"picked":"Shrug It Off","floor":29},{"not_picked":["Rupture","Shrug It Off"],"picked":"Clothesline","floor":31},{"not_picked":["Thunderclap+1","Carnage","Flex"],"picked":"SKIP","floor":31},{"not_picked":["Brutality","Immolate"],"picked":"Demon Form","floor":33},{"not_picked":["Combust+1","Blood for Blood+1"],"picked":"Battle Trance+1","floor":35},{"not_picked":["Sever Soul+1","Iron Wave","Feel No Pain"],"picked":"SKIP","floor":35},{"not_picked":["Twin Strike+1","Pommel Strike"],"picked":"Shrug It Off+1","floor":36},{"not_picked":["Headbutt","Anger"],"picked":"Clothesline+1","floor":36},{"not_picked":["Pummel+1","Burning Pact"],"picked":"Warcry+1","floor":39},{"not_picked":["Heavy Blade","True Grit","Sever Soul+1"],"picked":"SKIP","floor":39},{"not_picked":["Wild Strike+1","Rupture+1","Twin Strike+1"],"picked":"SKIP","floor":40},{"not_picked":["Headbutt+1","Perfected Strike+1"],"picked":"Impervious","floor":42},{"not_picked":["Heavy Blade","Armaments+1"],"picked":"Demon Form","floor":45},{"not_picked":["Iron Wave+1","Uppercut","Cleave+1"],"picked":"SKIP","floor":45},{"not_picked":["Flash of Steel","Madness"],"picked":"PanicButton","floor":46},{"not_picked":["Spot Weakness","Warcry"],"picked":"Body Slam+1","floor":48},{"not_picked":["Wild Strike","Flex","Clash+1"],"picked":"SKIP","floor":48}],"player_experience":136336,"relics_obtained":[{"floor":6,"key":"Prayer Wheel"},{"floor":8,"key":"Anchor"},{"floor":9,"key":"Matryoshka"},{"floor":23,"key":"Blood Vial"},{"floor":26,"key":"War Paint"},{"floor":26,"key":"Tiny Chest"},{"floor":29,"key":"Eternal Feather"},{"floor":30,"key":"Mummified Hand"},{"floor":30,"key":"Omamori"},{"floor":37,"key":"Gremlin Horn"},{"floor":40,"key":"Bag of Preparation"},{"floor":42,"key":"Pear"}],"event_choices":[{"damage_healed":0,"gold_gain":275,"player_choice":"Desecrate","damage_taken":0,"max_hp_gain":0,"max_hp_loss":0,"event_name":"Golden Shrine","floor":2,"gold_loss":0,"cards_obtained":["Regret"]},{"damage_healed":0,"gold_gain":0,"player_choice":"Gave Potion","damage_taken":0,"relics_obtained":["PreservedInsect"],"max_hp_gain":0,"max_hp_loss":0,"event_name":"WeMeetAgain","floor":5,"gold_loss":0},{"cards_removed":["Regret"],"damage_healed":0,"gold_gain":0,"player_choice":"Forget","damage_taken":0,"max_hp_gain":0,"max_hp_loss":0,"event_name":"Living Wall","floor":12,"gold_loss":0},{"damage_healed":0,"gold_gain":0,"player_choice":"Joined the Cult","damage_taken":6,"max_hp_gain":0,"max_hp_loss":0,"event_name":"Nest","floor":19,"gold_loss":0,"cards_obtained":["RitualDagger"]},{"damage_healed":0,"gold_gain":0,"player_choice":"Opened","damage_taken":0,"relics_obtained":["Pocketwatch"],"max_hp_gain":0,"max_hp_loss":0,"event_name":"The Mausoleum","floor":20,"gold_loss":0,"cards_obtained":["Writhe"]},{"damage_healed":0,"gold_gain":0,"cards_transformed":["Writhe","Strike_R"],"player_choice":"Became Test Subject","damage_taken":0,"max_hp_gain":0,"max_hp_loss":0,"event_name":"Drug Dealer","floor":21,"gold_loss":0,"cards_obtained":["Doubt","Reaper"]},{"damage_healed":0,"gold_gain":0,"player_choice":"Shed Blood","damage_taken":20,"max_hp_gain":5,"max_hp_loss":0,"event_name":"Forgotten Altar","floor":22,"gold_loss":0},{"damage_healed":0,"gold_gain":0,"player_choice":"Copied","damage_taken":0,"max_hp_gain":0,"max_hp_loss":0,"event_name":"Duplicator","floor":38,"gold_loss":0,"cards_obtained":["Entrench"]},{"damage_healed":0,"gold_gain":0,"player_choice":"Memory 3","damage_taken":10,"max_hp_gain":0,"max_hp_loss":0,"event_name":"SensoryStone","floor":46,"gold_loss":0}],"is_beta":false,"boss_relics":[{"not_picked":["Philosopher\u0027s Stone","Fusion Hammer"],"picked":"Sozu"},{"not_picked":["SacredBark","Black Blood"],"picked":"Coffee Dripper"}],"items_purged_floors":[25,44],"is_endless":false,"potions_floor_spawned":[1,3,6,11,23,28,33,36,42],"ascension_level":3}}