{"host":"qc8p2flj7wsy3zpg","time":1611807902,"event":{"mods":["BaseMod","Highlight Path","Minty Spire (QoL Compilation)","Relic Stats","StSLib"],"gold_per_floor":[17,31,31,31,45,77,77,110,159,175,206,206,223,239,239,239,239],"floor_reached":16,"language":"ENG","playtime":777,"items_purged":[],"score":244,"play_id":"12bcefd3-dbdd-43c3-9ad0-bb739afe2a53","local_time":"20210127222502","is_ascension_mode":true,"campfire_choices":[{"data":"Biased Cognition","floor":7.0,"key":"SMITH"},{"data":"Hologram","floor":12.0,"key":"SMITH"},{"floor":15.0,"key":"REST"}],"circlet_count":0,"master_deck":["AscendersBane","Strike_B","Strike_B","Strike_B","Defend_B","Defend_B","Defend_B","Defend_B","Zap","Dualcast","Master of Strategy","Go for the Eyes","Rip and Tear+1","Ball Lightning","Biased Cognition+1","Turbo","Undo","Hologram+1","Genetic Algorithm"],"relics":["Cracked Core","Mummified Hand","Juzu Bracelet","Strawberry","MealTicket"],"acts_visited":["Exordium"],"potions_floor_usage":[16,16],"damage_taken":[{"damage":0.0,"enemies":"Small Slimes","floor":1.0,"turns":4.0},{"damage":1.0,"enemies":"Cultist","floor":2.0,"turns":3.0},{"damage":4.0,"enemies":"Jaw Worm","floor":5.0,"turns":2.0},{"damage":8.0,"enemies":"Gremlin Nob","floor":6.0,"turns":3.0},{"damage":5.0,"enemies":"Lagavulin","floor":8.0,"turns":4.0},{"damage":0.0,"enemies":"Exordium Wildlife","floor":10.0,"turns":2.0},{"damage":17.0,"enemies":"3 Sentries","floor":11.0,"turns":5.0},{"damage":14.0,"enemies":"3 Louse","floor":13.0,"turns":2.0},{"damage":3.0,"enemies":"Gremlin Gang","floor":14.0,"turns":5.0},{"damage":66,"enemies":"Slime Boss","floor":16,"turns":8}],"seed_played":"3784730307317479822","potions_obtained":[{"floor":1.0,"key":"ColorlessPotion"},{"floor":8.0,"key":"SpeedPotion"},{"floor":10.0,"key":"PotionOfCapacity"},{"floor":14.0,"key":"Regen Potion"}],"is_trial":false,"path_per_floor":["M","M","?","?","M","E","R","E","T","M","E","R","M","M","R","B"],"character_chosen":"DEFECT","items_purchased":[],"campfire_rested":1,"item_purchase_floors":[],"current_hp_per_floor":[64,63,63,63,59,51,51,46,53,53,36,36,22,19,42,0,0],"gold":239,"neow_bonus":"RANDOM_COLORLESS_2","is_daily":false,"chose_seed":false,"campfire_upgraded":2,"win_rate":0.0,"timestamp":1611807902,"path_taken":["M","M","?","?","M","E","R","E","T","M","E","R","M","M","R","BOSS"],"items_purchased_type":[],"build_version":"2020-12-22","purchased_purges":0,"victory":false,"max_hp_per_floor":[71,71,71,71,71,71,71,71,78,78,78,78,78,78,78,78,78],"relic_stats":{"counters":[10,38],"Mummified Hand":[5],"MealTicket":0,"Juzu Bracelet":0,"obtain_stats":[{"Mummified Hand":6,"Strawberry":9,"MealTicket":11,"Juzu Bracelet":8,"Cracked Core":0},{"Mummified Hand":4,"Strawberry":5,"MealTicket":7,"Juzu Bracelet":5,"Cracked Core":0},{"Mummified Hand":12,"Strawberry":16,"MealTicket":23,"Juzu Bracelet":16,"Cracked Core":0}]},"card_choices":[{"not_picked":["Sadistic Nature","Magnetism"],"picked":"Master of Strategy","floor":0.0},{"not_picked":["Coolheaded","Aggregate"],"picked":"Go for the Eyes","floor":1.0},{"not_picked":["Turbo","Stack"],"picked":"Rip and Tear","floor":2.0},{"not_picked":["Cold Snap","Compile Driver"],"picked":"Ball Lightning","floor":5.0},{"not_picked":["Cold Snap","Self Repair"],"picked":"Biased Cognition","floor":6.0},{"not_picked":["Meteor Strike","Cold Snap"],"picked":"Turbo","floor":8.0},{"not_picked":["Steam Power","Streamline"],"picked":"Undo","floor":10.0},{"not_picked":["Skim","Barrage"],"picked":"Hologram","floor":11.0},{"not_picked":["Stack","Chill"],"picked":"Genetic Algorithm","floor":14.0}],"player_experience":2275493,"relics_obtained":[{"floor":6.0,"key":"Mummified Hand"},{"floor":8.0,"key":"Juzu Bracelet"},{"floor":9.0,"key":"Strawberry"},{"floor":11.0,"key":"MealTicket"}],"event_choices":[{"damage_healed":0.0,"max_hp_gain":0.0,"max_hp_loss":0.0,"gold_gain":0.0,"event_name":"Living Wall","player_choice":"Grow","floor":3.0,"gold_loss":0.0,"damage_taken":0.0,"cards_upgraded":["Rip and Tear"]},{"cards_removed":["Strike_B"],"damage_healed":0.0,"max_hp_gain":0.0,"max_hp_loss":0.0,"gold_gain":0.0,"event_name":"Bonfire Elementals","player_choice":"Offered Basic","floor":4.0,"gold_loss":0.0,"damage_taken":0.0}],"is_beta":false,"boss_relics":[],"items_purged_floors":[],"is_endless":false,"potions_floor_spawned":[1,8,10,14],"killed_by":"Slime Boss","ascension_level":20}}