{"host":"na09lpbrez4gbfiz","time":1611856522,"event":{"mods":["Act Like it!","BaseMod","BetterRewards","Colored Map","Colored Powertips","DeckTracker","Googly Eyes","Highlight Path","Minty Spire (QoL Compilation)","Quick Restart","Spicy Shops","StSLib","SuperFastMode","Synergy Search"],"gold_per_floor":[116,66,85,137,137,137,171,171,171,187,222,240,240,260,260,260,260],"floor_reached":16,"language":"ENG","playtime":436,"items_purged":[],"score":176,"play_id":"c69792e7-3e0c-414a-b285-1d712aa10f0c","local_time":"20210128185522","is_ascension_mode":true,"campfire_choices":[{"data":"True Grit","floor":6,"key":"SMITH"},{"data":"Ghostly Armor","floor":8,"key":"SMITH"},{"data":"Searing Blow","floor":13,"key":"SMITH"},{"floor":15,"key":"REST"}],"circlet_count":0,"master_deck":["AscendersBane","Strike_R","Strike_R","Defend_R","Defend_R","Defend_R","Bash","Sever Soul+1","Flame Barrier+1","Feel No Pain+1","True Grit+1","Ghostly Armor+1","Searing Blow+1"],"relics":["Astrolabe","Bottled Lightning","FossilizedHelix","Unceasing Top","Pocketwatch"],"acts_visited":["Exordium"],"potions_floor_usage":[11],"damage_taken":[{"damage":8,"enemies":"Jaw Worm","floor":1,"turns":6},{"damage":0,"enemies":"Cultist","floor":3,"turns":3},{"damage":32,"enemies":"Gremlin Nob","floor":7,"turns":4},{"damage":0,"enemies":"2 Louse","floor":10,"turns":3},{"damage":10,"enemies":"3 Sentries","floor":11,"turns":8},{"damage":0,"enemies":"2 Fungi Beasts","floor":12,"turns":3},{"damage":0,"enemies":"Large Slime","floor":14,"turns":5},{"damage":53,"enemies":"Slime Boss","floor":16,"turns":12}],"seed_played":"-4876750834098669996","potions_obtained":[{"floor":10,"key":"HeartOfIron"},{"floor":14,"key":"GamblersBrew"}],"is_trial":false,"path_per_floor":["M","?","M","?","T","R","E","R","T","M","E","M","R","M","R","B"],"character_chosen":"IRONCLAD","items_purchased":[],"campfire_rested":1,"item_purchase_floors":[],"current_hp_per_floor":[64,64,64,64,64,64,32,32,32,32,22,22,22,22,46,0,0],"gold":260,"neow_bonus":"BOSS_RELIC","is_daily":false,"chose_seed":false,"campfire_upgraded":3,"win_rate":0.0,"timestamp":1611856522,"path_taken":["M","?","M","?","?","R","E","R","T","M","E","M","R","M","R","BOSS"],"items_purchased_type":[],"build_version":"2020-12-22","purchased_purges":0,"victory":false,"max_hp_per_floor":[80,80,80,80,80,80,80,80,80,80,80,80,80,80,80,80,80],"card_choices":[{"not_picked":["Wild Strike","Perfected Strike"],"picked":"True Grit","floor":1},{"not_picked":["Dual Wield","Dropkick"],"picked":"Ghostly Armor","floor":3},{"not_picked":["Battle Trance","Twin Strike","Sword Boomerang"],"picked":"SKIP","floor":7},{"not_picked":["Pommel Strike","Havoc","Spot Weakness"],"picked":"SKIP","floor":10},{"not_picked":["Heavy Blade","Dropkick","Cleave"],"picked":"SKIP","floor":11},{"not_picked":["Burning Pact","Perfected Strike"],"picked":"Searing Blow","floor":12},{"not_picked":["Iron Wave","Perfected Strike","Impervious"],"picked":"SKIP","floor":14}],"player_experience":190701,"relics_obtained":[{"floor":5,"key":"Bottled Lightning"},{"floor":7,"key":"FossilizedHelix"},{"floor":9,"key":"Unceasing Top"},{"floor":11,"key":"Pocketwatch"}],"event_choices":[{"cards_removed":["Defend_R"],"damage_healed":0,"gold_gain":0,"player_choice":"Card Removal","damage_taken":0,"max_hp_gain":0,"max_hp_loss":0,"event_name":"The Cleric","floor":2,"gold_loss":50},{"damage_healed":0,"gold_gain":52,"player_choice":"Gained Gold","damage_taken":0,"max_hp_gain":0,"max_hp_loss":0,"event_name":"Golden Wing","floor":4,"gold_loss":0}],"is_beta":false,"boss_relics":[],"items_purged_floors":[],"is_endless":false,"potions_floor_spawned":[10,14],"killed_by":"Slime Boss","ascension_level":12}}