{"host":"opyh6vr790e42ffe","time":1611806846,"event":{"mods":["BaseMod","Bestiary","Colored Map","Downfall","Highlight Path","Minty Spire (QoL Compilation)","Relic Stats","StSLib"],"gold_per_floor":[99,111,127,127,277,296,343,374,389,444,244,53,53,88,118,231,243,255,283,132,151,151,151,151,164,184,219,119,132,232,332,352,451,451,451,467,292,392,111,122,122,122,132,148,202,202,212,242,260,260,260,286,34,34,34,34],"floor_reached":57,"language":"ENG","playtime":10420,"items_purged":["downfall:Icky","sneckomod:Strike","sneckomod:Strike"],"score":1364,"play_id":"2af93cb4-f6c2-41b2-8963-b52beb353ae7","local_time":"20210127200726","is_ascension_mode":false,"campfire_choices":[{"floor":1,"key":"RECALL"},{"floor":11,"key":"REST"},{"data":"Apotheosis","floor":13,"key":"SMITH"},{"data":"sneckomod:Unknown3Cost","floor":18,"key":"SMITH"},{"data":"sneckomod:Unknown","floor":23,"key":"SMITH"},{"data":"Doppelganger","floor":28,"key":"SMITH"},{"data":"sneckomod:TrashToTreasure","floor":35,"key":"SMITH"},{"data":"sneckomod:UnknownDraw","floor":42,"key":"SMITH"},{"data":"Steam Power","floor":46,"key":"SMITH"},{"data":"sneckomod:UnknownDexterity","floor":54,"key":"SMITH"}],"circlet_count":0,"master_deck":["sneckomod:Strike+1","sneckomod:Defend","sneckomod:Defend","sneckomod:Defend","sneckomod:TailWhip+1","sneckomod:SnekBite","sneckomod:Unknown+1","sneckomod:Unknown","sneckomod:Unknown0Cost","sneckomod:UnknownUncommonSkill","sneckomod:UnknownExhaust","sneckomod:QuickBite","sneckomod:DangerNoodle","Apotheosis+1","sneckomod:UnknownX","sneckomod:Unknown3Cost+1","sneckomod:SoulDraw+1","sneckomod:UnendingSupply","sneckomod:Unknown3Cost+1","sneckomod:QuickBite+1","Doppelganger+1","sneckomod:SerpentMind","sneckomod:Unknown3Cost","Master of Strategy","sneckomod:UnknownDexterity+1","sneckomod:MasterEye","sneckomod:TrashToTreasure+1","sneckomod:UnknownClassBLUE+1","sneckomod:UnknownRarePower","sneckomod:SoulDraw+1","sneckomod:CheapStock","sneckomod:TrashToTreasure","sneckomod:UnknownUncommonSkill+1","Steam Power+1","sneckomod:ImprovisedGuard","sneckomod:Unknown2Cost+1","sneckomod:UnknownRareAttack"],"relics":["Black Star","Happy Flower","Whetstone","Centennial Puzzle","Toy Ornithopter","InkBottle","downfall:HeartBlessingGreen","downfall:HeartBlessingRed","Potion Belt","MawBank","Snecko Eye","DollysMirror","Lantern","Ancient Tea Set","downfall:HeartBlessingBlue","PreservedInsect","Prayer Wheel","Bottled Tornado","Busted Crown","White Beast Statue","Medical Kit","CaptainsWheel","Torii","StoneCalendar","Eternal Feather","FossilizedHelix","Bird Faced Urn","Kunai"],"acts_visited":["Exordium","TheCity","TheBeyond","TheEnding"],"potions_floor_usage":[8,27,29,30,33,38,38,38,43,43,45,45,50,50,55,56,56,56,56,56],"damage_taken":[{"damage":5,"enemies":"Small Slimes","floor":2,"turns":4},{"damage":0,"enemies":"2 Louse","floor":3,"turns":1},{"damage":1,"enemies":"Jaw Worm","floor":6,"turns":2},{"damage":21,"enemies":"Lagavulin","floor":8,"turns":7},{"damage":13,"enemies":"Red Slaver","floor":9,"turns":3},{"damage":10,"enemies":"Gremlin Nob","floor":10,"turns":4},{"damage":3,"enemies":"downfall:FleeingMerchant","floor":12,"turns":4},{"damage":9,"enemies":"3 Sentries","floor":14,"turns":3},{"damage":0,"enemies":"Blue Slaver","floor":15,"turns":3},{"damage":32,"enemies":"DF_ARCHETYPE_STREAMLINE","floor":16,"turns":8},{"damage":11,"enemies":"3 Byrds","floor":19,"turns":4},{"damage":0,"enemies":"downfall:FleeingMerchant","floor":20,"turns":4},{"damage":0,"enemies":"Chosen","floor":21,"turns":4},{"damage":0,"enemies":"Sentry and Sphere","floor":25,"turns":2},{"damage":10,"enemies":"3 Cultists","floor":26,"turns":4},{"damage":5,"enemies":"Slavers","floor":27,"turns":2},{"damage":24,"enemies":"Snake Plant","floor":29,"turns":5},{"damage":0,"enemies":"downfall:FleeingMerchant","floor":30,"turns":3},{"damage":7,"enemies":"Colosseum Nobs","floor":31,"turns":2},{"damage":8,"enemies":"Cultist and Chosen","floor":32,"turns":3},{"damage":1,"enemies":"WA_ARCHETYPE_CALM","floor":33,"turns":3},{"damage":7,"enemies":"3 Darklings","floor":36,"turns":4},{"damage":0,"enemies":"downfall:LadyInBlue","floor":38,"turns":4},{"damage":1,"enemies":"Orb Walker","floor":40,"turns":2},{"damage":5,"enemies":"Sphere and 2 Shapes","floor":43,"turns":3},{"damage":4,"enemies":"3 Darklings","floor":44,"turns":2},{"damage":16,"enemies":"2 Orb Walkers","floor":45,"turns":4},{"damage":1,"enemies":"Writhing Mass","floor":47,"turns":4},{"damage":13,"enemies":"Giant Head","floor":48,"turns":3},{"damage":0,"enemies":"Jaw Worm Horde","floor":49,"turns":4},{"damage":0,"enemies":"IC_BLOCK_ARCHETYPE","floor":50,"turns":6},{"damage":0,"enemies":"downfall:CharBossMerchant","floor":52,"turns":5},{"damage":0,"enemies":"downfall:NeowBoss","floor":55,"turns":5},{"damage":18,"enemies":"downfall:NeowBossFinal","floor":56,"turns":8}],"seed_played":"8666143381104891849","potions_obtained":[{"floor":3,"key":"AttackPotion"},{"floor":8,"key":"ColorlessPotion"},{"floor":14,"key":"champ:CounterPotion"},{"floor":16,"key":"Block Potion"},{"floor":25,"key":"Energy Potion"},{"floor":26,"key":"sneckomod:DiceRollPotion"},{"floor":27,"key":"Slimebound:ThreeZeroPotion"},{"floor":29,"key":"Regen Potion"},{"floor":32,"key":"Ancient Potion"},{"floor":38,"key":"Regen Potion"},{"floor":38,"key":"Explosive Potion"},{"floor":38,"key":"Regen Potion"},{"floor":43,"key":"BlessingOfTheForge"},{"floor":44,"key":"PowerPotion"},{"floor":45,"key":"Swift Potion"},{"floor":47,"key":"sneckomod:DiceRollPotion"},{"floor":48,"key":"CultistPotion"},{"floor":52,"key":"EntropicBrew"}],"is_trial":false,"path_per_floor":["R","M","M","?","?","M","T","E","M","?","R","$","R","E","M","B",null,"R","M","$","M","?","R","T","M","M","E","R","M","$","?","M","B",null,"R","M","$","?","$","M","T","R","M","M","?","R","M","E","M","B",null,"E","$","R","B","B",null],"character_chosen":"THE_SNECKO","items_purchased":["Apotheosis","DollysMirror","PreservedInsect","sneckomod:CheapStock","Medical Kit","Kunai"],"campfire_rested":1,"item_purchase_floors":[12,20,30,37,39,53],"current_hp_per_floor":[90,85,85,78,78,77,77,56,43,33,60,57,57,48,48,16,90,90,79,79,79,70,70,70,70,60,60,70,51,65,58,50,54,100,100,93,93,100,100,99,99,99,95,91,91,91,90,77,77,87,100,100,100,100,100,98],"gold":34,"neow_bonus":"BOSS_RELIC","is_daily":false,"chose_seed":false,"campfire_upgraded":8,"win_rate":0.0,"timestamp":1611806846,"path_taken":["R","M","M","?","?","M","T","E","M","?","R","$","R","E","M","BOSS","R","M","$","M","?","R","T","?","M","E","R","M","?","?","M","BOSS","R","M","$","?","$","M","T","R","M","?","?","R","M","E","M","BOSS","E","$","R","BOSS","BOSS"],"items_purchased_type":["Card","Relic","Relic","Card","Relic","Relic"],"build_version":"2020-12-22","purchased_purges":3,"victory":true,"max_hp_per_floor":[90,90,90,90,90,90,90,90,90,90,90,90,90,90,90,90,90,90,90,90,90,90,90,90,90,90,90,100,100,100,100,100,100,100,100,100,100,100,100,100,100,100,100,100,100,100,100,100,100,100,100,100,100,100,100,100],"relic_stats":{"Happy Flower":[41],"Torii":4,"counters":[34,129],"StoneCalendar":[52],"Eternal Feather":0,"PreservedInsect":325,"Whetstone":["sneckomod:Strike","sneckomod:TailWhip"],"MawBank":72,"Medical Kit":[22],"Centennial Puzzle":[60],"Busted Crown":34,"Bird Faced Urn":[6],"Snecko Eye":[260,274,252,275],"Prayer Wheel":7,"Black Star":5,"Kunai":[16],"obtain_stats":[{"Lantern":27,"Torii":45,"downfall:HeartBlessingGreen":11,"StoneCalendar":48,"Whetstone":7,"Bottled Tornado":31,"sneckomod:SneckoSoul":0,"Ancient Tea Set":27,"Centennial Puzzle":8,"DollysMirror":20,"downfall:HeartBlessingBlue":28,"Prayer Wheel":31,"Kunai":53,"InkBottle":10,"Potion Belt":14,"Happy Flower":4,"downfall:HeartBlessingRed":11,"Eternal Feather":48,"PreservedInsect":30,"MawBank":14,"Medical Kit":39,"White Beast Statue":38,"CaptainsWheel":41,"Busted Crown":34,"Bird Faced Urn":52,"Snecko Eye":17,"Black Star":0,"Toy Ornithopter":8,"FossilizedHelix":52},{"Lantern":16,"Torii":27,"downfall:HeartBlessingGreen":6,"StoneCalendar":29,"Whetstone":3,"Bottled Tornado":19,"sneckomod:SneckoSoul":0,"Ancient Tea Set":16,"Centennial Puzzle":4,"DollysMirror":12,"downfall:HeartBlessingBlue":16,"Prayer Wheel":19,"Kunai":32,"InkBottle":6,"Potion Belt":8,"Happy Flower":2,"downfall:HeartBlessingRed":6,"Eternal Feather":29,"PreservedInsect":18,"MawBank":8,"Medical Kit":23,"White Beast Statue":23,"CaptainsWheel":24,"Busted Crown":21,"Bird Faced Urn":32,"Snecko Eye":10,"Black Star":0,"Toy Ornithopter":4,"FossilizedHelix":32},{"Lantern":59,"Torii":94,"downfall:HeartBlessingGreen":21,"StoneCalendar":101,"Whetstone":7,"Bottled Tornado":69,"sneckomod:SneckoSoul":0,"Ancient Tea Set":59,"Centennial Puzzle":14,"DollysMirror":47,"downfall:HeartBlessingBlue":59,"Prayer Wheel":69,"Kunai":116,"InkBottle":21,"Potion Belt":28,"Happy Flower":5,"downfall:HeartBlessingRed":21,"Eternal Feather":101,"PreservedInsect":67,"MawBank":28,"Medical Kit":83,"White Beast Statue":83,"CaptainsWheel":85,"Busted Crown":75,"Bird Faced Urn":116,"Snecko Eye":39,"Black Star":0,"Toy Ornithopter":14,"FossilizedHelix":116}],"Toy Ornithopter":47,"InkBottle":[71]},"card_choices":[{"not_picked":["sneckomod:Unknown1Cost","sneckomod:PureSnecko"],"picked":"sneckomod:Unknown0Cost","floor":2},{"not_picked":["sneckomod:DiceCrush","sneckomod:DiceBlock"],"picked":"sneckomod:UnknownDraw","floor":3},{"not_picked":["sneckomod:WideSting","sneckomod:IronFang"],"picked":"sneckomod:UnknownUncommonSkill","floor":6},{"not_picked":["sneckomod:SoulDraw","sneckomod:UnknownCommonSkill"],"picked":"sneckomod:UnknownExhaust","floor":8},{"not_picked":["sneckomod:QuickMove","sneckomod:SnekBeam"],"picked":"sneckomod:QuickBite","floor":9},{"not_picked":["sneckomod:Nope","sneckomod:UnknownCommonAttack"],"picked":"sneckomod:UnknownColorless","floor":10},{"not_picked":["sneckomod:SoulRoll","sneckomod:QuickMove"],"picked":"sneckomod:DangerNoodle","floor":12},{"not_picked":["sneckomod:DiceCrush","sneckomod:QuickBite"],"picked":"sneckomod:UnknownX","floor":14},{"not_picked":["sneckomod:Unknown1Cost","sneckomod:UnknownUncommonAttack"],"picked":"sneckomod:UnknownX","floor":15},{"not_picked":["sneckomod:SoulExchange","sneckomod:UnknownRareSkill"],"picked":"sneckomod:Unknown3Cost","floor":16},{"not_picked":["sneckomod:Nope","sneckomod:DiceBoulder+1"],"picked":"sneckomod:SoulDraw+1","floor":19},{"not_picked":["sneckomod:UnknownBlock+1","sneckomod:SoulDraw"],"picked":"sneckomod:UnendingSupply","floor":20},{"not_picked":["sneckomod:UnknownCommonAttack","sneckomod:UnknownCommonSkill"],"picked":"sneckomod:QuickBite+1","floor":21},{"not_picked":["sneckomod:Unknown1Cost","sneckomod:SoulRoll"],"picked":"sneckomod:Memorize","floor":25},{"not_picked":["sneckomod:Nope","sneckomod:Rotation+1"],"picked":"sneckomod:SerpentMind","floor":26},{"not_picked":["sneckomod:QuickMove","sneckomod:UnknownDraw"],"picked":"sneckomod:Unknown3Cost","floor":27},{"not_picked":["sneckomod:DefensiveFlair","sneckomod:UnknownClassGREEN"],"picked":"sneckomod:Memorize","floor":29},{"not_picked":["sneckomod:UnknownCommonSkill+1","sneckomod:SoulRoll"],"picked":"sneckomod:UnknownDexterity","floor":30},{"not_picked":["sneckomod:SnakeSap+1","sneckomod:WideSting"],"picked":"sneckomod:MasterEye","floor":31},{"not_picked":["sneckomod:ImprovisedGuard","sneckomod:Nope+1"],"picked":"sneckomod:TrashToTreasure","floor":32},{"not_picked":["sneckomod:Nope","sneckomod:DiceBlock"],"picked":"sneckomod:UnknownClassBLUE+1","floor":32},{"not_picked":["sneckomod:UnknownRareAttack","sneckomod:SoulExchange"],"picked":"sneckomod:UnknownRarePower","floor":33},{"not_picked":[],"picked":"sneckomod:SoulDraw+1","floor":36},{"not_picked":["sneckomod:RainOfDice+1"],"picked":"SKIP","floor":36},{"not_picked":[],"picked":"sneckomod:TrashToTreasure","floor":38},{"not_picked":["sneckomod:QuickBite+1"],"picked":"SKIP","floor":40},{"not_picked":["sneckomod:SoulRoll+1"],"picked":"SKIP","floor":40},{"not_picked":[],"picked":"sneckomod:Memorize+1","floor":43},{"not_picked":[],"picked":"sneckomod:UnknownUncommonSkill+1","floor":43},{"not_picked":[],"picked":"sneckomod:ImprovisedGuard","floor":44},{"not_picked":["sneckomod:ImprovisedAttack+1"],"picked":"SKIP","floor":44},{"not_picked":[],"picked":"sneckomod:Unknown2Cost+1","floor":45},{"not_picked":["sneckomod:DiceCrush+1"],"picked":"SKIP","floor":47},{"not_picked":["sneckomod:Unknown1Cost+1"],"picked":"SKIP","floor":47},{"not_picked":[],"picked":"sneckomod:UnknownRareAttack","floor":48},{"not_picked":["sneckomod:UnknownWeak"],"picked":"SKIP","floor":49},{"not_picked":["sneckomod:CheapStock"],"picked":"SKIP","floor":49},{"not_picked":["sneckomod:UnknownClassGREEN"],"picked":"SKIP","floor":52}],"player_experience":2675961,"relics_obtained":[{"floor":7,"key":"Whetstone"},{"floor":8,"key":"Centennial Puzzle"},{"floor":8,"key":"Toy Ornithopter"},{"floor":10,"key":"InkBottle"},{"floor":14,"key":"Potion Belt"},{"floor":14,"key":"MawBank"},{"floor":27,"key":"Lantern"},{"floor":27,"key":"Ancient Tea Set"},{"floor":31,"key":"Prayer Wheel"},{"floor":31,"key":"Bottled Tornado"},{"floor":38,"key":"White Beast Statue"},{"floor":41,"key":"CaptainsWheel"},{"floor":45,"key":"Torii"},{"floor":48,"key":"StoneCalendar"},{"floor":48,"key":"Eternal Feather"},{"floor":52,"key":"FossilizedHelix"},{"floor":52,"key":"Bird Faced Urn"}],"event_choices":[{"damage_healed":0,"gold_gain":0,"player_choice":"Success","damage_taken":7,"relics_obtained":["Happy Flower"],"max_hp_gain":0,"max_hp_loss":0,"event_name":"Scrap Ooze","floor":4,"gold_loss":0},{"damage_healed":0,"gold_gain":0,"player_choice":"Damaged","damage_taken":9,"max_hp_gain":0,"max_hp_loss":0,"event_name":"Wheel of Change","floor":22,"gold_loss":0},{"damage_healed":0,"gold_gain":0,"player_choice":"Fight","damage_taken":0,"max_hp_gain":0,"max_hp_loss":0,"event_name":"Mysterious Sphere","floor":45,"gold_loss":0}],"is_beta":false,"boss_relics":[{"not_picked":["Tiny House","Cursed Key"],"picked":"Snecko Eye"},{"not_picked":["bronze:MakeshiftBattery","Runic Dome"],"picked":"Busted Crown"}],"items_purged_floors":[30,37,39],"is_endless":false,"potions_floor_spawned":[3,8,14,16,25,26,27,29,32,40,43,44,45,47,48,49,52],"ascension_level":0}}