{"host":"zyco7k3wn5zcc8b6","time":1611848299,"event":{"mods":["Aspiration","BaseMod","Colored Map","Conspire","Custom Start","Hubris","Infinite Spire","Minty Spire (QoL Compilation)","Relic Filter","Replay The Spire","Shop Mod","StSLib","Trackpad"],"gold_per_floor":[153,103,160,185,233,335,380,470,494,494,536,21,114,165,165,398,398,431,431,431,479,533,533,587,587,587,680,728,806,806,908,908,1139,1139,1258,1402,883,883,970,1126,1126,1286,1286,1427,1574,1574,1721,1935,1935,2274,2659,2659,2866,2866,3111,3342,3594,3926,3926,4282,4305,4667,4998,4998,4998,5352,5352,5927,5927,6365,6832,6841,6766,7253,7798,7798,7798,7834,8388,8388,8681,9337,9996,9996,10876,10876,11624,11624,11624,11633,12430,12430,13318,14210,14219,15219,15219,16296,17408,18613,18613,20102,21751,21801,23249,24806,24806,26470,15241,15250,16327,16327,16382,17536,17536,18742,20065,21421,21421,23075,23125,24684,24693,26359,26368,28129,30068,30068,32139,32148,32198,34381,36659,36709,39129,39129,41917,41976,44756,44789,44798,47778,50922,54319,57908,61777,61786,65868,65918,70302,70302,74913,74913,80094,85559,85559,85559,78476,83666,89372],"floor_reached":161,"language":"ENG","playtime":4479,"items_purged":["hubris:Gluttony","hubris:Compulsion","hubris:Envy","ReplayTheSpireMod:Restless Dread","ReplayTheSpireMod:Splinters","hubris:Disease","ReplayTheSpireMod:Doomed","ReplayTheSpireMod:Splinters","Pain","hubris:Gluttony","Normality"],"score":11948,"play_id":"b0dfd8c7-7f14-4b84-8fa8-5b691e7d5549","local_time":"20210128193819","daily_mods":["DeadlyEvents","Binary","Cursed Run","Elite Swarm","Lethality","Midas","Night Terrors","Terminal","Uncertain Future","Binary"],"is_ascension_mode":true,"campfire_choices":[{"floor":23.0,"key":"REST"},{"floor":32.0,"key":"DIG"},{"floor":41.0,"key":"REST"},{"floor":46.0,"key":"DIG"},{"floor":49.0,"key":"DIG"},{"floor":59.0,"key":"DIG"},{"floor":67.0,"key":"DIG"},{"floor":76.0,"key":"DIG"},{"floor":80.0,"key":"DIG"},{"floor":84.0,"key":"DIG"},{"data":"Decay","floor":92.0,"key":"PURGE"},{"data":"Amnesia","floor":97.0,"key":"PURGE"},{"data":"infinitespire:FutureSight","floor":101.0,"key":"PURGE"},{"data":"Limit Break+1","floor":112.0,"key":"PURGE"},{"floor":115.0,"key":"DIG"},{"data":"ReplayTheSpireMod:Splinters","floor":134.0,"key":"PURGE"},{"floor":136.0,"key":"DIG"},{"data":"conspire:NecroticWound","floor":149.0,"key":"PURGE"},{"floor":153.0,"key":"DIG"},{"data":"hubris:Envy","floor":157.0,"key":"PURGE"}],"circlet_count":0,"master_deck":["Massacre","infinitespire:OneForAll+1","Anger","infinitespire:Oblivion+1","CurseOfTheBell","Regret","hubris:DuctTapeCard","hubris:Despair"],"relics":["Cursed Key","Darkstone Periapt","Du-Vu Doll","Busted Crown","trackpad:BerserkersDraught","infinitespire:Beetle Shell","hubris:Zylophone","Chameleon Ring","hubris:ToyBattleship","trackpad:BottledTsunami","Sling","Snack Pack","Empty Cage","hubris:DeckOfHolding","hubris:Metronome","trackpad:ByrdBGone","Shovel","conspire:DeflatedDodgeball","Paper Frog","infinitespire:EvilPickle","aspiration:RitualDagger","trackpad:CultistFigurine","Busted Crown","Lantern","The Courier","Mummified Hand","aspiration:ChemicalBlood","Blue Candle","hubris:HollowSoul","hubris:MysteriousPyramids","infinitespire:Eraser","Replay:Baseball","CeramicFish","Orichalcum","conspire:SpecialSausage","Eternal Feather","hubris:CuriousFeather","SlaversCollar","MealTicket","Gremlin Horn","conspire:InfiniteJournal","Shuriken","hubris:GlazedTorus","aspiration:FrozenJewel","conspire:Dentures","Peace Pipe","conspire:RoyalGoblet","hubris:Towel","infinitespire:ShieldingShard","trackpad:WondrousWand","Iron Hammer","CaptainsWheel","Akabeko","hubris:MobiusCoin","infinitespire:BlackEgg","hubris:Backtick","trackpad:ZombieHeart","Golden Idol","Onion Ring","Bag of Preparation","Replay:Arrowhead","Nunchaku","hubris:SlimyHat","ReplayTheSpireMod:Spearhead","trackpad:IceCube","hubris:DuctTape","trackpad:BottledAnger","InkBottle","MerchantsRug","aspiration:TomeofQuesting","Garlic","Counterbalance","King of Hearts","trackpad:SneckoScepter","Incense Burner","Replay:Bandana","Pondfish Scales","Replay:Mystery Machine","hubris:IronBody","conspire:DecoderRing","trackpad:WritersBlock","trackpad:AdjectivePendant","Replay:Rubber Ducky","trackpad:Mousetrap","TungstenRod","Calipers","hubris:BundleOfHerbs","hubris:TenFootPole","aspiration:StickyExplosives","Pocketwatch","Vajra","Omamori","hubris:SphereOfDissonance","conspire:TopHat","Happy Flower","Mirror","Pear","hubris:OldNail","Toolbox","Bronze Scales","Whetstone","Durian","Gremlin Food","Dream Catcher","Replay:Wax Seal","Frozen Egg 2","aspiration:HiddenCompartment","White Beast Statue","aspiration:ArtOfWarUpgrade","aspiration:Lifesprig","PreservedInsect","Blood Vial","trackpad:SappingStone","hubris:Reverence","Prayer Wheel","Matryoshka","War Paint","Centennial Puzzle","Regal Pillow","trackpad:FieryHotPepper","infinitespire:WardingShard","infinitespire:CheckeredPen","ReplayTheSpireMod:Lightbulb","Blue Doll","trackpad:StainlessSteel","aspiration:HummingbirdHeart","conspire:GlowingRock","Replay:WaspNest","Smiling Mask","ReplayFunnel","hubris:ChampionShield","trackpad:PetRock","Potion Belt","Bottled Flame","hubris:ScarierMask","WarpedTongs","Fusion Hammer","Meat on the Bone","Red Skull","Ancient Tea Set","Replay:Ringing Soul","Bag of Marbles","Strawberry","Calling Bell","hubris:TinFlute","hubris:DisguiseKit","StoneCalendar","Singing Bowl","Mercury Hourglass","FossilizedHelix","trackpad:BottledShadow","hubris:CrystalStatue","aspiration:SeaSaltIceCream","trackpad:Compendium","Black Star","trackpad:RapidFire","Replay:Multitool","Golden Egg","Another Sword","infinitespire:Midas Blood","Mango","Self Forming Clay","aspiration:FetidBarrel","conspire:Boomerang","ReplayTheSpireMod:Ninjato","Cauldron","Thread and Needle","Sundial","Letter Opener","Replay:Bottled Snecko","Pantograph","infinitespire:CursedDice","aspiration:HatOfInfinitePower","Toxic Egg 2","Replay:WaspNest","infinitespire:Magic Flask","Replay:Bottled Eggs","trackpad:GuardianSpirit","trackpad:WindUpAutoDealer","HornCleat","Quantum Egg","StrikeDummy","Ornamental Fan","Question Card","trackpad:ByrdCharm","infinitespire:Broken Mirror","aspiration:AnachronicSnailShell","Unceasing Top","infinitespire:EmpoweringShard","Ginger"],"acts_visited":["Exordium","TheCity","TheBeyond","Exordium","TheCity","TheBeyond","Exordium","TheCity","TheBeyond","TheEnding"],"potions_floor_usage":[],"damage_taken":[{"damage":0.0,"enemies":"Small Slimes","floor":1.0,"turns":1.0},{"damage":0.0,"enemies":"Jaw Worm","floor":3.0,"turns":1.0},{"damage":0.0,"enemies":"2 Louse","floor":5.0,"turns":1.0},{"damage":0.0,"enemies":"3 Sentries","floor":6.0,"turns":1.0},{"damage":0.0,"enemies":"Looter","floor":7.0,"turns":1.0},{"damage":0.0,"enemies":"Gremlin Nob","floor":8.0,"turns":1.0},{"damage":0.0,"enemies":"Blue Slaver","floor":11.0,"turns":1.0},{"damage":0.0,"enemies":"Lagavulin","floor":13.0,"turns":1.0},{"damage":0.0,"enemies":"Large Slime","floor":14.0,"turns":1.0},{"damage":0.0,"enemies":"Fading Forest","floor":16.0,"turns":4.0},{"damage":0.0,"enemies":"Chosen","floor":18.0,"turns":1.0},{"damage":0.0,"enemies":"Spheric Guardian","floor":21.0,"turns":1.0},{"damage":28.0,"enemies":"Snake Plant","floor":22.0,"turns":2.0},{"damage":0.0,"enemies":"3 Cultists","floor":24.0,"turns":1.0},{"damage":0.0,"enemies":"Nightmare","floor":27.0,"turns":1.0},{"damage":0.0,"enemies":"Chosen and Byrds","floor":28.0,"turns":2.0},{"damage":0.0,"enemies":"Gremlin Leader","floor":29.0,"turns":1.0},{"damage":0.0,"enemies":"Book of Stabbing","floor":31.0,"turns":1.0},{"damage":0.0,"enemies":"Pondfish","floor":33.0,"turns":3.0},{"damage":24.0,"enemies":"3 Shapes","floor":35.0,"turns":1.0},{"damage":16.0,"enemies":"3 Darklings","floor":39.0,"turns":2.0},{"damage":6.0,"enemies":"R_Hoarder","floor":40.0,"turns":2.0},{"damage":3.0,"enemies":"Nightmare","floor":42.0,"turns":1.0},{"damage":3.0,"enemies":"Maw","floor":44.0,"turns":1.0},{"damage":17.0,"enemies":"Sphere and 2 Shapes","floor":45.0,"turns":1.0},{"damage":3.0,"enemies":"Spire Growth","floor":47.0,"turns":1.0},{"damage":3.0,"enemies":"R_Hoarder","floor":48.0,"turns":1.0},{"damage":3.0,"enemies":"Replay:Hell Engine","floor":50.0,"turns":1.0},{"damage":3.0,"enemies":"conspire:OrnateMirror","floor":51.0,"turns":1.0},{"damage":6.0,"enemies":"Cultist","floor":53.0,"turns":2.0},{"damage":3.0,"enemies":"2 Louse","floor":55.0,"turns":1.0},{"damage":3.0,"enemies":"infinitespire:Voidling","floor":56.0,"turns":1.0},{"damage":3.0,"enemies":"Red Slaver","floor":57.0,"turns":1.0},{"damage":3.0,"enemies":"Gremlin Nob","floor":58.0,"turns":1.0},{"damage":3.0,"enemies":"3 Sentries","floor":60.0,"turns":1.0},{"damage":6.0,"enemies":"Nightmare","floor":62.0,"turns":2.0},{"damage":27.0,"enemies":"Lots of Slimes","floor":63.0,"turns":2.0},{"damage":9.0,"enemies":"conspire:2 RoseBushes","floor":66.0,"turns":1.0},{"damage":3.0,"enemies":"Hexaghost","floor":68.0,"turns":1.0},{"damage":3.0,"enemies":"Shell Parasite","floor":70.0,"turns":1.0},{"damage":3.0,"enemies":"2 Thieves","floor":71.0,"turns":1.0},{"damage":3.0,"enemies":"conspire:HollyBat","floor":74.0,"turns":1.0},{"damage":3.0,"enemies":"Nightmare","floor":75.0,"turns":1.0},{"damage":3.0,"enemies":"Snake Plant","floor":79.0,"turns":1.0},{"damage":3.0,"enemies":"Colosseum Slavers","floor":81.0,"turns":1.0},{"damage":3.0,"enemies":"Colosseum Nobs","floor":81.0,"turns":1.0},{"damage":3.0,"enemies":"conspire:SneckoGhost","floor":82.0,"turns":1.0},{"damage":3.0,"enemies":"Centurion and Healer","floor":83.0,"turns":1.0},{"damage":6.0,"enemies":"Automaton","floor":85.0,"turns":2.0},{"damage":3.0,"enemies":"3 Darklings","floor":87.0,"turns":1.0},{"damage":15.0,"enemies":"Orb Walker","floor":91.0,"turns":2.0},{"damage":0.0,"enemies":"Nightmare_Alpha","floor":93.0,"turns":1.0},{"damage":14.0,"enemies":"4 Shapes","floor":94.0,"turns":1.0},{"damage":0.0,"enemies":"R_Hoarder","floor":96.0,"turns":1.0},{"damage":0.0,"enemies":"Reptomancer","floor":98.0,"turns":1.0},{"damage":0.0,"enemies":"Spire Growth","floor":99.0,"turns":1.0},{"damage":0.0,"enemies":"R_Hoarder","floor":100.0,"turns":1.0},{"damage":0.0,"enemies":"LordOfAnnihilation","floor":102.0,"turns":1.0},{"damage":0.0,"enemies":"hubris:GrandSnecko","floor":103.0,"turns":1.0},{"damage":0.0,"enemies":"Cultist","floor":105.0,"turns":1.0},{"damage":0.0,"enemies":"2 Louse","floor":106.0,"turns":1.0},{"damage":0.0,"enemies":"Small Slimes","floor":108.0,"turns":1.0},{"damage":0.0,"enemies":"Gremlin Nob","floor":111.0,"turns":1.0},{"damage":0.0,"enemies":"Nightmare","floor":114.0,"turns":1.0},{"damage":0.0,"enemies":"Red Slaver","floor":116.0,"turns":1.0},{"damage":0.0,"enemies":"3 Sentries","floor":117.0,"turns":1.0},{"damage":0.0,"enemies":"Lots of Slimes","floor":118.0,"turns":1.0},{"damage":0.0,"enemies":"Fading Forest","floor":120.0,"turns":1.0},{"damage":0.0,"enemies":"2 Thieves","floor":122.0,"turns":1.0},{"damage":0.0,"enemies":"Chosen","floor":124.0,"turns":1.0},{"damage":0.0,"enemies":"Snecko","floor":126.0,"turns":1.0},{"damage":0.0,"enemies":"Gremlin Leader","floor":127.0,"turns":1.0},{"damage":0.0,"enemies":"Slavers","floor":129.0,"turns":1.0},{"damage":0.0,"enemies":"Nightmare_Alpha","floor":132.0,"turns":1.0},{"damage":0.0,"enemies":"Snake Plant","floor":133.0,"turns":1.0},{"damage":0.0,"enemies":"Sentry and Sphere","floor":135.0,"turns":1.0},{"damage":0.0,"enemies":"Champ","floor":137.0,"turns":1.0},{"damage":0.0,"enemies":"3 Shapes","floor":139.0,"turns":1.0},{"damage":0.0,"enemies":"3 Darklings","floor":142.0,"turns":1.0},{"damage":0.0,"enemies":"Writhing Mass","floor":143.0,"turns":1.0},{"damage":0.0,"enemies":"Nightmare","floor":144.0,"turns":1.0},{"damage":0.0,"enemies":"4 Shapes","floor":145.0,"turns":1.0},{"damage":0.0,"enemies":"Giant Head","floor":146.0,"turns":1.0},{"damage":0.0,"enemies":"Transient","floor":148.0,"turns":2.0},{"damage":0.0,"enemies":"R_Hoarder","floor":150.0,"turns":1.0},{"damage":0.0,"enemies":"Sphere and 2 Shapes","floor":152.0,"turns":2.0},{"damage":0.0,"enemies":"Replay:Hell Engine","floor":154.0,"turns":1.0},{"damage":0.0,"enemies":"Donu and Deca","floor":155.0,"turns":3.0},{"damage":0,"enemies":"Shield and Spear","floor":159,"turns":1},{"damage":0,"enemies":"The Heart","floor":160,"turns":8}],"seed_played":"-1442264581343758396","potions_obtained":[{"floor":3.0,"key":"ColorlessPotion"},{"floor":5.0,"key":"SteroidPotion"},{"floor":15.0,"key":"PowerPotion"},{"floor":83.0,"key":"Fruit Juice"},{"floor":116.0,"key":"Fire Potion"},{"floor":117.0,"key":"Adrenaline Potion"}],"is_trial":true,"path_per_floor":["M","?","M","T","M","E","M","E","T","R","M","$","E","M","R","B",null,"M","?","T","M","M","R","M","R","T","NM","M","E","AVR","E","R","B",null,"M","?","?","AVR","M","E","R","NM","T","M","M","R","M","E","R","B","B",null,"M","?","M","M","M","E","R","E","T","NM","M","T","AVR","M","R","B",null,"M","M","AVR","?","M","NM","R","?","T","M","R","?","E","M","R","B",null,"M","?","?","AVR","M","R","NM","M","T","E","R","E","M","E","R","B","B",null,"M","M","?","M","$","AVR","E","R","T","NM","R","M","E","M","R","B",null,"M","?","M","AVR","M","E","R","E","T","?","NM","M","R","M","R","B",null,"M","T","AVR","M","M","NM","M","E","T","M","R","E","NS","M","R","B","B",null,"R","$","E","B",null],"character_chosen":"IRONCLAD","items_purchased":["trackpad:BottledTsunami","Sling","Onion Ring","Bag of Preparation","Replay:Arrowhead","Nunchaku","hubris:SlimyHat","ReplayTheSpireMod:Spearhead","trackpad:IceCube","hubris:DuctTape","trackpad:BottledAnger","InkBottle","MerchantsRug","aspiration:TomeofQuesting","Garlic","Counterbalance","King of Hearts","trackpad:SneckoScepter","Incense Burner","Replay:Bandana","Pondfish Scales","Replay:Mystery Machine","hubris:IronBody","conspire:DecoderRing","trackpad:WritersBlock","trackpad:AdjectivePendant","Replay:Rubber Ducky","trackpad:Mousetrap","TungstenRod","Calipers","hubris:BundleOfHerbs","hubris:TenFootPole","aspiration:StickyExplosives","Pocketwatch","Vajra","Omamori","hubris:SphereOfDissonance","conspire:TopHat","Happy Flower","Mirror","Pear","hubris:OldNail","Toolbox","Bronze Scales","Whetstone","Durian","Gremlin Food","Dream Catcher","Replay:Wax Seal","Frozen Egg 2","aspiration:HiddenCompartment","White Beast Statue","Art of War","aspiration:Lifesprig","PreservedInsect","Blood Vial","trackpad:SappingStone","hubris:Reverence","Prayer Wheel","Matryoshka","War Paint","Centennial Puzzle","Regal Pillow","trackpad:FieryHotPepper","infinitespire:WardingShard","infinitespire:CheckeredPen","ReplayTheSpireMod:Lightbulb","Blue Doll","trackpad:StainlessSteel","aspiration:HummingbirdHeart","conspire:GlowingRock","trackpad:RapidFire","Replay:Multitool","Golden Egg","Another Sword","infinitespire:Midas Blood","Mango","Self Forming Clay","aspiration:FetidBarrel","conspire:Boomerang","ReplayTheSpireMod:Ninjato","Cauldron","Thread and Needle","Sundial","Letter Opener","Replay:Bottled Snecko","Pantograph","infinitespire:CursedDice","aspiration:HatOfInfinitePower","Toxic Egg 2","Replay:WaspNest","infinitespire:Magic Flask","Replay:Bottled Eggs","trackpad:GuardianSpirit","trackpad:WindUpAutoDealer","HornCleat","Quantum Egg","StrikeDummy","Ornamental Fan","Question Card","trackpad:ByrdCharm","infinitespire:Broken Mirror","aspiration:AnachronicSnailShell","Unceasing Top","AttackPotion"],"campfire_rested":2,"item_purchase_floors":[12,12,109,109,109,109,109,109,109,109,109,109,109,109,109,109,109,109,109,109,109,109,109,109,109,109,109,109,109,109,109,109,109,109,109,109,109,109,109,109,109,109,109,109,109,109,109,109,109,109,109,109,109,109,109,109,109,109,109,109,109,109,109,109,109,109,109,109,109,109,109,158,158,158,158,158,158,158,158,158,158,158,158,158,158,158,158,158,158,158,158,158,158,158,158,158,158,158,158,158,158,158,158,158,158],"current_hp_per_floor":[68,68,68,74,74,74,73,72,77,76,75,74,73,72,71,76,75,74,73,78,77,49,70,69,68,67,66,65,64,63,62,61,66,65,43,18,18,18,6,2,53,52,57,54,37,37,36,33,33,36,41,56,52,45,42,41,38,35,35,32,38,32,5,5,5,50,51,56,55,54,53,52,51,48,49,48,47,52,26,29,49,48,54,53,58,57,56,55,54,53,52,51,25,38,44,53,52,51,50,49,48,30,58,57,57,58,38,53,72,71,71,70,69,69,68,68,70,74,73,73,72,72,77,77,76,76,76,75,76,81,80,80,80,79,79,85,94,102,103,111,113,120,123,124,127,129,137,141,140,142,141,146,145,156,168,167,166,179,181,192],"gold":89372,"neow_bonus":"","is_daily":false,"chose_seed":false,"campfire_upgraded":0,"win_rate":0.0,"timestamp":1611848299,"path_taken":["M","?","M","?","M","E","M","E","T","R","?","$","E","M","R","BOSS","M","?","?","M","M","R","M","R","T","NM","?","E","AVR","E","R","BOSS","M","?","?","AVR","?","E","R","NM","T","M","M","R","M","E","R","BOSS","BOSS","M","?","?","M","M","E","R","E","T","NM","M","?","AVR","M","R","BOSS","M","M","AVR","?","M","NM","R","?","T","M","R","?","E","M","R","BOSS","M","?","?","AVR","M","R","NM","M","T","E","R","E","M","?","R","BOSS","BOSS","M","?","?","M","?","AVR","E","R","T","NM","R","M","E","M","R","BOSS","M","?","?","AVR","M","E","R","E","T","?","NM","M","R","M","R","BOSS","M","?","AVR","M","?","NM","M","E","T","M","R","E","NS","M","R","BOSS","BOSS","R","$","E","BOSS"],"items_purchased_type":["Relic","Relic","Relic","Relic","Relic","Relic","Relic","Relic","Relic","Relic","Relic","Relic","Relic","Relic","Relic","Relic","Relic","Relic","Relic","Relic","Relic","Relic","Relic","Relic","Relic","Relic","Relic","Relic","Relic","Relic","Relic","Relic","Relic","Relic","Relic","Relic","Relic","Relic","Relic","Relic","Relic","Relic","Relic","Relic","Relic","Relic","Relic","Relic","Relic","Relic","Relic","Relic","Relic","Relic","Relic","Relic","Relic","Relic","Relic","Relic","Relic","Relic","Relic","Relic","Relic","Relic","Relic","Relic","Relic","Relic","Relic","Relic","Relic","Relic","Relic","Relic","Relic","Relic","Relic","Relic","Relic","Relic","Relic","Relic","Relic","Relic","Relic","Relic","Relic","Relic","Relic","Relic","Relic","Relic","Relic","Relic","Relic","Relic","Relic","Relic","Relic","Relic","Relic","Relic","Potion"],"build_version":"2020-12-22","purchased_purges":11,"victory":true,"max_hp_per_floor":[73,72,71,76,75,74,73,72,77,76,75,74,73,72,71,76,75,74,73,78,77,76,70,69,68,67,66,65,64,63,62,61,66,65,64,63,62,61,60,59,53,52,57,56,55,54,53,52,51,56,61,60,59,58,57,56,55,54,53,52,57,56,55,54,53,52,51,56,55,54,53,52,51,50,49,48,47,52,51,50,49,48,54,53,58,57,56,55,54,53,52,51,50,49,54,53,52,51,50,49,48,53,58,57,57,58,57,58,72,71,71,70,69,69,68,68,70,74,73,73,72,72,77,77,76,76,76,75,76,81,80,80,80,79,79,85,94,102,103,111,113,120,123,124,127,129,137,141,140,142,141,146,145,156,168,167,166,179,181,192],"card_choices":[{"not_picked":["hubris:Rewind","infinitespire:DeathsTouch"],"picked":"infinitespire:FutureSight","floor":37.0},{"not_picked":["infinitespire:Collect","infinitespire:SealOfDarkness+"],"picked":"infinitespire:Oblivion","floor":42.0},{"not_picked":["Hidden Blade"],"picked":"SKIP","floor":139.0},{"not_picked":["Toxin Wave"],"picked":"SKIP","floor":139.0},{"not_picked":["conspire:PoisonWeapons"],"picked":"Singing Bowl","floor":142.0},{"not_picked":["Hidden Blade"],"picked":"Singing Bowl","floor":142.0},{"not_picked":["Flying Knee"],"picked":"Singing Bowl","floor":143.0},{"not_picked":["hubris:Sniper"],"picked":"Singing Bowl","floor":143.0},{"not_picked":["Unload"],"picked":"Singing Bowl","floor":144.0},{"not_picked":["Dash"],"picked":"Singing Bowl","floor":145.0},{"not_picked":["Endless Agony"],"picked":"Singing Bowl","floor":145.0},{"not_picked":["After Image"],"picked":"Singing Bowl","floor":146.0},{"not_picked":["Sucker Punch"],"picked":"Singing Bowl","floor":148.0},{"not_picked":["Dagger Throw"],"picked":"Singing Bowl","floor":148.0},{"not_picked":["Burst"],"picked":"Singing Bowl","floor":150.0},{"not_picked":["Backstab"],"picked":"Singing Bowl","floor":152.0},{"not_picked":["Escape Plan"],"picked":"Singing Bowl","floor":152.0},{"not_picked":["Bullet Time"],"picked":"Singing Bowl","floor":154.0},{"not_picked":["Night Terror"],"picked":"Singing Bowl","floor":155.0},{"not_picked":["aspiration:Lunge"],"picked":"Singing Bowl","floor":159},{"not_picked":["Tools of the Trade"],"picked":"Singing Bowl","floor":160}],"player_experience":390464,"relics_obtained":[{"floor":4.0,"key":"infinitespire:Beetle Shell"},{"floor":6.0,"key":"hubris:Zylophone"},{"floor":8.0,"key":"Chameleon Ring"},{"floor":9.0,"key":"hubris:ToyBattleship"},{"floor":13.0,"key":"Snack Pack"},{"floor":20.0,"key":"hubris:DeckOfHolding"},{"floor":27.0,"key":"hubris:Metronome"},{"floor":29.0,"key":"trackpad:ByrdBGone"},{"floor":31.0,"key":"conspire:DeflatedDodgeball"},{"floor":32.0,"key":"Paper Frog"},{"floor":36.0,"key":"trackpad:CultistFigurine"},{"floor":40.0,"key":"trackpad:Compendium"},{"floor":42.0,"key":"Lantern"},{"floor":43.0,"key":"The Courier"},{"floor":46.0,"key":"Mummified Hand"},{"floor":48.0,"key":"aspiration:ChemicalBlood"},{"floor":49.0,"key":"Blue Candle"},{"floor":58.0,"key":"hubris:MysteriousPyramids"},{"floor":59.0,"key":"infinitespire:Eraser"},{"floor":60.0,"key":"Replay:Baseball"},{"floor":61.0,"key":"CeramicFish"},{"floor":62.0,"key":"Orichalcum"},{"floor":67.0,"key":"hubris:CuriousFeather"},{"floor":75.0,"key":"MealTicket"},{"floor":76.0,"key":"Gremlin Horn"},{"floor":78.0,"key":"conspire:InfiniteJournal"},{"floor":80.0,"key":"Shuriken"},{"floor":81.0,"key":"hubris:GlazedTorus"},{"floor":81.0,"key":"aspiration:FrozenJewel"},{"floor":82.0,"key":"conspire:Dentures"},{"floor":84.0,"key":"Peace Pipe"},{"floor":93.0,"key":"trackpad:WondrousWand"},{"floor":95.0,"key":"Iron Hammer"},{"floor":96.0,"key":"CaptainsWheel"},{"floor":98.0,"key":"Akabeko"},{"floor":100.0,"key":"hubris:MobiusCoin"},{"floor":111.0,"key":"Smiling Mask"},{"floor":113.0,"key":"ReplayFunnel"},{"floor":113.0,"key":"hubris:ChampionShield"},{"floor":114.0,"key":"trackpad:PetRock"},{"floor":115.0,"key":"Potion Belt"},{"floor":117.0,"key":"Bottled Flame"},{"floor":127.0,"key":"Meat on the Bone"},{"floor":129.0,"key":"Red Skull"},{"floor":130.0,"key":"Ancient Tea Set"},{"floor":130.0,"key":"Replay:Ringing Soul"},{"floor":132.0,"key":"Bag of Marbles"},{"floor":136.0,"key":"Strawberry"},{"floor":138.0,"key":"hubris:TinFlute"},{"floor":138.0,"key":"hubris:DisguiseKit"},{"floor":138.0,"key":"StoneCalendar"},{"floor":140.0,"key":"Singing Bowl"},{"floor":144.0,"key":"Mercury Hourglass"},{"floor":146.0,"key":"FossilizedHelix"},{"floor":147.0,"key":"trackpad:BottledShadow"},{"floor":150.0,"key":"hubris:CrystalStatue"},{"floor":153.0,"key":"aspiration:SeaSaltIceCream"},{"floor":159,"key":"infinitespire:EmpoweringShard"},{"floor":159,"key":"Ginger"}],"event_choices":[{"damage_healed":0.0,"max_hp_gain":0.0,"max_hp_loss":0.0,"gold_gain":0.0,"event_name":"conspire:Investor","player_choice":"Invest 1","floor":2.0,"gold_loss":0.0,"damage_taken":0.0},{"damage_healed":0.0,"max_hp_gain":0.0,"max_hp_loss":0.0,"gold_gain":0.0,"event_name":"Ghosts","player_choice":"Ignored","floor":19.0,"gold_loss":0.0,"damage_taken":0.0},{"cards_removed":["ReplayTheSpireMod:Restless Dread"],"damage_healed":0.0,"max_hp_gain":0.0,"max_hp_loss":0.0,"gold_gain":0.0,"event_name":"Golden Wing","player_choice":"Card Removal","floor":54.0,"gold_loss":0.0,"damage_taken":7.0},{"cards_removed":["Decay"],"damage_healed":0.0,"max_hp_gain":0.0,"max_hp_loss":0.0,"gold_gain":0.0,"event_name":"Beggar","player_choice":"Gave Gold","floor":73.0,"gold_loss":75.0,"damage_taken":0.0},{"damage_healed":0.0,"max_hp_gain":0.0,"max_hp_loss":0.0,"gold_gain":0.0,"event_name":"Colosseum","player_choice":"Fight","floor":81.0,"gold_loss":0.0,"damage_taken":0.0},{"damage_healed":0.0,"max_hp_gain":0.0,"max_hp_loss":0.0,"gold_gain":0.0,"event_name":"Colosseum","player_choice":"Fought Nobs","floor":81.0,"gold_loss":0.0,"damage_taken":0.0},{"damage_healed":0.0,"max_hp_gain":0.0,"max_hp_loss":0.0,"gold_gain":0.0,"event_name":"Duplicator","player_choice":"Ignored","floor":89.0,"gold_loss":0.0,"damage_taken":0.0},{"damage_healed":0.0,"max_hp_gain":0.0,"max_hp_loss":0.0,"gold_gain":0.0,"event_name":"Golden Idol","player_choice":"Take Damage","floor":107.0,"gold_loss":0.0,"damage_taken":20.0,"relics_obtained":["Golden Idol"]},{"damage_healed":0.0,"max_hp_gain":0.0,"max_hp_loss":0.0,"gold_gain":0.0,"event_name":"Accursed Blacksmith","player_choice":"Rummage","floor":123.0,"gold_loss":0.0,"damage_taken":0.0,"relics_obtained":["WarpedTongs"],"cards_obtained":["Pain"]},{"damage_healed":0.0,"max_hp_gain":0.0,"max_hp_loss":0.0,"gold_gain":0.0,"event_name":"Duplicator","player_choice":"Ignored","floor":131.0,"gold_loss":0.0,"damage_taken":0.0}],"is_beta":false,"boss_relics":[{"not_picked":["conspire:SeveredTorchhead","aspiration:DefectSkillbook"],"picked":"Empty Cage"},{"not_picked":["Astrolabe","Philosopher\u0027s Stone"],"picked":"aspiration:RitualDagger"},{"not_picked":["Snecko Heart","Calling Bell"],"picked":"hubris:HollowSoul"},{"not_picked":["conspire:RunicOctahedron","Runic Cube"],"picked":"SlaversCollar"},{"not_picked":["hubris:Stopwatch","Ring of Chaos"],"picked":"conspire:RoyalGoblet"},{"not_picked":["trackpad:Coffee","conspire:SeveredTorchhead"],"picked":"hubris:Backtick"},{"not_picked":["aspiration:SilentSkillbook","SacredBark"],"picked":"hubris:ScarierMask"},{"not_picked":["aspiration:SecretTechniqueScroll","Replay:Drink Me"],"picked":"Calling Bell"},{"not_picked":["conspire:RunicOctahedron","hubris:RunicObelisk"],"picked":"Black Star"}],"items_purged_floors":[12,30,38,65,72,90,109,110,125,141,158],"is_endless":true,"potions_floor_spawned":[3,5,6,14,21,28,31,35,39,40,48,51,58,60,62,63,66,74,81,83,85,91,93,96,100,103,106,108,111,114,116,117,118,120,122,124,126,127,129,132,133,135,137,139,142,143,144,145,146,148,150,152,154,155,159,160],"ascension_level":20}}