{"host":"491vyvchqhlfizue","time":1611823340,"event":{"mods":["AchievementEnabler","BaseMod","BetterRewards","Colored Map","Conspire","Downfall","Infinite Spire","Minty Spire (QoL Compilation)","Reliquary","Replay The Spire","Shop Mod","Spikes Relics","StSLib","The Forsaken","The Runesmith"],"gold_per_floor":[118,134,134,59,69,94,94,120,165,165,115,115,115,125,125,221,221,208,221,239,254,254,283,283,311,311,340,356,103,103,118,118,222,222,242,255,255,270,286,321,31,61,61,83,98,131,146,97,149,151],"floor_reached":51,"language":"ENG","playtime":7512,"items_purged":["theForsaken:TheForsaken_Defend","theForsaken:TheForsaken_Defend","theForsaken:TheForsaken_Strike","theForsaken:TheForsaken_Defend","theForsaken:TheForsaken_Strike"],"score":1081,"play_id":"88182982-cae8-437f-be0e-ad3fe19c6b88","local_time":"20210128034220","is_ascension_mode":true,"campfire_choices":[{"data":"theForsaken:DefensiveStance","floor":7.0,"key":"SMITH"},{"data":"theForsaken:Smite","floor":12.0,"key":"SMITH"},{"data":"theForsaken:Preservation","floor":15.0,"key":"SMITH"},{"data":"theForsaken:DivineGuidance","floor":24.0,"key":"SMITH"},{"data":"theForsaken:StoreUp","floor":32.0,"key":"SMITH"}],"circlet_count":0,"master_deck":["theForsaken:TheForsaken_Strike","theForsaken:TheForsaken_Defend","theForsaken:Smite+1","theForsaken:Penitence+1","theForsaken:DefensiveStance+1","theForsaken:FatRoll","theForsaken:Preservation+1","theForsaken:DivineGuidance+1","theForsaken:RainingSunlight+1","theForsaken:AncientWords","theForsaken:LightRoll+1","theForsaken:StoreUp+1","theForsaken:SacredOath","theForsaken:Prudence","theForsaken:SpreadingPlague","theForsaken:TearsOfSunlight"],"relics":["theForsaken:JudgementScales","ReplayTheSpireMod:Lightbulb","Calipers","conspire:TreasureMap","CrustySpines","Matryoshka","Runesmith:AutoHammer","Pocketwatch","theForsaken:PlagueMask","reliquary:Ember","Bottled Tornado","Toy Ornithopter","reliquary:RoseTintedGlasses","MiniBlackHole","reliquary:SilkGlove","MerchantsRug","Nloth\u0027s Gift","bronze:MakeshiftBattery","Replay:Rubber Ducky","conspire:BottledYoYo","Oddly Smooth Stone","reliquary:SharkskinSheath","infinitespire:CheckeredPen","infinitespire:Lychee Nut"],"acts_visited":["Exordium","TheCity","TheBeyond"],"potions_floor_usage":[42,46,46,46,46,46,46,46,46,46,46,46,46,46,46,46,46,46,46,46],"damage_taken":[{"damage":0.0,"enemies":"Cultist","floor":1.0,"turns":4.0},{"damage":5.0,"enemies":"Small Slimes","floor":2.0,"turns":4.0},{"damage":2.0,"enemies":"2 Louse","floor":5.0,"turns":3.0},{"damage":12.0,"enemies":"Gremlin Nob","floor":6.0,"turns":2.0},{"damage":11.0,"enemies":"Lagavulin","floor":8.0,"turns":11.0},{"damage":0.0,"enemies":"Large Slime","floor":14.0,"turns":7.0},{"damage":31.0,"enemies":"Hexaghost","floor":16.0,"turns":15.0},{"damage":30.0,"enemies":"2 Thieves","floor":18.0,"turns":4.0},{"damage":2.0,"enemies":"3 Byrds","floor":19.0,"turns":5.0},{"damage":5.0,"enemies":"Cultist and Chosen","floor":20.0,"turns":7.0},{"damage":4.0,"enemies":"Snecko","floor":21.0,"turns":7.0},{"damage":1.0,"enemies":"Book of Stabbing","floor":23.0,"turns":8.0},{"damage":0.0,"enemies":"conspire:Head Lice","floor":25.0,"turns":9.0},{"damage":0.0,"enemies":"Replay:Snechameleon","floor":27.0,"turns":5.0},{"damage":6.0,"enemies":"Centurion and Healer","floor":28.0,"turns":12.0},{"damage":0.0,"enemies":"Chosen and Byrds","floor":31.0,"turns":9.0},{"damage":11.0,"enemies":"Collector","floor":33.0,"turns":15.0},{"damage":14.0,"enemies":"3 Darklings","floor":35.0,"turns":7.0},{"damage":0.0,"enemies":"Orb Walker","floor":36.0,"turns":7.0},{"damage":0.0,"enemies":"Maw","floor":38.0,"turns":13.0},{"damage":49,"enemies":"Transient","floor":39,"turns":5},{"damage":0,"enemies":"R_Hoarder","floor":40,"turns":10},{"damage":52,"enemies":"Reptomancer","floor":42,"turns":8},{"damage":0,"enemies":"3 Darklings","floor":44,"turns":13},{"damage":0,"enemies":"Spire Growth","floor":45,"turns":8},{"damage":0,"enemies":"R_Hoarder","floor":46,"turns":17},{"damage":0,"enemies":"4 Shapes","floor":47,"turns":6},{"damage":0,"enemies":"Mind Bloom Boss Battle","floor":49,"turns":8},{"damage":0,"enemies":"infinitespire:MassOfShapes","floor":50,"turns":14}],"seed_played":"-7841597051261583843","potions_obtained":[{"floor":1.0,"key":"FearPotion"},{"floor":2.0,"key":"Death Potion"},{"floor":5.0,"key":"Explosive Potion"},{"floor":8.0,"key":"conspire:TimeTravelPotion"},{"floor":18.0,"key":"SteroidPotion"},{"floor":20.0,"key":"SteroidPotion"},{"floor":28.0,"key":"Ancient Potion"},{"floor":31.0,"key":"SteroidPotion"},{"floor":38.0,"key":"PowerPotion"},{"floor":42,"key":"Dexterity Potion"},{"floor":45,"key":"sneckomod:MuddlingPotion"},{"floor":46,"key":"Adrenaline Potion"}],"is_trial":false,"path_per_floor":["M","M","?","$","M","E","R","E","T","?","?","R","?","M","R","B",null,"M","M","M","M","AVR","E","R","E","T","E","M","$","?","M","R","B",null,"M","M","AVR","M","M","E","$","E","T","M","M","E","M","$","R_BF","B",null],"character_chosen":"THE_FORSAKEN","items_purchased":["ReplayTheSpireMod:Lightbulb","conspire:TreasureMap","MerchantsRug","conspire:BottledYoYo","Adrenaline Potion"],"campfire_rested":0,"item_purchase_floors":[0,0,29,41,41],"current_hp_per_floor":[65,61,61,61,59,49,49,44,44,44,44,44,44,50,50,39,65,65,65,65,64,64,65,65,65,65,65,65,65,65,65,65,65,65,57,62,62,65,43,65,65,21,21,65,65,93,95,95,71,71],"gold":151,"neow_bonus":"","is_daily":false,"chose_seed":false,"campfire_upgraded":5,"win_rate":0.0,"timestamp":1611823340,"path_taken":["M","?","?","$","M","E","R","E","T","?","?","R","?","?","R","BOSS","M","?","M","?","AVR","E","R","E","T","E","M","$","?","M","R","BOSS","M","M","AVR","?","M","E","?","E","T","M","?","E","?","$","R_BF","BOSS"],"items_purchased_type":["Relic","Relic","Relic","Relic","Potion"],"build_version":"2020-12-22","purchased_purges":5,"victory":true,"max_hp_per_floor":[65,65,65,65,65,65,65,65,65,65,65,65,65,65,65,65,65,65,65,65,65,65,65,65,65,65,65,65,65,65,65,65,65,65,65,65,65,65,65,65,65,65,65,65,65,93,95,95,71,71],"card_choices":[{"not_picked":["theForsaken:CreepingInfection","theForsaken:ChargeAttack","theForsaken:PowerUp"],"picked":"SKIP","floor":1.0},{"not_picked":["theForsaken:HorrifyingStrike","theForsaken:HymnOfPatience","theForsaken:CreepingInfection"],"picked":"SKIP","floor":2.0},{"not_picked":["theForsaken:FuryStrikes","theForsaken:Eulogy"],"picked":"theForsaken:DefensiveStance","floor":5.0},{"not_picked":["theForsaken:SolarFlare","theForsaken:SpinAttack","theForsaken:Backlash"],"picked":"SKIP","floor":6.0},{"not_picked":["theForsaken:ShieldCharge","theForsaken:BottledPlague"],"picked":"theForsaken:FatRoll","floor":8.0},{"not_picked":["theForsaken:PreciseStrike","theForsaken:ChargeAttack"],"picked":"theForsaken:Preservation","floor":14.0},{"not_picked":["theForsaken:Temperance","theForsaken:DesperatePlea"],"picked":"theForsaken:DivineGuidance","floor":16.0},{"not_picked":["theForsaken:Bolster","theForsaken:CorruptedWord+1"],"picked":"theForsaken:RainingSunlight+1","floor":18.0},{"not_picked":["theForsaken:BlessedWeapon","theForsaken:HymnOfPatience"],"picked":"theForsaken:AncientWords","floor":19.0},{"not_picked":["theForsaken:Riposte","theForsaken:WordOfPower","theForsaken:Parry"],"picked":"SKIP","floor":20.0},{"not_picked":["theForsaken:FuryStrikes","theForsaken:ScorchingSunlight+1","theForsaken:CreepingInfection"],"picked":"SKIP","floor":21.0},{"not_picked":["theForsaken:ShieldCharge","theForsaken:ChargeAttack+1"],"picked":"theForsaken:LightRoll+1","floor":23.0},{"not_picked":["theForsaken:Temperance","theForsaken:Purification","theForsaken:ShieldCharge"],"picked":"SKIP","floor":25.0},{"not_picked":["theForsaken:WardingHymn","theForsaken:SolarFlare"],"picked":"theForsaken:StoreUp","floor":27.0},{"not_picked":["theForsaken:ShieldCharge+1","theForsaken:RainingSunlight","theForsaken:ChargeAttack"],"picked":"SKIP","floor":28.0},{"not_picked":["theForsaken:Eulogy","theForsaken:BlindFaith","theForsaken:HymnOfPatience+1"],"picked":"SKIP","floor":31.0},{"not_picked":["theForsaken:DesperatePlea","theForsaken:Confusion"],"picked":"theForsaken:SacredOath","floor":33.0},{"not_picked":["theForsaken:HorrifyingStrike","theForsaken:LightRoll","theForsaken:StoreUp"],"picked":"SKIP","floor":35.0},{"not_picked":["theForsaken:FuryStrikes","theForsaken:Devotion+1","theForsaken:BlightOfFamine"],"picked":"SKIP","floor":36.0},{"not_picked":["theForsaken:Riposte","theForsaken:Backlash","theForsaken:Eulogy+1"],"picked":"SKIP","floor":38.0},{"not_picked":["theForsaken:NobleSacrifice","theForsaken:WrathOfGod","theForsaken:SiphonStrike+1"],"picked":"SKIP","floor":39},{"not_picked":["theForsaken:DarkRift","theForsaken:StoreUp"],"picked":"theForsaken:Prudence","floor":40},{"not_picked":["theForsaken:PowerUp+1","theForsaken:HorrifyingStrike"],"picked":"theForsaken:SpreadingPlague","floor":42},{"not_picked":["theForsaken:ShieldBash","theForsaken:Parry","theForsaken:BlightOfFamine+1"],"picked":"SKIP","floor":44},{"not_picked":["theForsaken:RainingSunlight","theForsaken:PanicDive+1"],"picked":"theForsaken:TearsOfSunlight","floor":45},{"not_picked":["theForsaken:Eulogy","theForsaken:DarkBarrier+1","theForsaken:FatRoll"],"picked":"SKIP","floor":46},{"not_picked":["theForsaken:NobleSacrifice","theForsaken:HealingLight","theForsaken:PowerUp+1"],"picked":"SKIP","floor":47}],"player_experience":5962,"relics_obtained":[{"floor":6.0,"key":"CrustySpines"},{"floor":8.0,"key":"Matryoshka"},{"floor":9.0,"key":"Runesmith:AutoHammer"},{"floor":9.0,"key":"Pocketwatch"},{"floor":23.0,"key":"ReplayTheSpireMod:TigerMarble"},{"floor":25.0,"key":"Toy Ornithopter"},{"floor":26.0,"key":"reliquary:RoseTintedGlasses"},{"floor":26.0,"key":"MiniBlackHole"},{"floor":27.0,"key":"reliquary:SilkGlove"},{"floor":40,"key":"Replay:Rubber Ducky"},{"floor":42,"key":"Oddly Smooth Stone"},{"floor":43,"key":"reliquary:SharkskinSheath"},{"floor":46,"key":"infinitespire:CheckeredPen"},{"floor":49,"key":"infinitespire:Lychee Nut"}],"event_choices":[{"cards_removed":["theForsaken:TheForsaken_Strike"],"damage_healed":0.0,"max_hp_gain":0.0,"max_hp_loss":0.0,"gold_gain":0.0,"event_name":"Living Wall","player_choice":"Forget","floor":3.0,"gold_loss":0.0,"damage_taken":0.0},{"damage_healed":0.0,"max_hp_gain":0.0,"max_hp_loss":0.0,"gold_gain":0.0,"event_name":"Plague Doctor","player_choice":"Obtain Plague Curse","floor":10.0,"gold_loss":0.0,"damage_taken":0.0,"cards_obtained":["theForsaken:PlagueCurse"]},{"cards_removed":["theForsaken:PlagueCurse"],"damage_healed":0.0,"max_hp_gain":0.0,"max_hp_loss":0.0,"gold_gain":0.0,"event_name":"The Cleric","player_choice":"Card Removal","floor":11.0,"gold_loss":50.0,"damage_taken":0.0},{"damage_healed":0.0,"max_hp_gain":0.0,"max_hp_loss":0.0,"gold_gain":0.0,"event_name":"Accursed Blacksmith","player_choice":"Forge","floor":13.0,"gold_loss":0.0,"damage_taken":0.0,"cards_upgraded":["theForsaken:Penitence"]},{"damage_healed":0.0,"max_hp_gain":0.0,"max_hp_loss":0.0,"gold_gain":0.0,"event_name":"N\u0027loth","player_choice":"Traded Relic","floor":30.0,"relics_lost":["ReplayTheSpireMod:TigerMarble"],"gold_loss":0.0,"damage_taken":0.0,"relics_obtained":["Nloth\u0027s Gift"]},{"damage_healed":0,"gold_gain":0,"player_choice":"Fight","damage_taken":0,"max_hp_gain":0,"max_hp_loss":0,"event_name":"MindBloom","floor":49,"gold_loss":0}],"is_beta":false,"boss_relics":[{"not_picked":["reliquary:KinkedSpring","conspire:SlowCooker"],"picked":"reliquary:Ember"},{"not_picked":["Runic Dome","Velvet Choker"],"picked":"bronze:MakeshiftBattery"}],"items_purged_floors":[4,22,29,37,48],"is_endless":false,"potions_floor_spawned":[1,2,5,8,18,20,28,31,38,42,45,46,47],"ascension_level":1}}