{"host":"pdsyh71gl8fwuuoe","time":1611833310,"event":{"mods":["AchievementEnabler","Act Like it!","BaseMod","Bestiary","Colored Powertips","Curses Come First","Custom Start","Downfall","Highlight Path","Minty Spire (QoL Compilation)","Permanent Neow","Quick Restart","Relic Stats","StSLib"],"gold_per_floor":[99,117,137,151,151,51,102,114,140,158,58,43,60,71,88,183,183,183,201,213,213,213,213,213,213],"floor_reached":23,"language":"ENG","playtime":1526,"items_purged":[],"score":195,"play_id":"0d5b2892-9bdd-4b50-ab8c-012f6e7b4a63","local_time":"20210128062830","is_ascension_mode":false,"campfire_choices":[{"floor":1,"key":"RECALL"},{"data":"bronze:BronzeOrb","floor":6,"key":"SMITH"},{"data":"bronze:Overheat","floor":11,"key":"SMITH"},{"data":"bronze:DigitalCarnage","floor":18,"key":"SMITH"}],"circlet_count":0,"master_deck":["bronze:Strike","bronze:Strike","bronze:Strike","bronze:Defend","bronze:Defend","bronze:Defend","bronze:Defend","bronze:Replicate","bronze:Goto+1","bronze:Repair","bronze:Overheat+1","bronze:BronzeOrb+1","bronze:Deprecate+1","bronze:ClassDefault","bronze:Iterate","bronze:Repulsor","bronze:HardenedForm","bronze:Turbo","bronze:DigitalCarnage+1","bronze:SpaghettiCode","bronze:Philosophize","bronze:Fortify"],"relics":["Runic Pyramid","downfall:HeartBlessingRed","War Paint","StrikeDummy","downfall:HeartBlessingGreen","Snecko Eye"],"acts_visited":["Exordium","TheCity"],"potions_floor_usage":[10],"damage_taken":[{"damage":1,"enemies":"Jaw Worm","floor":2,"turns":3},{"damage":0,"enemies":"Small Slimes","floor":3,"turns":4},{"damage":1,"enemies":"Cultist","floor":4,"turns":3},{"damage":0,"enemies":"Large Slime","floor":8,"turns":4},{"damage":11,"enemies":"3 Sentries","floor":9,"turns":8},{"damage":1,"enemies":"Exordium Wildlife","floor":10,"turns":5},{"damage":0,"enemies":"downfall:FleeingMerchant","floor":12,"turns":4},{"damage":0,"enemies":"2 Fungi Beasts","floor":13,"turns":3},{"damage":0,"enemies":"3 Louse","floor":14,"turns":3},{"damage":0,"enemies":"Blue Slaver","floor":15,"turns":3},{"damage":12,"enemies":"IC_STATUS_ARCHETYPE","floor":16,"turns":6},{"damage":50,"enemies":"3 Byrds","floor":19,"turns":11},{"damage":0,"enemies":"Spheric Guardian","floor":20,"turns":2},{"damage":54,"enemies":"Gremlin Leader","floor":23,"turns":7}],"seed_played":"1030504776016265101","potions_obtained":[{"floor":2,"key":"FearPotion"},{"floor":4,"key":"SkillPotion"},{"floor":8,"key":"GamblersBrew"},{"floor":10,"key":"Swift Potion"},{"floor":14,"key":"DuplicationPotion"}],"is_trial":false,"path_per_floor":["R","M","M","M","?","R","T","M","E","M","R","$","M","M","M","B",null,"R","M","M","?","?","E"],"character_chosen":"THE_AUTOMATON","items_purchased":[],"campfire_rested":0,"item_purchase_floors":[],"current_hp_per_floor":[70,69,69,68,68,68,68,70,59,65,65,70,70,70,70,58,70,70,34,41,41,41,0,0,0],"gold":213,"neow_bonus":"BOSS_RELIC","is_daily":false,"chose_seed":false,"campfire_upgraded":3,"win_rate":0.0,"timestamp":1611833310,"path_taken":["R","M","M","M","?","R","T","M","E","M","R","$","M","M","M","BOSS","R","M","M","?","?","E"],"items_purchased_type":[],"build_version":"2020-12-22","purchased_purges":0,"victory":false,"max_hp_per_floor":[70,70,70,70,70,70,70,70,70,70,70,70,70,70,70,70,70,70,70,70,70,70,70,70,70],"relic_stats":{"counters":[14,66],"Snecko Eye":[12,12,20,14],"War Paint":["bronze:Goto","bronze:Deprecate"],"obtain_stats":[{"bronze:BronzeCore":0,"downfall:HeartBlessingRed":6,"Snecko Eye":17,"downfall:HeartBlessingGreen":11,"War Paint":7,"StrikeDummy":9,"Runic Pyramid":0},{"bronze:BronzeCore":0,"downfall:HeartBlessingRed":3,"Snecko Eye":11,"downfall:HeartBlessingGreen":6,"War Paint":3,"StrikeDummy":5,"Runic Pyramid":0},{"bronze:BronzeCore":0,"downfall:HeartBlessingRed":10,"Snecko Eye":46,"downfall:HeartBlessingGreen":27,"War Paint":10,"StrikeDummy":22,"Runic Pyramid":0}]},"card_choices":[{"not_picked":["bronze:Return","bronze:Fortify"],"picked":"bronze:Repair","floor":2},{"not_picked":["bronze:WhirlingStrike","bronze:Iterate"],"picked":"bronze:Overheat","floor":3},{"not_picked":["bronze:Turbo","bronze:ForceShield"],"picked":"bronze:BronzeOrb","floor":4},{"not_picked":["bronze:BugBarrage","bronze:DelayedGuard"],"picked":"bronze:ClassDefault","floor":8},{"not_picked":["bronze:RecursiveStrike","bronze:CleanCode"],"picked":"bronze:Iterate","floor":9},{"not_picked":["bronze:BuggyMess","bronze:WhirlingStrike","bronze:BitShift"],"picked":"SKIP","floor":10},{"not_picked":["bronze:Iterate","bronze:WildBeam"],"picked":"bronze:Repulsor","floor":12},{"not_picked":["bronze:WhirlingStrike","bronze:Optimize"],"picked":"bronze:HardenedForm","floor":13},{"not_picked":["bronze:Backtrace","bronze:WhirlingStrike"],"picked":"bronze:Turbo","floor":14},{"not_picked":["bronze:WhirlingStrike","bronze:CutThrough"],"picked":"bronze:DigitalCarnage","floor":15},{"not_picked":["bronze:HyperBeam","bronze:ShipIt"],"picked":"bronze:SpaghettiCode","floor":16},{"not_picked":["bronze:ForLoop","bronze:ChosenStrike"],"picked":"bronze:Philosophize","floor":19},{"not_picked":["bronze:CutThrough+1","bronze:DelayedGuard"],"picked":"bronze:Fortify","floor":20}],"player_experience":706013,"relics_obtained":[{"floor":7,"key":"War Paint"},{"floor":9,"key":"StrikeDummy"}],"event_choices":[],"is_beta":false,"boss_relics":[{"not_picked":["Calling Bell","SacredBark"],"picked":"Snecko Eye"}],"items_purged_floors":[],"is_endless":false,"potions_floor_spawned":[2,4,8,10,14,16,19],"killed_by":"Gremlin Leader","ascension_level":0}}