{"host":"5fpb1gzflhq9886n","time":1611821065,"event":{"mods":["AchievementEnabler","BaseMod","Colored Map","Colored Powertips","Minty Spire (QoL Compilation)","Permanent Neow"],"gold_per_floor":[118,130,130,159,136,183,195,240,279,291,320,367,379,407,419,535,547,576,588,617,213,232,232,259,259,259,259,270,270,301,315,315,315,315],"floor_reached":33,"language":"ENG","playtime":1650,"items_purged":["Pain"],"score":406,"play_id":"da54d068-6313-497b-94b7-04c924a3c843","local_time":"20210128030425","is_ascension_mode":true,"campfire_choices":[{"floor":7.0,"key":"REST"},{"data":"Perfected Strike","floor":10.0,"key":"SMITH"},{"floor":15.0,"key":"REST"},{"floor":23,"key":"REST"},{"floor":25,"key":"REST"},{"floor":27,"key":"REST"},{"floor":32,"key":"REST"}],"circlet_count":0,"master_deck":["Defend_R","Defend_R","Defend_R","Defend_R","Bash+1","Flame Barrier","Feel No Pain","Regret","Perfected Strike+1","Havoc","Hemokinesis+1","Bloodletting","Armaments","Power Through","Bludgeon+1","Body Slam+1","Thunderclap+1","Fire Breathing","Rampage+1","Sever Soul","Shame","Twin Strike","Bite","Bite","Bite","Bite","Bite","Dark Embrace","Cleave"],"relics":["Burning Blood","MawBank","Art of War","Bag of Marbles","Smiling Mask","Cursed Key","WarpedTongs","Nunchaku","Whetstone","Happy Flower","HornCleat","Oddly Smooth Stone"],"acts_visited":["Exordium","TheCity"],"potions_floor_usage":[24,30,30,33],"damage_taken":[{"damage":1.0,"enemies":"Cultist","floor":1.0,"turns":3.0},{"damage":3.0,"enemies":"2 Louse","floor":2.0,"turns":2.0},{"damage":15.0,"enemies":"Small Slimes","floor":4.0,"turns":4.0},{"damage":46.0,"enemies":"Lagavulin","floor":6.0,"turns":6.0},{"damage":19.0,"enemies":"Gremlin Nob","floor":8.0,"turns":4.0},{"damage":11.0,"enemies":"Exordium Thugs","floor":11.0,"turns":5.0},{"damage":38.0,"enemies":"Lagavulin","floor":12.0,"turns":6.0},{"damage":9.0,"enemies":"Looter","floor":14.0,"turns":3.0},{"damage":38.0,"enemies":"Hexaghost","floor":16.0,"turns":9.0},{"damage":12.0,"enemies":"2 Thieves","floor":18.0,"turns":3.0},{"damage":12.0,"enemies":"Spheric Guardian","floor":20.0,"turns":4.0},{"damage":43,"enemies":"Snake Plant","floor":22,"turns":5},{"damage":42,"enemies":"Book of Stabbing","floor":24,"turns":5},{"damage":22,"enemies":"3 Cultists","floor":28,"turns":4},{"damage":33,"enemies":"Slavers","floor":30,"turns":6},{"damage":26,"enemies":"Cultist and Chosen","floor":31,"turns":5},{"damage":66,"enemies":"Champ","floor":33,"turns":9}],"seed_played":"2119610953194643011","potions_obtained":[{"floor":1.0,"key":"BlessingOfTheForge"},{"floor":4.0,"key":"BlessingOfTheForge"},{"floor":6.0,"key":"Explosive Potion"},{"floor":12.0,"key":"Fire Potion"},{"floor":13.0,"key":"AttackPotion"},{"floor":18.0,"key":"DistilledChaos"},{"floor":28,"key":"Dexterity Potion"},{"floor":31,"key":"ColorlessPotion"}],"is_trial":false,"path_per_floor":["M","M","?","M","?","E","R","E","T","R","M","E","?","M","R","B",null,"M","?","M","$","M","R","E","R","T","R","M","?","E","M","R","B"],"character_chosen":"IRONCLAD","items_purchased":["Fire Breathing","Nunchaku","Whetstone"],"campfire_rested":6,"item_purchase_floors":[21,21,21],"current_hp_per_floor":[80,80,80,71,80,40,64,51,51,51,48,18,18,17,41,11,63,59,59,55,55,20,44,10,34,34,58,44,44,29,18,42,0,0],"gold":315,"neow_bonus":"UPGRADE_CARD","is_daily":false,"chose_seed":false,"campfire_upgraded":1,"win_rate":0.0,"timestamp":1611821065,"path_taken":["M","?","?","M","?","E","R","E","T","R","M","E","?","?","R","BOSS","M","?","M","?","M","R","E","R","T","R","M","?","E","M","R","BOSS"],"items_purchased_type":["Card","Relic","Relic"],"build_version":"2020-12-22","purchased_purges":1,"victory":false,"max_hp_per_floor":[80,80,80,80,80,80,80,80,80,80,80,80,80,80,80,80,80,80,80,80,80,80,80,80,80,80,80,80,80,80,80,80,80,80],"card_choices":[{"not_picked":["Clothesline","Ghostly Armor"],"picked":"Flame Barrier","floor":1.0},{"not_picked":["Wild Strike","Seeing Red"],"picked":"Feel No Pain","floor":2.0},{"not_picked":["Twin Strike","Dark Embrace"],"picked":"Perfected Strike","floor":4.0},{"not_picked":["Twin Strike","Seeing Red"],"picked":"Havoc","floor":6.0},{"not_picked":["Anger","Thunderclap"],"picked":"Hemokinesis","floor":8.0},{"not_picked":["Sword Boomerang","Heavy Blade"],"picked":"Bloodletting","floor":11.0},{"not_picked":["Clothesline","Hemokinesis"],"picked":"Armaments","floor":12.0},{"not_picked":["Dropkick","Anger"],"picked":"Power Through","floor":14.0},{"not_picked":["Impervious","Corruption"],"picked":"Bludgeon","floor":16.0},{"not_picked":["Seeing Red+1","Clothesline"],"picked":"Body Slam+1","floor":18.0},{"not_picked":["Warcry","Perfected Strike"],"picked":"Thunderclap+1","floor":20.0},{"not_picked":["Clothesline","Ghostly Armor"],"picked":"Rampage+1","floor":22},{"not_picked":["Limit Break","Perfected Strike+1"],"picked":"Sever Soul","floor":24},{"not_picked":["Second Wind","Headbutt"],"picked":"Twin Strike","floor":28},{"not_picked":["Anger","Sever Soul"],"picked":"Dark Embrace","floor":30},{"not_picked":["Iron Wave","Shrug It Off"],"picked":"Cleave","floor":31}],"player_experience":775213,"relics_obtained":[{"floor":6.0,"key":"Art of War"},{"floor":8.0,"key":"Blood Vial"},{"floor":9.0,"key":"Bag of Marbles"},{"floor":12.0,"key":"Smiling Mask"},{"floor":24,"key":"Happy Flower"},{"floor":26,"key":"HornCleat"},{"floor":30,"key":"Oddly Smooth Stone"}],"event_choices":[{"damage_healed":0.0,"max_hp_gain":0.0,"max_hp_loss":0.0,"gold_gain":0.0,"event_name":"Big Fish","player_choice":"Box","floor":3.0,"gold_loss":0.0,"damage_taken":0.0,"relics_obtained":["MawBank"],"cards_obtained":["Regret"]},{"damage_healed":20.0,"max_hp_gain":0.0,"max_hp_loss":0.0,"gold_gain":0.0,"event_name":"The Cleric","player_choice":"Healed","floor":5.0,"gold_loss":35.0,"damage_taken":0.0},{"damage_healed":0.0,"max_hp_gain":0.0,"max_hp_loss":0.0,"gold_gain":0.0,"event_name":"Lab","player_choice":"Got Potions","floor":13.0,"gold_loss":0.0,"damage_taken":0.0},{"damage_healed":0.0,"max_hp_gain":0.0,"max_hp_loss":0.0,"gold_gain":0.0,"event_name":"Accursed Blacksmith","player_choice":"Rummage","floor":19.0,"gold_loss":0.0,"damage_taken":0.0,"relics_obtained":["WarpedTongs"],"cards_obtained":["Pain"]},{"damage_healed":0,"gold_gain":0,"player_choice":"Became a vampire (Vial)","damage_taken":0,"max_hp_gain":0,"max_hp_loss":0,"event_name":"Vampires","floor":29,"relics_lost":["Blood Vial"],"gold_loss":0,"cards_obtained":["Bite","Bite","Bite","Bite","Bite"]}],"is_beta":false,"boss_relics":[{"not_picked":["SlaversCollar","Busted Crown"],"picked":"Cursed Key"}],"items_purged_floors":[21],"is_endless":false,"potions_floor_spawned":[1,4,6,12,18,28,31],"killed_by":"Champ","ascension_level":5}}