{"host":"cxn6tbf67hppzwy1","time":1611809543,"event":{"mods":["BaseMod","Minty Spire (QoL Compilation)","MostiFishMod","Replay The Spire","Shop Mod","StSLib","Waifu the Spire","[IsaacMod]ÒÔÈö¼âËþ","¡¾ÒÅÎï¿¨ÅÆ¡¿REMEMod"],"gold_per_floor":[109,191,267,286,286,311,311,371,408,420,458,525,549,609,621,761,773,795,857,869,577,596,686,686,727,727,800,828,847,879,879,879,980,980,990,990,738,782,882,882,952,952,952,952,1062,1149,1149,1213,1213,1243,1243,1243,384,477,477],"floor_reached":56,"language":"ZHS","playtime":2236,"items_purged":["Strike_P","Defend_P","Defend_P","Defend_P","Strike_P"],"score":2141,"play_id":"e64f3695-8e3f-4965-be47-1a94bdb30fac","local_time":"20210128125223","is_ascension_mode":true,"campfire_choices":[{"data":"Eruption","floor":7.0,"key":"SMITH"},{"data":"Wish","floor":7.0,"key":"SMITH"},{"data":"Scrawl","floor":10.0,"key":"SMITH"},{"data":"CarveReality","floor":10.0,"key":"SMITH"},{"floor":24.0,"key":"RECALL"},{"data":"Wish","floor":32.0,"key":"SMITH"},{"data":"Omniscience","floor":32.0,"key":"SMITH"},{"data":"Madness","floor":40,"key":"SMITH"},{"data":"Madness","floor":40,"key":"SMITH"},{"data":"Blasphemy","floor":42,"key":"SMITH"},{"data":"Vigilance","floor":42,"key":"SMITH"},{"floor":44,"key":"REST"},{"data":"Consecrate","floor":52,"key":"SMITH"},{"data":"Defend_P","floor":52,"key":"SMITH"}],"circlet_count":0,"master_deck":["Defend_P+1","Eruption+1","Vigilance+1","CarveReality+1","Wish+1","Scrawl+1","Omniscience+1","Ragnarok+1","Ragnarok+1","Wish+1","Blasphemy+1","Madness+1","Madness+1","Consecrate+1","Scrawl+1"],"relics":["PureWater","REME_ComplimentaryCards","DaveBox","HushsDoor","ShadowXiaoBlade","PillsDrop","NeowsBlessing","SynthV:TestCard","Frozen Egg 2","Replay:Arrowhead","MawBank","Onion Ring","REME_ChargedStone","DeathBook","Technique","MerchantsRug","Omamori","REME_LimitBreaker","Vajra","Replay:Wax Seal","Calling Bell","TheBible","BionicSphere","ReplayTheSpireMod:Lightbulb","BookOfRevelations","AnarchistCookbook","DeadEye","MostiFishMod:Haymaker","CaptainsWheel","Counterbalance","DollysMirror","Bag of Marbles"],"acts_visited":["Exordium","TheCity","TheBeyond","TheEnding"],"potions_floor_usage":[55,55],"damage_taken":[{"damage":0.0,"enemies":"Jaw Worm","floor":1.0,"turns":1.0},{"damage":0.0,"enemies":"Cultist","floor":4.0,"turns":1.0},{"damage":0.0,"enemies":"Gremlin Nob","floor":6.0,"turns":1.0},{"damage":0.0,"enemies":"Lagavulin","floor":8.0,"turns":4.0},{"damage":15.0,"enemies":"3 Sentries","floor":12.0,"turns":4.0},{"damage":0.0,"enemies":"2 Louse","floor":13.0,"turns":1.0},{"damage":7.0,"enemies":"Looter","floor":14.0,"turns":3.0},{"damage":0.0,"enemies":"Fading Forest","floor":16.0,"turns":10.0},{"damage":0.0,"enemies":"Spheric Guardian","floor":18.0,"turns":1.0},{"damage":14.0,"enemies":"3 Byrds","floor":19.0,"turns":5.0},{"damage":0.0,"enemies":"Shelled Parasite and Fungi","floor":22.0,"turns":1.0},{"damage":18.0,"enemies":"Gremlin Leader","floor":23.0,"turns":3.0},{"damage":3.0,"enemies":"Snecko","floor":25.0,"turns":3.0},{"damage":9.0,"enemies":"Centurion and Healer","floor":27.0,"turns":2.0},{"damage":3.0,"enemies":"Replay:Snechameleon","floor":28.0,"turns":2.0},{"damage":0.0,"enemies":"Shelled Parasite and Fungi","floor":29.0,"turns":1.0},{"damage":0.0,"enemies":"Slavers","floor":30.0,"turns":1.0},{"damage":0.0,"enemies":"Collector","floor":33.0,"turns":2.0},{"damage":0.0,"enemies":"3 Darklings","floor":35.0,"turns":1.0},{"damage":0,"enemies":"3 Shapes","floor":38,"turns":1},{"damage":0,"enemies":"3 Darklings","floor":41,"turns":1},{"damage":0,"enemies":"Spire Growth","floor":45,"turns":2},{"damage":0,"enemies":"R_Hoarder","floor":46,"turns":2},{"damage":1,"enemies":"Nemesis","floor":48,"turns":2},{"damage":0,"enemies":"Donu and Deca","floor":50,"turns":1},{"damage":0,"enemies":"Shield and Spear","floor":54,"turns":2},{"damage":0,"enemies":"Delirium","floor":55,"turns":34}],"seed_played":"-855099084824989374","potions_obtained":[{"floor":6.0,"key":"Strength Potion"},{"floor":8.0,"key":"Flashbang"},{"floor":13.0,"key":"Weak Potion"},{"floor":23.0,"key":"SkillPotion"},{"floor":28.0,"key":"Adrenaline Potion"},{"floor":30.0,"key":"PowerPotion"}],"is_trial":false,"path_per_floor":["M","?","T","M","?","E","R","E","T","R","T","E","M","M","R","B",null,"M","M","?","$","M","E","R","M","T","M","E","M","E","?","R","B",null,"M","?","$","M","?","R","M","R","T","R","M","E","?","E","R","B",null,"R","$","E","B",null],"character_chosen":"WATCHER","items_purchased":["DeathBook","Ragnarok","Technique","MerchantsRug","BookOfRevelations","CaptainsWheel","Counterbalance","DollysMirror"],"campfire_rested":1,"item_purchase_floors":[17,17,21,21,37,53,53,53],"current_hp_per_floor":[65,50,50,50,55,55,55,55,55,55,55,40,40,36,60,68,59,59,45,45,45,45,30,30,27,27,18,15,15,15,15,15,15,44,44,37,37,40,25,25,25,25,25,41,41,44,44,43,43,43,55,55,55,55,55],"gold":477,"neow_bonus":"THREE_ENEMY_KILL","is_daily":false,"chose_seed":false,"campfire_upgraded":12,"win_rate":0.0,"timestamp":1611809543,"path_taken":["M","?","?","?","?","E","R","E","T","R","?","E","M","M","R","BOSS","M","?","?","$","M","E","R","M","T","M","E","M","E","?","R","BOSS","M","?","$","M","?","R","M","R","T","R","M","E","?","E","R","BOSS","R","$","E","BOSS"],"items_purchased_type":["Relic","Card","Relic","Relic","Relic","Relic","Relic","Relic"],"build_version":"2020-12-22","purchased_purges":5,"victory":true,"max_hp_per_floor":[72,72,72,72,77,77,77,77,77,77,77,77,77,80,80,80,59,59,59,59,59,59,62,62,62,62,62,62,62,62,62,62,62,53,53,53,53,56,56,56,56,56,56,56,56,59,59,59,59,59,59,59,59,59,59],"card_choices":[{"not_picked":["Replay:LoomingThreat","SandsOfTime"],"picked":"CarveReality","floor":1.0},{"not_picked":["BowlingBash","MostiFishMod:FlowState","Bomb","ClearTheMind"],"picked":"Wish","floor":4.0},{"not_picked":["Wireheading+1","Protect","Replay:AtTheReady","WreathOfFlame","CutThroughFate"],"picked":"SKIP","floor":6.0},{"not_picked":["Collect","CarveReality","ThirdEye","Replay:Battleflow"],"picked":"Scrawl","floor":8.0},{"not_picked":["MostiFishMod:Clarity","FlyingSleeves","BowlingBash","Nirvana+1","WreathOfFlame"],"picked":"SKIP","floor":12.0},{"not_picked":["Perseverance","CarveReality","Replay:Hum","EmptyFist"],"picked":"Bomb","floor":13.0},{"not_picked":["Consecrate","Judgement","MostiFishMod:FlowState","Wallop","JustLucky"],"picked":"SKIP","floor":14.0},{"not_picked":["REME_WorshipGod","MostiFishMod:DustFall+1","MostiFishMod:Moonprays","MostiFishMod:StarOceanP"],"picked":"Omniscience","floor":16.0},{"not_picked":["REME_Repentance+1","PathToVictory+1","CutThroughFate","CarveReality","BattleHymn+1"],"picked":"SKIP","floor":18.0},{"not_picked":["ThirdEye+1","EmptyBody","Evaluate","EmptyFist","SignatureMove+1"],"picked":"SKIP","floor":19.0},{"not_picked":["ThirdEye+1","EmptyBody","Evaluate","EmptyFist","SignatureMove+1"],"picked":"SKIP","floor":19.0},{"not_picked":["Halt","REME_Repentance+1","Evaluate","EmptyFist+1","Vengeance"],"picked":"SKIP","floor":22.0},{"not_picked":["REME_CRH","Prostrate","Consecrate","WaveOfTheHand","MostiFishMod:Speedup+1"],"picked":"SKIP","floor":23.0},{"not_picked":["FlurryOfBlows+1","CrushJoints","EmptyBody","WheelKick+1","Halt"],"picked":"SKIP","floor":25.0},{"not_picked":["EmptyBody+1","MentalFortress+1","Protect","CrushJoints+1","Pray"],"picked":"SKIP","floor":27.0},{"not_picked":["EmptyBody+1","MentalFortress+1","Protect","CrushJoints+1","Pray"],"picked":"SKIP","floor":27.0},{"not_picked":["Protect","JustLucky+1","Evaluate","Study+1"],"picked":"Wish","floor":28.0},{"not_picked":["Tantrum","Meditate","Vengeance","ReachHeaven","MostiFishMod:LegendTransform+1"],"picked":"SKIP","floor":29.0},{"not_picked":["MentalFortress+1","Prostrate","Tantrum","SashWhip","FollowUp"],"picked":"SKIP","floor":30.0},{"not_picked":["MostiFishMod:ScryFuture+1","Brilliance","Alpha","MostiFishMod:StarLaLaLa"],"picked":"Blasphemy","floor":33.0},{"not_picked":["JustLucky+1","Halt+1","Evaluate+1","EmptyBody+1","Tantrum+1"],"picked":"SKIP","floor":35.0},{"not_picked":["Study+1","Adaptation+1","ForeignInfluence","SashWhip+1","Replay:BluntJabs"],"picked":"SKIP","floor":38},{"not_picked":["Study+1","Adaptation+1","ForeignInfluence","SashWhip+1","Replay:BluntJabs"],"picked":"SKIP","floor":38},{"not_picked":["MostiFishMod:Clarity","Halt+1","CrushJoints","JustLucky","Prostrate"],"picked":"SKIP","floor":41},{"not_picked":["FollowUp","Halt","Swivel","BowlingBash","CrushJoints"],"picked":"SKIP","floor":45},{"not_picked":["Evaluate","BowlingBash+1","Devotion+1","Fasting2+1","Replay:Hum"],"picked":"SKIP","floor":46},{"not_picked":["Evaluate","BowlingBash+1","Devotion+1","Fasting2+1","Replay:Hum"],"picked":"SKIP","floor":46},{"not_picked":["MostiFishMod:LegendTransform+1","FollowUp+1","Indignation+1","ClearTheMind","Consecrate"],"picked":"SKIP","floor":48},{"not_picked":["MostiFishMod:Speedup+1","Replay:ManipulateFuture","BowlingBash","FlurryOfBlows","Meditate"],"picked":"SKIP","floor":54}],"player_experience":49695,"relics_obtained":[{"floor":1.0,"key":"SynthV:TestCard"},{"floor":3.0,"key":"Frozen Egg 2"},{"floor":6.0,"key":"Replay:Arrowhead"},{"floor":8.0,"key":"MawBank"},{"floor":11.0,"key":"UnicornStump"},{"floor":12.0,"key":"Onion Ring"},{"floor":23.0,"key":"Omamori"},{"floor":26.0,"key":"REME_LimitBreaker"},{"floor":28.0,"key":"Vajra"},{"floor":30.0,"key":"Replay:Wax Seal"},{"floor":34.0,"key":"TheBible"},{"floor":34.0,"key":"BionicSphere"},{"floor":34.0,"key":"ReplayTheSpireMod:Lightbulb"},{"floor":43,"key":"AnarchistCookbook"},{"floor":46,"key":"DeadEye"},{"floor":48,"key":"MostiFishMod:Haymaker"},{"floor":54,"key":"Bag of Marbles"}],"event_choices":[{"damage_healed":0.0,"max_hp_gain":5.0,"max_hp_loss":0.0,"gold_gain":0.0,"event_name":"Big Fish","player_choice":"Donut","floor":5.0,"gold_loss":0.0,"damage_taken":0.0},{"cards_removed":["Strike_P"],"damage_healed":0.0,"max_hp_gain":0.0,"max_hp_loss":0.0,"gold_gain":0.0,"event_name":"Back to Basics","player_choice":"Elegance","floor":20.0,"gold_loss":0.0,"damage_taken":0.0},{"damage_healed":0.0,"max_hp_gain":0.0,"max_hp_loss":0.0,"gold_gain":0.0,"event_name":"Winding Halls","player_choice":"Embrace Madness","floor":36.0,"gold_loss":0.0,"damage_taken":7.0,"cards_obtained":["Madness","Madness"]},{"damage_healed":0,"gold_gain":0,"player_choice":"Ignored","damage_taken":0,"max_hp_gain":0,"max_hp_loss":0,"event_name":"Tomb of Lord Red Mask","floor":47,"gold_loss":0}],"is_beta":false,"boss_relics":[{"not_picked":["Tiny House","MoonlightInvasionPlan"],"picked":"REME_ChargedStone"},{"not_picked":[]},{"not_picked":["Snecko Heart","Kintsugi"],"picked":"Calling Bell"},{"not_picked":[]}],"items_purged_floors":[17,21,34,37,53],"is_endless":false,"potions_floor_spawned":[6,8,13,19,23,25,28,30,35,38,46],"ascension_level":7}}