{"host":"anox4050deqdcqoh","time":1611813212,"event":{"mods":["BaseMod","Colored Map","Highlight Path","Minty Spire (QoL Compilation)","Quick Restart","Rare Cards Sparkle","everything is the same but u backflip on backflip"],"gold_per_floor":[114,189,189,206,216,216,232,232,259,271,300,300,312,328,328,328,328],"floor_reached":16,"language":"ENG","playtime":1060,"items_purged":[],"score":104,"play_id":"444b9029-d738-484e-80fa-7a82ebc8e1a1","local_time":"20210128005332","is_ascension_mode":false,"campfire_choices":[{"data":"Eruption","floor":6,"key":"SMITH"},{"floor":8,"key":"REST"},{"floor":15,"key":"REST"}],"circlet_count":0,"master_deck":["Strike_P","Strike_P","Strike_P+1","Strike_P+1","Defend_P+1","Defend_P+1","Defend_P","Defend_P","Eruption+1","Vigilance","MentalFortress","Crescendo","Establishment","DeceiveReality","Evaluate","EmptyFist","PathToVictory","CutThroughFate"],"relics":["PureWater","War Paint","Whetstone"],"acts_visited":["Exordium"],"potions_floor_usage":[10,11,11],"damage_taken":[{"damage":6,"enemies":"Jaw Worm","floor":1,"turns":3},{"damage":4,"enemies":"Small Slimes","floor":4,"turns":3},{"damage":0,"enemies":"Cultist","floor":5,"turns":2},{"damage":4,"enemies":"Looter","floor":7,"turns":4},{"damage":5,"enemies":"Lots of Slimes","floor":10,"turns":7},{"damage":47,"enemies":"Gremlin Nob","floor":11,"turns":7},{"damage":0,"enemies":"2 Fungi Beasts","floor":13,"turns":4},{"damage":9,"enemies":"Large Slime","floor":14,"turns":6},{"damage":36,"enemies":"Slime Boss","floor":16,"turns":8}],"seed_played":"-2624591935018666832","potions_obtained":[{"floor":0,"key":"SteroidPotion"},{"floor":0,"key":"StancePotion"},{"floor":0,"key":"Fire Potion"}],"is_trial":false,"path_per_floor":["M","?","T","M","M","R","M","R","T","M","E","?","M","M","R","B"],"character_chosen":"WATCHER","items_purchased":[],"campfire_rested":2,"item_purchase_floors":[],"current_hp_per_floor":[66,55,55,51,51,51,47,68,68,63,16,21,21,12,35,0,0],"gold":328,"neow_bonus":"THREE_SMALL_POTIONS","is_daily":false,"chose_seed":false,"campfire_upgraded":1,"win_rate":0.0,"timestamp":1611813212,"path_taken":["M","?","?","M","M","R","M","R","T","M","E","?","?","M","R","BOSS"],"items_purchased_type":[],"build_version":"2020-12-22","purchased_purges":0,"victory":false,"max_hp_per_floor":[72,72,72,72,72,72,72,72,72,72,72,77,77,77,77,77,77],"card_choices":[{"not_picked":["InnerPeace","Perseverance"],"picked":"MentalFortress","floor":1},{"not_picked":["Halt","Vengeance"],"picked":"Crescendo","floor":4},{"not_picked":["Evaluate","Protect"],"picked":"Establishment","floor":5},{"not_picked":["Weave","Worship"],"picked":"DeceiveReality","floor":7},{"not_picked":["JustLucky","Fasting2"],"picked":"Evaluate","floor":10},{"not_picked":["Crescendo","Protect"],"picked":"EmptyFist","floor":11},{"not_picked":["Halt","SashWhip"],"picked":"PathToVictory","floor":13},{"not_picked":["Consecrate","MentalFortress"],"picked":"CutThroughFate","floor":14}],"player_experience":406902,"relics_obtained":[{"floor":9,"key":"War Paint"},{"floor":11,"key":"Whetstone"}],"event_choices":[{"damage_healed":0,"gold_gain":75,"player_choice":"Gather Gold","damage_taken":11,"max_hp_gain":0,"max_hp_loss":0,"event_name":"World of Goop","floor":2,"gold_loss":0},{"damage_healed":0,"gold_gain":0,"player_choice":"Donut","damage_taken":0,"max_hp_gain":5,"max_hp_loss":0,"event_name":"Big Fish","floor":12,"gold_loss":0}],"is_beta":false,"boss_relics":[],"items_purged_floors":[],"is_endless":false,"potions_floor_spawned":[1,4,5],"killed_by":"Slime Boss","ascension_level":0}}