{"host":"0mk07bycsqo1qk03","time":1611864117,"event":{"mods":["BaseMod","Downfall","Hermit","Hubris","Minty Spire (QoL Compilation)","Replay The Spire","StSLib","The Cursed"],"gold_per_floor":[99,118,137,137,137,122,122,158,158,191,191,223,223,257,267,370,370,370,385,585,585,685,699,722,734,18,44,78,90,90,118,130,227,227,227,243,257,257,257,285,285,285,169,209,284,284,304,14,45,45],"floor_reached":51,"language":"ENG","playtime":2719,"items_purged":["hubris:Despair","Sickly","hexamod:FirstSeal"],"score":1369,"play_id":"bcdb470b-b1ba-4a78-b1c7-801b8f1e11cb","local_time":"20210128210157","is_ascension_mode":true,"campfire_choices":[{"data":"hexamod:NightmareStrike","floor":1.0,"key":"SMITH"},{"floor":9.0,"key":"REST"},{"floor":13.0,"key":"REST"},{"data":"hexamod:GhostOfSpirePresent","floor":18.0,"key":"SMITH"},{"data":"hexamod:VolcanoVisage","floor":30.0,"key":"SMITH"},{"data":"hexamod:UnleashSpirits","floor":35,"key":"SMITH"},{"data":"expansioncontent:DashGenerateEvil","floor":42,"key":"SMITH"},{"data":"expansioncontent:DashGenerateEvil","floor":46,"key":"SMITH"}],"circlet_count":0,"master_deck":["hexamod:Strike","hexamod:Strike","hexamod:Strike","hexamod:Defend","hexamod:Defend","hexamod:Defend","hexamod:Sear","hexamod:Float","hexamod:NightmareStrike+1","hexamod:GhostShield","hexamod:ShieldOfDarkness","hexamod:Hexaguard","hexamod:GhostLash","hexamod:PowerFromBeyond","hexamod:SpectersWail","hexamod:FourthSeal","hexamod:UnleashSpirits+1","hexamod:FlamesFromBeyond","hexamod:ShieldOfDarkness","hexamod:GhostOfSpirePresent+1","downfall:Haunted","Necronomicurse","hexamod:Sear","hexamod:Firestarter","hexamod:HeatCrush","hexamod:VolcanoVisage+1","Dramatic Entrance","hexamod:NightmareGuise","hexamod:TimeOfNeed+1","HandOfGreed","hexamod:NightmareStrike","hexamod:FastForward","hexamod:SearingWound+1","CurseOfTheBell","hexamod:NightmareGuise+1","expansioncontent:DashGenerateEvil+1","expansioncontent:PrepareCrush","expansioncontent:DashGenerateEvil+1","hexamod:FlamesFromBeyond+1","hexamod:GhostShield","expansioncontent:QuickStudy"],"relics":["hexamod:SpiritBrand","hubris:Icosahedron","Singing Bowl","Pocketwatch","ReplayTheSpireMod:Ninjato","Ancient Tea Set","Anchor","Busted Crown","Necronomicon","downfall:GremlinSack","Bag of Marbles","Vajra","hexamod:RecyclingMachine","Garlic","Nunchaku","Calling Bell","Pet Ghost","hubris:BottledRain","Pondfish Scales","Ring of Peace","hexamod:MatchstickCase","Ornamental Fan","Replay:Mystery Machine","Guide Book","BargainBundle"],"acts_visited":["Exordium","TheCity","TheBeyond"],"potions_floor_usage":[43,43,43,50,50],"damage_taken":[{"damage":0.0,"enemies":"Small Slimes","floor":2.0,"turns":3.0},{"damage":0.0,"enemies":"Jaw Worm","floor":3.0,"turns":4.0},{"damage":0.0,"enemies":"downfall:FleeingMerchant","floor":6.0,"turns":4.0},{"damage":0.0,"enemies":"Replay:BlueRogue","floor":10.0,"turns":4.0},{"damage":21.0,"enemies":"Gremlin Nob","floor":12.0,"turns":4.0},{"damage":8.0,"enemies":"3 Sentries","floor":14.0,"turns":6.0},{"damage":0.0,"enemies":"2 Louse","floor":15.0,"turns":3.0},{"damage":5.0,"enemies":"DF_ARCHETYPE_STREAMLINE","floor":16.0,"turns":7.0},{"damage":0.0,"enemies":"Chosen","floor":19.0,"turns":3.0},{"damage":9.0,"enemies":"Chosen","floor":22.0,"turns":3.0},{"damage":6.0,"enemies":"Snake Plant","floor":23.0,"turns":3.0},{"damage":4.0,"enemies":"Shelled Parasite and Fungi","floor":25.0,"turns":4.0},{"damage":10.0,"enemies":"downfall:FleeingMerchant","floor":26.0,"turns":4.0},{"damage":0.0,"enemies":"Gremlin Leader","floor":27.0,"turns":3.0},{"damage":0.0,"enemies":"Cultist and Chosen","floor":28.0,"turns":3.0},{"damage":13.0,"enemies":"Snecko","floor":29.0,"turns":4.0},{"damage":2.0,"enemies":"Book of Stabbing","floor":31.0,"turns":3.0},{"damage":0.0,"enemies":"Sentry and Sphere","floor":32.0,"turns":4.0},{"damage":0.0,"enemies":"WA_ARCHETYPE_CALM","floor":33.0,"turns":7.0},{"damage":0,"enemies":"Orb Walker","floor":36,"turns":2},{"damage":0,"enemies":"3 Darklings","floor":37,"turns":4},{"damage":0,"enemies":"Giant Head","floor":40,"turns":6},{"damage":0,"enemies":"downfall:FleeingMerchant","floor":43,"turns":3},{"damage":0,"enemies":"Jaw Worm Horde","floor":44,"turns":2},{"damage":0,"enemies":"Writhing Mass","floor":47,"turns":4},{"damage":0,"enemies":"3 Darklings","floor":49,"turns":4},{"damage":38,"enemies":"IC_BLOCK_ARCHETYPE","floor":50,"turns":8}],"seed_played":"5982570330233965849","potions_obtained":[{"floor":10.0,"key":"Reflective Coating"},{"floor":12.0,"key":"SmokeBomb"},{"floor":12.0,"key":"Strength Potion"},{"floor":14.0,"key":"SpeedPotion"},{"floor":15.0,"key":"hexamod:SoulburnPotion"},{"floor":15.0,"key":"hexamod:DoubleChargePotion"},{"floor":16.0,"key":"Dexterity Potion"},{"floor":16.0,"key":"Fire Potion"},{"floor":19.0,"key":"PowerPotion"},{"floor":22.0,"key":"LifebloodPotion"},{"floor":22.0,"key":"SkillPotion"},{"floor":23.0,"key":"LiquidMemories"},{"floor":26.0,"key":"Regen Potion"},{"floor":27.0,"key":"Milkshake"},{"floor":29.0,"key":"FearPotion"},{"floor":31.0,"key":"ColorlessPotion"},{"floor":32.0,"key":"Weak Potion"},{"floor":32.0,"key":"DistilledChaos"},{"floor":33.0,"key":"EntropicBrew"},{"floor":37,"key":"Death Potion"},{"floor":40,"key":"AttackPotion"},{"floor":44,"key":"DistilledChaos"},{"floor":45,"key":"downfall:CursedFountainPotion"}],"is_trial":false,"path_per_floor":["R","M","M","?","?","$","T","?","R","E","?","E","R","E","M","B",null,"R","M","?","?","?","M","T","M","$","E","M","M","R","E","M","B",null,"R","M","M","?","?","E","T","R","$","M","?","R","M","$","M","B",null],"character_chosen":"THE_SPIRIT","items_purchased":["hexamod:TimeOfNeed","Vajra","hexamod:RecyclingMachine","HandOfGreed","Replay:Mystery Machine","Guide Book","hexamod:GhostShield","BargainBundle","expansioncontent:QuickStudy"],"campfire_rested":2,"item_purchase_floors":[26,26,26,26,43,43,43,48,48],"current_hp_per_floor":[49,49,49,54,54,54,54,24,46,46,39,25,47,74,75,75,75,75,77,77,61,59,55,55,60,59,61,61,55,55,55,57,79,89,89,91,91,81,81,88,88,88,90,92,95,95,97,97,99,61],"gold":45,"neow_bonus":"TRANSFORM_TWO_CARDS","is_daily":false,"chose_seed":false,"campfire_upgraded":6,"win_rate":0.0,"timestamp":1611864117,"path_taken":["R","M","M","?","?","$","T","?","R","E","?","E","R","E","M","BOSS","R","M","?","?","?","M","T","M","$","E","M","?","R","E","M","BOSS","R","M","M","?","?","E","T","R","$","M","?","R","M","$","M","BOSS"],"items_purchased_type":["Card","Relic","Relic","Card","Relic","Relic","Card","Relic","Card"],"build_version":"2020-12-22","purchased_purges":3,"victory":true,"max_hp_per_floor":[70,70,70,75,75,75,75,75,75,75,75,75,75,75,75,75,75,75,77,77,77,77,79,79,81,83,85,85,85,85,87,89,89,89,89,91,91,91,91,91,91,91,93,95,95,95,97,97,99,99],"card_choices":[{"not_picked":["hexamod:SuperheatedStrike","hexamod:HauntingEcho"],"picked":"hexamod:ShieldOfDarkness","floor":2.0},{"not_picked":["hexamod:ShieldOfDarkness","hexamod:DynamicBlow"],"picked":"hexamod:Hexaguard","floor":3.0},{"not_picked":["hexamod:NightmareGuise","hexamod:HeatCrush"],"picked":"hexamod:GhostLash","floor":6.0},{"not_picked":["hexamod:SpectralAdrenaline","hexamod:GhostflameBarrier"],"picked":"hexamod:PowerFromBeyond","floor":8.0},{"not_picked":["hexamod:SpectralSpark","hexamod:NecessarySacrifice"],"picked":"hexamod:SpectersWail","floor":10.0},{"not_picked":["hexamod:FourthSeal","hexamod:PhantomFireball"],"picked":"hexamod:UnleashSpirits","floor":12.0},{"not_picked":["hexamod:RecurringNightmare","hexamod:ExtraCrispy"],"picked":"hexamod:FlamesFromBeyond","floor":14.0},{"not_picked":["hexamod:HeatMetal","hexamod:AdvancingGuard"],"picked":"hexamod:ShieldOfDarkness","floor":15.0},{"not_picked":["hexamod:Toasty","hexamod:FlameSwitch"],"picked":"hexamod:GhostOfSpirePresent","floor":16.0},{"not_picked":["hexamod:HeatMetal"],"picked":"Singing Bowl","floor":19.0},{"not_picked":[],"picked":"hexamod:NightmareGuise","floor":22.0},{"not_picked":["hexamod:ThermalTransfer"],"picked":"Singing Bowl","floor":23.0},{"not_picked":["hexamod:AdvancingGuard"],"picked":"Singing Bowl","floor":25.0},{"not_picked":["hexamod:GhostShield"],"picked":"Singing Bowl","floor":26.0},{"not_picked":["hexamod:GhostLash"],"picked":"Singing Bowl","floor":27.0},{"not_picked":[],"picked":"hexamod:NightmareStrike","floor":28.0},{"not_picked":[],"picked":"hexamod:FastForward","floor":29.0},{"not_picked":["hexamod:DynamicBlow"],"picked":"Singing Bowl","floor":31.0},{"not_picked":["hexamod:ChargedBarrage"],"picked":"Singing Bowl","floor":32.0},{"not_picked":[],"picked":"hexamod:SearingWound","floor":33.0},{"not_picked":["hexamod:InspiringFlames+1"],"picked":"Singing Bowl","floor":36},{"not_picked":[],"picked":"hexamod:NightmareGuise+1","floor":37},{"not_picked":["expansioncontent:AwakenDeath","expansioncontent:QuickStudy"],"picked":"expansioncontent:DashGenerateEvil","floor":38},{"not_picked":["expansioncontent:InvincibleStrength","expansioncontent:HyperBeam"],"picked":"expansioncontent:PrepareCrush","floor":38},{"not_picked":["Replay:SS_fish_1","Replay:SS_hec_1"],"picked":"expansioncontent:DashGenerateEvil","floor":38},{"not_picked":[],"picked":"hexamod:FlamesFromBeyond+1","floor":40},{"not_picked":["hexamod:WildfireWeapon"],"picked":"Singing Bowl","floor":43},{"not_picked":["hexamod:GhostOfSpirePast+1"],"picked":"Singing Bowl","floor":44},{"not_picked":["hexamod:Again+1"],"picked":"Singing Bowl","floor":47},{"not_picked":["hexamod:BacktrackSmack"],"picked":"Singing Bowl","floor":49}],"player_experience":980511,"relics_obtained":[{"floor":7.0,"key":"Singing Bowl"},{"floor":8.0,"key":"Pocketwatch"},{"floor":10.0,"key":"ReplayTheSpireMod:Ninjato"},{"floor":12.0,"key":"Ancient Tea Set"},{"floor":14.0,"key":"Anchor"},{"floor":21.0,"key":"Necronomicon"},{"floor":22.0,"key":"downfall:GremlinSack"},{"floor":24.0,"key":"Bag of Marbles"},{"floor":27.0,"key":"Garlic"},{"floor":31.0,"key":"Nunchaku"},{"floor":34,"key":"Pet Ghost"},{"floor":34,"key":"hubris:BottledRain"},{"floor":34,"key":"Pondfish Scales"},{"floor":39,"key":"Ring of Peace"},{"floor":40,"key":"hexamod:MatchstickCase"},{"floor":41,"key":"Ornamental Fan"}],"event_choices":[{"damage_healed":0.0,"max_hp_gain":5.0,"max_hp_loss":0.0,"gold_gain":0.0,"event_name":"Big Fish","player_choice":"Donut","floor":4.0,"gold_loss":0.0,"damage_taken":0.0}],"is_beta":false,"boss_relics":[{"not_picked":["Runic Pyramid","hexamod:UnbrokenSoul"],"picked":"Busted Crown"},{"not_picked":["Sozu","Astrolabe"],"picked":"Calling Bell"}],"items_purged_floors":[26,43,48],"is_endless":false,"potions_floor_spawned":[10,12,15,16,19,22,27,29,31,32,44,47],"ascension_level":2}}