{"host":"CK","time":1611798440,"event":{"mods":["2.2 Compatiblity","BaseMod","Bestiary","Block Reminder","Colored Powertips","DeckTracker","Displayed Cursed Tome","Minty Spire (QoL Compilation)","Permanent Neow","Slay-I","Unknown Chances"],"gold_per_floor":[111,129,148,164,184,184,212,212,235,235,235,255,255,268,268,268,268],"floor_reached":16,"language":"ENG","playtime":1081,"items_purged":[],"score":208,"play_id":"36504f63-c013-46a6-b042-a0ed88a24e2c","local_time":"20210127174720","is_ascension_mode":true,"campfire_choices":[{"data":"Neutralize","floor":6,"key":"SMITH"},{"floor":8,"key":"REST"},{"data":"Crippling Poison","floor":11,"key":"SMITH"},{"data":"Dagger Spray","floor":15,"key":"SMITH"}],"circlet_count":0,"master_deck":["AscendersBane","Strike_G","Strike_G","Strike_G","Strike_G","Strike_G","Defend_G+1","Defend_G","Defend_G","Defend_G+1","Defend_G","Survivor","Neutralize+1","Heel Hook","Crippling Poison+1","Finisher","Dagger Throw","Poisoned Stab","Dagger Spray+1","Deadly Poison"],"relics":["Ring of the Snake","War Paint","Bottled Flame","Anchor","Lantern","Golden Idol"],"acts_visited":["Exordium"],"potions_floor_usage":[7,7,16,16],"damage_taken":[{"damage":2,"enemies":"Jaw Worm","floor":1,"turns":6},{"damage":5,"enemies":"2 Louse","floor":2,"turns":4},{"damage":0,"enemies":"Small Slimes","floor":3,"turns":5},{"damage":10,"enemies":"Blue Slaver","floor":4,"turns":3},{"damage":4,"enemies":"Lots of Slimes","floor":5,"turns":4},{"damage":33,"enemies":"3 Sentries","floor":7,"turns":10},{"damage":0,"enemies":"Looter","floor":12,"turns":2},{"damage":5,"enemies":"Exordium Wildlife","floor":14,"turns":3},{"damage":17,"enemies":"Slime Boss","floor":16,"turns":5}],"seed_played":"4182547463711828255","potions_obtained":[{"floor":2,"key":"SpeedPotion"},{"floor":5,"key":"Weak Potion"},{"floor":7,"key":"Fruit Juice"},{"floor":14,"key":"CultistPotion"}],"is_trial":false,"path_per_floor":["M","M","M","M","M","R","E","R","T","?","R","M","?","M","R","B"],"character_chosen":"THE_SILENT","items_purchased":[],"campfire_rested":1,"item_purchase_floors":[],"current_hp_per_floor":[57,52,52,42,38,38,10,31,31,20,20,20,20,15,15,0,0],"gold":268,"neow_bonus":"RANDOM_COMMON_RELIC","is_daily":false,"chose_seed":false,"campfire_upgraded":3,"win_rate":0.0,"timestamp":1611798440,"path_taken":["M","M","M","M","M","R","E","R","T","?","R","M","?","M","R","BOSS"],"items_purchased_type":[],"build_version":"2020-12-18","purchased_purges":0,"victory":false,"max_hp_per_floor":[66,66,66,66,66,66,71,71,71,71,71,71,64,64,64,64,64],"card_choices":[{"not_picked":["Prepared","Bane"],"picked":"Heel Hook","floor":1},{"not_picked":["Deflect","Bane"],"picked":"Crippling Poison","floor":2},{"not_picked":["Slice","Dagger Spray"],"picked":"Finisher","floor":3},{"not_picked":["Calculated Gamble","Slice"],"picked":"Dagger Throw","floor":4},{"not_picked":["Riddle With Holes","Tactician"],"picked":"Poisoned Stab","floor":5},{"not_picked":["Flying Knee","Outmaneuver"],"picked":"Dagger Spray","floor":7},{"not_picked":["Tactician","Setup"],"picked":"Deadly Poison","floor":12},{"not_picked":["Heel Hook","Eviscerate","Blade Dance"],"picked":"SKIP","floor":14}],"player_experience":1210201,"relics_obtained":[{"floor":7,"key":"Bottled Flame"},{"floor":9,"key":"Anchor"}],"event_choices":[{"damage_healed":0,"gold_gain":0,"player_choice":"Success","damage_taken":11,"relics_obtained":["Lantern"],"max_hp_gain":0,"max_hp_loss":0,"event_name":"Scrap Ooze","floor":10,"gold_loss":0},{"damage_healed":0,"gold_gain":0,"player_choice":"Lose Max HP","damage_taken":0,"relics_obtained":["Golden Idol"],"max_hp_gain":0,"max_hp_loss":7,"event_name":"Golden Idol","floor":13,"gold_loss":0}],"is_beta":true,"boss_relics":[],"items_purged_floors":[],"is_endless":false,"potions_floor_spawned":[2,5,7,14],"killed_by":"Slime Boss","ascension_level":20}}