{"host":"a5lz0e76zb3fcwkm","time":1611843688,"event":{"mods":["AchievementEnabler","BaseMod","Colored Map","Colored Powertips","Minty Spire (QoL Compilation)","StSLib","SuperFastMode"],"gold_per_floor":[113,73,90,103,24,24,54,54,54,89,101,129,146,157,157,157,157],"floor_reached":16,"language":"KOR","playtime":247,"items_purged":[],"score":244,"play_id":"a6f6752d-4e9d-4d51-b0d2-b52c8f823e4c","local_time":"20210128232128","is_ascension_mode":true,"campfire_choices":[{"data":"Immolate","floor":6,"key":"SMITH"},{"data":"Body Slam","floor":8,"key":"SMITH"},{"data":"Barricade","floor":15,"key":"SMITH"}],"circlet_count":0,"master_deck":["AscendersBane","Strike_R","Strike_R","Strike_R","Strike_R","Strike_R","Defend_R","Defend_R","Defend_R","Defend_R","Bash","Body Slam+1","Immolate+1","Barricade+1","Impervious"],"relics":["Burning Blood","NeowsBlessing","Gremlin Horn","Akabeko","Strawberry","Omamori"],"acts_visited":["Exordium"],"potions_floor_usage":[7,12,16],"damage_taken":[{"damage":0,"enemies":"Jaw Worm","floor":1,"turns":1},{"damage":0,"enemies":"Cultist","floor":3,"turns":1},{"damage":0,"enemies":"Small Slimes","floor":4,"turns":1},{"damage":8,"enemies":"Gremlin Nob","floor":7,"turns":3},{"damage":15,"enemies":"3 Sentries","floor":10,"turns":6},{"damage":0,"enemies":"Exordium Wildlife","floor":11,"turns":1},{"damage":34,"enemies":"Gremlin Nob","floor":12,"turns":4},{"damage":26,"enemies":"Large Slime","floor":13,"turns":3},{"damage":0,"enemies":"2 Fungi Beasts","floor":14,"turns":1},{"damage":42,"enemies":"Hexaghost","floor":16,"turns":10}],"seed_played":"-4078600051265981596","potions_obtained":[{"floor":2,"key":"Fire Potion"},{"floor":2,"key":"Energy Potion"},{"floor":10,"key":"DuplicationPotion"}],"is_trial":false,"path_per_floor":["M","?","M","M","$","R","E","R","T","E","M","E","M","M","R","B"],"character_chosen":"IRONCLAD","items_purchased":["Immolate"],"campfire_rested":0,"item_purchase_floors":[5],"current_hp_per_floor":[74,74,75,75,75,75,73,73,73,71,77,49,29,35,35,0,0],"gold":157,"neow_bonus":"THREE_ENEMY_KILL","is_daily":false,"chose_seed":false,"campfire_upgraded":3,"win_rate":0.0,"timestamp":1611843688,"path_taken":["M","?","M","?","?","R","E","R","T","E","M","E","M","?","R","BOSS"],"items_purchased_type":["Card"],"build_version":"2020-12-22","purchased_purges":0,"victory":false,"max_hp_per_floor":[75,75,75,75,75,75,75,75,75,82,82,82,82,82,82,82,82],"card_choices":[{"not_picked":["Reckless Charge","Cleave"],"picked":"Body Slam","floor":1},{"not_picked":["Ghostly Armor","Headbutt","Sentinel"],"picked":"SKIP","floor":3},{"not_picked":["Twin Strike","Clothesline","Metallicize"],"picked":"SKIP","floor":4},{"not_picked":["True Grit","Whirlwind","Clash"],"picked":"SKIP","floor":7},{"not_picked":["Heavy Blade","Clash","Metallicize"],"picked":"SKIP","floor":10},{"not_picked":["Flex","Warcry"],"picked":"Barricade","floor":11},{"not_picked":["Clash","Heavy Blade"],"picked":"Impervious","floor":12},{"not_picked":["True Grit","Reckless Charge","Pommel Strike"],"picked":"SKIP","floor":13},{"not_picked":["Sword Boomerang","Rampage","Warcry"],"picked":"SKIP","floor":14}],"player_experience":1820423,"relics_obtained":[{"floor":7,"key":"Gremlin Horn"},{"floor":9,"key":"Akabeko"},{"floor":10,"key":"Strawberry"},{"floor":12,"key":"Omamori"}],"event_choices":[{"damage_healed":0,"gold_gain":0,"player_choice":"Bought 3 Potions","damage_taken":0,"max_hp_gain":0,"max_hp_loss":0,"event_name":"The Woman in Blue","floor":2,"gold_loss":0}],"is_beta":false,"boss_relics":[],"items_purged_floors":[],"is_endless":false,"potions_floor_spawned":[3,4,10,11],"killed_by":"Hexaghost","ascension_level":20}}