{"host":"w8hjdfrntrrvtiu5","time":1611802416,"event":{"mods":["AchievementEnabler","BaseMod","BetterRewards","Conspire","Hubris","Marisa????????","Minty Spire (QoL Compilation)","Shop Mod","StSLib","Td1madao Mod","The Animator","egg","everything is the same but u backflip on backflip"],"gold_per_floor":[116,67,80,90,108,108,136,136,185,185,220,220,220,233,233,306,306,319,319,331,348,348,348,83,101,127,138,138,58,85,85,85],"floor_reached":31,"language":"ENG","playtime":873,"items_purged":[],"score":464,"play_id":"3377638e-cd4a-4fbe-ae2a-29aeea8b636f","local_time":"20210127215336","is_ascension_mode":true,"campfire_choices":[{"data":"Consume","floor":6.0,"key":"SMITH"},{"floor":8.0,"key":"REST"},{"floor":12.0,"key":"REST"},{"floor":15,"key":"REST"},{"floor":23,"key":"REST"},{"floor":28,"key":"REST"}],"circlet_count":0,"master_deck":["AscendersBane","Strike_B","Strike_B","Strike_B","Strike_B","Defend_B","Defend_B","Defend_B","Zap","Dualcast","Streamline","Ball Lightning","Barrage","Consume+1","Ball Lightning","Doom and Gloom","Doom and Gloom","Biased Cognition","Leap","White Noise","Blind","Leap","Echo Form","Glacier"],"relics":["Snecko Eye","Gremlin Horn","Bronze Scales","hubris:Icosahedron","hubris:AstralHammer","conspire:SpecialSausage","Membership Card","hubris:BallOfYels","Lantern","conspire:Flyswatter"],"acts_visited":["Exordium","TheCity"],"potions_floor_usage":[],"damage_taken":[{"damage":0.0,"enemies":"Cultist","floor":1.0,"turns":3.0},{"damage":0.0,"enemies":"2 Louse","floor":3.0,"turns":2.0},{"damage":10.0,"enemies":"Small Slimes","floor":4.0,"turns":3.0},{"damage":11.0,"enemies":"Looter","floor":5.0,"turns":2.0},{"damage":25.0,"enemies":"3 Sentries","floor":7.0,"turns":4.0},{"damage":35.0,"enemies":"Lagavulin","floor":11.0,"turns":4.0},{"damage":6,"enemies":"2 Fungi Beasts","floor":14,"turns":2},{"damage":13,"enemies":"Slime Boss","floor":16,"turns":6},{"damage":12,"enemies":"Chosen","floor":18,"turns":3},{"damage":19,"enemies":"Shell Parasite","floor":20,"turns":4},{"damage":0,"enemies":"Centurion and Healer","floor":21,"turns":3},{"damage":24,"enemies":"Snake Plant","floor":25,"turns":3},{"damage":6,"enemies":"Cultist and Chosen","floor":27,"turns":4},{"damage":34,"enemies":"Book of Stabbing","floor":30,"turns":4},{"damage":8,"enemies":"Colosseum Slavers","floor":31,"turns":1}],"seed_played":"-5014855360589635177","potions_obtained":[{"floor":3.0,"key":"Fire Potion"},{"floor":7.0,"key":"Fire Potion"},{"floor":14,"key":"GamblersBrew"}],"is_trial":false,"path_per_floor":["M","$","M","M","M","R","E","R","T","?","E","R","$","M","R","B",null,"M","?","M","M","?","R","$","M","T","M","R","$","E","?"],"character_chosen":"DEFECT","items_purchased":["Ball Lightning","Membership Card","hubris:BallOfYels","Blind","Echo Form"],"campfire_rested":5,"item_purchase_floors":[2,24,24,24,29],"current_hp_per_floor":[64,64,64,54,43,43,18,39,39,39,4,25,25,19,40,27,60,48,48,29,29,29,50,50,26,26,20,41,41,7,0,0],"gold":85,"neow_bonus":"BOSS_RELIC","is_daily":false,"chose_seed":false,"campfire_upgraded":1,"win_rate":0.0,"timestamp":1611802416,"path_taken":["M","?","M","M","M","R","E","R","T","?","E","R","$","M","R","BOSS","M","?","?","M","?","R","$","M","T","M","R","$","E","?"],"items_purchased_type":["Card","Relic","Relic","Card","Card"],"build_version":"2020-12-22","purchased_purges":0,"victory":false,"max_hp_per_floor":[71,71,71,71,71,71,71,71,71,71,71,71,71,71,71,71,71,71,71,71,71,71,71,71,71,71,71,71,71,71,71,71],"card_choices":[{"not_picked":["Cold Snap","Steam"],"picked":"Streamline","floor":1.0},{"not_picked":["Rebound","Undo"],"picked":"Barrage","floor":3.0},{"not_picked":["Genetic Algorithm","Hello World"],"picked":"Consume","floor":4.0},{"not_picked":["Cold Snap","Tempest"],"picked":"Ball Lightning","floor":5.0},{"not_picked":["Reprogram","All For One"],"picked":"Doom and Gloom","floor":7.0},{"not_picked":["Rebound","Reinforced Body"],"picked":"Doom and Gloom","floor":11.0},{"not_picked":["Cold Snap","Genetic Algorithm","Redo"],"picked":"SKIP","floor":14},{"not_picked":["Multi-Cast","Thunder Strike"],"picked":"Biased Cognition","floor":16},{"not_picked":["Doom and Gloom","Barrage"],"picked":"Leap","floor":18},{"not_picked":["conspire:Rain","Redo","Auto Shields"],"picked":"SKIP","floor":20},{"not_picked":["hubris:Prefetch","Undo"],"picked":"White Noise","floor":21},{"not_picked":["Leap","Steam Power","Streamline"],"picked":"SKIP","floor":25},{"not_picked":["Capacitor","Hologram"],"picked":"Leap","floor":27},{"not_picked":["Fusion","Hello World"],"picked":"Glacier","floor":30}],"player_experience":2405731,"relics_obtained":[{"floor":7.0,"key":"Gremlin Horn"},{"floor":9.0,"key":"Bronze Scales"},{"floor":11.0,"key":"hubris:AstralHammer"},{"floor":26,"key":"Lantern"},{"floor":30,"key":"conspire:Flyswatter"}],"event_choices":[{"cards_removed":["Defend_B"],"damage_healed":0,"gold_gain":0,"player_choice":"Purged","damage_taken":0,"max_hp_gain":0,"max_hp_loss":0,"event_name":"Purifier","floor":19,"gold_loss":0},{"damage_healed":0,"gold_gain":0,"player_choice":"Ignored","damage_taken":0,"max_hp_gain":0,"max_hp_loss":0,"event_name":"Ghosts","floor":22,"gold_loss":0},{"damage_healed":0,"gold_gain":0,"player_choice":"Fight","damage_taken":0,"max_hp_gain":0,"max_hp_loss":0,"event_name":"Colosseum","floor":31,"gold_loss":0}],"is_beta":false,"boss_relics":[{"not_picked":["hubris:RunicObelisk","hubris:VirtuousBlindfold"],"picked":"conspire:SpecialSausage"}],"items_purged_floors":[],"is_endless":false,"potions_floor_spawned":[3,7,14,21,25,30],"killed_by":"Colosseum Slavers","ascension_level":15}}