{"host":"v3oldak69fx1zt0p","time":1611818541,"event":{"mods":["BaseMod","Downfall","Hermit","Minty Spire (QoL Compilation)","Quick Restart","StSLib","Waifu the Spire","noobMod"],"gold_per_floor":[99,109,109,109,559,559,559,577,43,55,55,73,73,58,78,176,176,176,187,200,200,31,66,66,77,77,177,177,225,238,258,272,370,370,170,180,180,200,51,51,51,51,102,2,16,46,56,74,90,90,90,120,120,120,120,120],"floor_reached":57,"language":"ENG","playtime":3126,"items_purged":[],"score":1664,"play_id":"34a9c871-3320-481c-82c6-24e3efce0e5d","local_time":"20210128012220","daily_mods":["Hoarder","Heirloom","Flight"],"is_ascension_mode":false,"campfire_choices":[{"data":"DevaForm","floor":1,"key":"SMITH"},{"floor":11,"key":"REST"},{"floor":18,"key":"RECALL"},{"floor":26,"key":"REST"},{"data":"hermit:Brawl","floor":35,"key":"SMITH"},{"data":"hermit:Horror","floor":44,"key":"SMITH"},{"floor":54,"key":"REST"}],"circlet_count":0,"master_deck":["Demon Form","Wraith Form v2","Echo Form","DevaForm+1","Slimebound:DuplicatedForm","hermit:Strike_Hermit","hermit:Strike_Hermit","hermit:Strike_Hermit","hermit:Strike_Hermit","hermit:Defend_Hermit","hermit:Defend_Hermit","hermit:Defend_Hermit","hermit:Defend_Hermit","hermit:Snapshot","hermit:Covet","Regret","Regret","downfall:Icky","downfall:Icky","downfall:Icky","downfall:Icky","downfall:Icky","downfall:Icky","downfall:Icky","downfall:Icky","downfall:Icky","DevaForm+1","DevaForm+1","DevaForm+1","hermit:Determination","hermit:Determination","hermit:Determination","hermit:Brawl","hermit:Brawl","hermit:Brawl+1","hermit:Roulette","hermit:Roulette","hermit:Roulette","hermit:RoundhouseKick","hermit:RoundhouseKick","hermit:RoundhouseKick","hermit:BigShot","hermit:BigShot","J.A.X.","J.A.X.","J.A.X.","Writhe","Writhe","Writhe","hermit:FromBeyond","hermit:FromBeyond","hermit:FromBeyond","hermit:BlackWind","hermit:BlackWind","hermit:BlackWind","hermit:Glare+1","hermit:Glare+1","hermit:Glare+1","hermit:BlackWind","hermit:BlackWind","hermit:BlackWind","hermit:ShadowCloak+1","hermit:ShadowCloak+1","hermit:ShadowCloak+1","hermit:Horror+1","hermit:Horror","hermit:Horror","Parasite","Parasite","Parasite","hermit:Snipe+1","hermit:Snipe+1","hermit:Snipe+1"],"relics":["hermit:ClaspedLocket","ice","hermit:CharredGlove","bronze:BronzeIdol","Mummified Hand","Mercury Hourglass","Du-Vu Doll","DollysMirror","Black Star","Enchiridion","Toolbox","hermit:Spyglass","Vajra","MutagenicStrength","hermit:Horseshoe","sneckomod:BlankCard","downfall:HeartBlessingGreen","downfall:HeartBlessingRed","Medical Kit","hexamod:CandleOfCauterizing","Gambling Chip","downfall:HeartBlessingBlue","Pear","Lantern","FossilizedHelix","Pantograph"],"acts_visited":["Exordium","TheCity","TheBeyond","TheEnding"],"potions_floor_usage":[9,14,19,25,27,31,33,46,50,50],"damage_taken":[{"damage":8,"enemies":"Cultist","floor":2,"turns":6},{"damage":22,"enemies":"Small Slimes","floor":8,"turns":4},{"damage":20,"enemies":"downfall:FleeingMerchant","floor":9,"turns":4},{"damage":5,"enemies":"2 Louse","floor":10,"turns":4},{"damage":21,"enemies":"Large Slime","floor":12,"turns":5},{"damage":15,"enemies":"downfall:FleeingMerchant","floor":14,"turns":4},{"damage":0,"enemies":"Exordium Wildlife","floor":15,"turns":3},{"damage":53,"enemies":"WA_ARCHETYPE_RETAIN","floor":16,"turns":7},{"damage":5,"enemies":"3 Byrds","floor":19,"turns":3},{"damage":17,"enemies":"Spheric Guardian","floor":20,"turns":4},{"damage":8,"enemies":"downfall:FleeingMerchant","floor":22,"turns":4},{"damage":49,"enemies":"Slavers","floor":23,"turns":4},{"damage":31,"enemies":"Centurion and Healer","floor":25,"turns":5},{"damage":0,"enemies":"downfall:Augmenter","floor":27,"turns":4},{"damage":61,"enemies":"Gremlin Leader","floor":29,"turns":4},{"damage":3,"enemies":"Snake Plant","floor":30,"turns":1},{"damage":2,"enemies":"Snecko","floor":31,"turns":3},{"damage":0,"enemies":"3 Cultists","floor":32,"turns":1},{"damage":29,"enemies":"DF_ARCHETYPE_CLAW","floor":33,"turns":5},{"damage":53,"enemies":"3 Shapes","floor":36,"turns":4},{"damage":2,"enemies":"Orb Walker","floor":38,"turns":2},{"damage":33,"enemies":"downfall:FleeingMerchant","floor":39,"turns":3},{"damage":22,"enemies":"2 Orb Walkers","floor":43,"turns":2},{"damage":3,"enemies":"3 Darklings","floor":45,"turns":1},{"damage":8,"enemies":"Nemesis","floor":46,"turns":1},{"damage":2,"enemies":"Maw","floor":47,"turns":3},{"damage":3,"enemies":"Writhing Mass","floor":48,"turns":2},{"damage":6,"enemies":"4 Shapes","floor":49,"turns":1},{"damage":42,"enemies":"SI_POISON_ARCHETYPE","floor":50,"turns":4},{"damage":47,"enemies":"downfall:CharBossMerchant","floor":52,"turns":5},{"damage":32,"enemies":"downfall:NeowBoss","floor":55,"turns":9},{"damage":12,"enemies":"downfall:NeowBossFinal","floor":56,"turns":5}],"seed_played":"1396258096474281137","potions_obtained":[{"floor":2,"key":"Weak Potion"},{"floor":12,"key":"Fire Potion"},{"floor":15,"key":"Explosive Potion"},{"floor":23,"key":"BlessingOfTheForge"},{"floor":25,"key":"Block Potion"},{"floor":30,"key":"DistilledChaos"},{"floor":32,"key":"ColorlessPotion"},{"floor":36,"key":"SpeedPotion"},{"floor":43,"key":"LiquidMemories"},{"floor":47,"key":"hermit:BlackBile"}],"is_trial":true,"path_per_floor":["R","M","?","?","?","?","T","M","$","M","R","M","?","$","M","B",null,"R","M","M","?","$","E","T","M","R","?","?","E","M","M","M","B",null,"R","M","?","M","$","?","T","?","?","R","M","E","M","M","M","B",null,"E","$","R","B","B",null],"character_chosen":"HERMIT","items_purchased":["Du-Vu Doll","DollysMirror","hermit:Determination","Toolbox","FairyPotion","Medical Kit","hexamod:CandleOfCauterizing"],"campfire_rested":3,"item_purchase_floors":[9,9,9,22,39,39,39],"current_hp_per_floor":[75,67,67,67,67,55,55,48,43,38,60,39,39,24,24,44,77,77,72,55,39,31,82,82,66,96,96,96,50,47,45,45,16,119,119,66,66,64,46,115,115,115,93,103,100,102,100,97,91,49,143,96,96,139,129,143],"gold":120,"neow_bonus":"","is_daily":false,"chose_seed":false,"campfire_upgraded":3,"win_rate":0.0,"timestamp":1611818540,"path_taken":["R","M","?","?","?","?","T","M","$","?","R","M","?","$","M","BOSS","R","M","M","?","$","E","T","M","R","?","?","E","?","?","M","BOSS","R","M","?","?","$","?","T","?","?","R","M","E","?","M","M","BOSS","E","$","R","BOSS","BOSS"],"items_purchased_type":["Relic","Relic","Card","Relic","Potion","Relic","Relic"],"build_version":"2020-12-22","purchased_purges":0,"victory":true,"max_hp_per_floor":[75,75,75,75,75,75,75,75,75,75,75,75,75,75,75,77,77,77,87,90,90,95,100,100,102,102,105,105,112,112,113,113,119,119,119,125,125,126,131,115,115,115,117,127,127,137,137,137,139,143,143,146,146,146,155,161],"card_choices":[{"not_picked":["hermit:DeadMansHand","hermit:Vantage","hermit:NoHoldsBarred"],"picked":"SKIP","floor":2},{"not_picked":["hermit:Snipe","hermit:LowProfile","hermit:HoleUp"],"picked":"SKIP","floor":8},{"not_picked":["hermit:Manifest","hermit:Purgatory","hermit:ItchyTrigger"],"picked":"SKIP","floor":9},{"not_picked":["hermit:TakeCover","hermit:Desperado","hermit:Vantage"],"picked":"SKIP","floor":10},{"not_picked":["hermit:Enervate","hermit:HoleUp","hermit:HighCaliber"],"picked":"SKIP","floor":12},{"not_picked":["hermit:FullyLoaded","hermit:BodyArmor"],"picked":"hermit:Brawl","floor":14},{"not_picked":["hermit:EyeOfTheStorm","hermit:Roulette","hermit:FatalDesire"],"picked":"SKIP","floor":15},{"not_picked":["hermit:CalledShot","hermit:WideOpen","hermit:BodyArmor+1"],"picked":"SKIP","floor":19},{"not_picked":["hermit:Grudge+1","hermit:BodyArmor+1","hermit:Coalescence"],"picked":"SKIP","floor":20},{"not_picked":["hermit:HighCaliber+1","hermit:Maintenance","hermit:Shortfuse"],"picked":"SKIP","floor":22},{"not_picked":["hermit:GhostlyPresence+1","hermit:SprayPray","hermit:FinalCanter"],"picked":"SKIP","floor":23},{"not_picked":["hermit:Ricochet","hermit:CalledShot+1"],"picked":"hermit:Roulette","floor":25},{"not_picked":[],"picked":"J.A.X.","floor":27},{"not_picked":["hermit:Brawl","hermit:Showdown","hermit:Spite+1"],"picked":"SKIP","floor":29},{"not_picked":["hermit:NoHoldsBarred","hermit:Desperado+1","hermit:Showdown"],"picked":"SKIP","floor":30},{"not_picked":["hermit:Glare","hermit:EyeOfTheStorm","hermit:Ricochet"],"picked":"SKIP","floor":31},{"not_picked":["hermit:Manifest+1","hermit:Shortfuse"],"picked":"hermit:FromBeyond","floor":32},{"not_picked":["hermit:HighNoon","hermit:HeroicBravado"],"picked":"hermit:BlackWind","floor":33},{"not_picked":["hermit:LoneWolf+1","hermit:WideOpen"],"picked":"hermit:Glare+1","floor":36},{"not_picked":["hermit:HighCaliber","hermit:Headshot+1"],"picked":"hermit:ShadowCloak+1","floor":38},{"not_picked":["hermit:Dissolve","hermit:LoneWolf","hermit:CalledShot+1"],"picked":"SKIP","floor":39},{"not_picked":["hermit:SprayPray+1","hermit:WideOpen"],"picked":"hermit:Horror","floor":43},{"not_picked":["hermit:Manifest+1","hermit:Cheat","hermit:LowProfile"],"picked":"SKIP","floor":45},{"not_picked":["hermit:Spite","hermit:SprayPray","hermit:WideOpen"],"picked":"SKIP","floor":46},{"not_picked":["hermit:FlashPowder+1","hermit:Combo+1","hermit:Gambit"],"picked":"SKIP","floor":47},{"not_picked":["hermit:Enervate","hermit:Shortfuse"],"picked":"hermit:Snipe+1","floor":48},{"not_picked":["hermit:Glare+1","hermit:CalledShot","hermit:GhostlyPresence"],"picked":"SKIP","floor":49},{"not_picked":["hermit:CalledShot","hermit:TakeAim","hermit:Dive"],"picked":"SKIP","floor":52}],"player_experience":166267,"relics_obtained":[{"floor":7,"key":"Mercury Hourglass"},{"floor":21,"key":"Enchiridion"},{"floor":23,"key":"hermit:Spyglass"},{"floor":23,"key":"Boot"},{"floor":24,"key":"Vajra"},{"floor":27,"key":"MutagenicStrength"},{"floor":29,"key":"hermit:Horseshoe"},{"floor":29,"key":"sneckomod:BlankCard"},{"floor":43,"key":"Gambling Chip"},{"floor":46,"key":"Pear"},{"floor":46,"key":"Lantern"},{"floor":52,"key":"FossilizedHelix"},{"floor":52,"key":"Pantograph"}],"event_choices":[{"cards_removed":["champ:GladiatorForm"],"damage_healed":0,"gold_gain":0,"player_choice":"Card Removal","damage_taken":0,"max_hp_gain":0,"max_hp_loss":0,"event_name":"The Cleric","floor":3,"gold_loss":0},{"damage_healed":0,"gold_gain":0,"player_choice":"Box","damage_taken":0,"relics_obtained":["bronze:BronzeIdol"],"max_hp_gain":0,"max_hp_loss":0,"event_name":"Big Fish","floor":4,"gold_loss":0,"cards_obtained":["Regret"]},{"damage_healed":0,"gold_gain":0,"player_choice":"Success","damage_taken":12,"relics_obtained":["Mummified Hand"],"max_hp_gain":0,"max_hp_loss":0,"event_name":"Scrap Ooze","floor":6,"gold_loss":0},{"damage_healed":0,"gold_gain":0,"player_choice":"Ignored","damage_taken":0,"max_hp_gain":0,"max_hp_loss":0,"event_name":"NoteForYourself","floor":13,"gold_loss":0},{"cards_removed":["hermit:BigShot"],"damage_healed":0,"gold_gain":0,"player_choice":"Removed Power","damage_taken":0,"max_hp_gain":0,"max_hp_loss":0,"event_name":"Falling","floor":42,"gold_loss":0},{"damage_healed":0,"gold_gain":0,"player_choice":"Fight","damage_taken":0,"max_hp_gain":0,"max_hp_loss":0,"event_name":"Mysterious Sphere","floor":43,"gold_loss":0}],"is_beta":false,"boss_relics":[{"not_picked":["Busted Crown","Runic Pyramid"],"picked":"Black Star"},{"not_picked":["Empty Cage","hermit:BartenderGlass"],"picked":"hermit:ClaspedLocket"}],"items_purged_floors":[],"is_endless":false,"potions_floor_spawned":[2,12,15,23,25,30,32,36,43,47],"ascension_level":0}}