{"host":"Qube","time":1611800446,"event":{"mods":["AchievementEnabler","BaseMod","Colored Map","Colored Powertips","Highlight Path","Minty Spire (QoL Compilation)","Permanent Neow","Quick Restart","Random Character Button","StSLib"],"gold_per_floor":[116,41,41,59,73,73,108,123,149,149,180,190,208,224,224,325,325,343,343,343,358,81,81,113,113,139,139,152,186,197,227,227,330,330,348,362,380,393,40,40,75,85,166,186,221,238,238,269,281,293],"floor_reached":51,"language":"ENG","playtime":3340,"items_purged":["Writhe","Strike_G"],"score":873,"play_id":"76e9dc34-6789-4fc1-b49b-c9282fd550d4","local_time":"20210127182046","is_ascension_mode":true,"campfire_choices":[{"data":"Slice","floor":6.0,"key":"SMITH"},{"data":"Noxious Fumes","floor":10.0,"key":"SMITH"},{"data":"Catalyst","floor":15.0,"key":"SMITH"},{"data":"After Image","floor":23.0,"key":"SMITH"},{"data":"Deadly Poison","floor":25,"key":"SMITH"},{"data":"Deadly Poison","floor":27,"key":"SMITH"},{"floor":32,"key":"DIG"},{"data":"Footwork","floor":40,"key":"SMITH"},{"floor":47,"key":"DIG"},{"floor":49,"key":"DIG"}],"circlet_count":0,"master_deck":["Strike_G","Strike_G","Strike_G","Strike_G","Defend_G","Defend_G","Defend_G","Defend_G","Defend_G","Survivor","Neutralize","Eviscerate+1","Slice+1","PiercingWail+1","PiercingWail+1","Noxious Fumes+1","Backflip","Catalyst+1","Deadly Poison+1","Deadly Poison+1","After Image+1","Acrobatics+1","Deflect+1","Setup+1","Footwork+1","Blur+1","Burst+1","Adrenaline+1","Acrobatics+1","Acrobatics+1","Footwork","Malaise+1","Caltrops+1","Crippling Poison+1"],"relics":["Coffee Dripper","MealTicket","Anchor","War Paint","Black Star","Toxic Egg 2","ClockworkSouvenir","Unceasing Top","Bottled Lightning","Omamori","Pocketwatch","Regal Pillow","Shovel","Bag of Preparation","Gremlin Horn","SlaversCollar","OrangePellets","PreservedInsect","Lantern","Ornamental Fan","Pear","Juzu Bracelet","MawBank","Paper Crane"],"acts_visited":["Exordium","TheCity","TheBeyond"],"potions_floor_usage":[24,24,30,31,33,33,33,41,44],"damage_taken":[{"damage":0.0,"enemies":"Cultist","floor":1.0,"turns":4.0},{"damage":0.0,"enemies":"2 Louse","floor":4.0,"turns":2.0},{"damage":0.0,"enemies":"Small Slimes","floor":5.0,"turns":2.0},{"damage":11.0,"enemies":"Gremlin Nob","floor":7.0,"turns":4.0},{"damage":0.0,"enemies":"Blue Slaver","floor":8.0,"turns":4.0},{"damage":9.0,"enemies":"Lagavulin","floor":11.0,"turns":8.0},{"damage":2.0,"enemies":"Large Slime","floor":12.0,"turns":7.0},{"damage":0.0,"enemies":"3 Louse","floor":13.0,"turns":4.0},{"damage":2.0,"enemies":"Looter","floor":14.0,"turns":3.0},{"damage":9.0,"enemies":"Hexaghost","floor":16.0,"turns":8.0},{"damage":0.0,"enemies":"Chosen","floor":18.0,"turns":5.0},{"damage":14.0,"enemies":"Spheric Guardian","floor":21.0,"turns":6.0},{"damage":13,"enemies":"Slavers","floor":24,"turns":5},{"damage":3,"enemies":"Shelled Parasite and Fungi","floor":28,"turns":4},{"damage":4,"enemies":"Book of Stabbing","floor":29,"turns":5},{"damage":0,"enemies":"Centurion and Healer","floor":30,"turns":6},{"damage":3,"enemies":"Gremlin Leader","floor":31,"turns":7},{"damage":25,"enemies":"Automaton","floor":33,"turns":11},{"damage":3,"enemies":"3 Darklings","floor":35,"turns":6},{"damage":0,"enemies":"3 Shapes","floor":36,"turns":7},{"damage":0,"enemies":"Transient","floor":37,"turns":5},{"damage":0,"enemies":"Spire Growth","floor":38,"turns":4},{"damage":0,"enemies":"Reptomancer","floor":41,"turns":5},{"damage":0,"enemies":"4 Shapes","floor":42,"turns":4},{"damage":0,"enemies":"Sphere and 2 Shapes","floor":44,"turns":6},{"damage":0,"enemies":"Giant Head","floor":45,"turns":7},{"damage":0,"enemies":"Jaw Worm Horde","floor":46,"turns":7},{"damage":0,"enemies":"Transient","floor":48,"turns":5},{"damage":6,"enemies":"Donu and Deca","floor":50,"turns":10}],"seed_played":"5175351945860849137","potions_obtained":[{"floor":7.0,"key":"CunningPotion"},{"floor":8.0,"key":"DistilledChaos"},{"floor":11.0,"key":"LiquidMemories"},{"floor":16.0,"key":"DuplicationPotion"},{"floor":24,"key":"LiquidBronze"},{"floor":29,"key":"Swift Potion"},{"floor":30,"key":"Block Potion"},{"floor":31,"key":"GamblersBrew"},{"floor":33,"key":"DistilledChaos"},{"floor":35,"key":"Poison Potion"},{"floor":41,"key":"DistilledChaos"},{"floor":44,"key":"ColorlessPotion"},{"floor":46,"key":"Dexterity Potion"}],"is_trial":false,"path_per_floor":["M","$","?","M","M","R","E","M","T","R","E","M","M","M","R","B",null,"M","?","?","M","$","R","E","R","T","R","M","E","M","E","R","B",null,"M","M","M","M","$","R","E","M","T","M","E","M","R","M","R","B",null],"character_chosen":"THE_SILENT","items_purchased":["Slice","Explosive Potion","ClockworkSouvenir","Deflect+1","GhostInAJar","OrangePellets"],"campfire_rested":0,"item_purchase_floors":[2,2,22,22,39,39],"current_hp_per_floor":[70,70,70,70,70,70,59,59,59,59,50,48,48,46,46,37,70,70,70,70,56,70,70,57,57,57,57,54,50,50,47,47,22,70,67,67,67,67,70,70,70,70,70,70,80,80,80,80,80,74],"gold":305,"neow_bonus":"BOSS_RELIC","is_daily":false,"chose_seed":false,"campfire_upgraded":7,"win_rate":0.0,"timestamp":1611800446,"path_taken":["M","?","?","?","M","R","E","M","T","R","E","M","M","M","R","BOSS","M","?","?","M","$","R","E","R","T","R","M","E","M","E","R","BOSS","M","M","M","M","$","R","E","M","T","M","E","M","R","M","R","BOSS"],"items_purchased_type":["Card","Potion","Relic","Card","Potion","Relic"],"build_version":"2020-12-18","purchased_purges":2,"victory":true,"max_hp_per_floor":[70,70,70,70,70,70,70,70,70,70,70,70,70,70,70,70,70,70,70,70,70,70,70,70,70,70,70,70,70,70,70,70,70,70,70,70,70,70,70,70,70,70,70,70,80,80,80,80,80,80],"card_choices":[{"not_picked":["Backflip","Dagger Spray"],"picked":"Eviscerate","floor":1.0},{"not_picked":["Dodge and Roll","Finisher"],"picked":"PiercingWail","floor":4.0},{"not_picked":["Blade Dance","Bouncing Flask"],"picked":"PiercingWail","floor":5.0},{"not_picked":["Finisher","All Out Attack"],"picked":"Noxious Fumes","floor":7.0},{"not_picked":["Underhanded Strike","Endless Agony"],"picked":"Backflip","floor":8.0},{"not_picked":["Dodge and Roll","Blade Dance"],"picked":"Catalyst","floor":11.0},{"not_picked":["Flechettes","Slice"],"picked":"Deadly Poison","floor":12.0},{"not_picked":["PiercingWail","Quick Slash"],"picked":"Deadly Poison","floor":13.0},{"not_picked":["Grand Finale","PiercingWail","Outmaneuver"],"picked":"SKIP","floor":14.0},{"not_picked":["Phantasmal Killer","Envenom"],"picked":"After Image","floor":16.0},{"not_picked":["Outmaneuver+1","PiercingWail+1","Dagger Spray"],"picked":"SKIP","floor":18.0},{"not_picked":["Glass Knife","Dodge and Roll+1"],"picked":"Acrobatics+1","floor":21.0},{"not_picked":["Deflect+1","Tactician+1"],"picked":"Setup+1","floor":24},{"not_picked":["Accuracy","Heel Hook","Blade Dance+1"],"picked":"SKIP","floor":28},{"not_picked":["Dagger Throw","Distraction+1"],"picked":"Footwork","floor":29},{"not_picked":["Endless Agony","Deadly Poison+1"],"picked":"Blur+1","floor":30},{"not_picked":["Flying Knee","Grand Finale"],"picked":"Burst+1","floor":31},{"not_picked":["Doppelganger+1","Corpse Explosion+1"],"picked":"Adrenaline+1","floor":33},{"not_picked":["Deflect+1","Underhanded Strike+1","Sucker Punch"],"picked":"SKIP","floor":35},{"not_picked":["Finisher+1","Cloak And Dagger+1"],"picked":"Acrobatics+1","floor":36},{"not_picked":["Dodge and Roll+1","Outmaneuver+1"],"picked":"Acrobatics+1","floor":37},{"not_picked":["Setup+1","Acrobatics+1","Noxious Fumes"],"picked":"SKIP","floor":38},{"not_picked":["Blade Dance+1","Concentrate+1","Die Die Die"],"picked":"SKIP","floor":41},{"not_picked":["Eviscerate","Riddle With Holes"],"picked":"Footwork","floor":42},{"not_picked":["Sucker Punch","Bane","Distraction+1"],"picked":"SKIP","floor":44},{"not_picked":["PiercingWail+1","Glass Knife"],"picked":"Malaise+1","floor":45},{"not_picked":["Underhanded Strike","Noxious Fumes+1"],"picked":"Caltrops+1","floor":46},{"not_picked":["Distraction+1","Eviscerate+1"],"picked":"Crippling Poison+1","floor":48}],"player_experience":990501,"relics_obtained":[{"floor":7.0,"key":"MealTicket"},{"floor":9.0,"key":"Anchor"},{"floor":11.0,"key":"War Paint"},{"floor":24,"key":"Unceasing Top"},{"floor":24,"key":"Bottled Lightning"},{"floor":26,"key":"Omamori"},{"floor":29,"key":"Pocketwatch"},{"floor":29,"key":"Regal Pillow"},{"floor":31,"key":"Shovel"},{"floor":31,"key":"Bag of Preparation"},{"floor":32,"key":"Gremlin Horn"},{"floor":41,"key":"PreservedInsect"},{"floor":41,"key":"Lantern"},{"floor":43,"key":"Ornamental Fan"},{"floor":45,"key":"Pear"},{"floor":45,"key":"Juzu Bracelet"},{"floor":47,"key":"MawBank"},{"floor":49,"key":"Paper Crane"}],"event_choices":[{"damage_healed":0.0,"max_hp_gain":0.0,"max_hp_loss":0.0,"gold_gain":0.0,"event_name":"Upgrade Shrine","player_choice":"Upgraded","floor":3.0,"gold_loss":0.0,"damage_taken":0.0,"cards_upgraded":["Eviscerate"]},{"damage_healed":0.0,"max_hp_gain":0.0,"max_hp_loss":0.0,"gold_gain":0.0,"event_name":"The Mausoleum","player_choice":"Opened","floor":19.0,"gold_loss":0.0,"damage_taken":0.0,"relics_obtained":["Toxic Egg 2"],"cards_obtained":["Writhe"]},{"damage_healed":0.0,"max_hp_gain":0.0,"max_hp_loss":0.0,"gold_gain":0.0,"event_name":"Vampires","player_choice":"Ignored","floor":20.0,"gold_loss":0.0,"damage_taken":0.0}],"is_beta":true,"boss_relics":[{"not_picked":["Pandora\u0027s Box","WristBlade"],"picked":"Black Star"},{"not_picked":["Runic Dome","Velvet Choker"],"picked":"SlaversCollar"}],"items_purged_floors":[22,39],"is_endless":false,"potions_floor_spawned":[7,8,11,12,16,24,29,30,31,33,35,41,44,46],"ascension_level":1}}