{"host":"vqgrg90fv56geajp","time":1611868605,"event":{"mods":["BaseMod","Colored Map","Colored Powertips","Minty Spire (QoL Compilation)","Quick Restart","Rare Cards Sparkle","Relic Stats"],"gold_per_floor":[115,115,133,36,46,46,77,77,129,129,129,148,161,193,193,264,264,274,288,288,113,113,113,123,142,142,142,142],"floor_reached":27,"language":"ENG","playtime":1533,"items_purged":[],"score":446,"play_id":"1d8ac07b-5bd6-4d62-810a-d63be068fe06","local_time":"20210128231645","is_ascension_mode":true,"campfire_choices":[{"floor":6,"key":"REST"},{"floor":8,"key":"REST"},{"floor":11,"key":"REST"},{"floor":15,"key":"REST"},{"data":"Enlightenment","floor":23,"key":"SMITH"}],"circlet_count":0,"master_deck":["AscendersBane","Strike_G","Strike_G","Strike_G","Strike_G","Defend_G","Defend_G","Defend_G","Defend_G","Defend_G","Survivor","Neutralize","Slice","All Out Attack","Crippling Poison","Enlightenment+1","Blur","All Out Attack","Eviscerate","Wraith Form v2","Venomology","Underhanded Strike+1","Eviscerate","RitualDagger","Noxious Fumes","Writhe","Backstab"],"relics":["Ring of the Snake","Smiling Mask","Oddly Smooth Stone","Snake Skull","Runic Pyramid","Boot","Ginger"],"acts_visited":["Exordium","TheCity"],"potions_floor_usage":[7,14,14,14,16,18,19,19,24,24,24,25],"damage_taken":[{"damage":28,"enemies":"Jaw Worm","floor":1,"turns":8},{"damage":0,"enemies":"Cultist","floor":3,"turns":3},{"damage":0,"enemies":"Small Slimes","floor":5,"turns":2},{"damage":50,"enemies":"Lagavulin","floor":7,"turns":12},{"damage":0,"enemies":"2 Fungi Beasts","floor":12,"turns":2},{"damage":0,"enemies":"Blue Slaver","floor":13,"turns":4},{"damage":2,"enemies":"Gremlin Nob","floor":14,"turns":3},{"damage":42,"enemies":"Slime Boss","floor":16,"turns":12},{"damage":7,"enemies":"3 Byrds","floor":18,"turns":6},{"damage":1,"enemies":"Chosen","floor":19,"turns":5},{"damage":11,"enemies":"Centurion and Healer","floor":24,"turns":5},{"damage":24,"enemies":"Snake Plant","floor":25,"turns":3},{"damage":33,"enemies":"Slavers","floor":27,"turns":2}],"seed_played":"-6656361958202624323","potions_obtained":[{"floor":5,"key":"Poison Potion"},{"floor":7,"key":"Dexterity Potion"},{"floor":10,"key":"EntropicBrew"},{"floor":10,"key":"DuplicationPotion"},{"floor":14,"key":"Fire Potion"},{"floor":18,"key":"Swift Potion"},{"floor":24,"key":"Poison Potion"}],"is_trial":false,"path_per_floor":["M","?","M","$","M","R","E","R","T","?","R","M","M","E","R","B",null,"M","M","?","$","?","R","M","M","T","E"],"character_chosen":"THE_SILENT","items_purchased":["Enlightenment","Noxious Fumes","Regen Potion"],"campfire_rested":4,"item_purchase_floors":[4,21,21],"current_hp_per_floor":[37,37,37,37,37,58,8,29,29,29,50,50,50,48,69,27,61,54,53,47,47,47,47,51,27,27,0,0],"gold":142,"neow_bonus":"TEN_PERCENT_HP_BONUS","is_daily":false,"chose_seed":false,"campfire_upgraded":1,"win_rate":0.0,"timestamp":1611868605,"path_taken":["M","?","M","?","M","R","E","R","T","?","R","?","M","E","R","BOSS","M","M","?","$","?","R","M","M","T","E"],"items_purchased_type":["Card","Card","Potion"],"build_version":"2020-12-22","purchased_purges":0,"victory":false,"max_hp_per_floor":[72,72,72,72,72,72,72,72,72,72,72,72,72,72,72,72,72,72,72,72,72,72,72,72,72,72,72,72],"relic_stats":{"counters":[13,67],"Snake Skull":[13],"Ginger":[0],"Smiling Mask":0,"Boot":[9],"obtain_stats":[{"Oddly Smooth Stone":9,"Snake Skull":14,"Ginger":26,"Smiling Mask":7,"Boot":22,"Ring of the Snake":0,"Runic Pyramid":17},{"Oddly Smooth Stone":4,"Snake Skull":7,"Ginger":12,"Smiling Mask":4,"Boot":10,"Ring of the Snake":0,"Runic Pyramid":8},{"Oddly Smooth Stone":25,"Snake Skull":34,"Ginger":65,"Smiling Mask":25,"Boot":57,"Ring of the Snake":0,"Runic Pyramid":46}],"Ring of the Snake":[26]},"card_choices":[{"not_picked":["Acrobatics","Caltrops"],"picked":"Slice","floor":1},{"not_picked":["Dagger Spray","Sucker Punch"],"picked":"Crippling Poison","floor":3},{"not_picked":["Dagger Spray","Dagger Throw"],"picked":"Blur","floor":5},{"not_picked":["Eviscerate","Escape Plan"],"picked":"All Out Attack","floor":7},{"not_picked":["Deflect","Escape Plan"],"picked":"Eviscerate","floor":12},{"not_picked":["Cloak And Dagger","Deadly Poison","Endless Agony"],"picked":"SKIP","floor":13},{"not_picked":["Acrobatics","Cloak And Dagger"],"picked":"Wraith Form v2","floor":14},{"not_picked":["Unload","Tools of the Trade"],"picked":"Venomology","floor":16},{"not_picked":["Flying Knee","Slice"],"picked":"Underhanded Strike+1","floor":18},{"not_picked":["Acrobatics","Quick Slash"],"picked":"Eviscerate","floor":19},{"not_picked":["Dodge and Roll","Reflex+1"],"picked":"Backstab","floor":24},{"not_picked":["Dagger Throw","Heel Hook","Poisoned Stab"],"picked":"SKIP","floor":25}],"player_experience":2515611,"relics_obtained":[{"floor":7,"key":"Smiling Mask"},{"floor":9,"key":"Oddly Smooth Stone"},{"floor":14,"key":"Snake Skull"},{"floor":26,"key":"Ginger"}],"event_choices":[{"damage_healed":0,"gold_gain":0,"cards_transformed":["Strike_G"],"player_choice":"Transformed","damage_taken":0,"max_hp_gain":0,"max_hp_loss":0,"event_name":"Transmorgrifier","floor":2,"gold_loss":0,"cards_obtained":["All Out Attack"]},{"damage_healed":0,"gold_gain":0,"player_choice":"Got Potions","damage_taken":0,"max_hp_gain":0,"max_hp_loss":0,"event_name":"Lab","floor":10,"gold_loss":0},{"damage_healed":0,"gold_gain":0,"player_choice":"Joined the Cult","damage_taken":6,"max_hp_gain":0,"max_hp_loss":0,"event_name":"Nest","floor":20,"gold_loss":0,"cards_obtained":["RitualDagger"]},{"damage_healed":0,"gold_gain":0,"player_choice":"Opened","damage_taken":0,"relics_obtained":["Boot"],"max_hp_gain":0,"max_hp_loss":0,"event_name":"The Mausoleum","floor":22,"gold_loss":0,"cards_obtained":["Writhe"]}],"is_beta":false,"boss_relics":[{"not_picked":["Fusion Hammer","Calling Bell"],"picked":"Runic Pyramid"}],"items_purged_floors":[],"is_endless":false,"potions_floor_spawned":[5,7,13,14,18,24],"killed_by":"Slavers","ascension_level":20}}