{"host":"i9wanet4r0ff4t9y","time":1611833918,"event":{"mods":["2.2 Compatiblity","Act Like it!","BaseMod","Bestiary","Better Altar","Better Match","Better Note","Better Sensory Stone","Better Skull","Better Third Choice","Better Vampires","BetterRewards","CapriCore","Colored Map","Curses Come First","Downfall","Hubris","Minty Spire (QoL Compilation)","Quick Restart","READ ME - Guardian Mod","READ ME - Snecko Mod","Relic Stats","Say the Spire","Spicy Shops","StSLib","The Disciple","The Poker Player","Waifu the Spire"],"gold_per_floor":[113,133,150,150,168,195,195,226,226,226,244,244,255,269,269,346,346,362,362,362,374,374,402,402,428,428,444,455,474,489,508,508,582,582,596,596,612,612,622,622,654,0,0,0,0],"floor_reached":44,"language":"POL","playtime":1533,"items_purged":[],"score":1184,"play_id":"9c77d025-a33a-4d33-93cc-6eb85943f2ae","local_time":"20210128123838","is_ascension_mode":true,"campfire_choices":[{"floor":7,"key":"REST"},{"floor":10,"key":"REST"},{"floor":12,"key":"REST"},{"data":"Infernal Blade","floor":15,"key":"SMITH"},{"floor":24,"key":"REST"},{"floor":32,"key":"REST"},{"floor":40,"key":"REST"}],"circlet_count":0,"master_deck":["AscendersBane","Strike_R","Strike_R","Strike_R","Strike_R","Strike_R","Defend_R","Defend_R","Defend_R","Defend_R","Bash","Rupture","Anger","Twin Strike","Reckless Charge","Dropkick","Inflame","Brutality","Impervious","Infernal Blade+1","Iron Wave","Sentinel","hubris:StunningStrike","CurseOfTheBell","Hemokinesis","Sword Boomerang","downfall:Bewildered","Thunderclap","Offering","Cleave","Shrug It Off","Fire Breathing","Combust","Flame Barrier","Reaper","Infernal Blade","Headbutt+1","Parasite","Dropkick","Anger","Shrug It Off"],"relics":["Burning Blood","Darkstone Periapt","Ornamental Fan","Tiny Chest","Smiling Mask","Kunai","White Beast Statue","Calling Bell","Anchor","Gremlin Horn","Lizard Tail","Eternal Feather","sneckomod:BabySnecko","hubris:SphereOfDissonance","hubris:ToyBattleship","Potion Belt","Mark of Pain","hubris:Icosahedron","Ginger","Nunchaku","Sling","hubris:AstralHammer","Meat on the Bone","Bottled Lightning"],"acts_visited":["Exordium","TheCity","TheBeyond"],"potions_floor_usage":[6,8,16,16,21,21,23,25,28,31,31,33,33,33,37,39,41,41,44],"damage_taken":[{"damage":3,"enemies":"Jaw Worm","floor":1,"turns":5},{"damage":1,"enemies":"Cultist","floor":2,"turns":3},{"damage":11,"enemies":"Small Slimes","floor":3,"turns":3},{"damage":23,"enemies":"Red Slaver","floor":5,"turns":4},{"damage":21,"enemies":"Lagavulin","floor":6,"turns":7},{"damage":17,"enemies":"3 Sentries","floor":8,"turns":7},{"damage":12,"enemies":"Exordium Thugs","floor":11,"turns":5},{"damage":2,"enemies":"Looter","floor":13,"turns":3},{"damage":8,"enemies":"Blue Slaver","floor":14,"turns":3},{"damage":25,"enemies":"The Guardian","floor":16,"turns":9},{"damage":4,"enemies":"Chosen","floor":18,"turns":5},{"damage":7,"enemies":"3 Byrds","floor":21,"turns":7},{"damage":37,"enemies":"Book of Stabbing","floor":23,"turns":5},{"damage":77,"enemies":"Gremlin Leader","floor":25,"turns":6},{"damage":19,"enemies":"Snecko","floor":27,"turns":5},{"damage":23,"enemies":"Snake Plant","floor":28,"turns":4},{"damage":24,"enemies":"Shelled Parasite and Fungi","floor":29,"turns":7},{"damage":2,"enemies":"Snecko","floor":30,"turns":3},{"damage":17,"enemies":"3 Cultists","floor":31,"turns":4},{"damage":40,"enemies":"Automaton","floor":33,"turns":7},{"damage":44,"enemies":"3 Shapes","floor":35,"turns":4},{"damage":10,"enemies":"3 Darklings","floor":37,"turns":3},{"damage":40,"enemies":"Writhing Mass","floor":39,"turns":5},{"damage":51,"enemies":"Giant Head","floor":41,"turns":8},{"damage":38,"enemies":"Jaw Worm Horde","floor":44,"turns":1}],"seed_played":"829488361494055676","potions_obtained":[{"floor":5,"key":"LiquidMemories"},{"floor":6,"key":"SpeedPotion"},{"floor":11,"key":"Strength Potion"},{"floor":13,"key":"Block Potion"},{"floor":16,"key":"Block Potion"},{"floor":18,"key":"Block Potion"},{"floor":21,"key":"BlessingOfTheForge"},{"floor":23,"key":"champ:CounterPotion"},{"floor":25,"key":"BlessingOfTheForge"},{"floor":27,"key":"BloodPotion"},{"floor":28,"key":"bronze:BurnAndBuffPotion"},{"floor":29,"key":"AttackPotion"},{"floor":30,"key":"ColorlessPotion"},{"floor":31,"key":"LiquidMemories"},{"floor":33,"key":"HeartOfIron"},{"floor":35,"key":"Ancient Potion"},{"floor":37,"key":"Energy Potion"},{"floor":39,"key":"PowerPotion"},{"floor":41,"key":"FearPotion"}],"is_trial":false,"path_per_floor":["M","M","M","?","M","E","R","E","T","R","M","R","M","M","R","B",null,"M","?","T","M","?","E","R","E","T","M","M","M","M","M","R","B",null,"M","?","M","T","M","R","E","$","T","M"],"character_chosen":"IRONCLAD","items_purchased":["Darkstone Periapt","Ornamental Fan","Tiny Chest","Rupture","Anger","Sling","hubris:AstralHammer","Meat on the Bone","Shrug It Off"],"campfire_rested":6,"item_purchase_floors":[0,0,0,0,0,42,42,42,42],"current_hp_per_floor":[39,44,39,39,22,7,29,18,18,40,34,56,60,58,58,39,72,74,74,74,73,79,48,87,16,16,49,49,31,35,24,68,34,74,49,49,45,45,23,71,26,26,26,0,0],"gold":0,"neow_bonus":"","is_daily":false,"chose_seed":false,"campfire_upgraded":1,"win_rate":0.0,"timestamp":1611833918,"path_taken":["M","M","M","?","M","E","R","E","T","R","M","R","M","?","R","BOSS","M","?","?","?","?","E","R","E","T","M","M","M","M","M","R","BOSS","M","?","M","?","M","R","E","$","T","M"],"items_purchased_type":["Relic","Relic","Relic","Card","Card","Relic","Relic","Relic","Card"],"build_version":"2020-12-22","purchased_purges":0,"victory":false,"max_hp_per_floor":[75,75,75,75,75,75,75,75,75,75,75,75,75,75,75,75,81,81,81,81,81,87,87,87,87,87,87,87,87,87,87,87,87,87,87,87,87,87,93,93,93,93,93,93,93],"relic_stats":{"Darkstone Periapt":66,"Gremlin Horn":[14,14],"counters":[718,3272],"Eternal Feather":54,"Ginger":[6],"Smiling Mask":0,"Burning Blood":4069,"Lizard Tail":43,"Nunchaku":[0],"Ornamental Fan":[212],"Tiny Chest":2,"Kunai":[44],"obtain_stats":[{"Replay:Accelerometer":0,"Spirit Poop":4,"Sling":47,"Ring of Searing":15,"Blood Vial":22,"hubris:AstralHammer":42,"downfall:ExtraCursedKey":4,"Replay:Bottled Flurry":49,"HandDrill":31,"Necronomicon":19,"Replay:Bottled Steam":23,"Blue Candle":7,"Eternal Feather":17,"Pen Nib":0,"Akabeko":31,"Bird Faced Urn":9,"ReplayTheSpireMod:Ring of Collecting":5,"StrikeDummy":0,"Unceasing Top":0,"Regal Pillow":24,"Torii":47,"Singing Bowl":0,"King of Hearts":47,"Smiling Mask":27,"Burning Blood":0,"Pet Ghost":44,"hubris:Backtick":17,"Toolbox":0,"Chemical X":21,"Replay:Bottled Eggs":0,"InkBottle":34,"Potion Belt":36,"Lee\u0027s Waffle":44,"Golden Idol":3,"PreservedInsect":22,"Ring of Greed":10,"Replay:Arrowhead":48,"Ornamental Fan":37,"Ring of Misfortune":36,"betterThird:SlimedRelic":3,"Ectoplasm":17,"Art of War":40,"Garlic":12,"Durian":0,"hexamod:BolsterEngine":11,"Ice Cream":6,"Divine Protection":0,"Calipers":6,"Tiny House":36,"Gremlin Horn":10,"Nilry\u0027s Codex":22,"Sozu":34,"Centennial Puzzle":2,"Honey Jar":17,"Prayer Wheel":40,"Philosopher\u0027s Stone":17,"Iron Hammer":9,"Girya":23,"hubris:Teleporter":0,"ReplayTheSpireMod:CursedCoin":19,"Replay:Grab Bag":34,"Charon\u0027s Ashes":0,"WarpedTongs":29,"Du-Vu Doll":0,"ReplayTheSpireMod:Spearhead":31,"Onion Ring":54,"Mirror":45,"Pocketwatch":10,"Black Blood":34,"Juzu Bracelet":19,"Replay:Mystery Machine":26,"Empty Cage":34,"Nunchaku":45,"Dream Catcher":9,"Chameleon Ring":49,"TheAbacus":0,"hubris:Icosahedron":36,"Red Mask":41,"Replay:Bottled Snecko":0,"Runic Pyramid":34,"Guide Book":38,"Replay:WaspNest":3,"Odd Mushroom":12,"Mercury Hourglass":43,"Calling Bell":17,"Strange Spoon":44,"Pondfish Scales":0,"Bag of Marbles":0,"Membership Card":24,"FossilizedHelix":12,"ReplayTheSpireMod:ShopPack":20,"Golden Egg":34,"Ginger":17,"Whetstone":27,"Bottled Tornado":10,"Boot":9,"Old Coin":24,"Replay:Ringing Soul":47,"Sundial":17,"MealTicket":26,"Kunai":10,"Replay:Wax Seal":0,"Electric Blood":17,"Pear":0,"betterAltar:BloodRelic":27,"ReplayTheSpireMod:Ring of Addiction":36,"hubris:SphereOfDissonance":23,"Replay:Ancient Bell":34,"SlaversCollar":17,"Ooze Armor":34,"Pandora\u0027s Box":34,"Mark of Pain":17,"Lantern":34,"Magic Flower":0,"StoneCalendar":0,"Blue Doll":43,"Replay:Multitool":25,"Bag of Preparation":54,"Cursed Key":34,"Replay:Rubber Ducky":34,"Shovel":34,"Ring of Peace":5,"WingedGreaves":37,"hubris:ChampionShield":37,"Paper Frog":23,"Self Forming Clay":6,"Thread and Needle":20,"The Courier":9,"betterThird:NestCultRelic":22,"Omamori":42,"Frozen Egg 2":0,"MawBank":27,"sneckomod:BabySnecko":20,"Busted Crown":17,"Bloody Idol":22,"Orrery":36,"Turnip":23,"Champion Belt":20,"Bottled Lightning":43,"ReplayTheSpireMod:Lightbulb":27,"Toy Ornithopter":28,"CeramicFish":24,"Vajra":8,"Lizard Tail":42,"HornCleat":52,"downfall:GremlinWheel":0,"FaceOfCleric":13,"DollysMirror":44,"Strawberry":10,"Toxic Egg 2":36,"Happy Flower":14,"Ring of Hypnosis":27,"Dead Branch":17,"Astrolabe":34,"Oddly Smooth Stone":41,"Letter Opener":9,"Replay:Kaleidoscope":37,"War Paint":6,"Question Card":19,"Bottled Flame":26,"Replay:Baseball":38,"ReplayTheSpireMod:Shallot":27,"Shuriken":34,"Bronze Scales":45,"Molten Egg 2":43,"Simple Rune":27,"ReplayTheSpireMod:TigerMarble":23,"Nloth\u0027s Gift":0,"Black Star":17,"hubris:ToyBattleship":25,"Grinning Jar":6,"Meat on the Bone":45,"ReplayFunnel":14,"Darkstone Periapt":0,"ReplayTheSpireMod:Ring of Exchange":26,"Replay:PocketPolymizer":34,"Mango":40,"Incense Burner":0,"ClockworkSouvenir":44,"Frozen Eye":0,"SsserpentHead":20,"Replay:Bandana":20,"Mummified Hand":9,"Pantograph":0,"Gambling Chip":0,"Tiny Chest":12,"Red Skull":17,"Gremlin Food":37,"BargainBundle":19,"hexamod:CandleOfCauterizing":46,"ReplayTheSpireMod:Ninjato":48,"Replay:Towering Pillar of Hats":50,"Quantum Egg":42,"hexamod:Sixitude":37,"Orichalcum":43,"White Beast Statue":36,"Peace Pipe":0,"CaptainsWheel":0,"Anchor":38,"ChewingGum":17,"Another Sword":47,"Snack Pack":28,"Coffee Dripper":0,"TungstenRod":7},{"Replay:Accelerometer":210,"Spirit Poop":432,"Sling":102,"Ring of Searing":340,"Blood Vial":39,"hubris:AstralHammer":717,"downfall:ExtraCursedKey":595,"Replay:Bottled Flurry":153,"HandDrill":200,"Necronomicon":553,"Replay:Bottled Steam":399,"Blue Candle":234,"Eternal Feather":480,"Pen Nib":387,"Akabeko":94,"Bird Faced Urn":7,"ReplayTheSpireMod:Ring of Collecting":186,"StrikeDummy":404,"Unceasing Top":429,"Regal Pillow":14,"Torii":77,"Singing Bowl":104,"King of Hearts":102,"Smiling Mask":281,"Burning Blood":0,"Pet Ghost":75,"hubris:Backtick":668,"Toolbox":28,"Chemical X":13,"Replay:Bottled Eggs":321,"InkBottle":122,"Potion Belt":47,"Lee\u0027s Waffle":75,"Golden Idol":186,"PreservedInsect":140,"Ring of Greed":134,"Replay:Arrowhead":183,"Ornamental Fan":177,"Ring of Misfortune":47,"betterThird:SlimedRelic":105,"Ectoplasm":526,"Art of War":49,"Garlic":136,"Durian":156,"hexamod:BolsterEngine":366,"Ice Cream":83,"Divine Protection":243,"Calipers":32,"Tiny House":350,"Gremlin Horn":250,"Nilry\u0027s Codex":13,"Sozu":511,"Centennial Puzzle":105,"Honey Jar":276,"Prayer Wheel":23,"Philosopher\u0027s Stone":253,"Iron Hammer":33,"Girya":115,"hubris:Teleporter":678,"ReplayTheSpireMod:CursedCoin":113,"Replay:Grab Bag":261,"Charon\u0027s Ashes":184,"WarpedTongs":67,"Du-Vu Doll":519,"ReplayTheSpireMod:Spearhead":200,"Onion Ring":55,"Mirror":265,"Pocketwatch":217,"Black Blood":261,"Juzu Bracelet":113,"Replay:Mystery Machine":66,"Empty Cage":201,"Nunchaku":51,"Dream Catcher":249,"Chameleon Ring":53,"TheAbacus":321,"hubris:Icosahedron":714,"Red Mask":23,"Replay:Bottled Snecko":293,"Runic Pyramid":261,"Guide Book":379,"Replay:WaspNest":29,"Odd Mushroom":9,"Mercury Hourglass":75,"Calling Bell":11,"Strange Spoon":151,"Pondfish Scales":130,"Bag of Marbles":104,"Membership Card":66,"FossilizedHelix":34,"ReplayTheSpireMod:ShopPack":194,"Golden Egg":146,"Ginger":226,"Whetstone":417,"Bottled Tornado":235,"Boot":610,"Old Coin":92,"Replay:Ringing Soul":102,"Sundial":11,"MealTicket":14,"Kunai":33,"Replay:Wax Seal":28,"Electric Blood":62,"Pear":519,"betterAltar:BloodRelic":171,"ReplayTheSpireMod:Ring of Addiction":47,"hubris:SphereOfDissonance":706,"Replay:Ancient Bell":46,"SlaversCollar":369,"Ooze Armor":175,"Pandora\u0027s Box":420,"Mark of Pain":37,"Lantern":46,"Magic Flower":28,"StoneCalendar":55,"Blue Doll":180,"Replay:Multitool":117,"Bag of Preparation":155,"Cursed Key":19,"Replay:Rubber Ducky":122,"Shovel":46,"Ring of Peace":186,"WingedGreaves":287,"hubris:ChampionShield":675,"Paper Frog":40,"Self Forming Clay":272,"Thread and Needle":167,"The Courier":324,"betterThird:NestCultRelic":329,"Omamori":100,"Frozen Egg 2":156,"MawBank":92,"sneckomod:BabySnecko":481,"Busted Crown":112,"Bloody Idol":39,"Orrery":421,"Turnip":141,"Champion Belt":456,"Bottled Lightning":717,"ReplayTheSpireMod:Lightbulb":92,"Toy Ornithopter":92,"CeramicFish":66,"Vajra":7,"Lizard Tail":24,"HornCleat":54,"downfall:GremlinWheel":387,"FaceOfCleric":9,"DollysMirror":151,"Strawberry":85,"Toxic Egg 2":20,"Happy Flower":36,"Ring of Hypnosis":375,"Dead Branch":11,"Astrolabe":635,"Oddly Smooth Stone":75,"Letter Opener":60,"Replay:Kaleidoscope":73,"War Paint":160,"Question Card":396,"Bottled Flame":41,"Replay:Baseball":97,"ReplayTheSpireMod:Shallot":67,"Shuriken":46,"Bronze Scales":127,"Molten Egg 2":24,"Simple Rune":118,"ReplayTheSpireMod:TigerMarble":66,"Nloth\u0027s Gift":387,"Black Star":439,"hubris:ToyBattleship":707,"Grinning Jar":106,"Meat on the Bone":290,"ReplayFunnel":137,"Darkstone Periapt":293,"ReplayTheSpireMod:Ring of Exchange":197,"Replay:PocketPolymizer":122,"Mango":99,"Incense Burner":156,"ClockworkSouvenir":75,"Frozen Eye":184,"SsserpentHead":441,"Replay:Bandana":254,"Mummified Hand":216,"Pantograph":55,"Gambling Chip":581,"Tiny Chest":410,"Red Skull":11,"Gremlin Food":47,"BargainBundle":89,"hexamod:CandleOfCauterizing":469,"ReplayTheSpireMod:Ninjato":129,"Replay:Towering Pillar of Hats":358,"Quantum Egg":50,"hexamod:Sixitude":637,"Orichalcum":100,"White Beast Statue":47,"Peace Pipe":156,"CaptainsWheel":0,"Anchor":123,"ChewingGum":138,"Another Sword":102,"Snack Pack":92,"Coffee Dripper":130,"TungstenRod":59},{"Replay:Accelerometer":982,"Spirit Poop":2006,"Sling":464,"Ring of Searing":1582,"Blood Vial":183,"hubris:AstralHammer":3271,"downfall:ExtraCursedKey":2662,"Replay:Bottled Flurry":727,"HandDrill":928,"Necronomicon":2493,"Replay:Bottled Steam":1866,"Blue Candle":1086,"Eternal Feather":2208,"Pen Nib":1804,"Akabeko":436,"Bird Faced Urn":28,"ReplayTheSpireMod:Ring of Collecting":865,"StrikeDummy":1896,"Unceasing Top":1996,"Regal Pillow":52,"Torii":381,"Singing Bowl":473,"King of Hearts":464,"Smiling Mask":1297,"Burning Blood":0,"Pet Ghost":375,"hubris:Backtick":3027,"Toolbox":125,"Chemical X":46,"Replay:Bottled Eggs":1495,"InkBottle":565,"Potion Belt":228,"Lee\u0027s Waffle":375,"Golden Idol":865,"PreservedInsect":668,"Ring of Greed":637,"Replay:Arrowhead":853,"Ornamental Fan":833,"Ring of Misfortune":228,"betterThird:SlimedRelic":475,"Ectoplasm":2380,"Art of War":239,"Garlic":644,"Durian":749,"hexamod:BolsterEngine":1700,"Ice Cream":404,"Divine Protection":1125,"Calipers":142,"Tiny House":1630,"Gremlin Horn":1157,"Nilry\u0027s Codex":46,"Sozu":2321,"Centennial Puzzle":475,"Honey Jar":1274,"Prayer Wheel":101,"Philosopher\u0027s Stone":1174,"Iron Hammer":146,"Girya":519,"hubris:Teleporter":3065,"ReplayTheSpireMod:CursedCoin":506,"Replay:Grab Bag":1209,"Charon\u0027s Ashes":860,"WarpedTongs":338,"Du-Vu Doll":2358,"ReplayTheSpireMod:Spearhead":928,"Onion Ring":286,"Mirror":1228,"Pocketwatch":1017,"Black Blood":1209,"Juzu Bracelet":506,"Replay:Mystery Machine":335,"Empty Cage":935,"Nunchaku":256,"Dream Catcher":1150,"Chameleon Ring":267,"TheAbacus":1495,"hubris:Icosahedron":3255,"Red Mask":101,"Replay:Bottled Snecko":1364,"Runic Pyramid":1209,"Guide Book":1761,"Replay:WaspNest":129,"Odd Mushroom":32,"Mercury Hourglass":375,"Calling Bell":38,"Strange Spoon":718,"Pondfish Scales":625,"Bag of Marbles":473,"Membership Card":335,"FossilizedHelix":150,"ReplayTheSpireMod:ShopPack":898,"Golden Egg":696,"Ginger":1054,"Whetstone":1947,"Bottled Tornado":1090,"Boot":2728,"Old Coin":431,"Replay:Ringing Soul":464,"Sundial":38,"MealTicket":52,"Kunai":146,"Replay:Wax Seal":125,"Electric Blood":319,"Pear":2358,"betterAltar:BloodRelic":802,"ReplayTheSpireMod:Ring of Addiction":228,"hubris:SphereOfDissonance":3215,"Replay:Ancient Bell":224,"SlaversCollar":1719,"Ooze Armor":825,"Pandora\u0027s Box":1961,"Mark of Pain":174,"Lantern":224,"Magic Flower":125,"StoneCalendar":286,"Blue Doll":845,"Replay:Multitool":528,"Bag of Preparation":741,"Cursed Key":81,"Replay:Rubber Ducky":565,"Shovel":224,"Ring of Peace":865,"WingedGreaves":1330,"hubris:ChampionShield":3057,"Paper Frog":188,"Self Forming Clay":1254,"Thread and Needle":782,"The Courier":1501,"betterThird:NestCultRelic":1532,"Omamori":460,"Frozen Egg 2":749,"MawBank":431,"sneckomod:BabySnecko":2211,"Busted Crown":501,"Bloody Idol":183,"Orrery":1965,"Turnip":671,"Champion Belt":2117,"Bottled Lightning":3271,"ReplayTheSpireMod:Lightbulb":431,"Toy Ornithopter":431,"CeramicFish":335,"Vajra":28,"Lizard Tail":102,"HornCleat":280,"downfall:GremlinWheel":1804,"FaceOfCleric":32,"DollysMirror":718,"Strawberry":409,"Toxic Egg 2":85,"Happy Flower":161,"Ring of Hypnosis":1743,"Dead Branch":38,"Astrolabe":2858,"Oddly Smooth Stone":375,"Letter Opener":306,"Replay:Kaleidoscope":363,"War Paint":759,"Question Card":1848,"Bottled Flame":193,"Replay:Baseball":448,"ReplayTheSpireMod:Shallot":338,"Shuriken":224,"Bronze Scales":593,"Molten Egg 2":102,"Simple Rune":534,"ReplayTheSpireMod:TigerMarble":335,"Nloth\u0027s Gift":1804,"Black Star":2041,"hubris:ToyBattleship":3221,"Grinning Jar":479,"Meat on the Bone":1347,"ReplayFunnel":648,"Darkstone Periapt":1364,"ReplayTheSpireMod:Ring of Exchange":916,"Replay:PocketPolymizer":565,"Mango":458,"Incense Burner":749,"ClockworkSouvenir":375,"Frozen Eye":860,"SsserpentHead":2050,"Replay:Bandana":1178,"Mummified Hand":1010,"Pantograph":286,"Gambling Chip":2606,"Tiny Chest":1920,"Red Skull":38,"Gremlin Food":228,"BargainBundle":422,"hexamod:CandleOfCauterizing":2176,"ReplayTheSpireMod:Ninjato":608,"Replay:Towering Pillar of Hats":1662,"Quantum Egg":245,"hexamod:Sixitude":2870,"Orichalcum":460,"White Beast Statue":228,"Peace Pipe":749,"CaptainsWheel":0,"Anchor":570,"ChewingGum":659,"Another Sword":464,"Snack Pack":431,"Coffee Dripper":625,"TungstenRod":303}],"Meat on the Bone":0},"card_choices":[{"not_picked":["True Grit","Body Slam"],"picked":"Twin Strike","floor":1},{"not_picked":["Shrug It Off","True Grit"],"picked":"Reckless Charge","floor":2},{"not_picked":["Headbutt","Warcry"],"picked":"Dropkick","floor":3},{"not_picked":["Intimidate","Searing Blow"],"picked":"Inflame","floor":5},{"not_picked":["Shrug It Off","Perfected Strike"],"picked":"Brutality","floor":6},{"not_picked":["Hemokinesis","Carnage"],"picked":"Impervious","floor":8},{"not_picked":["Perfected Strike","Cleave"],"picked":"Infernal Blade","floor":11},{"not_picked":["Twin Strike","Entrench"],"picked":"Iron Wave","floor":13},{"not_picked":["Evolve","Wild Strike"],"picked":"Sentinel","floor":14},{"not_picked":["Exhume","Fiend Fire"],"picked":"hubris:StunningStrike","floor":16},{"not_picked":["Thunderclap","Sword Boomerang"],"picked":"Hemokinesis","floor":18},{"not_picked":["Perfected Strike","Shrug It Off"],"picked":"Sword Boomerang","floor":21},{"not_picked":["Rampage","Clash"],"picked":"Thunderclap","floor":23},{"not_picked":["Wild Strike","Clash+1"],"picked":"Offering","floor":25},{"not_picked":["Flame Barrier","True Grit+1"],"picked":"Cleave","floor":27},{"not_picked":["Clothesline","Wild Strike"],"picked":"Shrug It Off","floor":28},{"not_picked":["Corruption","Iron Wave"],"picked":"Fire Breathing","floor":29},{"not_picked":["Wild Strike","Perfected Strike"],"picked":"Combust","floor":30},{"not_picked":["True Grit","Clash+1"],"picked":"Flame Barrier","floor":31},{"not_picked":["Immolate","Offering"],"picked":"Reaper","floor":33},{"not_picked":["Second Wind","Warcry"],"picked":"Infernal Blade","floor":35},{"not_picked":["Twin Strike","True Grit"],"picked":"Headbutt+1","floor":37},{"not_picked":["Clash","Perfected Strike"],"picked":"Dropkick","floor":39},{"not_picked":["Corruption","Wild Strike"],"picked":"Anger","floor":41}],"player_experience":452123,"relics_obtained":[{"floor":6,"key":"Smiling Mask"},{"floor":8,"key":"Kunai"},{"floor":9,"key":"White Beast Statue"},{"floor":17,"key":"Anchor"},{"floor":17,"key":"Gremlin Horn"},{"floor":17,"key":"Lizard Tail"},{"floor":20,"key":"Eternal Feather"},{"floor":23,"key":"hubris:SphereOfDissonance"},{"floor":25,"key":"hubris:ToyBattleship"},{"floor":26,"key":"Potion Belt"},{"floor":38,"key":"Ginger"},{"floor":41,"key":"Nunchaku"},{"floor":43,"key":"Bottled Lightning"}],"event_choices":[{"damage_healed":0,"gold_gain":0,"player_choice":"Ignored","damage_taken":0,"max_hp_gain":0,"max_hp_loss":0,"event_name":"Purifier","floor":4,"gold_loss":0},{"damage_healed":0,"gold_gain":0,"player_choice":"Got Potions","damage_taken":0,"max_hp_gain":0,"max_hp_loss":0,"event_name":"Lab","floor":19,"gold_loss":0}],"is_beta":false,"boss_relics":[{"not_picked":["hubris:BlackHole","hubris:RunicObelisk"],"picked":"Calling Bell"},{"not_picked":["SlaversCollar","Black Star"],"picked":"Mark of Pain"}],"items_purged_floors":[],"is_endless":false,"potions_floor_spawned":[5,6,11,13,14,16,18,21,23,25,27,28,29,30,31,33,35,37,39,41],"killed_by":"Jaw Worm Horde","ascension_level":16}}