{"host":"li7nr9q4d53iu1rb","time":1611872128,"event":{"mods":["AchievementEnabler","BaseMod","Colored Map","Colored Powertips","Downfall","Highlight Path","Minty Spire (QoL Compilation)","Permanent Neow","Quick Restart","Random Character Button","StSLib"],"gold_per_floor":[119,129,141,58,78,78,103,103,103,103,103,131,148,174,174,274,274,285,285,295,217,492,492,492],"floor_reached":23,"language":"ENG","playtime":1272,"items_purged":[],"score":240,"play_id":"4c4bad41-6587-4050-8123-56aa954ed8f9","local_time":"20210128181528","is_ascension_mode":true,"campfire_choices":[{"data":"Scrape","floor":6,"key":"SMITH"},{"floor":8,"key":"REST"},{"data":"Zap","floor":11,"key":"SMITH"},{"floor":15,"key":"REST"}],"circlet_count":0,"master_deck":["Strike_B","Defend_B","Defend_B","Defend_B","Defend_B","Zap+1","Dualcast","Gash","Hologram","Swift Strike","Scrape+1","Electrodynamics","Scrape","Coolheaded","Go for the Eyes","Machine Learning","CurseOfTheBell","White Noise","Glacier","Coolheaded","Go for the Eyes","Regret"],"relics":["Cracked Core","Nunchaku","Singing Bowl","Ginger","Calling Bell","Bag of Preparation","Pear","Thread and Needle"],"acts_visited":["Exordium","TheCity"],"potions_floor_usage":[13,14,16,23],"damage_taken":[{"damage":0,"enemies":"Cultist","floor":1,"turns":3},{"damage":7,"enemies":"Small Slimes","floor":2,"turns":3},{"damage":4,"enemies":"Jaw Worm","floor":3,"turns":3},{"damage":2,"enemies":"2 Fungi Beasts","floor":5,"turns":4},{"damage":32,"enemies":"3 Sentries","floor":7,"turns":6},{"damage":30,"enemies":"Lagavulin","floor":12,"turns":4},{"damage":19,"enemies":"Lots of Slimes","floor":13,"turns":2},{"damage":6,"enemies":"Gremlin Nob","floor":14,"turns":3},{"damage":10,"enemies":"Hexaghost","floor":16,"turns":7},{"damage":0,"enemies":"Chosen","floor":18,"turns":4},{"damage":0,"enemies":"Spheric Guardian","floor":20,"turns":3},{"damage":92,"enemies":"Slavers","floor":23,"turns":4}],"seed_played":"8743502073461427935","potions_obtained":[{"floor":2,"key":"Weak Potion"},{"floor":3,"key":"Dexterity Potion"},{"floor":12,"key":"LiquidMemories"},{"floor":14,"key":"PotionOfCapacity"},{"floor":16,"key":"Energy Potion"},{"floor":20,"key":"DuplicationPotion"}],"is_trial":false,"path_per_floor":["M","M","M","$","M","R","E","R","T","?","R","E","M","E","R","B",null,"M","?","M","$","?","E"],"character_chosen":"DEFECT","items_purchased":["Swift Strike","Coolheaded","Go for the Eyes"],"campfire_rested":2,"item_purchase_floors":[4,21,21],"current_hp_per_floor":[68,61,57,57,55,55,23,43,43,65,65,35,16,10,30,20,78,78,78,78,78,78,0,0],"gold":492,"neow_bonus":"REMOVE_TWO","is_daily":false,"chose_seed":false,"campfire_upgraded":2,"win_rate":0.0,"timestamp":1611872128,"path_taken":["M","?","M","?","M","R","E","R","T","?","R","E","M","E","R","BOSS","M","?","M","$","?","E"],"items_purchased_type":["Card","Card","Card"],"build_version":"2020-12-22","purchased_purges":0,"victory":false,"max_hp_per_floor":[68,68,68,68,68,68,68,68,68,68,68,68,68,68,68,68,78,78,78,78,78,78,78,78],"card_choices":[{"not_picked":["Rebound","BootSequence"],"picked":"Gash","floor":1},{"not_picked":["Ball Lightning","Sweeping Beam"],"picked":"Hologram","floor":2},{"not_picked":["Compile Driver","Streamline","Melter"],"picked":"SKIP","floor":3},{"not_picked":["Ball Lightning","Reinforced Body"],"picked":"Scrape","floor":5},{"not_picked":["Meteor Strike","Steam"],"picked":"Electrodynamics","floor":7},{"not_picked":["Double Energy","Static Discharge"],"picked":"Scrape","floor":12},{"not_picked":["Cold Snap","Fusion"],"picked":"Coolheaded","floor":13},{"not_picked":["Conserve Battery","Steam"],"picked":"Go for the Eyes","floor":14},{"not_picked":["Meteor Strike","Core Surge"],"picked":"Machine Learning","floor":16},{"not_picked":["Turbo","Chaos+1"],"picked":"White Noise","floor":18},{"not_picked":["Stack","BootSequence+1"],"picked":"Glacier","floor":20}],"player_experience":254272,"relics_obtained":[{"floor":7,"key":"Nunchaku"},{"floor":12,"key":"Singing Bowl"},{"floor":14,"key":"Ginger"},{"floor":17,"key":"Bag of Preparation"},{"floor":17,"key":"Pear"},{"floor":17,"key":"Thread and Needle"}],"event_choices":[{"damage_healed":22,"gold_gain":0,"player_choice":"Banana","damage_taken":0,"max_hp_gain":0,"max_hp_loss":0,"event_name":"Big Fish","floor":10,"gold_loss":0},{"cards_removed":["Strike_B"],"damage_healed":0,"gold_gain":0,"player_choice":"Elegance","damage_taken":0,"max_hp_gain":0,"max_hp_loss":0,"event_name":"Back to Basics","floor":19,"gold_loss":0},{"damage_healed":0,"gold_gain":275,"player_choice":"Desecrate","damage_taken":0,"max_hp_gain":0,"max_hp_loss":0,"event_name":"Golden Shrine","floor":22,"gold_loss":0,"cards_obtained":["Regret"]}],"is_beta":false,"boss_relics":[{"not_picked":["SacredBark","Astrolabe"],"picked":"Calling Bell"}],"items_purged_floors":[],"is_endless":false,"potions_floor_spawned":[2,3,12,14,16,20],"killed_by":"Slavers","ascension_level":3}}