{"host":"ibckqdmmf9y74ymf","time":1611834422,"event":{"mods":["2.2 Compatiblity","Ascension Unlocker","BaseMod","Colored Map","Curses Come First","Highlight Path","Minty Spire (QoL Compilation)","Quick Restart","Rare Cards Sparkle","Relic Stats","StSLib"],"gold_per_floor":[114,114,39,39,63,63,99,99,99,99,112,112,155,13,13,13,13],"floor_reached":16,"language":"ENG","playtime":293,"items_purged":["Strike_G","Strike_G"],"score":262,"play_id":"9d573789-8b07-4cd3-848e-2f8d3ff19c72","local_time":"20210128124702","is_ascension_mode":true,"campfire_choices":[{"data":"Poisoned Stab","floor":6,"key":"SMITH"},{"data":"Poisoned Stab","floor":8,"key":"SMITH"},{"data":"Dagger Spray","floor":12,"key":"SMITH"},{"floor":15,"key":"REST"}],"circlet_count":0,"master_deck":["AscendersBane","Strike_G","Strike_G+1","Strike_G+1","Defend_G","Defend_G","Defend_G","Defend_G","Defend_G","Survivor","Neutralize","Poisoned Stab+1","Backstab","Poisoned Stab+1","Dagger Spray+1","Blade Dance","Crippling Poison"],"relics":["Ring of the Snake","NeowsBlessing","Golden Idol","Omamori","Akabeko","Lantern","Bag of Preparation"],"acts_visited":["Exordium"],"potions_floor_usage":[13,16],"damage_taken":[{"damage":0,"enemies":"Jaw Worm","floor":1,"turns":1},{"damage":0,"enemies":"Small Slimes","floor":5,"turns":1},{"damage":0,"enemies":"3 Sentries","floor":7,"turns":1},{"damage":0,"enemies":"Cultist","floor":11,"turns":2},{"damage":22,"enemies":"Lagavulin","floor":13,"turns":4},{"damage":36,"enemies":"Slime Boss","floor":16,"turns":10}],"seed_played":"-258812411312785920","potions_obtained":[{"floor":7,"key":"Swift Potion"},{"floor":11,"key":"SpeedPotion"}],"is_trial":false,"path_per_floor":["M","?","$","?","M","R","E","R","T","?","M","R","E","$","R","B"],"character_chosen":"THE_SILENT","items_purchased":["Crippling Poison"],"campfire_rested":1,"item_purchase_floors":[14],"current_hp_per_floor":[59,59,59,54,54,54,54,54,54,36,36,36,14,14,32,0,0],"gold":13,"neow_bonus":"THREE_ENEMY_KILL","is_daily":false,"chose_seed":false,"campfire_upgraded":3,"win_rate":0.0,"timestamp":1611834422,"path_taken":["M","?","$","?","M","R","E","R","T","?","M","R","E","?","R","BOSS"],"items_purchased_type":["Card"],"build_version":"2020-12-22","purchased_purges":2,"victory":false,"max_hp_per_floor":[66,60,60,60,60,60,60,60,60,60,60,60,60,60,60,60,60],"relic_stats":{"counters":[6,19],"Golden Idol":24,"Bag of Preparation":[2],"obtain_stats":[{"Lantern":9,"NeowsBlessing":0,"Golden Idol":2,"Omamori":4,"Bag of Preparation":13,"Akabeko":7,"Ring of the Snake":0},{"Lantern":3,"NeowsBlessing":0,"Golden Idol":1,"Omamori":1,"Bag of Preparation":5,"Akabeko":3,"Ring of the Snake":0},{"Lantern":3,"NeowsBlessing":0,"Golden Idol":1,"Omamori":1,"Bag of Preparation":9,"Akabeko":3,"Ring of the Snake":0}],"Ring of the Snake":[12]},"card_choices":[{"not_picked":["Distraction","Acrobatics"],"picked":"Poisoned Stab","floor":1},{"not_picked":["Deadly Poison","Quick Slash"],"picked":"Backstab","floor":5},{"not_picked":["Catalyst","Prepared"],"picked":"Poisoned Stab","floor":7},{"not_picked":["Backflip","Outmaneuver"],"picked":"Dagger Spray","floor":11},{"not_picked":["Doppelganger","PiercingWail"],"picked":"Blade Dance","floor":13}],"player_experience":665987,"relics_obtained":[{"floor":7,"key":"Akabeko"},{"floor":9,"key":"Lantern"},{"floor":13,"key":"Bag of Preparation"}],"event_choices":[{"damage_healed":0,"gold_gain":0,"player_choice":"Lose Max HP","damage_taken":0,"relics_obtained":["Golden Idol"],"max_hp_gain":0,"max_hp_loss":6,"event_name":"Golden Idol","floor":2,"gold_loss":0},{"damage_healed":0,"gold_gain":0,"player_choice":"Success","damage_taken":5,"relics_obtained":["Omamori"],"max_hp_gain":0,"max_hp_loss":0,"event_name":"Scrap Ooze","floor":4,"gold_loss":0},{"damage_healed":0,"gold_gain":0,"player_choice":"Entered Light","damage_taken":18,"max_hp_gain":0,"max_hp_loss":0,"event_name":"Shining Light","floor":10,"gold_loss":0,"cards_upgraded":["Strike_G","Strike_G"]}],"is_beta":false,"boss_relics":[],"items_purged_floors":[3,14],"is_endless":false,"potions_floor_spawned":[7,11],"killed_by":"Slime Boss","ascension_level":20}}