{"host":"jmumkimrafwvkspb","time":1611835553,"event":{"mods":["AchievementEnabler","BaseMod","Colored Map","Minty Spire (QoL Compilation)","Replay The Spire","StSLib"],"gold_per_floor":[110,122,47,47,62,92,92,117,117,133,133,5,22,55,55,129,129,141,141,141,178,62,62,62],"floor_reached":23,"language":"ENG","playtime":1327,"items_purged":["Shame","Strike_P"],"score":418,"play_id":"573eb4c0-6edc-4506-bf38-283915fc0a55","local_time":"20210128130553","is_ascension_mode":true,"campfire_choices":[{"data":"Conclude","floor":7.0,"key":"SMITH"},{"data":"Eruption","floor":11.0,"key":"SMITH"}],"circlet_count":0,"master_deck":["AscendersBane","Strike_P","Strike_P","Strike_P","Defend_P","Defend_P","Defend_P+1","Defend_P","Eruption+1","Vigilance","FlurryOfBlows","CarveReality","Conclude+1","CutThroughFate","CarveReality+1","Protect","Replay:BluntJabs","DeusExMachina","Wish","WaveOfTheHand","J.A.X.","Replay:DivineShield","Study+1"],"relics":["PureWater","Thread and Needle","Darkstone Periapt","StoneCalendar","Replay:PocketPolymizer","Bottled Lightning","Philosopher\u0027s Stone","Nilry\u0027s Codex"],"acts_visited":["Exordium","TheCity"],"potions_floor_usage":[23],"damage_taken":[{"damage":2.0,"enemies":"Cultist","floor":1.0,"turns":3.0},{"damage":0.0,"enemies":"Small Slimes","floor":2.0,"turns":3.0},{"damage":8.0,"enemies":"2 Louse","floor":5.0,"turns":2.0},{"damage":8.0,"enemies":"Lagavulin","floor":6.0,"turns":6.0},{"damage":14.0,"enemies":"Replay:BlueRogue","floor":8.0,"turns":3.0},{"damage":0.0,"enemies":"Large Slime","floor":10.0,"turns":3.0},{"damage":0.0,"enemies":"Exordium Wildlife","floor":13.0,"turns":2.0},{"damage":4.0,"enemies":"Gremlin Nob","floor":14.0,"turns":3.0},{"damage":4.0,"enemies":"Hexaghost","floor":16.0,"turns":7.0},{"damage":2.0,"enemies":"3 Byrds","floor":18.0,"turns":5.0},{"damage":3.0,"enemies":"Chosen","floor":21.0,"turns":3.0},{"damage":40,"enemies":"Book of Stabbing","floor":23,"turns":3}],"seed_played":"2913777526297779793","potions_obtained":[{"floor":1.0,"key":"SpeedPotion"},{"floor":5.0,"key":"Swift Potion"},{"floor":6.0,"key":"Elixir"},{"floor":10.0,"key":"Dexterity Potion"},{"floor":16.0,"key":"AttackPotion"}],"is_trial":false,"path_per_floor":["M","M","$","?","M","E","R","E","T","M","R","$","M","E","R_BF","B",null,"M","?","?","M","$","E"],"character_chosen":"WATCHER","items_purchased":["Protect","Study+1","Block Potion"],"campfire_rested":0,"item_purchase_floors":[12,22,22],"current_hp_per_floor":[59,59,59,59,51,43,43,29,29,29,29,29,29,25,45,41,61,59,59,38,35,35,0,0],"gold":62,"neow_bonus":"ONE_RARE_RELIC","is_daily":false,"chose_seed":false,"campfire_upgraded":2,"win_rate":0.0,"timestamp":1611835553,"path_taken":["M","M","$","?","M","E","R","E","T","M","R","$","M","E","R_BF","BOSS","M","?","?","M","$","E"],"items_purchased_type":["Card","Card","Potion"],"build_version":"2020-12-22","purchased_purges":2,"victory":false,"max_hp_per_floor":[68,68,68,68,68,68,68,68,68,68,68,68,68,68,68,68,68,68,68,68,68,68,68,68],"card_choices":[{"not_picked":["Collect","JustLucky"],"picked":"FlurryOfBlows","floor":1.0},{"not_picked":["PathToVictory","SignatureMove"],"picked":"CarveReality","floor":2.0},{"not_picked":["Sanctity","Tantrum"],"picked":"Conclude","floor":5.0},{"not_picked":["Replay:Anticipation","Worship","FlyingSleeves"],"picked":"SKIP","floor":6.0},{"not_picked":["ClearTheMind","Collect"],"picked":"CutThroughFate","floor":8.0},{"not_picked":["Replay:ManipulateFuture","Replay:Anticipation"],"picked":"CarveReality","floor":10.0},{"not_picked":["CutThroughFate","JustLucky"],"picked":"Replay:BluntJabs","floor":13.0},{"not_picked":["Replay:AtTheReady","Replay:Anticipation"],"picked":"DeusExMachina","floor":14.0},{"not_picked":["ConjureBlade","Scrawl"],"picked":"Wish","floor":16.0},{"not_picked":["FlurryOfBlows","Halt"],"picked":"WaveOfTheHand","floor":18.0},{"not_picked":["MentalFortress+1","SignatureMove"],"picked":"Replay:DivineShield","floor":21.0}],"player_experience":1619408,"relics_obtained":[{"floor":6.0,"key":"Darkstone Periapt"},{"floor":8.0,"key":"StoneCalendar"},{"floor":9.0,"key":"Replay:PocketPolymizer"},{"floor":14.0,"key":"Bottled Lightning"},{"floor":20.0,"key":"Nilry\u0027s Codex"}],"event_choices":[{"damage_healed":0.0,"max_hp_gain":0.0,"max_hp_loss":0.0,"gold_gain":0.0,"event_name":"Drug Dealer","player_choice":"Obtain J.A.X.","floor":19.0,"gold_loss":0.0,"damage_taken":0.0,"cards_obtained":["J.A.X."]},{"damage_healed":0.0,"max_hp_gain":0.0,"max_hp_loss":0.0,"gold_gain":0.0,"event_name":"Cursed Tome","player_choice":"Obtained Book","floor":20.0,"gold_loss":0.0,"damage_taken":21.0}],"is_beta":false,"boss_relics":[{"not_picked":["Runic Dome","Replay:Bronze Core"],"picked":"Philosopher\u0027s Stone"}],"items_purged_floors":[3,12],"is_endless":false,"potions_floor_spawned":[1,5,6,10,16],"killed_by":"Book of Stabbing","ascension_level":20}}