{"host":"crmowuwgj9wiiaqp","time":1611855369,"event":{"mods":["BaseMod","Downfall","Minty Spire (QoL Compilation)","StSLib"],"gold_per_floor":[119,139,150,250,266,266,266,366,366,398,398,424,224,37,37,135,135,174,190,190,22,22,32,32,32,50,80,2,18,18,47,47,143,143,161,161,197,207,227,127,199,252,252,265,265,279,297,297,297,297,297,297],"floor_reached":50,"language":"ENG","playtime":5264,"items_purged":["downfall:Malfunctioning","sneckomod:Strike"],"score":640,"play_id":"cdd896d8-a152-4604-b569-2f2ba84c7006","local_time":"20210128103609","is_ascension_mode":false,"campfire_choices":[{"floor":6.0,"key":"RECALL"},{"floor":15.0,"key":"REST"},{"data":"sneckomod:DiceBoulder","floor":25.0,"key":"SMITH"},{"floor":30.0,"key":"REST"},{"data":"sneckomod:DiceBoulder+1","floor":45,"key":"SMITH"},{"floor":49,"key":"REST"}],"circlet_count":0,"master_deck":["sneckomod:Defend","sneckomod:Defend","sneckomod:Defend","sneckomod:TailWhip+1","sneckomod:SnekBite","sneckomod:Unknown","sneckomod:WideSting+1","sneckomod:UnknownVulnerable","sneckomod:ImprovisedAttack","sneckomod:Mudshield+1","sneckomod:DiceCrush","sneckomod:Unknown1Cost+1","Venomology","sneckomod:UnknownBlock","sneckomod:DiceCrush","sneckomod:Cheat+1","sneckomod:RainOfDice","sneckomod:DiceBoulder+2","sneckomod:UnknownUncommonPower+1","sneckomod:QuickMove","sneckomod:UnknownClassPURPLE","sneckomod:SoulExchange+1","sneckomod:QuickMove","BattleHymn+1","sneckomod:DiceBlock+1","sneckomod:UnendingSupply","sneckomod:UnknownWeak","sneckomod:SlitherStrike+1","Guardian:Gem_Green","sneckomod:UnknownWeak+1","Guardian:Recover","Doubt","sneckomod:SnakeSap+1","sneckomod:UnknownClassPURPLE+1","sneckomod:UnknownBlock+1","sneckomod:UnknownCommonSkill+1"],"relics":["sneckomod:SneckoSoul","Ginger","Mango","HornCleat","StoneCalendar","downfall:HeartBlessingGreen","downfall:HeartBlessingRed","Toolbox","SlaversCollar","Chemical X","MawBank","Dream Catcher","SacredBark","downfall:TeleportStone","downfall:HeartBlessingBlue","Toxic Egg 2","TungstenRod"],"acts_visited":["Exordium","TheCity","TheBeyond"],"potions_floor_usage":[42,42,44,46,46,50,50,50],"damage_taken":[{"damage":5.0,"enemies":"Small Slimes","floor":1.0,"turns":3.0},{"damage":1.0,"enemies":"Jaw Worm","floor":2.0,"turns":4.0},{"damage":5.0,"enemies":"2 Louse","floor":3.0,"turns":2.0},{"damage":16.0,"enemies":"Large Slime","floor":5.0,"turns":4.0},{"damage":30.0,"enemies":"downfall:Heads","floor":8.0,"turns":5.0},{"damage":12.0,"enemies":"3 Sentries","floor":10.0,"turns":4.0},{"damage":0.0,"enemies":"Gremlin Nob","floor":12.0,"turns":3.0},{"damage":0.0,"enemies":"downfall:FleeingMerchant","floor":14.0,"turns":4.0},{"damage":10.0,"enemies":"WA_ARCHETYPE_RETAIN","floor":16.0,"turns":7.0},{"damage":15.0,"enemies":"Shell Parasite","floor":18.0,"turns":7.0},{"damage":28.0,"enemies":"3 Byrds","floor":19.0,"turns":6.0},{"damage":0.0,"enemies":"downfall:FleeingMerchant","floor":21.0,"turns":4.0},{"damage":4.0,"enemies":"Centurion and Healer","floor":23.0,"turns":4.0},{"damage":16.0,"enemies":"Snake Plant","floor":26.0,"turns":3.0},{"damage":12.0,"enemies":"Slavers","floor":27.0,"turns":3.0},{"damage":0.0,"enemies":"downfall:FleeingMerchant","floor":28.0,"turns":4.0},{"damage":25.0,"enemies":"Chosen and Byrds","floor":29.0,"turns":4.0},{"damage":2.0,"enemies":"Book of Stabbing","floor":31.0,"turns":5.0},{"damage":30.0,"enemies":"SI_MIRROR_ARCHETYPE","floor":33.0,"turns":8.0},{"damage":10.0,"enemies":"3 Shapes","floor":35.0,"turns":7.0},{"damage":2.0,"enemies":"downfall:FleeingMerchant","floor":37.0,"turns":4.0},{"damage":26.0,"enemies":"3 Darklings","floor":38.0,"turns":6.0},{"damage":10.0,"enemies":"4 Shapes","floor":39.0,"turns":7.0},{"damage":77,"enemies":"2 Orb Walkers","floor":42,"turns":7},{"damage":21,"enemies":"Maw","floor":44,"turns":8},{"damage":12,"enemies":"3 Darklings","floor":46,"turns":3},{"damage":41,"enemies":"Spire Growth","floor":47,"turns":5},{"damage":198,"enemies":"IC_BLOCK_ARCHETYPE","floor":50,"turns":11}],"seed_played":"7822108879336669156","potions_obtained":[{"floor":1.0,"key":"GamblersBrew"},{"floor":3.0,"key":"Dexterity Potion"},{"floor":8.0,"key":"Explosive Potion"},{"floor":10.0,"key":"FairyPotion"},{"floor":18.0,"key":"sneckomod:CheatPotion"},{"floor":26.0,"key":"AttackPotion"},{"floor":27.0,"key":"Regen Potion"},{"floor":42,"key":"FairyPotion"},{"floor":46,"key":"Explosive Potion"},{"floor":47,"key":"sneckomod:OffclassReductionPotion"}],"is_trial":false,"path_per_floor":["M","M","M","?","M","R","T","?","?","E","?","E","R","$","R","B",null,"M","M","?","$","?","M","T","R","M","E","$","M","R","E","R","B",null,"M","?","$","M","M","R","T","?","?","M","R","M","M","?","R","B"],"character_chosen":"THE_SNECKO","items_purchased":["Toolbox","sneckomod:DiceCrush","Chemical X","sneckomod:UnendingSupply","sneckomod:UnknownWeak","sneckomod:DiceRollPotion"],"campfire_rested":3,"item_purchase_floors":[14,14,21,37,37,37],"current_hp_per_floor":[94,93,88,88,72,72,72,42,42,44,41,41,41,41,74,64,113,98,85,85,85,85,81,81,81,65,53,53,28,61,59,59,29,113,103,103,101,75,65,75,75,38,123,102,102,90,49,42,78,0,0,0],"gold":297,"neow_bonus":"TEN_PERCENT_HP_BONUS","is_daily":false,"chose_seed":false,"campfire_upgraded":2,"win_rate":0.0,"timestamp":1611855369,"path_taken":["M","M","M","?","M","R","T","?","?","E","?","E","R","$","R","BOSS","M","M","?","$","?","M","T","R","?","E","$","M","R","E","R","BOSS","M","?","?","?","M","R","T","?","?","M","R","M","M","?","R","BOSS"],"items_purchased_type":["Relic","Card","Relic","Card","Card","Potion"],"build_version":"2020-12-22","purchased_purges":2,"victory":false,"max_hp_per_floor":[99,99,99,99,99,99,99,99,99,113,113,113,113,113,113,113,113,113,113,113,113,113,113,113,113,113,113,113,113,113,113,113,113,113,113,113,113,113,113,123,123,123,123,123,123,123,123,123,123,123,123,123],"card_choices":[{"not_picked":["sneckomod:UnknownBlock","sneckomod:DiceBlock"],"picked":"sneckomod:WideSting","floor":1.0},{"not_picked":["sneckomod:SoulDraw","sneckomod:SnekBeam"],"picked":"sneckomod:UnknownVulnerable","floor":2.0},{"not_picked":["sneckomod:UnknownStrike","sneckomod:SlitherStrike"],"picked":"sneckomod:ImprovisedAttack","floor":3.0},{"not_picked":["sneckomod:Unknown0Cost","sneckomod:DiceBlock"],"picked":"sneckomod:Unknown1Cost","floor":5.0},{"not_picked":["sneckomod:UnknownDraw","sneckomod:DangerNoodle"],"picked":"sneckomod:DiceCrush","floor":8.0},{"not_picked":["sneckomod:RainOfDice","sneckomod:DiceBlock"],"picked":"sneckomod:Unknown1Cost","floor":10.0},{"not_picked":["sneckomod:CheapStock","sneckomod:UnknownDraw"],"picked":"sneckomod:UnknownCommonSkill","floor":12.0},{"not_picked":["sneckomod:UnknownStrike","sneckomod:IronFang"],"picked":"sneckomod:UnknownBlock","floor":14.0},{"not_picked":["sneckomod:DangerNoodle","sneckomod:SoulExchange"],"picked":"sneckomod:Cheat","floor":16.0},{"not_picked":["sneckomod:IronFang","sneckomod:UnknownCommonAttack+1"],"picked":"sneckomod:RainOfDice","floor":18.0},{"not_picked":["sneckomod:QuickBite","sneckomod:ImprovisedGuard"],"picked":"sneckomod:DiceBoulder","floor":19.0},{"not_picked":["sneckomod:DiceCrush","sneckomod:IronFang"],"picked":"sneckomod:UnknownUncommonPower+1","floor":21.0},{"not_picked":["sneckomod:SoulCleanse","sneckomod:DiceBoulder","sneckomod:UnknownCommonSkill"],"picked":"SKIP","floor":23.0},{"not_picked":["sneckomod:RainOfDice+1","sneckomod:CheapStock+1"],"picked":"sneckomod:QuickMove","floor":26.0},{"not_picked":["sneckomod:SnekBeam","sneckomod:UnknownExhaust+1"],"picked":"sneckomod:UnknownClassPURPLE","floor":27.0},{"not_picked":["sneckomod:CheapStock","sneckomod:SnakeSap"],"picked":"sneckomod:SoulExchange","floor":28.0},{"not_picked":["sneckomod:QuickBite","sneckomod:UnknownCommonAttack","sneckomod:WideSting"],"picked":"SKIP","floor":29.0},{"not_picked":["sneckomod:UnknownCommonSkill","sneckomod:UnknownClassGREEN"],"picked":"sneckomod:QuickMove","floor":31.0},{"not_picked":["sneckomod:SoulDraw+1","sneckomod:UnknownCommonSkill","sneckomod:UnknownUncommonPower"],"picked":"SKIP","floor":35.0},{"not_picked":["sneckomod:UnknownUncommonPower+1","sneckomod:UnknownDraw"],"picked":"sneckomod:DiceBlock+1","floor":37.0},{"not_picked":["sneckomod:WideSting+1","sneckomod:ImprovisedAttack"],"picked":"sneckomod:SlitherStrike+1","floor":38.0},{"not_picked":["Guardian:Gem_Cyan","Guardian:Gem_Lightblue"],"picked":"Guardian:Gem_Green","floor":38.0},{"not_picked":["sneckomod:UnknownUncommonSkill","sneckomod:UnknownCommonAttack"],"picked":"sneckomod:UnknownWeak+1","floor":39.0},{"not_picked":["sneckomod:UnknownUncommonSkill+1","sneckomod:UnknownVulnerable+1"],"picked":"sneckomod:SnakeSap+1","floor":44},{"not_picked":["sneckomod:MasterEye+1","sneckomod:QuickBite"],"picked":"sneckomod:UnknownClassPURPLE+1","floor":46},{"not_picked":["sneckomod:UnknownClassGUARDIAN+1","sneckomod:Unknown2Cost+1"],"picked":"sneckomod:UnknownBlock+1","floor":47},{"not_picked":["sneckomod:IronFang","sneckomod:Unknown1Cost+1"],"picked":"sneckomod:UnknownCommonSkill+1","floor":49}],"player_experience":1371438,"relics_obtained":[{"floor":7.0,"key":"Ginger"},{"floor":10.0,"key":"Mango"},{"floor":12.0,"key":"StoneCalendar"},{"floor":27.0,"key":"MawBank"},{"floor":31.0,"key":"Dream Catcher"},{"floor":41.0,"key":"Toxic Egg 2"},{"floor":42,"key":"TungstenRod"}],"event_choices":[{"damage_healed":0.0,"max_hp_gain":0.0,"max_hp_loss":0.0,"gold_gain":0.0,"event_name":"Scrap Ooze","player_choice":"Success","floor":11.0,"gold_loss":0.0,"damage_taken":3.0,"relics_obtained":["HornCleat"]},{"damage_healed":0.0,"max_hp_gain":0.0,"max_hp_loss":0.0,"gold_gain":0.0,"event_name":"Vampires","player_choice":"Ignored","floor":20.0,"gold_loss":0.0,"damage_taken":0.0},{"damage_healed":0,"gold_gain":0,"player_choice":"Fight","damage_taken":0,"max_hp_gain":0,"max_hp_loss":0,"event_name":"Mysterious Sphere","floor":42,"gold_loss":0}],"is_beta":false,"boss_relics":[{"not_picked":["Astrolabe","Philosopher\u0027s Stone"],"picked":"SlaversCollar"},{"not_picked":["Empty Cage","Calling Bell"],"picked":"SacredBark"}],"items_purged_floors":[28,37],"is_endless":false,"potions_floor_spawned":[1,3,8,10,16,18,26,27,29,42,46,47],"killed_by":"IC_BLOCK_ARCHETYPE","ascension_level":0}}