{"host":"9slw7l0ws16384qq","time":1611869074,"event":{"mods":["A Penny For Your Troubles","BaseMod","Colored Map","Downfall","Evolution","Hubris","Lobotomy","Minty Spire (QoL Compilation)","Replay The Spire","StS++","StSLib"],"gold_per_floor":[99,114,133,133,143,178,178,178,189,199,199,199,299,161,172,275,275,275,286,304,321,321,351,351,371,421,433,333,349,349,81,101,201,201,101,120,105,100,118,135,181,205,218,218,218,243,243,243,261,262],"floor_reached":51,"language":"FRA","playtime":2654,"items_purged":["Slimebound:Defend_Slimebound"],"score":776,"play_id":"f7668e99-2df6-46d9-814a-599652390794","local_time":"20210128222434","is_ascension_mode":false,"campfire_choices":[{"data":"Slimebound:Split","floor":1.0,"key":"SMITH"},{"data":"Slimebound:SplitSpecialist","floor":12.0,"key":"SMITH"},{"data":"Slimebound:FirmFortitude","floor":18,"key":"SMITH"},{"data":"Slimebound:GoopSpray","floor":28,"key":"SMITH"},{"floor":30,"key":"RECALL"},{"data":"Slimebound:GoopSpray","floor":35,"key":"SMITH"},{"data":"expansioncontent:QuickStudy","floor":44,"key":"SMITH"},{"data":"Slimebound:CorrosiveSpit","floor":47,"key":"SMITH"}],"circlet_count":0,"master_deck":["Slimebound:LevelUp+1","Slimebound:RollThrough","Slimebound:RollThrough","Slimebound:RollThrough","Slimebound:Tackle","Slimebound:GoopSpray+1","Slimebound:Split+1","Slimebound:CorrosiveSpit+1","Slimebound:SamplingLick","Slimebound:SplitSpecialist+1","Slimebound:SamplingLick","Slimebound:GoopSpray+1","Slimebound:FirmFortitude+1","Slimebound:HauntingLick+1","expansioncontent:QuickStudy+1","expansioncontent:AwakenDeath"],"relics":["Slimebound:AbsorbEndCombat","EVO:Axolotl","hubris:TinFlute","ReplayTheSpireMod:Shallot","hubris:Towel","Busted Crown","Oddly Smooth Stone","Shuriken","Vajra","downfall:HeartBlessingGreen","Iron Hammer","Velvet Choker","downfall:HeartBlessingRed","Guardian:PocketSentry","ReplayFunnel","hubris:ToyBattleship","Pantograph"],"acts_visited":["Exordium","TheCity","TheBeyond"],"potions_floor_usage":[23,50,50,50],"damage_taken":[{"damage":0.0,"enemies":"Cultist","floor":2.0,"turns":3.0},{"damage":7.0,"enemies":"Jaw Worm","floor":3.0,"turns":3.0},{"damage":0.0,"enemies":"Small Slimes","floor":5.0,"turns":3.0},{"damage":17.0,"enemies":"Gremlin Nob","floor":6.0,"turns":4.0},{"damage":11.0,"enemies":"Exordium Wildlife","floor":9.0,"turns":4.0},{"damage":0.0,"enemies":"Blue Slaver","floor":10.0,"turns":3.0},{"damage":0.0,"enemies":"Blue Slaver","floor":13.0,"turns":4.0},{"damage":0,"enemies":"downfall:FleeingMerchant","floor":14,"turns":4},{"damage":0,"enemies":"Gremlin Gang","floor":15,"turns":2},{"damage":43,"enemies":"DF_ARCHETYPE_STREAMLINE","floor":16,"turns":9},{"damage":6,"enemies":"Shell Parasite","floor":19,"turns":5},{"damage":0,"enemies":"3 Byrds","floor":20,"turns":4},{"damage":11,"enemies":"Cultist and Chosen","floor":21,"turns":5},{"damage":30,"enemies":"Book of Stabbing","floor":23,"turns":6},{"damage":1,"enemies":"Centurion and Healer","floor":25,"turns":5},{"damage":0,"enemies":"3 Cultists","floor":27,"turns":4},{"damage":8,"enemies":"Cultist and Chosen","floor":29,"turns":5},{"damage":8,"enemies":"downfall:FleeingMerchant","floor":31,"turns":4},{"damage":2,"enemies":"Sentry and Sphere","floor":32,"turns":4},{"damage":29,"enemies":"SI_MIRROR_ARCHETYPE","floor":33,"turns":11},{"damage":0,"enemies":"3 Darklings","floor":36,"turns":3},{"damage":0,"enemies":"downfall:FleeingMerchant","floor":37,"turns":4},{"damage":0,"enemies":"downfall:FleeingMerchant","floor":38,"turns":1},{"damage":0,"enemies":"Orb Walker","floor":39,"turns":2},{"damage":2,"enemies":"Jaw Worm Horde","floor":40,"turns":3},{"damage":0,"enemies":"Sphere and 2 Shapes","floor":43,"turns":3},{"damage":0,"enemies":"R_Hoarder","floor":46,"turns":7},{"damage":0,"enemies":"Writhing Mass","floor":49,"turns":5},{"damage":2,"enemies":"WA_ARCHETYPE_DIVINITY","floor":50,"turns":10}],"seed_played":"-1593037480122116252","potions_obtained":[{"floor":5.0,"key":"Block Potion"},{"floor":9.0,"key":"Dexterity Potion"},{"floor":10.0,"key":"Weak Potion"},{"floor":29,"key":"Dexterity Potion"},{"floor":32,"key":"Doom Potion"}],"is_trial":false,"path_per_floor":["R","M","M","?","M","E","T","?","M","M","?","R","?","$","M","B",null,"R","M","M","M","?","E","T","M","T","M","R","M","R","$","M","B",null,"R","M","$","$","M","M","T","T","M","R","?","E","R","?","M","B",null],"character_chosen":"SLIMEBOUND","items_purchased":["Slimebound:GoopSpray","Iron Hammer","Guardian:PocketSentry","expansioncontent:QuickStudy"],"campfire_rested":0,"item_purchase_floors":[14,31,38,38],"current_hp_per_floor":[65,65,62,62,64,52,52,52,47,53,53,53,57,63,65,26,65,65,61,65,58,58,36,36,43,43,51,51,51,51,49,55,34,65,65,65,65,65,65,65,65,65,65,65,65,65,65,65,65,65],"gold":262,"neow_bonus":"REMOVE_CARD","is_daily":false,"chose_seed":false,"campfire_upgraded":7,"win_rate":0.0,"timestamp":1611869074,"path_taken":["R","M","?","?","M","E","T","?","?","M","?","R","?","$","M","BOSS","R","M","?","M","?","E","T","M","?","M","R","M","R","$","M","BOSS","R","M","?","$","?","M","T","?","M","R","?","E","R","?","M","BOSS"],"items_purchased_type":["Card","Relic","Relic","Card"],"build_version":"2020-12-22","purchased_purges":1,"victory":true,"max_hp_per_floor":[65,65,65,65,65,65,65,65,65,65,65,65,65,65,65,65,65,65,65,65,65,65,65,65,65,65,65,65,65,65,65,65,65,65,65,65,65,65,65,65,65,65,65,65,65,65,65,65,65,65],"card_choices":[{"not_picked":["Slimebound:RollThrough","Slimebound:Schlurp"],"picked":"Slimebound:SamplingLick","floor":2.0},{"not_picked":["Slimebound:Repurpose","Slimebound:ServeAndProtect","Slimebound:RejuvenatingLick"],"picked":"SKIP","floor":3.0},{"not_picked":["Slimebound:Grow","Slimebound:Schlurp"],"picked":"Slimebound:SplitSpecialist","floor":5.0},{"not_picked":["Slimebound:PressTheAttack","Slimebound:Chomp","Slimebound:SplitBruiser"],"picked":"SKIP","floor":6.0},{"not_picked":["Slimebound:OozeBath","Slimebound:SplitLeeching","Slimebound:ForwardTackle"],"picked":"SKIP","floor":9.0},{"not_picked":["Slimebound:SplitMire","Slimebound:LeechingTouch"],"picked":"Slimebound:SamplingLick","floor":10.0},{"not_picked":["Slimebound:ComboTackle","Slimebound:SplitMire","Slimebound:FinishingTackle"],"picked":"SKIP","floor":13},{"not_picked":["Slimebound:Gluttony","Slimebound:LivingWall","Slimebound:ComboTackle"],"picked":"SKIP","floor":14},{"not_picked":["Slimebound:DisruptingSlam","Slimebound:GoopTackle","Slimebound:Prepare"],"picked":"SKIP","floor":15},{"not_picked":["Slimebound:Recycling","Slimebound:Overexert"],"picked":"Slimebound:FirmFortitude","floor":16},{"not_picked":[],"picked":"Slimebound:HauntingLick+1","floor":19},{"not_picked":["Slimebound:DisruptingSlam"],"picked":"SKIP","floor":20},{"not_picked":["Slimebound:Darklings"],"picked":"SKIP","floor":21},{"not_picked":["Slimebound:SlimeSlap"],"picked":"SKIP","floor":23},{"not_picked":["Slimebound:ForwardTackle"],"picked":"SKIP","floor":25},{"not_picked":["Slimebound:FormOfPuddle"],"picked":"SKIP","floor":27},{"not_picked":["Slimebound:ProtectTheBoss"],"picked":"SKIP","floor":29},{"not_picked":["Slimebound:GoopTackle+1"],"picked":"SKIP","floor":31},{"not_picked":["Slimebound:Grow+1"],"picked":"SKIP","floor":32},{"not_picked":["Slimebound:RollThrough+1"],"picked":"SKIP","floor":36},{"not_picked":["Slimebound:SpikyOuterGoop"],"picked":"SKIP","floor":37},{"not_picked":["Slimebound:Prepare"],"picked":"SKIP","floor":38},{"not_picked":["Slimebound:Recollect+1"],"picked":"SKIP","floor":39},{"not_picked":["Slimebound:LivingWall+1"],"picked":"SKIP","floor":40},{"not_picked":["Slimebound:LeechingTouch+1"],"picked":"SKIP","floor":43},{"not_picked":["Slimebound:ViciousTackle"],"picked":"SKIP","floor":46},{"not_picked":["expansioncontent:LastStand","expansioncontent:YouAreMine"],"picked":"expansioncontent:AwakenDeath","floor":48},{"not_picked":["Slimebound:CheckThePlaybook"],"picked":"SKIP","floor":49}],"player_experience":1517663,"relics_obtained":[{"floor":6.0,"key":"hubris:TinFlute"},{"floor":7.0,"key":"ReplayTheSpireMod:Shallot"},{"floor":23,"key":"Oddly Smooth Stone"},{"floor":24,"key":"Shuriken"},{"floor":26,"key":"Vajra"},{"floor":41,"key":"ReplayFunnel"},{"floor":42,"key":"hubris:ToyBattleship"},{"floor":46,"key":"Pantograph"}],"event_choices":[{"damage_healed":0,"gold_gain":0,"player_choice":"Ignored","damage_taken":0,"max_hp_gain":0,"max_hp_loss":0,"event_name":"Vampires","floor":22,"gold_loss":0}],"is_beta":false,"boss_relics":[{"not_picked":["Philosopher\u0027s Stone","Replay:Drink Me"],"picked":"Busted Crown"},{"not_picked":["Pandora\u0027s Box","hubris:TerracottaHorce"],"picked":"Velvet Choker"}],"items_purged_floors":[14],"is_endless":false,"potions_floor_spawned":[5,9,10,13,15,20,21,29,32,33,36,39,40,46],"ascension_level":0}}