{"host":"xsfbp1yx1f2ea5z7","time":1611821494,"event":{"mods":["AchievementEnabler","Act Like it!","Bard","BaseMod","Beaked The Cultist","Better Altar","Better Match","Better Note","Better Sensory Stone","Better Skull","Better Third Choice","BetterRewards","Block Reminder","ChefMod","Colored Map","Colored Powertips","Conspire","DeckTracker","Downfall","GifTheSpireLib","GungeonMod","Halation","Hermit","Hubris","Infinite Spire","Jedi Mod","Jorbs\u0027s Wanderer Trilogy","Marked Mod","Mimic Mod","Minty Spire (QoL Compilation)","Replay The Spire","Shade Mod","Spicy Shops","StSLib","The Blackbeard","The Cursed","The Hierophant","The Judge","The Jungle","The Mystic","The Runesmith","TheBandit","Unceasing Turn Reminder","Wandering Minibosses","everything is the same but u backflip on backflip"],"gold_per_floor":[112,112,125,248,248,248,248,248,248,248,218,218,218,88,88,88,88,88,88,88,88,88,88],"floor_reached":22,"language":"ENG","playtime":730,"items_purged":["Defend_P","Defend_P"],"score":174,"play_id":"5cf5e255-14bb-488e-86a9-d6127c11d200","local_time":"20210128161134","is_ascension_mode":false,"campfire_choices":[{"data":"Eruption","floor":6,"key":"SMITH"},{"data":"ConjureBlade","floor":8,"key":"SMITH"},{"data":"Scrawl","floor":10,"key":"SMITH"},{"data":"Chrysalis","floor":15,"key":"SMITH"}],"circlet_count":0,"master_deck":["Strike_P","Strike_P","Strike_P","Strike_P","Defend_P","Eruption+1","Vigilance","Prostrate","Scrawl+1","ConjureBlade+1","CrushJoints","Secret Technique","Master of Strategy","Chrysalis+1","Study+1"],"relics":["PureWater","jedi:ominousloannote","Bag of Marbles","Tiny Chest","halation:StarCompass","ReplayTheSpireMod:ShopPack","halation:HeavySnake","DemoMod:GlassGuonStoneRelic","hubris:BottledHeart","DemoMod:MemoryAlloy"],"acts_visited":["Exordium","TheCity"],"potions_floor_usage":[18,18],"damage_taken":[{"damage":0,"enemies":"Jaw Worm","floor":1,"turns":3},{"damage":0,"enemies":"infinitespire:Voidling","floor":3,"turns":2},{"damage":0,"enemies":"Cultist","floor":5,"turns":3},{"damage":15,"enemies":"2 Fungi Beasts","floor":7,"turns":2},{"damage":16,"enemies":"Exordium Thugs","floor":11,"turns":3},{"damage":0,"enemies":"Large Slime","floor":13,"turns":2},{"damage":39,"enemies":"Hexaghost","floor":16,"turns":12},{"damage":34,"enemies":"Shell Parasite","floor":18,"turns":5},{"damage":9,"enemies":"conspire:FuzzyDice","floor":22,"turns":2}],"seed_played":"6437936519152785258","potions_obtained":[{"floor":1,"key":"Elixir"},{"floor":5,"key":"jedi:wingpotion"},{"floor":13,"key":"SteroidPotion"},{"floor":16,"key":"BlessingOfTheForge"},{"floor":18,"key":"Milkshake"}],"is_trial":false,"path_per_floor":["M","?","M","$","M","R","M","R","T","R","M","?","M","$","R","B",null,"M","?","?","AVR","M"],"character_chosen":"WATCHER","items_purchased":["jedi:ominousloannote","Scrawl","Bag of Marbles","ReplayTheSpireMod:ShopPack"],"campfire_rested":0,"item_purchase_floors":[4,4,4,14],"current_hp_per_floor":[79,79,79,79,79,79,64,64,64,64,48,48,48,48,48,9,79,45,45,1,1,0,0],"gold":88,"neow_bonus":"TEN_PERCENT_HP_BONUS","is_daily":false,"chose_seed":false,"campfire_upgraded":4,"win_rate":0.0,"timestamp":1611821494,"path_taken":["M","?","?","?","M","R","?","R","T","R","M","?","M","$","R","BOSS","M","?","?","AVR","M"],"items_purchased_type":["Relic","Card","Relic","Relic"],"build_version":"2020-12-22","purchased_purges":2,"victory":false,"max_hp_per_floor":[79,79,79,79,79,79,79,79,79,79,79,79,79,79,79,79,79,79,79,1,1,1,1],"card_choices":[{"not_picked":["MarkedMod:GracefulMovements","Weave"],"picked":"Prostrate","floor":1},{"not_picked":["MarkedMod:GracefulMovements","Replay:AtTheReady","ThirdEye"],"picked":"SKIP","floor":3},{"not_picked":["Sanctity","Replay:Hum"],"picked":"ConjureBlade","floor":5},{"not_picked":["CutThroughFate","FlyingSleeves","WaveOfTheHand"],"picked":"SKIP","floor":7},{"not_picked":["Weave","WaveOfTheHand"],"picked":"CrushJoints","floor":11},{"not_picked":["ThirdEye","Consecrate","EmptyBody"],"picked":"SKIP","floor":13},{"not_picked":["Chrysalis","DemoMod:Deposit"],"picked":"Secret Technique","floor":14},{"not_picked":["Blind","Forethought"],"picked":"Master of Strategy","floor":14},{"not_picked":["Blind","hubris:EnhanceAbility"],"picked":"Chrysalis","floor":14},{"not_picked":["Protect","Consecrate+1"],"picked":"Study+1","floor":18}],"player_experience":23408,"relics_obtained":[{"floor":9,"key":"Tiny Chest"}],"event_choices":[{"cards_removed":["Defend_P"],"damage_healed":0,"gold_gain":0,"player_choice":"Offered Basic","damage_taken":0,"max_hp_gain":0,"max_hp_loss":0,"event_name":"Bonfire Elementals","floor":2,"gold_loss":0},{"damage_healed":0,"gold_gain":0,"player_choice":"Ignored","damage_taken":0,"max_hp_gain":0,"max_hp_loss":0,"event_name":"betterNote:BetterNote","floor":19,"gold_loss":0,"cards_obtained":["Battle Trance"]}],"is_beta":false,"boss_relics":[{"not_picked":["hubris:RunicObelisk","Sozu"],"picked":"halation:HeavySnake"}],"items_purged_floors":[4,21],"is_endless":false,"potions_floor_spawned":[1,5,13,16,18],"killed_by":"conspire:FuzzyDice","ascension_level":0}}