{"host":"92108ef2q9tm8rod","time":1611862739,"event":{"mods":["BaseMod","Defuse TimeMaze Blight","Minty Spire (QoL Compilation)","StSLib","The Jungle"],"gold_per_floor":[114,130,130,130,140,174,174,208,208,56,2,2,13,25,25,122,122,133,146,146,164,164,164,164,190,244,244,244,263,294,326,338,450,462,491,518,384,403,403,403,403,430,430,430,445,477,477,477,477,477],"floor_reached":51,"language":"ENG","playtime":1396,"items_purged":[],"score":878,"play_id":"74c17fff-6c4c-4ddf-b069-78c6fcc46ddc","local_time":"20210128193859","daily_mods":["SealedDeck","Heirloom","Flight"],"is_ascension_mode":false,"campfire_choices":[{"data":"Defragment","floor":7,"key":"SMITH"},{"data":"Loop","floor":12,"key":"SMITH"},{"floor":15,"key":"REST"},{"floor":23,"key":"REST"},{"floor":24,"key":"REST"},{"data":"Loop","floor":27,"key":"SMITH"},{"data":"Loop","floor":28,"key":"SMITH"},{"floor":32,"key":"REST"},{"data":"Good Instincts","floor":40,"key":"SMITH"},{"floor":41,"key":"REST"},{"data":"Auto Shields","floor":44,"key":"SMITH"},{"floor":47,"key":"REST"},{"floor":49,"key":"REST"}],"circlet_count":0,"master_deck":["Gash","Gash","Beam Cell","Auto Shields+1","Loop+1","Ball Lightning","Defragment+1","Loop+1","Ball Lightning","Thunder Strike","Loop+1","Conserve Battery","Redo+1","Electrodynamics","Good Instincts+1","Writhe"],"relics":["Cracked Core","StoneCalendar","Bronze Scales","Cables","Boot","ClockworkSouvenir","Darkstone Periapt","Busted Crown","Pear","PreservedInsect","MawBank","Black Star","Runic Capacitor","HornCleat","White Beast Statue","Gremlin Horn","Gambling Chip","Symbiotic Virus"],"acts_visited":["Exordium","Exordium","TheBeyond"],"potions_floor_usage":[3,6,8,38,46,46,50,50],"damage_taken":[{"damage":0,"enemies":"Small Slimes","floor":1,"turns":3},{"damage":11,"enemies":"Jaw Worm","floor":2,"turns":2},{"damage":0,"enemies":"Cultist","floor":5,"turns":3},{"damage":0,"enemies":"Gremlin Nob","floor":6,"turns":3},{"damage":7,"enemies":"3 Sentries","floor":8,"turns":4},{"damage":5,"enemies":"Lots of Slimes","floor":13,"turns":2},{"damage":6,"enemies":"3 Louse","floor":14,"turns":2},{"damage":0,"enemies":"Slime Boss","floor":16,"turns":3},{"damage":5,"enemies":"theJungle:GiantWrat","floor":18,"turns":3},{"damage":18,"enemies":"Shell Parasite","floor":19,"turns":3},{"damage":29,"enemies":"theJungle:2_Flameangoes","floor":21,"turns":4},{"damage":6,"enemies":"theJungle:MamaSnecko","floor":25,"turns":4},{"damage":16,"enemies":"theJungle:2_Snecko_Cultists","floor":29,"turns":3},{"damage":3,"enemies":"theJungle:2_Phrogs","floor":30,"turns":3},{"damage":12,"enemies":"theJungle:Lyon","floor":31,"turns":3},{"damage":8,"enemies":"theJungle:QueenSpyder","floor":33,"turns":5},{"damage":8,"enemies":"3 Darklings","floor":35,"turns":3},{"damage":10,"enemies":"Orb Walker","floor":36,"turns":3},{"damage":18,"enemies":"Sphere and 2 Shapes","floor":38,"turns":3},{"damage":6,"enemies":"Giant Head","floor":42,"turns":5},{"damage":38,"enemies":"Jaw Worm Horde","floor":45,"turns":3},{"damage":18,"enemies":"Nemesis","floor":46,"turns":4},{"damage":75,"enemies":"Donu and Deca","floor":50,"turns":6}],"seed_played":"7564452604765798725","potions_obtained":[{"floor":2,"key":"EntropicBrew"},{"floor":6,"key":"SkillPotion"},{"floor":13,"key":"Energy Potion"},{"floor":36,"key":"Weak Potion"},{"floor":45,"key":"FearPotion"},{"floor":46,"key":"SkillPotion"}],"is_trial":true,"path_per_floor":["M","M","?","?","M","E","R","E","T","$","?","R","M","M","R","B",null,"M","M","$","M","$","R","R","E","T","R","R","M","E","M","R","B",null,"M","M","$","M","?","R","R","E","T","R","M","E","R","?","R","B",null],"character_chosen":"DEFECT","items_purchased":["ClockworkSouvenir","Runic Capacitor"],"campfire_rested":7,"item_purchase_floors":[10,37],"current_hp_per_floor":[75,64,57,57,57,57,57,50,50,50,50,50,45,39,61,61,75,70,52,52,23,23,45,67,71,71,71,71,55,52,40,65,57,85,77,67,67,49,49,49,74,68,68,68,30,12,37,64,91,16],"gold":477,"neow_bonus":"","is_daily":false,"chose_seed":false,"campfire_upgraded":6,"win_rate":0.0,"timestamp":1611862739,"path_taken":["M","M","?","?","M","E","R","E","T","$","?","R","M","?","R","BOSS","M","M","$","M","$","R","R","E","T","R","R","M","E","?","R","BOSS","M","M","$","M","?","R","R","E","T","R","M","E","R","?","R","BOSS"],"items_purchased_type":["Relic","Relic"],"build_version":"2020-12-22","purchased_purges":0,"victory":true,"max_hp_per_floor":[75,75,75,75,75,75,75,75,75,75,75,75,75,75,75,75,75,75,75,75,75,75,75,75,85,85,85,85,85,85,85,85,85,85,85,85,85,85,85,85,85,85,85,85,85,85,85,91,91,91],"card_choices":[{"not_picked":["Streamline","Steam Power","Beam Cell"],"picked":"SKIP","floor":1},{"not_picked":["Go for the Eyes","Blizzard","Redo"],"picked":"SKIP","floor":2},{"not_picked":["Cold Snap","Leap","FTL"],"picked":"SKIP","floor":5},{"not_picked":["Fusion","Cold Snap"],"picked":"Thunder Strike","floor":6},{"not_picked":["Auto Shields","Rebound"],"picked":"Loop","floor":8},{"not_picked":["Reinforced Body","Steam","Compile Driver"],"picked":"SKIP","floor":13},{"not_picked":["Sweeping Beam","Rebound"],"picked":"Conserve Battery","floor":14},{"not_picked":["Rebound"],"picked":"SKIP","floor":18},{"not_picked":["Ball Lightning+1"],"picked":"SKIP","floor":19},{"not_picked":["Fusion"],"picked":"SKIP","floor":21},{"not_picked":["Steam Power"],"picked":"SKIP","floor":25},{"not_picked":["Stack"],"picked":"SKIP","floor":29},{"not_picked":[],"picked":"Redo+1","floor":30},{"not_picked":["Coolheaded"],"picked":"SKIP","floor":31},{"not_picked":[],"picked":"Electrodynamics","floor":33},{"not_picked":["Leap"],"picked":"SKIP","floor":35},{"not_picked":["Redo"],"picked":"SKIP","floor":36},{"not_picked":["Hologram+1"],"picked":"SKIP","floor":38},{"not_picked":[],"picked":"Good Instincts","floor":39},{"not_picked":["Steam Power"],"picked":"SKIP","floor":42},{"not_picked":["Coolheaded+1"],"picked":"SKIP","floor":45},{"not_picked":["Beam Cell"],"picked":"SKIP","floor":46}],"player_experience":3356764,"relics_obtained":[{"floor":6,"key":"Bronze Scales"},{"floor":8,"key":"Cables"},{"floor":9,"key":"Boot"},{"floor":25,"key":"Pear"},{"floor":26,"key":"PreservedInsect"},{"floor":30,"key":"MawBank"},{"floor":42,"key":"HornCleat"},{"floor":42,"key":"White Beast Statue"},{"floor":43,"key":"Gremlin Horn"},{"floor":46,"key":"Gambling Chip"},{"floor":46,"key":"Symbiotic Virus"}],"event_choices":[{"cards_removed":["Tempest"],"damage_healed":0,"gold_gain":0,"player_choice":"Card Removal","damage_taken":7,"max_hp_gain":0,"max_hp_loss":0,"event_name":"Golden Wing","floor":3,"gold_loss":0},{"damage_healed":0,"gold_gain":0,"player_choice":"Fled","damage_taken":0,"max_hp_gain":0,"max_hp_loss":0,"event_name":"Scrap Ooze","floor":4,"gold_loss":0},{"damage_healed":0,"gold_gain":0,"player_choice":"Paid Gold","damage_taken":0,"relics_obtained":["Darkstone Periapt"],"max_hp_gain":0,"max_hp_loss":0,"event_name":"WeMeetAgain","floor":11,"gold_loss":54},{"damage_healed":0,"gold_gain":0,"player_choice":"Memory 1","damage_taken":0,"max_hp_gain":0,"max_hp_loss":0,"event_name":"SensoryStone","floor":39,"gold_loss":0},{"damage_healed":21,"gold_gain":0,"player_choice":"Writhe","damage_taken":0,"max_hp_gain":0,"max_hp_loss":0,"event_name":"Winding Halls","floor":48,"gold_loss":0,"cards_obtained":["Writhe"]}],"is_beta":false,"boss_relics":[{"not_picked":["Astrolabe","Empty Cage"],"picked":"Busted Crown"},{"not_picked":["Calling Bell","Cursed Key"],"picked":"Black Star"}],"items_purged_floors":[],"is_endless":false,"potions_floor_spawned":[2,5,6,13,18,21,25,30,36,45,46],"ascension_level":0}}