{"host":"qekv59dthhdg54sz","time":1611856453,"event":{"mods":["AchievementEnabler","BaseMod","Colored Map","DeckTracker","KOR Keyword Fix","Minty Spire (QoL Compilation)","Rare Cards Sparkle","StSLib","SuperFastMode"],"gold_per_floor":[111,111,160,171,171,171,198,198,223,257,257,182,195,212,212,285,285,298,313,182,182,182],"floor_reached":21,"language":"KOR","playtime":404,"items_purged":["Strike_R"],"score":392,"play_id":"24262468-42a0-43f2-8023-fc0613a08c89","local_time":"20210129025413","is_ascension_mode":true,"campfire_choices":[{"data":"True Grit","floor":6.0,"key":"SMITH"},{"data":"Barricade","floor":8.0,"key":"SMITH"},{"data":"Battle Trance","floor":11.0,"key":"SMITH"},{"data":"Dark Embrace","floor":15.0,"key":"SMITH"}],"circlet_count":0,"master_deck":["AscendersBane","Strike_R","Strike_R","Strike_R","Defend_R","Defend_R+1","Defend_R","Defend_R+1","Bash","Inflame","True Grit+1","Barricade+1","Battle Trance+1","Dark Embrace+1","Body Slam","Flame Barrier","Shrug It Off"],"relics":["Burning Blood","NeowsBlessing","Lizard Tail","Red Skull","PreservedInsect","Orichalcum","War Paint","Runic Cube"],"acts_visited":["Exordium","TheCity"],"potions_floor_usage":[19],"damage_taken":[{"damage":0.0,"enemies":"Jaw Worm","floor":1.0,"turns":1.0},{"damage":0.0,"enemies":"Cultist","floor":4.0,"turns":1.0},{"damage":0.0,"enemies":"Lagavulin","floor":7.0,"turns":1.0},{"damage":12.0,"enemies":"Gremlin Nob","floor":10.0,"turns":4.0},{"damage":0.0,"enemies":"Small Slimes","floor":13.0,"turns":5.0},{"damage":8.0,"enemies":"Looter","floor":14.0,"turns":4.0},{"damage":33.0,"enemies":"Hexaghost","floor":16.0,"turns":13.0},{"damage":31,"enemies":"Chosen","floor":18,"turns":6},{"damage":26,"enemies":"3 Byrds","floor":19,"turns":5},{"damage":6,"enemies":"Centurion and Healer","floor":21,"turns":5}],"seed_played":"4758957151246482096","potions_obtained":[{"floor":7.0,"key":"EntropicBrew"},{"floor":10.0,"key":"LiquidMemories"},{"floor":16.0,"key":"Strength Potion"}],"is_trial":false,"path_per_floor":["M","?","T","M","?","R","E","R","T","E","R","$","M","M","R","B",null,"M","M","$","M"],"character_chosen":"IRONCLAD","items_purchased":["Dark Embrace","Shrug It Off"],"campfire_rested":0,"item_purchase_floors":[12,20],"current_hp_per_floor":[74,69,69,75,75,75,75,75,75,69,69,69,75,73,73,46,68,43,23,23,17,17],"gold":182,"neow_bonus":"THREE_ENEMY_KILL","is_daily":false,"chose_seed":false,"campfire_upgraded":4,"win_rate":0.0,"timestamp":1611856453,"path_taken":["M","?","?","?","?","R","E","R","T","E","R","$","M","M","R","BOSS","M","M","$","M"],"items_purchased_type":["Card","Card"],"build_version":"2020-12-22","purchased_purges":1,"victory":false,"max_hp_per_floor":[75,75,75,75,75,75,75,75,75,75,75,75,75,75,75,75,75,75,75,75,75,75],"card_choices":[{"not_picked":["Havoc","Headbutt"],"picked":"Inflame","floor":1.0},{"not_picked":["Havoc","Cleave"],"picked":"True Grit","floor":4.0},{"not_picked":["Iron Wave","Body Slam"],"picked":"Barricade","floor":7.0},{"not_picked":["Metallicize","Infernal Blade"],"picked":"Battle Trance","floor":10.0},{"not_picked":["Cleave","Rage"],"picked":"Body Slam","floor":13.0},{"not_picked":["Anger","Intimidate","Heavy Blade"],"picked":"SKIP","floor":14.0},{"not_picked":["Sword Boomerang","Inflame"],"picked":"Flame Barrier","floor":18},{"not_picked":["Rage","Twin Strike","Perfected Strike"],"picked":"SKIP","floor":19}],"player_experience":866524,"relics_obtained":[{"floor":3.0,"key":"Red Skull"},{"floor":7.0,"key":"PreservedInsect"},{"floor":9.0,"key":"Orichalcum"},{"floor":10.0,"key":"War Paint"}],"event_choices":[{"damage_healed":0.0,"max_hp_gain":0.0,"max_hp_loss":0.0,"gold_gain":0.0,"event_name":"Scrap Ooze","player_choice":"Success","floor":2.0,"gold_loss":0.0,"damage_taken":5.0,"relics_obtained":["Lizard Tail"]},{"cards_removed":["Strike_R"],"damage_healed":0.0,"max_hp_gain":0.0,"max_hp_loss":0.0,"gold_gain":0.0,"event_name":"Bonfire Elementals","player_choice":"Offered Basic","floor":5.0,"gold_loss":0.0,"damage_taken":0.0}],"is_beta":false,"boss_relics":[{"not_picked":["Pandora\u0027s Box","Coffee Dripper"],"picked":"Runic Cube"}],"items_purged_floors":[20],"is_endless":false,"potions_floor_spawned":[7,10,13,16,18],"killed_by":"Centurion and Healer","ascension_level":17}}