{"host":"Ringo","time":1611837474,"event":{"mods":["BaseMod","Colored Map","Conspire","Dota2Spire","Minty Spire (QoL Compilation)","Replay The Spire","StSLib","[IsaacMod]ÒÔÈö¼âËþ","¡¾ÒÅÎï¿¨ÅÆ¡¿REMEMod"],"gold_per_floor":[111,131,150,166,185,210,236,263,344,373,373,399,427,454,454,528,528,540,650,666,866,866,1192,1220,1246,1270,1302,688,713,744,276,276,351,351,661,704,905,925,925,1871,1905,1933,1933,1961,2261,538,713,135,135,223,247],"floor_reached":52,"language":"ZHS","playtime":1764,"items_purged":["Finisher"],"score":3798,"play_id":"fd28105c-522b-4748-a292-25cd72883da7","local_time":"20210128203754","daily_mods":["SealedDeck","Vintage","Heirloom","Time Dilation","Flight","DeadlyEvents","Elite Swarm","Lethality","Binary"],"is_ascension_mode":true,"campfire_choices":[{"data":"Terror","floor":11,"key":"SMITH"},{"data":"Eviscerate","floor":15,"key":"SMITH"},{"floor":32,"key":"DIG"},{"floor":45,"key":"DIG"},{"floor":49,"key":"DIG"}],"circlet_count":0,"master_deck":["AscendersBane","Backflip","Deflect","Acrobatics+1","Eviscerate+1","Underhanded Strike","Underhanded Strike","Dagger Throw","Terror+1","Prepared+1","Underhanded Strike","REME_TheLastStrike","Dagger Spray+1","Tactician","Backstab","Languid","Apotheosis","Underhanded Strike+1","Prepared","Sucker Punch+1","Slice+1","Riddle With Holes+1"],"relics":["Ring of the Snake","Busted Crown","HushsDoor","REME_ComplimentaryCards","replay:Trail_Library","Dota2Spire:Satanic","Chaos","Ice Cream","Dota2Spire:Mjollnir","Champion Belt","Burning Blood","YumHeart","Potion Belt","Replay:Antivirus Software","Void","SalivaCoin","DoctorsRemote","The Courier","Mercury Hourglass","Replay:Wanted Poster","ReplayTheSpireMod:Ninjato","War Paint","ReplayTheSpireMod:CursedCoin","Pantograph","Replay:Multitool","Orichalcum","TheBible","MyShadow","Bag of Marbles","ReplayTheSpireMod:ShopPack","Strawberry","Tingsha","Dota2Spire:OrchidMalevolence","Strange Spoon","BloodDonationBag","REME_IWantAll","BookOfRevelations","TheBean","Dota2Spire:AssaultCuirass","Art of War","Molten Egg 2","Dota2Spire:Dagon","Happy Flower","Gambling Chip","Old Coin","Dota2Spire:DrumOfEndurance","Gremlin Horn","REME_ArchaeologicalTools","Dota2Spire:DivineRapier","Dota2Spire:LinkenSphere","Boot","Leech","TwistedFunnel","Whetstone","Vampiric Spirits","Dota2Spire:Bloodstone","Dota2Spire:UrnOfShadows","Dota2Spire:EyeOfSkadi","Vajra"],"acts_visited":["Exordium","TheCity","TheBeyond"],"potions_floor_usage":[19,20,23,27,37,51,51,51,51],"damage_taken":[{"damage":0,"enemies":"Jaw Worm","floor":1,"turns":1},{"damage":0,"enemies":"Cultist","floor":2,"turns":1},{"damage":0,"enemies":"2 Louse","floor":3,"turns":1},{"damage":0,"enemies":"Red Slaver","floor":4,"turns":1},{"damage":0,"enemies":"conspire:2 RoseBushes","floor":5,"turns":1},{"damage":0,"enemies":"Gremlin Nob","floor":6,"turns":1},{"damage":0,"enemies":"Lagavulin","floor":7,"turns":1},{"damage":0,"enemies":"Gremlin Nob","floor":8,"turns":1},{"damage":0,"enemies":"Replay:BlueRogue","floor":10,"turns":1},{"damage":0,"enemies":"3 Sentries","floor":12,"turns":2},{"damage":0,"enemies":"Lagavulin","floor":13,"turns":1},{"damage":0,"enemies":"3 Sentries","floor":14,"turns":1},{"damage":0,"enemies":"Slime Boss","floor":16,"turns":1},{"damage":0,"enemies":"Chosen","floor":18,"turns":2},{"damage":0,"enemies":"Spheric Guardian","floor":19,"turns":1},{"damage":0,"enemies":"Shelled Parasite and Fungi","floor":20,"turns":1},{"damage":0,"enemies":"Hiden Room Battle","floor":21,"turns":1},{"damage":0,"enemies":"Slavers","floor":23,"turns":1},{"damage":0,"enemies":"Gremlin Leader","floor":24,"turns":1},{"damage":0,"enemies":"Book of Stabbing","floor":25,"turns":1},{"damage":0,"enemies":"conspire:Head Lice","floor":27,"turns":1},{"damage":0,"enemies":"REME_1_Revenger","floor":29,"turns":2},{"damage":0,"enemies":"conspire:SneckoGhost","floor":30,"turns":2},{"damage":0,"enemies":"Collector","floor":33,"turns":1},{"damage":0,"enemies":"3 Darklings","floor":35,"turns":1},{"damage":22,"enemies":"3 Shapes","floor":36,"turns":1},{"damage":0,"enemies":"Transient","floor":37,"turns":3},{"damage":0,"enemies":"Maw","floor":38,"turns":2},{"damage":0,"enemies":"Giant Head","floor":40,"turns":1},{"damage":0,"enemies":"R_Hoarder","floor":41,"turns":1},{"damage":0,"enemies":"Giant Head","floor":42,"turns":2},{"damage":0,"enemies":"R_Hoarder","floor":44,"turns":2},{"damage":0,"enemies":"Nemesis","floor":47,"turns":1},{"damage":0,"enemies":"Donu and Deca","floor":50,"turns":1},{"damage":0,"enemies":"Awakened One","floor":51,"turns":2}],"seed_played":"-5049488723320021218","potions_obtained":[{"floor":3,"key":"EssenceOfSteel"},{"floor":4,"key":"Dexterity Potion"},{"floor":13,"key":"FearPotion"},{"floor":16,"key":"Fire Potion"},{"floor":21,"key":"Weak Potion"},{"floor":24,"key":"BlessingOfTheForge"},{"floor":25,"key":"Elixir"},{"floor":29,"key":"Regen Potion"},{"floor":36,"key":"Swift Potion"},{"floor":41,"key":"Poison Potion"},{"floor":44,"key":"Dota2Spire:Clarity"}],"is_trial":true,"path_per_floor":["M","M","M","M","M","E","E","E","T","E","R","E","E","E","R","B",null,"M","M","M","?","?","E","E","E","T","E","$","E","E","$","R","B",null,"M","M","M","M","T","E","E","E","T","E","R","$","E","$","R","B","B",null],"character_chosen":"THE_SILENT","items_purchased":["Tactician","Backstab","Apotheosis","Underhanded Strike","MyShadow","ReplayTheSpireMod:ShopPack","Strawberry","Tingsha","Dota2Spire:DrumOfEndurance","Gremlin Horn","REME_ArchaeologicalTools","Dota2Spire:DivineRapier","Dota2Spire:LinkenSphere","Boot","Leech","Slice+1","Riddle With Holes+1","TwistedFunnel","Whetstone","Vampiric Spirits","Dota2Spire:Bloodstone","Dota2Spire:EyeOfSkadi"],"campfire_rested":0,"item_purchase_floors":[17,17,28,28,28,31,31,31,46,46,46,46,46,46,46,46,46,46,46,46,46,48],"current_hp_per_floor":[59,59,59,59,65,66,66,66,66,66,66,66,66,66,66,66,61,61,61,61,61,61,61,61,61,61,61,61,61,61,68,68,68,68,68,52,68,68,68,68,68,68,68,68,68,1,68,73,73,73,73],"gold":247,"neow_bonus":"","is_daily":false,"chose_seed":false,"campfire_upgraded":2,"win_rate":0.0,"timestamp":1611837474,"path_taken":["M","M","M","M","M","E","E","E","T","E","R","E","E","E","R","BOSS","M","M","M","?","?","E","E","E","T","E","$","E","E","$","R","BOSS","M","M","M","M","?","E","E","E","T","E","R","?","E","$","R","BOSS","BOSS"],"items_purchased_type":["Card","Card","Card","Card","Relic","Relic","Relic","Relic","Relic","Relic","Relic","Relic","Relic","Relic","Relic","Card","Card","Relic","Relic","Relic","Relic","Relic"],"build_version":"2020-12-18","purchased_purges":1,"victory":true,"max_hp_per_floor":[66,66,66,66,66,66,66,66,66,66,66,66,66,66,66,66,61,61,61,61,61,61,61,61,61,61,61,61,61,61,68,68,68,68,68,68,68,68,68,68,68,68,68,68,68,68,68,73,73,73,73],"card_choices":[],"player_experience":576558,"relics_obtained":[{"floor":1,"key":"Ice Cream"},{"floor":2,"key":"Dota2Spire:Mjollnir"},{"floor":3,"key":"Champion Belt"},{"floor":4,"key":"Burning Blood"},{"floor":5,"key":"Sozu"},{"floor":6,"key":"YumHeart"},{"floor":7,"key":"Potion Belt"},{"floor":8,"key":"Replay:Antivirus Software"},{"floor":9,"key":"Void"},{"floor":10,"key":"SalivaCoin"},{"floor":12,"key":"DoctorsRemote"},{"floor":13,"key":"The Courier"},{"floor":14,"key":"REME_LimitBreaker"},{"floor":18,"key":"Solar Panel"},{"floor":19,"key":"Replay:Wanted Poster"},{"floor":20,"key":"ReplayTheSpireMod:Ninjato"},{"floor":21,"key":"War Paint"},{"floor":21,"key":"ReplayTheSpireMod:CursedCoin"},{"floor":23,"key":"BloodDonationMachine"},{"floor":24,"key":"Pantograph"},{"floor":25,"key":"Replay:Multitool"},{"floor":26,"key":"Orichalcum"},{"floor":27,"key":"TheBible"},{"floor":29,"key":"Chemical X"},{"floor":30,"key":"Bag of Marbles"},{"floor":32,"key":"Dota2Spire:OrchidMalevolence"},{"floor":35,"key":"REME_IWantAll"},{"floor":36,"key":"BookOfRevelations"},{"floor":37,"key":"TheBean"},{"floor":38,"key":"Dota2Spire:AssaultCuirass"},{"floor":39,"key":"Art of War"},{"floor":40,"key":"Molten Egg 2"},{"floor":41,"key":"Dota2Spire:Dagon"},{"floor":42,"key":"conspire:IceCreamScoop"},{"floor":43,"key":"Happy Flower"},{"floor":44,"key":"Gambling Chip"},{"floor":45,"key":"Old Coin"},{"floor":47,"key":"Dota2Spire:UrnOfShadows"},{"floor":49,"key":"Vajra"}],"event_choices":[{"damage_healed":0,"gold_gain":0,"player_choice":"Fight","damage_taken":0,"max_hp_gain":0,"max_hp_loss":0,"event_name":"HidenRoomEvent","floor":21,"gold_loss":0}],"is_beta":true,"boss_relics":[{"not_picked":["PunchingBag","ChewingGum"],"picked":"Mercury Hourglass"},{"not_picked":[]},{"not_picked":["Sundial","Orrery"],"picked":"Strange Spoon"},{"not_picked":[]}],"items_purged_floors":[28],"is_endless":false,"potions_floor_spawned":[3,4,6,13,16,21,24,25,29,36,41,44,47],"ascension_level":20}}