{"host":"hoz3ngw650fbea07","time":1611859496,"event":{"mods":["AchievementEnabler","Aspiration","BaseMod","CCEM2","Colored Map","Conspire","Downfall","GifTheSpireLib","Infinite Spire","Minty Spire (QoL Compilation)","Permanent Neow","StSLib","Waifu the Spire"],"gold_per_floor":[99,99,16,16,41,75,75,75,75,85,101,118,153,175,185,286,286,186,201,219,219,241,343,370,370,402,406,406,406],"floor_reached":27,"language":"ENG","playtime":1444,"items_purged":[],"score":265,"play_id":"69acd8d5-a91f-4925-866c-3b3301f33072","local_time":"20210128114456","is_ascension_mode":true,"campfire_choices":[{"data":"Guardian:TwinSlam","floor":1.0,"key":"SMITH"},{"floor":8.0,"key":"REST"},{"data":"Guardian:TimeSifter","floor":18,"key":"SMITH"}],"circlet_count":0,"master_deck":["Guardian:Strike_Guardian","Guardian:Strike_Guardian","Guardian:Strike_Guardian","Guardian:Defend_Guardian","Guardian:Defend_Guardian","Guardian:Defend_Guardian","Guardian:Defend_Guardian","Guardian:CurlUp","Guardian:TwinSlam+1","infinitespire:TheBestDefense","Guardian:Harden","Guardian:SpikerProtocol","Guardian:ChargeUp","Guardian:StasisStrike","Guardian:DecasProtection","Guardian:GatlingBeam","Guardian:TimeSifter+1","Guardian:Planning","Guardian:PolyBeam","J.A.X."],"relics":["Guardian:ModeShifter","Thread and Needle","infinitespire:Eraser","Smiling Mask","infinitespire:Midas Blood","Centennial Puzzle","CCEMRelics:DarkMatter","downfall:HeartBlessingGreen","MutagenicStrength","CCEMRelics:SpiritsEdge","CCEMRelics:SelfSharpeningBlade"],"acts_visited":["Exordium","TheCity"],"potions_floor_usage":[12,15,15,19,26],"damage_taken":[{"damage":0.0,"enemies":"downfall:FleeingMerchant","floor":3.0,"turns":4.0},{"damage":7.0,"enemies":"conspire:MimicChest","floor":5.0,"turns":4.0},{"damage":10.0,"enemies":"3 Sentries","floor":6.0,"turns":9.0},{"damage":0.0,"enemies":"Jaw Worm","floor":10.0,"turns":5.0},{"damage":3,"enemies":"conspire:RoseBush","floor":11,"turns":2},{"damage":8,"enemies":"2 Louse","floor":12,"turns":3},{"damage":15,"enemies":"Lagavulin","floor":13,"turns":8},{"damage":13,"enemies":"conspire:2 RoseBushes","floor":14,"turns":5},{"damage":0,"enemies":"Lots of Slimes","floor":15,"turns":5},{"damage":20,"enemies":"DF_ARCHETYPE_STREAMLINE","floor":16,"turns":6},{"damage":6,"enemies":"Shell Parasite","floor":19,"turns":5},{"damage":19,"enemies":"Centurion and Healer","floor":20,"turns":3},{"damage":16,"enemies":"Sentry and Sphere","floor":22,"turns":6},{"damage":10,"enemies":"downfall:Augmenter","floor":23,"turns":4},{"damage":26,"enemies":"Book of Stabbing","floor":26,"turns":5},{"damage":8,"enemies":"Cultist and Chosen","floor":27,"turns":1}],"seed_played":"5734457714895271228","potions_obtained":[{"floor":5.0,"key":"AttackPotion"},{"floor":11,"key":"BlessingOfTheForge"},{"floor":13,"key":"Dexterity Potion"},{"floor":14,"key":"DuplicationPotion"},{"floor":16,"key":"SkillPotion"},{"floor":20,"key":"Dexterity Potion"},{"floor":23,"key":"LiquidMemories"},{"floor":26,"key":"Fruit Juice"}],"is_trial":false,"path_per_floor":["R","?","$","?","?","E","T","R","?","M","M","M","E","M","M","B",null,"R","M","M","?","M","?","T","?","E","M"],"character_chosen":"GUARDIAN","items_purchased":["Guardian:SpikerProtocol"],"campfire_rested":1,"item_purchase_floors":[3],"current_hp_per_floor":[56,37,37,37,30,20,20,44,80,80,77,69,54,41,41,21,80,80,74,55,55,39,29,29,29,3,0,0,0],"gold":406,"neow_bonus":"ONE_RARE_RELIC","is_daily":false,"chose_seed":false,"campfire_upgraded":2,"win_rate":0.0,"timestamp":1611859496,"path_taken":["R","?","$","?","?","E","T","R","?","M","M","M","E","M","M","BOSS","R","M","?","?","M","?","T","?","E","M"],"items_purchased_type":["Card"],"build_version":"2020-12-22","purchased_purges":0,"victory":false,"max_hp_per_floor":[80,80,80,80,80,80,80,80,80,80,80,80,80,80,80,80,80,80,80,80,80,80,80,80,80,80,80,80,80],"card_choices":[{"not_picked":["infinitespire:FutureSight","infinitespire:Menacing"],"picked":"infinitespire:TheBestDefense","floor":2.0},{"not_picked":["Guardian:RollAttack","Guardian:Gem_Red"],"picked":"Guardian:Harden","floor":3.0},{"not_picked":["Guardian:PrimingBeam","Guardian:RollAttack"],"picked":"Guardian:ChargeUp","floor":5.0},{"not_picked":["Guardian:TemporalShield","Guardian:TimeCapacitor"],"picked":"Guardian:Gem_Red","floor":6.0},{"not_picked":["Guardian:ChargeUp","Guardian:Emergency"],"picked":"Guardian:StasisStrike","floor":10.0},{"not_picked":["Guardian:PrimingBeam","Guardian:TemporalShield","Guardian:Suspension"],"picked":"SKIP","floor":11},{"not_picked":["Guardian:TemporalShield","Guardian:Gem_Cyan","Guardian:VentSteam"],"picked":"SKIP","floor":12},{"not_picked":["Guardian:Clone","Guardian:VentSteam","Guardian:Gem_Yellow"],"picked":"SKIP","floor":13},{"not_picked":["Guardian:RefractedBeam","Guardian:Gem_Cyan"],"picked":"Guardian:DecasProtection","floor":14},{"not_picked":["Guardian:Gem_Cyan","Guardian:Gem_Lightblue"],"picked":"Guardian:GatlingBeam","floor":15},{"not_picked":["Guardian:StasisStrike","Guardian:Gem_Orange"],"picked":"Guardian:TimeSifter","floor":16},{"not_picked":["Guardian:Incinerate+1","Guardian:VentSteam+1","Guardian:Gem_Green"],"picked":"SKIP","floor":19},{"not_picked":["Guardian:VentSteam+1","Guardian:Gem_White"],"picked":"Guardian:DecasProtection","floor":20},{"not_picked":["Guardian:Reroute","Guardian:Gem_Red","Guardian:SentryBeam"],"picked":"SKIP","floor":22},{"not_picked":[],"picked":"J.A.X.","floor":23},{"not_picked":["Guardian:PrismaticBeam","Guardian:Gem_Red","Guardian:Incinerate"],"picked":"SKIP","floor":26}],"player_experience":127745,"relics_obtained":[{"floor":5.0,"key":"infinitespire:Eraser"},{"floor":6.0,"key":"Smiling Mask"},{"floor":7.0,"key":"infinitespire:Midas Blood"},{"floor":13,"key":"Centennial Puzzle"},{"floor":23,"key":"MutagenicStrength"},{"floor":24,"key":"CCEMRelics:SpiritsEdge"},{"floor":26,"key":"CCEMRelics:SelfSharpeningBlade"}],"event_choices":[{"damage_healed":0.0,"max_hp_gain":0.0,"max_hp_loss":0.0,"gold_gain":0.0,"event_name":"conspire:Investor","player_choice":"Leave","floor":4.0,"gold_loss":0.0,"damage_taken":0.0},{"damage_healed":36.0,"max_hp_gain":0.0,"max_hp_loss":0.0,"gold_gain":0.0,"event_name":"Wheel of Change","player_choice":"Full Heal","floor":9.0,"gold_loss":0.0,"damage_taken":0.0},{"damage_healed":0,"gold_gain":0,"player_choice":"Ignored","damage_taken":0,"max_hp_gain":0,"max_hp_loss":0,"event_name":"Ghosts","floor":21,"gold_loss":0},{"damage_healed":0,"gold_gain":0,"player_choice":"Ignored","damage_taken":0,"max_hp_gain":0,"max_hp_loss":0,"event_name":"Vampires","floor":25,"gold_loss":0}],"is_beta":false,"boss_relics":[{"not_picked":["Astrolabe","conspire:SeveredTorchhead"],"picked":"CCEMRelics:DarkMatter"}],"items_purged_floors":[],"is_endless":false,"potions_floor_spawned":[5,11,13,14,16,20,23,26],"killed_by":"Cultist and Chosen","ascension_level":2}}