{"host":"3a1ypf1irl30q4k8","time":1611839558,"event":{"mods":["AchievementEnabler","BaseMod","Bestiary","Colored Map","Minty Spire (QoL Compilation)","Relic Stats"],"gold_per_floor":[111,186,205,218,233,233,263,263,287,318,15,15,15,15,15,111,111,125,125,125,140,157,157,187,219,219,231,231,231,231,259,259,357,357,367,367,16,30,30,30,58,69,69,86,86,116,116,148,148,148,148],"floor_reached":50,"language":"ENG","playtime":3111,"items_purged":["Strike_R","Strike_R"],"score":774,"play_id":"c7c631ee-63be-4d84-b34a-fd5897853ba2","local_time":"20210128131238","is_ascension_mode":true,"campfire_choices":[{"data":"Bash","floor":6.0,"key":"SMITH"},{"data":"Uppercut","floor":8.0,"key":"SMITH"},{"data":"Apotheosis","floor":13.0,"key":"SMITH"},{"data":"Iron Wave","floor":15.0,"key":"SMITH"},{"data":"Shrug It Off","floor":23.0,"key":"SMITH"},{"floor":28.0,"key":"REST"},{"floor":32.0,"key":"REST"},{"data":"Rupture","floor":40.0,"key":"SMITH"},{"floor":49,"key":"RECALL"}],"circlet_count":0,"master_deck":["Defend_R","Defend_R","Bash+1","Iron Wave+1","Dropkick","Cleave","Shrug It Off","Uppercut+1","Shrug It Off","Apotheosis+1","Pain","Demon Form","Heavy Blade","Rupture+1","Sever Soul","Shrug It Off+1","Seeing Red+1","Inflame","Spot Weakness","Impervious","Uppercut+1","True Grit+1","Power Through","Blind"],"relics":["Burning Blood","Tiny Chest","Red Skull","Bronze Scales","WarpedTongs","Snecko Eye","Vajra","Red Mask","Matryoshka","Nilry\u0027s Codex","Strawberry","Lizard Tail","Pear","Empty Cage","Shuriken","HornCleat","Prayer Wheel","Sundial","Bag of Marbles","Pen Nib","Ancient Tea Set","Du-Vu Doll"],"acts_visited":["Exordium","TheCity","TheBeyond"],"potions_floor_usage":[],"damage_taken":[{"damage":6.0,"enemies":"2 Louse","floor":1.0,"turns":3.0},{"damage":4.0,"enemies":"Jaw Worm","floor":3.0,"turns":3.0},{"damage":1.0,"enemies":"Cultist","floor":4.0,"turns":3.0},{"damage":11.0,"enemies":"Blue Slaver","floor":5.0,"turns":3.0},{"damage":12.0,"enemies":"3 Sentries","floor":7.0,"turns":5.0},{"damage":22.0,"enemies":"Lagavulin","floor":10.0,"turns":4.0},{"damage":26.0,"enemies":"Hexaghost","floor":16.0,"turns":6.0},{"damage":10.0,"enemies":"Shell Parasite","floor":18.0,"turns":3.0},{"damage":11.0,"enemies":"2 Thieves","floor":21.0,"turns":2.0},{"damage":10.0,"enemies":"Chosen and Byrds","floor":22.0,"turns":4.0},{"damage":9.0,"enemies":"Book of Stabbing","floor":24.0,"turns":3.0},{"damage":19.0,"enemies":"Masked Bandits","floor":25.0,"turns":3.0},{"damage":30.0,"enemies":"Snake Plant","floor":27.0,"turns":3.0},{"damage":63.0,"enemies":"Gremlin Leader","floor":31.0,"turns":4.0},{"damage":11.0,"enemies":"Automaton","floor":33.0,"turns":6.0},{"damage":39.0,"enemies":"3 Darklings","floor":35.0,"turns":4.0},{"damage":13.0,"enemies":"3 Shapes","floor":38.0,"turns":9.0},{"damage":6.0,"enemies":"Nemesis","floor":41.0,"turns":5.0},{"damage":14.0,"enemies":"Maw","floor":42.0,"turns":5.0},{"damage":2.0,"enemies":"3 Darklings","floor":44.0,"turns":4.0},{"damage":7.0,"enemies":"Reptomancer","floor":46.0,"turns":4.0},{"damage":34.0,"enemies":"Nemesis","floor":48.0,"turns":7.0},{"damage":38,"enemies":"Donu and Deca","floor":50,"turns":4}],"seed_played":"-1574013552044435599","potions_obtained":[{"floor":1.0,"key":"SteroidPotion"},{"floor":4.0,"key":"Explosive Potion"},{"floor":18.0,"key":"Explosive Potion"},{"floor":22.0,"key":"LiquidMemories"},{"floor":31.0,"key":"Explosive Potion"},{"floor":38.0,"key":"AttackPotion"},{"floor":41.0,"key":"AttackPotion"},{"floor":42.0,"key":"PowerPotion"}],"is_trial":false,"path_per_floor":["M","?","M","M","M","R","E","R","T","E","$","?","R","?","R","B",null,"M","?","T","M","M","R","E","?","T","M","R","?","T","E","R","B",null,"M","?","$","M","?","R","E","M","T","M","T","E","?","E","R","B"],"character_chosen":"IRONCLAD","items_purchased":["Shrug It Off","Apotheosis","Shuriken"],"campfire_rested":2,"item_purchase_floors":[11,11,37],"current_hp_per_floor":[80,69,71,76,71,71,65,65,65,49,49,49,49,49,49,29,80,76,76,76,71,67,67,64,51,51,27,51,35,42,45,74,69,97,64,64,64,57,57,57,57,49,49,53,53,52,52,24,24,0,0],"gold":148,"neow_bonus":"TRANSFORM_CARD","is_daily":false,"chose_seed":false,"campfire_upgraded":6,"win_rate":0.0,"timestamp":1611839558,"path_taken":["M","?","M","M","M","R","E","R","T","E","$","?","R","?","R","BOSS","M","?","?","?","M","R","E","?","T","M","R","?","?","E","R","BOSS","M","?","$","M","?","R","E","M","T","?","?","E","?","E","R","BOSS"],"items_purchased_type":["Card","Card","Relic"],"build_version":"2020-12-22","purchased_purges":2,"victory":false,"max_hp_per_floor":[80,80,80,80,80,80,80,80,80,80,80,80,80,80,80,80,80,80,80,80,80,80,80,80,80,80,80,80,80,87,97,97,97,97,97,97,97,97,97,97,97,97,97,97,97,97,97,97,97,97,97],"relic_stats":{"Lizard Tail":43,"counters":[23,97],"Shuriken":[6],"Sundial":[2],"Bronze Scales":[247],"Snecko Eye":[137,112,129,123],"Tiny Chest":3,"Prayer Wheel":2,"Pen Nib":[1],"obtain_stats":[{"Pear":31,"Nilry\u0027s Codex":29,"Vajra":24,"Pen Nib":45,"Empty Cage":34,"Ancient Tea Set":46,"Burning Blood":0,"WarpedTongs":14,"Du-Vu Doll":48,"Lizard Tail":30,"Matryoshka":26,"HornCleat":39,"Shuriken":37,"Sundial":43,"Bronze Scales":10,"Strawberry":30,"Snecko Eye":17,"Tiny Chest":7,"Prayer Wheel":41,"Red Mask":25,"Bag of Marbles":43,"Red Skull":9},{"Pear":14,"Nilry\u0027s Codex":13,"Vajra":11,"Pen Nib":20,"Empty Cage":15,"Ancient Tea Set":21,"Burning Blood":0,"WarpedTongs":6,"Du-Vu Doll":22,"Lizard Tail":13,"Matryoshka":12,"HornCleat":17,"Shuriken":16,"Sundial":19,"Bronze Scales":6,"Strawberry":13,"Snecko Eye":7,"Tiny Chest":5,"Prayer Wheel":18,"Red Mask":12,"Bag of Marbles":19,"Red Skull":5},{"Pear":49,"Nilry\u0027s Codex":45,"Vajra":39,"Pen Nib":82,"Empty Cage":55,"Ancient Tea Set":86,"Burning Blood":0,"WarpedTongs":21,"Du-Vu Doll":93,"Lizard Tail":45,"Matryoshka":42,"HornCleat":68,"Shuriken":59,"Sundial":78,"Bronze Scales":21,"Strawberry":45,"Snecko Eye":27,"Tiny Chest":17,"Prayer Wheel":73,"Red Mask":42,"Bag of Marbles":78,"Red Skull":17}],"Burning Blood":132,"WarpedTongs":[53]},"card_choices":[{"not_picked":["Pummel","Rage"],"picked":"Anger","floor":1.0},{"not_picked":["Flex","Heavy Blade"],"picked":"Dropkick","floor":3.0},{"not_picked":["Clothesline","Flex"],"picked":"Cleave","floor":4.0},{"not_picked":["Perfected Strike","Wild Strike"],"picked":"Shrug It Off","floor":5.0},{"not_picked":["Cleave","Juggernaut"],"picked":"Uppercut","floor":7.0},{"not_picked":["Twin Strike","Sword Boomerang","Sentinel"],"picked":"SKIP","floor":10.0},{"not_picked":["Limit Break","Barricade"],"picked":"Demon Form","floor":16.0},{"not_picked":["Shrug It Off","Perfected Strike","Rampage+1"],"picked":"SKIP","floor":18.0},{"not_picked":["Flex+1","Body Slam+1"],"picked":"Sever Soul","floor":21.0},{"not_picked":["Twin Strike","Rage"],"picked":"Shrug It Off","floor":22.0},{"not_picked":["Limit Break","Armaments","Wild Strike+1"],"picked":"SKIP","floor":24.0},{"not_picked":["Clash","Dropkick"],"picked":"Seeing Red+1","floor":25.0},{"not_picked":["Havoc","Shrug It Off"],"picked":"Inflame","floor":27.0},{"not_picked":["Ghostly Armor+1","Thunderclap"],"picked":"Spot Weakness","floor":31.0},{"not_picked":["Demon Form","Barricade"],"picked":"Impervious","floor":33.0},{"not_picked":["Flex+1","Body Slam"],"picked":"Uppercut+1","floor":35.0},{"not_picked":["Clash+1","Dark Embrace+1","Body Slam+1"],"picked":"SKIP","floor":38.0},{"not_picked":["Second Wind+1","Cleave+1","Burning Pact+1"],"picked":"SKIP","floor":41.0},{"not_picked":["Pummel","Wild Strike+1","Dropkick"],"picked":"SKIP","floor":42.0},{"not_picked":["Evolve","Shrug It Off+1","Headbutt"],"picked":"SKIP","floor":42.0},{"not_picked":["Double Tap","Armaments+1"],"picked":"True Grit+1","floor":44.0},{"not_picked":["Thunderclap+1","Clash","Perfected Strike+1"],"picked":"SKIP","floor":44.0},{"not_picked":["Anger","Pummel"],"picked":"Power Through","floor":46.0},{"not_picked":["Enlightenment","Purity"],"picked":"Blind","floor":47.0},{"not_picked":["Iron Wave","Cleave+1","Clothesline"],"picked":"SKIP","floor":48}],"player_experience":1233689,"relics_obtained":[{"floor":7.0,"key":"Tiny Chest"},{"floor":9.0,"key":"Red Skull"},{"floor":10.0,"key":"Bronze Scales"},{"floor":24.0,"key":"Vajra"},{"floor":25.0,"key":"Red Mask"},{"floor":26.0,"key":"Matryoshka"},{"floor":29.0,"key":"Nilry\u0027s Codex"},{"floor":30.0,"key":"Strawberry"},{"floor":30.0,"key":"Lizard Tail"},{"floor":31.0,"key":"Pear"},{"floor":41.0,"key":"Prayer Wheel"},{"floor":43.0,"key":"Sundial"},{"floor":43.0,"key":"Bag of Marbles"},{"floor":45.0,"key":"Pen Nib"},{"floor":46.0,"key":"Ancient Tea Set"},{"floor":48,"key":"Du-Vu Doll"}],"event_choices":[{"damage_healed":0.0,"max_hp_gain":0.0,"max_hp_loss":0.0,"gold_gain":75.0,"event_name":"World of Goop","player_choice":"Gather Gold","floor":2.0,"gold_loss":0.0,"damage_taken":11.0},{"damage_healed":0.0,"max_hp_gain":0.0,"max_hp_loss":0.0,"gold_gain":0.0,"event_name":"Liars Game","player_choice":"Ignored","floor":12.0,"gold_loss":0.0,"damage_taken":0.0},{"damage_healed":0.0,"max_hp_gain":0.0,"max_hp_loss":0.0,"gold_gain":0.0,"event_name":"Accursed Blacksmith","player_choice":"Rummage","floor":14.0,"gold_loss":0.0,"damage_taken":0.0,"relics_obtained":["WarpedTongs"],"cards_obtained":["Pain"]},{"damage_healed":0.0,"max_hp_gain":0.0,"max_hp_loss":0.0,"gold_gain":0.0,"cards_transformed":["Strike_R","Defend_R"],"event_name":"Drug Dealer","player_choice":"Became Test Subject","floor":19.0,"gold_loss":0.0,"damage_taken":0.0,"cards_obtained":["Heavy Blade","Rupture"]},{"damage_healed":0.0,"max_hp_gain":0.0,"max_hp_loss":0.0,"gold_gain":0.0,"event_name":"Masked Bandits","player_choice":"Fought Bandits","floor":25.0,"gold_loss":0.0,"damage_taken":0.0},{"damage_healed":0.0,"max_hp_gain":0.0,"max_hp_loss":0.0,"gold_gain":0.0,"event_name":"Cursed Tome","player_choice":"Obtained Book","floor":29.0,"gold_loss":0.0,"damage_taken":16.0},{"damage_healed":0.0,"max_hp_gain":0.0,"max_hp_loss":0.0,"gold_gain":0.0,"event_name":"Mysterious Sphere","player_choice":"Ignored","floor":36.0,"gold_loss":0.0,"damage_taken":0.0},{"cards_removed":["Anger"],"damage_healed":0.0,"max_hp_gain":0.0,"max_hp_loss":0.0,"gold_gain":0.0,"event_name":"WeMeetAgain","player_choice":"Gave Card","floor":39.0,"gold_loss":0.0,"damage_taken":0.0,"relics_obtained":["HornCleat"]},{"damage_healed":0.0,"max_hp_gain":0.0,"max_hp_loss":0.0,"gold_gain":0.0,"event_name":"SensoryStone","player_choice":"Memory 1","floor":47.0,"gold_loss":0.0,"damage_taken":0.0}],"is_beta":false,"boss_relics":[{"not_picked":["Coffee Dripper","Velvet Choker"],"picked":"Snecko Eye"},{"not_picked":["Busted Crown","Pandora\u0027s Box"],"picked":"Empty Cage"}],"items_purged_floors":[11,37],"is_endless":false,"potions_floor_spawned":[1,4,18,22,31,38,41,42],"killed_by":"Donu and Deca","ascension_level":4}}