{"host":"zfz13dp8aqi14g9h","time":1611818957,"event":{"mods":["Act Like it!","BaseMod","Conspire","Gensokyo","KomeijiMod","Marisa（F雨　魔理沙）","Minty Spire (QoL Compilation)","Quick Restart","Remilia（蕾米莉亚）","Replay The Spire","RumiaBox-露米娅的神秘盒子","Shop Mod","StSLib","TestMod","The Jungle","noobMod","【功能Mod】混沌之环修复补丁"],"gold_per_floor":[174,191,38,38,38,64,64,44,69,98,415,415,415,345,345,444,444,458,458,458,106,106,106,136,36,62,62,389,417,447,675,687,795,807,834,846,875,887,446,458,470,512,524,555,581,593,621,646,658,670,682,694,5,33,33],"floor_reached":56,"language":"ZHS","playtime":3812,"items_purged":["CommonCold","Clumsy"],"score":1413,"play_id":"f6c74895-46b2-43f6-88f2-caaeb45ca434","local_time":"20210128152917","is_ascension_mode":true,"campfire_choices":[{"floor":7.0,"key":"RECALL"},{"floor":12.0,"key":"REST"},{"floor":15.0,"key":"REST"},{"data":"Reaper_Remiria","floor":23.0,"key":"SMITH"},{"floor":27.0,"key":"REST"},{"data":"FateSonata","floor":32.0,"key":"SMITH"},{"data":"MiserableFate_Remiria","floor":40.0,"key":"SMITH"},{"data":"Culling","floor":49,"key":"SMITH"},{"data":"RedMagic","floor":52,"key":"SMITH"}],"circlet_count":0,"master_deck":["Strike_Remiria","Strike_Remiria","Strike_Remiria","Strike_Remiria","Defend_Remirira+1","Defend_Remirira+1","Defend_Remirira","Defend_Remirira","Absorbed","Scratch","Cripple","CurseofVladTepes+1","Reaper_Remiria+1","BloodCleaner","ScarletDestiny+1","Gensokyo:AllTheWorldsEvil","Tearing","Gensokyo:AllTheWorldsEvil","Paradox+1","DoubleEdge","DoubleEdge","BloodCleaner","YoungDemonLord+1","FateSonata+1","DoubleEdge","MiserableFate_Remiria+1","Impregnable+1","SeparateFleshBlood+1","Gensokyo:LockedMedkit","RedMagic+1","RocketKickup+1","Culling+1","BloodySuit+1","CombatMeter+1","FateConcerto+1","NaturallyHealing","BadLadyScramble+1"],"relics":["ThirstyCrossSpe","ice","testmod-TestBox","testmod-Déjàvu","Medical Kit","Gensokyo:OccultBall","Gensokyo:CelestialsFlawlessClothing","Vajra","Toxic Egg 2","Gensokyo:NagashiBinaDoll","MagicDraw3","Replay:Towering Pillar of Hats","Strange Spoon","Oddly Smooth Stone","testmod-Antiphasic","conspire:RoyalGoblet","ClockworkSouvenir","Shuriken","MagicDraw1","ZombieArmy","NitorisBag","MerchantsRug","ReplayFunnel","Boot","RedTeaWithBlood","Ornamental Fan"],"acts_visited":["Gensokyo:Gensokyo","Gensokyo:Gensokyoer","Gensokyo:Gensokyoest","TheEnding"],"potions_floor_usage":[44,50,50,55],"damage_taken":[{"damage":0.0,"enemies":"Gensokyo:2_Kodama","floor":1.0,"turns":3.0},{"damage":0.0,"enemies":"Gensokyo:Python","floor":2.0,"turns":2.0},{"damage":18.0,"enemies":"Gensokyo:Cirno","floor":6.0,"turns":5.0},{"damage":33.0,"enemies":"Gensokyo:Aya","floor":10.0,"turns":5.0},{"damage":19.0,"enemies":"Gensokyo:Gryphon","floor":11.0,"turns":4.0},{"damage":2.0,"enemies":"Gensokyo:Reimu","floor":16.0,"turns":7.0},{"damage":4.0,"enemies":"Gensokyo:2_Gloops","floor":18.0,"turns":5.0},{"damage":74.0,"enemies":"Gensokyo:Tenshi","floor":24.0,"turns":7.0},{"damage":48.0,"enemies":"Gensokyo:Koishi","floor":28.0,"turns":6.0},{"damage":27.0,"enemies":"Gensokyo:AngelMirror","floor":29.0,"turns":3.0},{"damage":18.0,"enemies":"Gensokyo:Monolith_and_Dog","floor":30.0,"turns":2.0},{"damage":55.0,"enemies":"Gensokyo:Wraith","floor":31.0,"turns":4.0},{"damage":85.0,"enemies":"Gensokyo:Eiki","floor":33.0,"turns":6.0},{"damage":22.0,"enemies":"Gensokyo:3_Boulders","floor":35.0,"turns":3.0},{"damage":16.0,"enemies":"Gensokyo:3_Bats","floor":37.0,"turns":2.0},{"damage":54.0,"enemies":"Gensokyo:Marisa","floor":42.0,"turns":7.0},{"damage":49,"enemies":"Gensokyo:Dusk_and_Dawn","floor":44,"turns":4},{"damage":45,"enemies":"Gensokyo:AtlasGolem","floor":45,"turns":5},{"damage":0,"enemies":"Gensokyo:SeedOfUnknown","floor":47,"turns":3},{"damage":40,"enemies":"Gensokyo:3_Boulders","floor":48,"turns":4},{"damage":68,"enemies":"Gensokyo:Scarlet_Devils","floor":50,"turns":11},{"damage":93,"enemies":"Shield and Spear","floor":54,"turns":8},{"damage":40,"enemies":"The Heart","floor":55,"turns":8}],"seed_played":"4489219728846304204","potions_obtained":[{"floor":16.0,"key":"PowerPotion"},{"floor":24.0,"key":"SteroidPotion"},{"floor":28.0,"key":"SkillPotion"},{"floor":31.0,"key":"ColorlessPotion"},{"floor":42.0,"key":"Fire Potion"},{"floor":45,"key":"Regen Potion"},{"floor":48,"key":"AttackPotion"}],"is_trial":false,"path_per_floor":["M","M","$","?","?","E","R","COS","T","E","M","R","?","?","R","B",null,"M","?","?","COS","?","R","E","$","T","R","E","M","M","M","R","B",null,"M","?","M","?","COS","R","?","E","T","M","M","?","M","M","R","B",null,"R","$","E","B",null],"character_chosen":"RemiriaScarlet","items_purchased":["Medical Kit","DoubleEdge","NitorisBag","MerchantsRug","ReplayFunnel","Boot","DuplicationPotion","DuplicationPotion","FateConcerto+1","NaturallyHealing"],"campfire_rested":3,"item_purchase_floors":[3,25,53,53,53,53,53,53,53,53],"current_hp_per_floor":[110,110,110,110,83,65,65,65,65,32,13,46,46,46,79,77,110,106,106,106,106,106,106,32,47,47,80,34,108,91,43,43,44,123,104,104,88,88,88,88,70,112,112,69,129,129,129,89,89,72,138,138,138,45,149],"gold":33,"neow_bonus":"TEN_PERCENT_HP_BONUS","is_daily":false,"chose_seed":false,"campfire_upgraded":5,"win_rate":0.0,"timestamp":1611818957,"path_taken":["M","M","?","?","?","E","R","COS","T","E","?","R","?","?","R","BOSS","M","?","?","COS","?","R","E","?","T","R","E","M","M","M","R","BOSS","M","?","M","?","COS","R","?","E","T","M","?","?","M","M","R","BOSS","R","$","E","BOSS"],"items_purchased_type":["Relic","Card","Relic","Relic","Relic","Relic","Potion","Potion","Card","Card"],"build_version":"2020-12-22","purchased_purges":2,"victory":true,"max_hp_per_floor":[110,110,110,110,110,110,110,110,110,110,110,110,110,110,110,110,110,110,110,110,110,110,110,110,110,110,110,110,110,112,120,120,123,123,123,123,123,123,123,123,123,129,129,129,129,129,129,134,134,138,138,138,138,147,219],"card_choices":[{"not_picked":["FierceSweep","Exsanguinate"],"picked":"Cripple","floor":1.0},{"not_picked":["Warpath","BloodCollect"],"picked":"FateCollect","floor":2.0},{"not_picked":["Warpath","DoubleEdge"],"picked":"CurseofVladTepes","floor":6.0},{"not_picked":["PainBurst","FierceSweep"],"picked":"Reaper_Remiria","floor":10.0},{"not_picked":["SealingFear+1","ThePrice+1"],"picked":"BloodCleaner","floor":11.0},{"not_picked":["BadLadyScramble+1","Septette+1"],"picked":"ScarletDestiny+1","floor":16.0},{"not_picked":["Looming Evil","Languid"],"picked":"CommonCold","floor":17.0},{"not_picked":["Wrath_TH","Envy_TH"],"picked":"Overencumbered","floor":17.0},{"not_picked":["Lust_TH","Gluttony_TH"],"picked":"Gensokyo:AllTheWorldsEvil","floor":17.0},{"not_picked":["BloodySuit+1","Feint"],"picked":"Tearing","floor":18.0},{"not_picked":["ServantFlier+1","TricksterDevil+1"],"picked":"Paradox+1","floor":24.0},{"not_picked":["ThePrice+1","DemonsDinnerFork_Remiria+1"],"picked":"DoubleEdge","floor":28.0},{"not_picked":["ThePrice+1","BloodCollect+1"],"picked":"BloodCleaner","floor":29.0},{"not_picked":["TricksterDevil+1","TrickFate+1"],"picked":"YoungDemonLord+1","floor":30.0},{"not_picked":["Reaper_Remiria","Coercion"],"picked":"FateSonata","floor":31.0},{"not_picked":["BloodCollect+1","RocketKickup"],"picked":"DoubleEdge","floor":31.0},{"not_picked":["Coercion+1","AllTheWorldInNightmare+1"],"picked":"MiserableFate_Remiria","floor":33.0},{"not_picked":["SealingFear+1","BloodCleaner"],"picked":"Impregnable+1","floor":35.0},{"not_picked":["VampireClaw","Feint+1"],"picked":"SeparateFleshBlood+1","floor":37.0},{"not_picked":["ServantFlier+1","ChainGang+1"],"picked":"RedMagic","floor":42.0},{"not_picked":["BodyStrengthen+1","BloodySuit+1"],"picked":"RocketKickup+1","floor":44},{"not_picked":["VampireClaw","Feint+1"],"picked":"Culling","floor":45},{"not_picked":["NaturallyHealing+1","DamonLordCradle_Remiria+1"],"picked":"BloodySuit+1","floor":47},{"not_picked":["ServantFlier+1","Cripple"],"picked":"CombatMeter+1","floor":48},{"not_picked":["Warpath+1","Tearing+1"],"picked":"BadLadyScramble+1","floor":54}],"player_experience":238805,"relics_obtained":[{"floor":6.0,"key":"Vajra"},{"floor":10.0,"key":"Toxic Egg 2"},{"floor":16.0,"key":"Gensokyo:OccultBall"},{"floor":18.0,"key":"Gensokyo:OccultBall"},{"floor":24.0,"key":"testmod-BalancedPeriapt"},{"floor":26.0,"key":"Oddly Smooth Stone"},{"floor":28.0,"key":"MawBank"},{"floor":33.0,"key":"Gensokyo:OccultBall"},{"floor":42.0,"key":"Gensokyo:OccultBall"},{"floor":42.0,"key":"Shuriken"},{"floor":43.0,"key":"MagicDraw1"},{"floor":54,"key":"Ornamental Fan"}],"event_choices":[{"damage_healed":0,"gold_gain":0,"player_choice":"Swap Relic","damage_taken":0,"relics_obtained":["Mango"],"max_hp_gain":0,"max_hp_loss":0,"event_name":"给自己的盒子","floor":46,"relics_lost":["Mango"],"gold_loss":0}],"is_beta":false,"boss_relics":[{"not_picked":["testmod-Fanaticism","testmod-StringDisintegrator"],"picked":"Replay:Ancient Bell"},{"not_picked":["Replay:Rubber Ducky","Replay:Baseball"],"picked":"MealTicket"},{"not_picked":["Pantograph","Meat on the Bone"],"picked":"MagicDraw3"},{"not_picked":["testmod-Nyarlathotep","testmod-CrystalShield"],"picked":"Replay:Towering Pillar of Hats"},{"not_picked":["Painkiller Herb","SlaversCollar"],"picked":"conspire:RoyalGoblet"}],"items_purged_floors":[25,53],"is_endless":false,"potions_floor_spawned":[16,24,28,31,33,35,42,45,48],"ascension_level":1}}