{"host":"8b9ba58w9pmbqmpe","time":1611839864,"event":{"mods":["BaseMod","Downfall","Minty Spire (QoL Compilation)","StSLib"],"gold_per_floor":[99,113,213,226,226,251,251,251,51,51,62,62,47,59,59,77,77,77,77],"floor_reached":17,"language":"ENG","playtime":1650,"items_purged":[],"score":130,"play_id":"ae1f4f27-ee49-464f-a94b-2bb3733ff0ed","local_time":"20210128141744","is_ascension_mode":false,"campfire_choices":[{"data":"hexamod:Sear","floor":1,"key":"SMITH"},{"data":"hexamod:Float","floor":9,"key":"SMITH"},{"floor":12,"key":"RECALL"}],"circlet_count":0,"master_deck":["hexamod:Strike","hexamod:Strike","hexamod:Strike","hexamod:Strike","hexamod:Defend","hexamod:Defend","hexamod:Defend","hexamod:Defend","hexamod:Sear+1","hexamod:Float+1","hexamod:SpectersWail+1","hexamod:RadiantFlame","hexamod:PhantomFireball","hexamod:BurningTouch","hexamod:Firestarter","hexamod:BurningTouch"],"relics":["hexamod:SpiritBrand","Oddly Smooth Stone","Frozen Egg 2","downfall:HeartBlessingGreen","downfall:HeartBlessingBlue","Ginger"],"acts_visited":["Exordium"],"potions_floor_usage":[17],"damage_taken":[{"damage":0,"enemies":"Small Slimes","floor":2,"turns":3},{"damage":0,"enemies":"Cultist","floor":4,"turns":3},{"damage":16,"enemies":"3 Sentries","floor":6,"turns":7},{"damage":6,"enemies":"Jaw Worm","floor":11,"turns":3},{"damage":5,"enemies":"downfall:FleeingMerchant","floor":13,"turns":4},{"damage":10,"enemies":"Exordium Thugs","floor":14,"turns":3},{"damage":8,"enemies":"2 Fungi Beasts","floor":16,"turns":3},{"damage":32,"enemies":"DF_ARCHETYPE_STREAMLINE","floor":17,"turns":5}],"seed_played":"4439240989807244433","potions_obtained":[{"floor":6,"key":"SteroidPotion"},{"floor":11,"key":"CultistPotion"},{"floor":16,"key":"SpeedPotion"}],"is_trial":false,"path_per_floor":["R","M","?","M","?","E","T","T","R","?","M","R","$","M","?","M","B"],"character_chosen":"THE_SPIRIT","items_purchased":[],"campfire_rested":0,"item_purchase_floors":[],"current_hp_per_floor":[77,77,77,77,77,61,61,61,71,59,53,53,48,38,38,30,0,0,0],"gold":77,"neow_bonus":"TEN_PERCENT_HP_BONUS","is_daily":false,"chose_seed":false,"campfire_upgraded":2,"win_rate":0.0,"timestamp":1611839864,"path_taken":["R","M","?","?","?","E","T","T","R","?","M","R","$","M","?","M","BOSS"],"items_purchased_type":[],"build_version":"2020-12-22","purchased_purges":0,"victory":false,"max_hp_per_floor":[77,77,77,77,77,77,77,77,87,87,87,87,87,87,87,87,87,87,87],"card_choices":[{"not_picked":["hexamod:Firestarter","hexamod:GhostOfSpireFuture"],"picked":"hexamod:SpectersWail","floor":2},{"not_picked":["hexamod:ThermalTransfer","hexamod:HauntingEcho"],"picked":"hexamod:RadiantFlame","floor":4},{"not_picked":["hexamod:WildfireWeapon","hexamod:SkipABeat"],"picked":"hexamod:PhantomFireball","floor":6},{"not_picked":["hexamod:BacktrackSmack","hexamod:Hexaguard"],"picked":"hexamod:BurningTouch","floor":11},{"not_picked":["hexamod:BacktrackSmack","hexamod:Hexaguard"],"picked":"hexamod:Firestarter","floor":13},{"not_picked":["hexamod:InspiringFlames","hexamod:HeatMetal"],"picked":"hexamod:BurningTouch","floor":14},{"not_picked":["hexamod:ParanormalForm+1","hexamod:BacktrackSmack","hexamod:ThermalTransfer"],"picked":"SKIP","floor":16}],"player_experience":273440,"relics_obtained":[{"floor":6,"key":"Oddly Smooth Stone"},{"floor":8,"key":"Frozen Egg 2"}],"event_choices":[{"damage_healed":0,"gold_gain":0,"player_choice":"Grow","damage_taken":0,"max_hp_gain":0,"max_hp_loss":0,"event_name":"Living Wall","floor":5,"gold_loss":0,"cards_upgraded":["hexamod:SpectersWail"]},{"damage_healed":0,"gold_gain":0,"player_choice":"Success","damage_taken":12,"relics_obtained":["Ginger"],"max_hp_gain":0,"max_hp_loss":0,"event_name":"Scrap Ooze","floor":10,"gold_loss":0}],"is_beta":false,"boss_relics":[],"items_purged_floors":[],"is_endless":false,"potions_floor_spawned":[6,11,16],"killed_by":"DF_ARCHETYPE_STREAMLINE","ascension_level":0}}