{"host":"e52c7hvho6xny3hd","time":1611833062,"event":{"mods":["AchievementEnabler","BaseMod","Colored Map","DeckTracker","Minty Spire (QoL Compilation)","Permanent Neow","StSLib"],"gold_per_floor":[216,53,67,85,100,100,128,128,128,163,174,174,174,187,187,292,342,358,376,392,392,392],"floor_reached":21,"language":"KOR","playtime":909,"items_purged":[],"score":413,"play_id":"aff023ad-2761-4795-a97b-2424aff55f35","local_time":"20210128202422","is_ascension_mode":true,"campfire_choices":[{"data":"Apotheosis","floor":6,"key":"SMITH"},{"data":"Eruption","floor":8,"key":"SMITH"},{"floor":12,"key":"REST"},{"data":"WindmillStrike","floor":15,"key":"SMITH"}],"circlet_count":0,"master_deck":["AscendersBane","Strike_P","Strike_P","Strike_P","Strike_P","Defend_P","Defend_P","Defend_P","Defend_P","Eruption+1","Vigilance","Tantrum","Apotheosis+1","Conclude","EmptyBody","Scrawl","Establishment+1","Consecrate","WindmillStrike+1","SashWhip","FlyingSleeves","FollowUp"],"relics":["PureWater","Odd Mushroom","Blue Candle","HornCleat","Tiny House"],"acts_visited":["Exordium","TheCity"],"potions_floor_usage":[7,19],"damage_taken":[{"damage":5,"enemies":"2 Louse","floor":1,"turns":3},{"damage":8,"enemies":"Small Slimes","floor":3,"turns":4},{"damage":0,"enemies":"Jaw Worm","floor":4,"turns":3},{"damage":8,"enemies":"Blue Slaver","floor":5,"turns":2},{"damage":0,"enemies":"The Mushroom Lair","floor":7,"turns":2},{"damage":0,"enemies":"3 Sentries","floor":10,"turns":3},{"damage":11,"enemies":"Gremlin Gang","floor":11,"turns":3},{"damage":0,"enemies":"2 Fungi Beasts","floor":14,"turns":2},{"damage":0,"enemies":"Slime Boss","floor":16,"turns":3},{"damage":5,"enemies":"3 Byrds","floor":18,"turns":3},{"damage":22,"enemies":"2 Thieves","floor":19,"turns":3},{"damage":28,"enemies":"Shelled Parasite and Fungi","floor":20,"turns":8},{"damage":7,"enemies":"Cultist and Chosen","floor":21,"turns":3}],"seed_played":"5766474554137995325","potions_obtained":[{"floor":1,"key":"FairyPotion"},{"floor":3,"key":"Explosive Potion"},{"floor":11,"key":"Swift Potion"}],"is_trial":false,"path_per_floor":["M","$","M","M","M","R","?","R","T","E","M","R","?","M","R","B",null,"M","M","M","M"],"character_chosen":"WATCHER","items_purchased":["Apotheosis"],"campfire_rested":1,"item_purchase_floors":[2],"current_hp_per_floor":[60,60,52,52,44,44,44,44,44,44,33,54,59,59,59,59,78,73,51,23,16,16],"gold":392,"neow_bonus":"HUNDRED_GOLD","is_daily":false,"chose_seed":false,"campfire_upgraded":3,"win_rate":0.0,"timestamp":1611833062,"path_taken":["M","$","M","M","M","R","?","R","T","E","M","R","?","M","R","BOSS","M","M","M","M"],"items_purchased_type":["Card"],"build_version":"2020-12-22","purchased_purges":0,"victory":false,"max_hp_per_floor":[72,72,72,72,72,72,72,72,72,72,72,72,77,77,77,77,82,82,82,82,82,82],"card_choices":[{"not_picked":["Prostrate","ClearTheMind"],"picked":"Tantrum","floor":1},{"not_picked":["PathToVictory","JustLucky","CrushJoints"],"picked":"SKIP","floor":3},{"not_picked":["BattleHymn","EmptyBody"],"picked":"Conclude","floor":4},{"not_picked":["ThirdEye","WheelKick"],"picked":"EmptyBody","floor":5},{"not_picked":["Consecrate","CutThroughFate"],"picked":"Scrawl","floor":7},{"not_picked":["Crescendo","Consecrate"],"picked":"Establishment","floor":10},{"not_picked":["Fasting2","EmptyBody"],"picked":"Consecrate","floor":11},{"not_picked":["Halt","CarveReality"],"picked":"WindmillStrike","floor":14},{"not_picked":["Pray","CutThroughFate"],"picked":"SashWhip","floor":17},{"not_picked":["WreathOfFlame","JustLucky"],"picked":"FlyingSleeves","floor":18},{"not_picked":["CutThroughFate","Pray"],"picked":"FollowUp","floor":19},{"not_picked":["SignatureMove","FollowUp","Tantrum"],"picked":"SKIP","floor":20}],"player_experience":700500,"relics_obtained":[{"floor":7,"key":"Odd Mushroom"},{"floor":9,"key":"Blue Candle"},{"floor":10,"key":"HornCleat"}],"event_choices":[{"damage_healed":0,"gold_gain":0,"player_choice":"Fought Mushrooms","damage_taken":0,"max_hp_gain":0,"max_hp_loss":0,"event_name":"Mushrooms","floor":7,"gold_loss":0},{"damage_healed":0,"gold_gain":0,"player_choice":"Donut","damage_taken":0,"max_hp_gain":5,"max_hp_loss":0,"event_name":"Big Fish","floor":13,"gold_loss":0}],"is_beta":false,"boss_relics":[{"not_picked":["Ectoplasm","Snecko Eye"],"picked":"Tiny House"}],"items_purged_floors":[],"is_endless":false,"potions_floor_spawned":[1,3,4,11],"killed_by":"Cultist and Chosen","ascension_level":12}}