{"host":"xobdcpbm4ckypiai","time":1611838125,"event":{"mods":["BaseMod","Energized Spire","FoggyMod","Minty Spire (QoL Compilation)","Permanent Neow","Relic Stats","Replay The Spire","Spicy Shops","StSLib","UnlockEverythingMod","¡¾ÒÅÎï¿¨ÅÆ¡¿REMEMod"],"gold_per_floor":[112,112,112,123,123,152,4,39,39,71,71,71,71,97,97,200,200,219,219,235,235,284,310,39,39,63,80,112,112,12,29,29,132,132,168,168,43,43,59,90,90,0,81,121,39,39,76,76,76,76],"floor_reached":51,"language":"ZHS","playtime":2355,"items_purged":["Strike_B","Defend_B","Strike_B"],"score":878,"play_id":"f58175be-7644-4c6c-8404-4877df5b84d0","local_time":"20210128204845","is_ascension_mode":false,"campfire_choices":[{"data":"Beam Cell","floor":11.0,"key":"SMITH"},{"data":"Double Energy","floor":13.0,"key":"SMITH"},{"data":"REME_Shoggoth","floor":15.0,"key":"SMITH"},{"data":"Apotheosis","floor":25.0,"key":"SMITH"},{"data":"Skim","floor":32.0,"key":"SMITH"},{"data":"Hologram","floor":41.0,"key":"SMITH"},{"data":"White Noise","floor":49,"key":"SMITH"}],"circlet_count":0,"master_deck":["Defend_B","Defend_B","Defend_B","Zap+1","Dualcast+1","REME_BodyOfCthun","Chaos+1","Hologram+1","Beam Cell+1","REME_Shoggoth+1","Double Energy+1","Steam","Hyperbeam","Go for the Eyes","Gash","White Noise+1","Apotheosis+1","Turbo","Streamline","ReplayRNGCard","REME_Compress+1","Steam+1","Madness","Madness","Gash+1","Go for the Eyes+1","Beam Cell","REME_DataAnalysis+1","REME_Shoggoth","Scrape+1"],"relics":["REME_ComplimentaryCards","REME_DuelDisc","Replay:Ringing Soul","DataDisk","Boot","Happy Flower","PreservedInsect","Odd Mushroom","Black Star","Orichalcum","Darkstone Periapt","Blood Vial","Omamori","Pantograph","REME_PuzzleBoxRelic","Prayer Wheel","Sozu","Bronze Scales","Geode","Red Mask","StrikeDummy","Vajra","CeramicFish","Ginger"],"acts_visited":["Exordium","TheCity","TheBeyond"],"potions_floor_usage":[],"damage_taken":[{"damage":0.0,"enemies":"2 Louse","floor":1.0,"turns":2.0},{"damage":0.0,"enemies":"Cultist","floor":4.0,"turns":3.0},{"damage":3.0,"enemies":"Lagavulin","floor":6.0,"turns":6.0},{"damage":8.0,"enemies":"Gremlin Nob","floor":8.0,"turns":4.0},{"damage":0.0,"enemies":"Lagavulin","floor":10.0,"turns":2.0},{"damage":0.0,"enemies":"The Mushroom Lair","floor":14.0,"turns":2.0},{"damage":0.0,"enemies":"The Guardian","floor":16.0,"turns":5.0},{"damage":0.0,"enemies":"Spheric Guardian","floor":18.0,"turns":1.0},{"damage":0.0,"enemies":"3 Byrds","floor":20.0,"turns":3.0},{"damage":0.0,"enemies":"Book of Stabbing","floor":23.0,"turns":1.0},{"damage":0.0,"enemies":"Snake Plant","floor":27.0,"turns":2.0},{"damage":13.0,"enemies":"Slavers","floor":28.0,"turns":2.0},{"damage":1.0,"enemies":"Centurion and Healer","floor":31.0,"turns":2.0},{"damage":0.0,"enemies":"Champ","floor":33.0,"turns":4.0},{"damage":0.0,"enemies":"3 Shapes","floor":35.0,"turns":1.0},{"damage":0.0,"enemies":"Orb Walker","floor":39.0,"turns":2.0},{"damage":0.0,"enemies":"R_Hoarder","floor":40.0,"turns":2.0},{"damage":2,"enemies":"Giant Head","floor":44,"turns":4},{"damage":10,"enemies":"Writhing Mass","floor":47,"turns":6},{"damage":10,"enemies":"Replay:Hell Engine","floor":50,"turns":2}],"seed_played":"1294392776101286627","potions_obtained":[{"floor":1.0,"key":"SteroidPotion"},{"floor":8.0,"key":"Adrenaline Potion"},{"floor":20.0,"key":"BlessingOfTheForge"},{"floor":27.0,"key":"SkillPotion"},{"floor":28.0,"key":"Dexterity Potion"},{"floor":29.0,"key":"FocusPotion"}],"is_trial":false,"path_per_floor":["M","?","M","M","?","E","$","E","T","E","R","?","R","?","R","B",null,"M","?","M","?","T","E","$","R","T","M","E","?","$","M","R","B",null,"M","?","$","?","M","E","R","?","T","E","$","?","M","?","R","B",null],"character_chosen":"DEFECT","items_purchased":["DataDisk","Apotheosis","Ginger"],"campfire_rested":0,"item_purchase_floors":[7,24,45],"current_hp_per_floor":[75,75,75,75,75,75,75,70,70,73,73,66,66,69,69,72,90,93,93,96,77,77,80,83,83,83,88,80,80,80,84,84,114,119,122,122,122,110,115,120,120,120,120,123,123,134,127,127,127,127],"gold":76,"neow_bonus":"BOSS_RELIC","is_daily":false,"chose_seed":false,"campfire_upgraded":7,"win_rate":0.0,"timestamp":1611838125,"path_taken":["M","?","?","?","?","E","$","E","T","E","R","?","R","?","R","BOSS","M","?","?","?","?","E","?","R","T","?","E","?","$","?","R","BOSS","M","?","$","?","?","E","R","?","T","E","?","?","?","?","R","BOSS"],"items_purchased_type":["Relic","Card","Relic"],"build_version":"2020-12-22","purchased_purges":3,"victory":true,"max_hp_per_floor":[75,75,75,75,75,78,78,81,81,84,84,84,84,87,87,90,90,93,93,96,101,101,104,107,107,107,110,113,113,113,116,116,119,119,122,122,122,125,128,131,131,131,131,134,134,134,137,137,137,137],"relic_stats":{"Darkstone Periapt":0,"Happy Flower":[13],"counters":[20,56],"CeramicFish":27,"PreservedInsect":281,"Ginger":[2],"Orichalcum":[6],"Boot":[113],"Blood Vial":14,"Sozu":3,"Pantograph":35,"Bronze Scales":[31],"Prayer Wheel":3,"Black Star":4,"obtain_stats":[{"Darkstone Periapt":23,"CeramicFish":44,"Vajra":44,"REME_DuelDisc":0,"Ginger":45,"Boot":8,"Blood Vial":23,"Sozu":34,"Replay:Ringing Soul":6,"Pantograph":28,"Prayer Wheel":33,"Red Mask":42,"Cracked Core":0,"Happy Flower":9,"PreservedInsect":10,"Omamori":26,"Geode":40,"Odd Mushroom":14,"Orichalcum":22,"DataDisk":7,"Bronze Scales":40,"Black Star":17,"REME_PuzzleBoxRelic":28,"StrikeDummy":43,"REME_ComplimentaryCards":0},{"Darkstone Periapt":10,"CeramicFish":18,"Vajra":18,"REME_DuelDisc":0,"Ginger":18,"Boot":4,"Blood Vial":10,"Sozu":14,"Replay:Ringing Soul":3,"Pantograph":12,"Prayer Wheel":14,"Red Mask":17,"Cracked Core":0,"Happy Flower":4,"PreservedInsect":5,"Omamori":10,"Geode":17,"Odd Mushroom":6,"Orichalcum":9,"DataDisk":3,"Bronze Scales":17,"Black Star":7,"REME_PuzzleBoxRelic":12,"StrikeDummy":17,"REME_ComplimentaryCards":0},{"Darkstone Periapt":29,"CeramicFish":48,"Vajra":48,"REME_DuelDisc":0,"Ginger":48,"Boot":15,"Blood Vial":29,"Sozu":39,"Replay:Ringing Soul":11,"Pantograph":33,"Prayer Wheel":39,"Red Mask":44,"Cracked Core":0,"Happy Flower":15,"PreservedInsect":17,"Omamori":29,"Geode":44,"Odd Mushroom":19,"Orichalcum":28,"DataDisk":11,"Bronze Scales":44,"Black Star":24,"REME_PuzzleBoxRelic":33,"StrikeDummy":44,"REME_ComplimentaryCards":0}]},"card_choices":[{"not_picked":["REME_Whirling","Steam Power"],"picked":"Chaos","floor":1.0},{"not_picked":["Panic Button","Scrape"],"picked":"Hologram","floor":4.0},{"not_picked":["Force Field","Go for the Eyes"],"picked":"Beam Cell","floor":6.0},{"not_picked":["Glacier","ReplayRNGCard"],"picked":"REME_Shoggoth","floor":8.0},{"not_picked":["Sweeping Beam","Redo"],"picked":"Double Energy","floor":10.0},{"not_picked":["ReplayTheSpireMod:GoodbyeWorld","Coolheaded"],"picked":"Steam","floor":14.0},{"not_picked":["Biased Cognition","Mirror Shield"],"picked":"Hyperbeam","floor":16.0},{"not_picked":["Cold Snap+1","Double Energy"],"picked":"Go for the Eyes","floor":18.0},{"not_picked":["Leap","ReplayTheSpireMod:Repulse"],"picked":"Gash","floor":20.0},{"not_picked":["Heatsinks","ReplayTheSpireMod:Reroute Power"],"picked":"White Noise","floor":23.0},{"not_picked":["Tempest+1","Steam+1"],"picked":"Turbo","floor":27.0},{"not_picked":["Rip and Tear","Ball Lightning"],"picked":"Skim","floor":28.0},{"not_picked":["Chaos","Panic Button+1"],"picked":"Streamline","floor":31.0},{"not_picked":["Mirror Shield","Thunder Strike"],"picked":"ReplayRNGCard","floor":33.0},{"not_picked":["Redo","REME_Whirling"],"picked":"REME_Compress+1","floor":35.0},{"not_picked":["Panic Button+1","Stack"],"picked":"Steam+1","floor":35.0},{"not_picked":["Crystallizer","Coolheaded"],"picked":"Gash+1","floor":39.0},{"not_picked":["Cold Snap+1","Rebound"],"picked":"Go for the Eyes+1","floor":39.0},{"not_picked":["Lockon","Rebound"],"picked":"Beam Cell","floor":40.0},{"not_picked":["BasicCrystalCard","Streamline"],"picked":"REME_DataAnalysis+1","floor":44},{"not_picked":["Ball Lightning+1","Rebound"],"picked":"REME_Shoggoth","floor":47},{"not_picked":["Turbo","Tempest"],"picked":"Scrape+1","floor":47}],"player_experience":78593,"relics_obtained":[{"floor":6.0,"key":"Replay:Ringing Soul"},{"floor":8.0,"key":"Boot"},{"floor":9.0,"key":"Happy Flower"},{"floor":10.0,"key":"PreservedInsect"},{"floor":14.0,"key":"Odd Mushroom"},{"floor":22.0,"key":"Orichalcum"},{"floor":23.0,"key":"Darkstone Periapt"},{"floor":23.0,"key":"Blood Vial"},{"floor":26.0,"key":"Omamori"},{"floor":28.0,"key":"Pantograph"},{"floor":28.0,"key":"REME_PuzzleBoxRelic"},{"floor":40.0,"key":"Bronze Scales"},{"floor":40.0,"key":"Geode"},{"floor":43,"key":"StrikeDummy"},{"floor":44,"key":"Vajra"},{"floor":44,"key":"CeramicFish"}],"event_choices":[{"damage_healed":0.0,"max_hp_gain":0.0,"max_hp_loss":0.0,"gold_gain":0.0,"event_name":"Upgrade Shrine","player_choice":"Upgraded","floor":2.0,"gold_loss":0.0,"damage_taken":0.0,"cards_upgraded":["Chaos"]},{"damage_healed":0.0,"max_hp_gain":0.0,"max_hp_loss":0.0,"gold_gain":0.0,"event_name":"Upgrade Shrine","player_choice":"Upgraded","floor":3.0,"gold_loss":0.0,"damage_taken":0.0,"cards_upgraded":["Zap"]},{"cards_removed":["Strike_B"],"damage_healed":0.0,"max_hp_gain":0.0,"max_hp_loss":0.0,"gold_gain":0.0,"event_name":"Golden Wing","player_choice":"Card Removal","floor":12.0,"gold_loss":0.0,"damage_taken":7.0},{"damage_healed":0.0,"max_hp_gain":0.0,"max_hp_loss":0.0,"gold_gain":0.0,"event_name":"Mushrooms","player_choice":"Fought Mushrooms","floor":14.0,"gold_loss":0.0,"damage_taken":0.0},{"damage_healed":0.0,"max_hp_gain":0.0,"max_hp_loss":0.0,"gold_gain":0.0,"event_name":"The Woman in Blue","player_choice":"Bought 0 Potions","floor":19.0,"gold_loss":0.0,"damage_taken":0.0},{"damage_healed":0.0,"max_hp_gain":5.0,"max_hp_loss":0.0,"gold_gain":0.0,"event_name":"Forgotten Altar","player_choice":"Shed Blood","floor":21.0,"gold_loss":0.0,"damage_taken":24.0},{"damage_healed":0.0,"max_hp_gain":0.0,"max_hp_loss":0.0,"gold_gain":0.0,"event_name":"Lab","player_choice":"Got Potions","floor":29.0,"gold_loss":0.0,"damage_taken":0.0},{"cards_removed":["Skim"],"damage_healed":0.0,"max_hp_gain":0.0,"max_hp_loss":0.0,"gold_gain":0.0,"event_name":"Falling","player_choice":"Removed Skill","floor":36.0,"gold_loss":0.0,"damage_taken":0.0},{"damage_healed":0.0,"max_hp_gain":0.0,"max_hp_loss":0.0,"gold_gain":0.0,"event_name":"Winding Halls","player_choice":"Embrace Madness","floor":38.0,"gold_loss":0.0,"damage_taken":15.0,"cards_obtained":["Madness","Madness"]},{"damage_healed":0,"gold_gain":0,"player_choice":"Paid","damage_taken":0,"relics_obtained":["Red Mask"],"max_hp_gain":0,"max_hp_loss":0,"event_name":"Tomb of Lord Red Mask","floor":42,"gold_loss":90},{"damage_healed":11,"gold_gain":0,"player_choice":"Full Heal","damage_taken":0,"max_hp_gain":0,"max_hp_loss":0,"event_name":"Wheel of Change","floor":46,"gold_loss":0},{"cards_removed":["Strike_B"],"damage_healed":0,"gold_gain":0,"player_choice":"Purged","damage_taken":0,"max_hp_gain":0,"max_hp_loss":0,"event_name":"Purifier","floor":48,"gold_loss":0}],"is_beta":false,"boss_relics":[{"not_picked":["REME_ChargedStone","Runic Pyramid"],"picked":"Black Star"},{"not_picked":["Replay:Drink Me","REME_LowDesire"],"picked":"Sozu"}],"items_purged_floors":[24,30,37],"is_endless":false,"potions_floor_spawned":[1,8,20,27,28,31,39,40,47],"ascension_level":0}}