{"host":"tq99ucv8ezzqzioe","time":1611807235,"event":{"mods":["BaseMod","Colored Map","Downfall","Highlight Path","Minty Spire (QoL Compilation)","StSLib"],"gold_per_floor":[99,113,130,150,26,26,49,34,60,79,79,79,79,109,127,229,229,129,141,152,171,163,188,214,14,114,131,16,16,16,42,57,57,57,57],"floor_reached":33,"language":"ENG","playtime":2323,"items_purged":[],"score":360,"play_id":"9ba0fe6f-eec5-42a6-84ab-55b6fd533dcc","local_time":"20210127231355","is_ascension_mode":true,"campfire_choices":[{"data":"hexamod:Float","floor":1,"key":"SMITH"},{"data":"hexamod:WildfireWeapon","floor":6,"key":"SMITH"},{"data":"hexamod:Incineration","floor":13,"key":"SMITH"},{"floor":18,"key":"RECALL"},{"data":"hexamod:ForkedFlame","floor":25,"key":"SMITH"},{"data":"hexamod:GhostOfSpireFuture","floor":30,"key":"SMITH"}],"circlet_count":0,"master_deck":["hexamod:Strike","hexamod:Defend","hexamod:Defend","hexamod:Defend","hexamod:Sear","hexamod:Float+1","hexamod:FirstSeal","hexamod:EtherealExpedition+1","hexamod:EtherealExpedition+1","hexamod:SpectersWail+1","hexamod:EtherealExpedition","hexamod:WildfireWeapon+1","hexamod:Incineration+1","hexamod:PhantomFireball","hexamod:Firestarter","hexamod:FourthSeal","hexamod:ThermalTransfer","downfall:Malfunctioning","hexamod:WildfireWeapon+1","hexamod:ShieldOfDarkness","hexamod:ThirdSeal","hexamod:SearingWound","hexamod:ForkedFlame+1","CurseOfTheBell","hexamod:GhostOfSpireFuture+1","hexamod:GhostLash+1","hexamod:ChargedBarrage","hexamod:FastForward+1","hexamod:SecondSeal","hexamod:HeatCrush+1","hexamod:TimeOfNeed","hexamod:Firestarter+1","J.A.X.","hexamod:NightmareStrike+1","hexamod:SpectersWail+1","hexamod:AdvancingGuard","hexamod:ForkedFlame+1","hexamod:StepThrough+1","downfall:Bewildered","hexamod:HeatCrush+1"],"relics":["hexamod:SpiritBrand","PreservedInsect","Toy Ornithopter","Eternal Feather","Calling Bell","Potion Belt","Molten Egg 2","Unceasing Top","downfall:HeartBlessingGreen","Strawberry","downfall:HeartBlessingRed","downfall:HeartBlessingBlue","MutagenicStrength","sneckomod:BabySnecko","Sundial"],"acts_visited":["Exordium","TheCity"],"potions_floor_usage":[14,16,20,21,21,23,26,31,31,32,33,33],"damage_taken":[{"damage":0,"enemies":"Cultist","floor":2,"turns":4},{"damage":0,"enemies":"Small Slimes","floor":3,"turns":2},{"damage":0,"enemies":"Jaw Worm","floor":4,"turns":3},{"damage":0,"enemies":"downfall:FleeingMerchant","floor":5,"turns":4},{"damage":5,"enemies":"downfall:FleeingMerchant","floor":8,"turns":4},{"damage":18,"enemies":"Gremlin Nob","floor":9,"turns":4},{"damage":8,"enemies":"Lots of Slimes","floor":10,"turns":3},{"damage":4,"enemies":"3 Sentries","floor":14,"turns":4},{"damage":1,"enemies":"Gremlin Gang","floor":15,"turns":3},{"damage":14,"enemies":"SI_SHIV_ARCHETYPE","floor":16,"turns":5},{"damage":0,"enemies":"Chosen","floor":19,"turns":4},{"damage":15,"enemies":"Spheric Guardian","floor":20,"turns":4},{"damage":13,"enemies":"3 Cultists","floor":21,"turns":5},{"damage":10,"enemies":"Book of Stabbing","floor":23,"turns":4},{"damage":48,"enemies":"downfall:Augmenter","floor":26,"turns":6},{"damage":13,"enemies":"Sentry and Sphere","floor":27,"turns":4},{"damage":7,"enemies":"downfall:FleeingMerchant","floor":28,"turns":4},{"damage":1,"enemies":"Slavers","floor":31,"turns":3},{"damage":13,"enemies":"Shelled Parasite and Fungi","floor":32,"turns":3},{"damage":66,"enemies":"IC_MUSHROOM_ARCHETYPE","floor":33,"turns":7}],"seed_played":"7283590648403797728","potions_obtained":[{"floor":9,"key":"PowerPotion"},{"floor":10,"key":"hexamod:EctoCoolerPotion"},{"floor":10,"key":"Energy Potion"},{"floor":14,"key":"FearPotion"},{"floor":15,"key":"champ:CounterPotion"},{"floor":19,"key":"Guardian:BlockOnCardUsePotion"},{"floor":19,"key":"Block Potion"},{"floor":21,"key":"Strength Potion"},{"floor":21,"key":"sneckomod:MuddlingPotion"},{"floor":26,"key":"Weak Potion"},{"floor":26,"key":"Energy Potion"},{"floor":31,"key":"Fire Potion"}],"is_trial":false,"path_per_floor":["R","M","M","M","$","R","T","$","E","M","?","?","R","E","M","B",null,"R","M","M","M","?","E","T","R","?","M","$","?","R","E","M","B"],"character_chosen":"THE_SPIRIT","items_purchased":["hexamod:Incineration","hexamod:PhantomFireball","PowerPotion","hexamod:EctoCoolerPotion"],"campfire_rested":0,"item_purchase_floors":[5,5,28,28],"current_hp_per_floor":[49,56,63,70,70,70,70,65,54,53,53,53,53,54,53,51,70,70,70,60,57,57,66,66,87,39,26,26,26,47,56,55,0,0,0],"gold":57,"neow_bonus":"TRANSFORM_TWO_CARDS","is_daily":false,"chose_seed":false,"campfire_upgraded":5,"win_rate":0.0,"timestamp":1611807235,"path_taken":["R","M","M","?","$","R","T","?","E","M","?","?","R","E","M","BOSS","R","M","?","?","?","E","T","R","?","M","$","?","R","E","M","BOSS"],"items_purchased_type":["Card","Card","Potion","Potion"],"build_version":"2020-12-22","purchased_purges":0,"victory":false,"max_hp_per_floor":[70,70,70,70,70,70,70,70,70,70,70,70,70,70,70,70,70,70,70,70,70,70,77,77,87,87,87,87,87,87,87,87,87,87,87],"card_choices":[{"not_picked":["hexamod:AdvancingGuard","hexamod:GhostShield"],"picked":"hexamod:EtherealExpedition","floor":2},{"not_picked":["hexamod:AdvancingGuard","hexamod:HeatShield"],"picked":"hexamod:SpectersWail","floor":3},{"not_picked":["hexamod:RadiantFlame","hexamod:SwordOfDarkness"],"picked":"hexamod:EtherealExpedition","floor":4},{"not_picked":["hexamod:FourthSeal","hexamod:FirstSeal"],"picked":"hexamod:WildfireWeapon","floor":5},{"not_picked":["hexamod:AdvancingGuard","hexamod:ShieldOfDarkness"],"picked":"hexamod:Firestarter","floor":8},{"not_picked":["hexamod:PowerFromBeyond","hexamod:NightmareStrike"],"picked":"hexamod:FourthSeal","floor":9},{"not_picked":["hexamod:RecurringNightmare","hexamod:ShieldOfDarkness"],"picked":"hexamod:ThermalTransfer","floor":10},{"not_picked":["hexamod:AdvancingGuard","hexamod:BacktrackSmack"],"picked":"hexamod:ShieldOfDarkness","floor":14},{"not_picked":["hexamod:GhostShield","hexamod:HauntingEcho"],"picked":"hexamod:ThirdSeal","floor":15},{"not_picked":["hexamod:VolcanoVisage","hexamod:ParanormalForm"],"picked":"hexamod:SearingWound","floor":16},{"not_picked":["hexamod:GhostOfSpirePresent","hexamod:FlameSwitch"],"picked":"hexamod:ForkedFlame","floor":16},{"not_picked":["hexamod:RecurringNightmare","hexamod:EmpoweredFlame+1"],"picked":"hexamod:GhostOfSpireFuture","floor":19},{"not_picked":["hexamod:BurningTouch+1","hexamod:GhostShield"],"picked":"hexamod:GhostLash+1","floor":20},{"not_picked":["hexamod:ThermalTransfer+1","hexamod:RetreatToShadows"],"picked":"hexamod:ChargedBarrage","floor":20},{"not_picked":["hexamod:ShieldOfDarkness","hexamod:HeatShield"],"picked":"hexamod:FastForward+1","floor":21},{"not_picked":["hexamod:RetreatToShadows","hexamod:GhostShield"],"picked":"hexamod:HeatCrush+1","floor":23},{"not_picked":[],"picked":"J.A.X.","floor":26},{"not_picked":["hexamod:FlamesFromBeyond","hexamod:GhostLash+1"],"picked":"hexamod:NightmareStrike+1","floor":26},{"not_picked":["hexamod:SuperheatedStrike+1","hexamod:CatchUp"],"picked":"hexamod:SpectersWail+1","floor":26},{"not_picked":["hexamod:HeatCrush+1","hexamod:Firestarter+1"],"picked":"hexamod:AdvancingGuard","floor":27},{"not_picked":["hexamod:SpectralAdrenaline","hexamod:Haunt","hexamod:SwordOfDarkness+1"],"picked":"SKIP","floor":27},{"not_picked":["hexamod:FirstSeal","hexamod:SuperheatedStrike+1"],"picked":"hexamod:ForkedFlame+1","floor":28},{"not_picked":["hexamod:BurningTouch","hexamod:FastForward"],"picked":"hexamod:StepThrough+1","floor":28},{"not_picked":["hexamod:FastForward+1","hexamod:Haunt"],"picked":"hexamod:HeatCrush+1","floor":31},{"not_picked":["hexamod:BacktrackSmack+1","hexamod:InspiringFlames+1","hexamod:NecessarySacrifice+1"],"picked":"SKIP","floor":32}],"player_experience":797827,"relics_obtained":[{"floor":7,"key":"PreservedInsect"},{"floor":9,"key":"Toy Ornithopter"},{"floor":14,"key":"Eternal Feather"},{"floor":17,"key":"Potion Belt"},{"floor":17,"key":"Molten Egg 2"},{"floor":17,"key":"Unceasing Top"},{"floor":23,"key":"Strawberry"},{"floor":26,"key":"MutagenicStrength"},{"floor":31,"key":"Sundial"}],"event_choices":[],"is_beta":false,"boss_relics":[{"not_picked":["hexamod:UnbrokenSoul","Busted Crown"],"picked":"Calling Bell"}],"items_purged_floors":[],"is_endless":false,"potions_floor_spawned":[9,10,14,15,19,21,26,31],"killed_by":"IC_MUSHROOM_ARCHETYPE","ascension_level":1}}