{"host":"b4vwm7jq6jdk6nca","time":1611841637,"event":{"mods":["Act Like it!","Ascension Reborn","BaseMod","Hallownest","Minty Spire (QoL Compilation)","Pale of the Ancients","Quick Restart","Relic Filter Mod","Reliquary","Spicy Shops","StSLib","TestMod","Wide Potions","[IsaacMod]ÒÔÈö¼âËþ"],"gold_per_floor":[111,127,145,145,158,158,185,185,185,223,223,230,277,301,301,415,415,415,415],"floor_reached":18,"language":"ZHS","playtime":981,"items_purged":[],"score":368,"play_id":"41b34019-8834-4399-9622-3e09b9a1a040","local_time":"20210128214717","is_ascension_mode":true,"campfire_choices":[{"data":"Eruption","floor":6.0,"key":"SMITH"},{"data":"Alpha","floor":8.0,"key":"SMITH"},{"data":"Wallop","floor":15.0,"key":"SMITH"}],"circlet_count":0,"master_deck":["AscendersBane","Strike_P","Strike_P","Strike_P","Strike_P","Defend_P","Defend_P","Defend_P","Defend_P","Eruption+1","Vigilance","BettingIsNotGood","FollowUp","FlyingSleeves","Writhe","FearNoEvil","Alpha+1","Wallop+1","SashWhip","Omniscience"],"relics":["PureWater","testmod-TestBox","HushsDoor","Chaos","testmod-TimeTraveler","NeowsBlessing","SalivaCoin","Omamori","Hallownest:DreamNailRelic","testmod-EqualTreatment"],"acts_visited":["Exordium","Hallownest:Greenpath"],"potions_floor_usage":[16],"damage_taken":[{"damage":0.0,"enemies":"Hallownest:2_MossCreeps","floor":1.0,"turns":1.0},{"damage":6.0,"enemies":"Hallownest:2_Tiktiks_and_1_Crawlid","floor":2.0,"turns":2.0},{"damage":0.0,"enemies":"Hallownest:2_Baldur","floor":3.0,"turns":1.0},{"damage":8.0,"enemies":"Hallownest:1_Baldur_1_Crawlid_1_Warrior","floor":5.0,"turns":4.0},{"damage":0.0,"enemies":"Hallownest:eliteVengeflyKing","floor":7.0,"turns":7.0},{"damage":10.0,"enemies":"Hallownest:MossCreep_and_Mosskin","floor":10.0,"turns":4.0},{"damage":20.0,"enemies":"Hallownest:Guard_and_Warrior","floor":13.0,"turns":5.0},{"damage":3.0,"enemies":"Hallownest:monsterFoolEater","floor":14.0,"turns":4.0},{"damage":33,"enemies":"Hallownest:BossBrokenVessel","floor":16,"turns":7},{"damage":0,"enemies":"Hallownest:2_Mistakes","floor":18,"turns":1}],"seed_played":"825946136062699629","potions_obtained":[{"floor":1.0,"key":"Weak Potion"},{"floor":5.0,"key":"Regen Potion"},{"floor":10.0,"key":"PowerPotion"}],"is_trial":false,"path_per_floor":["M","M","M","?","M","R","E","R","T","M","?","?","M","M","R","B",null,"M"],"character_chosen":"WATCHER","items_purchased":[],"campfire_rested":0,"item_purchase_floors":[],"current_hp_per_floor":[61,60,60,68,65,65,70,70,70,65,65,50,35,32,32,4,58,58,58],"gold":415,"neow_bonus":"THREE_ENEMY_KILL","is_daily":false,"chose_seed":false,"campfire_upgraded":3,"win_rate":0.0,"timestamp":1611841637,"path_taken":["M","?","M","?","M","R","E","R","T","M","?","?","?","M","R","BOSS","M"],"items_purchased_type":[],"build_version":"2020-12-22","purchased_purges":0,"victory":false,"max_hp_per_floor":[68,68,68,76,76,76,76,76,76,76,76,76,76,76,76,76,76,76,76],"card_choices":[{"not_picked":[],"picked":"BettingIsNotGood","floor":0.0},{"not_picked":["Prostrate","Crescendo"],"picked":"FollowUp","floor":1.0},{"not_picked":["Halt","CutThroughFate"],"picked":"FlyingSleeves","floor":2.0},{"not_picked":["Vengeance","CutThroughFate","BowlingBash"],"picked":"SKIP","floor":3.0},{"not_picked":["JustLucky","Evaluate"],"picked":"FearNoEvil","floor":5.0},{"not_picked":["Tantrum","PathToVictory"],"picked":"Alpha","floor":7.0},{"not_picked":["Evaluate","FearNoEvil","Protect"],"picked":"SKIP","floor":10.0},{"not_picked":["FlurryOfBlows","ThirdEye"],"picked":"Wallop","floor":13.0},{"not_picked":["Halt","FlurryOfBlows"],"picked":"SashWhip","floor":14.0},{"not_picked":["Ragnarok","Establishment"],"picked":"Omniscience","floor":16}],"player_experience":317227,"relics_obtained":[{"floor":7.0,"key":"SalivaCoin"},{"floor":9.0,"key":"Omamori"}],"event_choices":[],"is_beta":false,"boss_relics":[{"not_picked":["reliquary:TuningFork","Vajra"],"picked":"testmod-EqualTreatment"},{"not_picked":[]}],"items_purged_floors":[],"is_endless":false,"potions_floor_spawned":[1,5,7,10],"killed_by":"Hallownest:2_Mistakes","ascension_level":20}}