{"host":"lq2h7q9ca6uwu60x","time":1611805480,"event":{"mods":["Act Like it!","BaseMod","Gensokyo","Koishi","Marisa£®ÏF”Í°°ƒß¿Ì…≥£©","Minty Spire (QoL Compilation)","StSLib","Youmu£®ªÍ∆«—˝√Œ£©"],"gold_per_floor":[113,43,43,61,61,61,87,97,123,123,123,123,123,123,123,223,223,227,227,107,107,57,57,57,57,57,57,57,57,57,152,152,152,152],"floor_reached":33,"language":"ZHS","playtime":842,"items_purged":[],"score":333,"play_id":"dc99187c-1112-4139-910e-fa43025ad17d","local_time":"20210128114440","is_ascension_mode":true,"campfire_choices":[{"floor":6.0,"key":"RECALL"},{"data":"Koishi:CatchAndRose","floor":11.0,"key":"SMITH"},{"data":"Koishi:Ego","floor":15.0,"key":"SMITH"},{"data":"Gensokyo:ManorOfTheDishes","floor":23,"key":"SMITH"},{"floor":32,"key":"DIG"}],"circlet_count":0,"master_deck":["Koishi:BasicStrike","Koishi:BasicStrike","Koishi:BasicStrike","Koishi:BasicDefend+1","Koishi:BasicDefend+1","Koishi:Provoke","Koishi:CatchAndRose+1","Koishi:Ego+1","Koishi:RollingInRichesHeart","Gensokyo:ManorOfTheDishes+1","Koishi:FreudianInstinct"],"relics":["Koishi:ImaginaryFriend","NeowsBlessing","Happy Flower","Juzu Bracelet","Gensokyo:PortableGap","Gensokyo:Justice","Mango","Coffee Dripper","Gensokyo:FoxMask","Singing Bowl","Gensokyo:RedStar","Gensokyo:DayTheSeaSplit","Shovel","Dead Branch","Akabeko"],"acts_visited":["Exordium","Gensokyo:Gensokyo"],"potions_floor_usage":[],"damage_taken":[{"damage":0.0,"enemies":"Gensokyo:Python","floor":1.0,"turns":1.0},{"damage":0.0,"enemies":"Gensokyo:3_Fairies","floor":4.0,"turns":2.0},{"damage":0.0,"enemies":"Gensokyo:Mamizou","floor":7.0,"turns":3.0},{"damage":0.0,"enemies":"Gensokyo:2_Kodama","floor":8.0,"turns":2.0},{"damage":4.0,"enemies":"Gensokyo:Reimu","floor":16.0,"turns":10.0},{"damage":21.0,"enemies":"Gensokyo:3_Dogs","floor":18.0,"turns":7.0},{"damage":23,"enemies":"Gensokyo:3_Dogs","floor":31,"turns":8},{"damage":0,"enemies":"Gensokyo:Eternal_Rivals","floor":33,"turns":2}],"seed_played":"-883371991064760609","potions_obtained":[{"floor":1.0,"key":"Explosive Potion"},{"floor":4.0,"key":"SteroidPotion"}],"is_trial":false,"path_per_floor":["M","?","?","M","$","R","E","M","T","?","R","?","?","?","R","B",null,"M","?","?","?","?","R","?","?","T","?","?","$","T","?","R","B"],"character_chosen":"KOISHI","items_purchased":[],"campfire_rested":0,"item_purchase_floors":[],"current_hp_per_floor":[60,60,60,60,60,60,60,60,60,54,54,54,51,44,44,40,65,44,44,44,44,51,51,51,51,51,51,51,51,48,27,27,25,25],"gold":152,"neow_bonus":"THREE_ENEMY_KILL","is_daily":false,"chose_seed":false,"campfire_upgraded":3,"win_rate":0.0,"timestamp":1611805480,"path_taken":["M","?","?","M","$","R","E","M","T","?","R","?","?","?","R","BOSS","M","?","?","?","?","R","?","?","T","?","?","?","?","?","R","BOSS"],"items_purchased_type":[],"build_version":"2020-12-22","purchased_purges":0,"victory":false,"max_hp_per_floor":[60,60,60,60,60,60,60,60,60,54,54,54,51,65,65,65,65,65,59,56,53,60,57,57,57,57,57,54,51,48,50,50,25,25],"card_choices":[{"not_picked":["Koishi:StrangeCloudFist","Koishi:FleetingPhantom","Koishi:IdleWhim"],"picked":"SKIP","floor":1.0},{"not_picked":["Koishi:PhantomStrike","Koishi:StingingMind","Koishi:YoukaiPolygraph"],"picked":"SKIP","floor":4.0},{"not_picked":["Koishi:Jaunt","Koishi:ParalyzingFear","Koishi:UnconsciousUprising"],"picked":"SKIP","floor":7.0},{"not_picked":["Koishi:YoukaiPolygraph","Koishi:StingingMind"],"picked":"Koishi:CatchAndRose","floor":8.0},{"not_picked":["Koishi:UnconsciousUprising","Koishi:StingingMind"],"picked":"Koishi:Ego","floor":12.0},{"not_picked":["Koishi:UnconsciousUrges","Koishi:UnansweredLove"],"picked":"Koishi:ReleaseOfTheId","floor":12.0},{"not_picked":["Koishi:TerrifyingSpectre","Koishi:MindStellarRelief"],"picked":"Koishi:RollingInRichesHeart","floor":16.0},{"not_picked":["Koishi:SubterraneanRose","Koishi:RacingHeart","Koishi:UnconsciousUprising"],"picked":"SKIP","floor":18.0},{"not_picked":["Gensokyo:TekeTeke","Gensokyo:GapWoman"],"picked":"Gensokyo:ManorOfTheDishes","floor":19.0},{"not_picked":["Koishi:HeartfeltFancy","Koishi:PhilosophyOfTheDespised+1","Koishi:UnseenTerror"],"picked":"Singing Bowl","floor":31}],"player_experience":940498,"relics_obtained":[{"floor":7.0,"key":"Juzu Bracelet"},{"floor":9.0,"key":"Lantern"},{"floor":26,"key":"Singing Bowl"},{"floor":31,"key":"Shovel"},{"floor":31,"key":"Dead Branch"},{"floor":32,"key":"Akabeko"}],"event_choices":[],"is_beta":false,"boss_relics":[{"not_picked":["Astrolabe","SlaversCollar"],"picked":"Coffee Dripper"}],"items_purged_floors":[],"is_endless":false,"potions_floor_spawned":[1,4],"killed_by":"Gensokyo:Eternal_Rivals","ascension_level":4}}