{"host":"szcsc05p6ieg5q76","time":1611873027,"event":{"mods":["ATMod(阿瑾Mod)","Act Like it!","Arknights The Spire","BaseMod","Minty Spire (QoL Compilation)","Reimu（博丽灵梦）","SOS（斯巴达之子）","StSLib","The Servant 0.9.4","【功能Mod】聪明的最终Boss"],"gold_per_floor":[109,119,136,136,136,136,146,146,146,146,160,173,186,244,244,346,346,362,374,214,214,214],"floor_reached":21,"language":"ZHS","playtime":1151,"items_purged":[],"score":173,"play_id":"04a341f1-3958-4a43-8b47-64d3aca36223","local_time":"20210128233027","is_ascension_mode":false,"campfire_choices":[{"data":"LovePray:ReiMu","floor":6,"key":"SMITH"},{"data":"OctopathBindingBorder2:ReiMu","floor":8,"key":"SMITH"},{"data":"NB:ReiMu","floor":10,"key":"SMITH"},{"data":"CareerPray:ReiMu","floor":15,"key":"SMITH"}],"circlet_count":0,"master_deck":["NB:ReiMu+1","Stagnation:ReiMu","AirManeuver:ReiMu","SubcavityInstant:ReiMu","LovePray:ReiMu+1","Dreaming:ReiMu+1","NB:ReiMu+1","LearningPray:ReiMu","OctopathBindingBorder2:ReiMu+1","CareerPray:ReiMu+1","TightArray:ReiMu+1","Amulet:ReiMu","YinYang:ReiMu+1","MikOfLucky:ReiMu","FineLineFantasy:ReiMu","SafetyPray:ReiMu","SafetyPray:ReiMu","ShadowOfCrow2:ReiMu","CareerPray:ReiMu","TightArray:ReiMu+1","KamiRite:ReiMu","AirStrike:ReiMu+1","Amulet:ReiMu","PrayRite:ReiMu"],"relics":["FlyPower:ReiMu","AT_ATBox","NeowsBlessing","Molten Egg 2","Art of War","Pandora\u0027s Box"],"acts_visited":["Exordium","TheCity"],"potions_floor_usage":[16,18,21],"damage_taken":[{"damage":0.0,"enemies":"Cultist","floor":1.0,"turns":1.0},{"damage":0.0,"enemies":"2 Louse","floor":2.0,"turns":1.0},{"damage":0.0,"enemies":"Small Slimes","floor":3.0,"turns":1.0},{"damage":5,"enemies":"Exordium Thugs","floor":7,"turns":6},{"damage":0,"enemies":"2 Fungi Beasts","floor":11,"turns":3},{"damage":1,"enemies":"Blue Slaver","floor":12,"turns":4},{"damage":3,"enemies":"Exordium Wildlife","floor":13,"turns":6},{"damage":19,"enemies":"The Guardian","floor":16,"turns":11},{"damage":16,"enemies":"3 Byrds","floor":18,"turns":5},{"damage":12,"enemies":"Chosen","floor":19,"turns":6},{"damage":40,"enemies":"Masked Bandits","floor":21,"turns":3}],"seed_played":"-5734669265515599107","potions_obtained":[{"floor":3.0,"key":"GrandPatriotsElixir:ReiMu"},{"floor":12,"key":"SkillPotion"},{"floor":13,"key":"LiquidFlight:ReiMu"},{"floor":19,"key":"FearPotion"}],"is_trial":false,"path_per_floor":["M","M","M","?","?","R","M","R","T","R","M","M","M","?","R","B",null,"M","M","$","?"],"character_chosen":"REIMU","items_purchased":["PrayRite:ReiMu"],"campfire_rested":0,"item_purchase_floors":[20],"current_hp_per_floor":[65,65,65,47,47,47,42,42,42,42,42,41,38,38,38,19,65,49,37,37,0,0],"gold":214,"neow_bonus":"THREE_ENEMY_KILL","is_daily":false,"chose_seed":false,"campfire_upgraded":4,"win_rate":0.0,"timestamp":1611873027,"path_taken":["M","?","M","?","?","R","M","R","T","R","M","?","M","?","R","BOSS","M","M","$","?"],"items_purchased_type":["Card"],"build_version":"2020-12-22","purchased_purges":0,"victory":false,"max_hp_per_floor":[65,65,65,65,65,65,65,65,65,65,65,65,65,65,65,65,65,65,65,65,65,65],"card_choices":[{"not_picked":["SafetyPray:ReiMu","FineLineFantasy:ReiMu"],"picked":"AirManeuver:ReiMu","floor":1.0},{"not_picked":["EmergencyTakeOff:ReiMu","Conquer:ReiMu"],"picked":"SubcavityInstant:ReiMu","floor":2.0},{"not_picked":["WonderfulDomain:ReiMu","AirStrike:ReiMu"],"picked":"LovePray:ReiMu","floor":3.0},{"not_picked":["RainPray2:ReiMu","Meditation:ReiMu"],"picked":"OctopathBindingBorder2:ReiMu","floor":7},{"not_picked":["SpreadBorder2:ReiMu","SpringWay:ReiMu"],"picked":"CareerPray:ReiMu","floor":11},{"not_picked":["SpreadBorder2:ReiMu","HakureiPhantom:ReiMu"],"picked":"TightArray:ReiMu+1","floor":12},{"not_picked":["AlertArray:ReiMu","CareerPray:ReiMu"],"picked":"Amulet:ReiMu","floor":13},{"not_picked":["Shading:ReiMu","HakureiPhantom:ReiMu"],"picked":"YinYang:ReiMu+1","floor":16},{"not_picked":["SubAcupoint:ReiMu+1","SubcavityInstant:ReiMu"],"picked":"AirStrike:ReiMu+1","floor":18},{"not_picked":["Enchanting:ReiMu","Intuition:ReiMu"],"picked":"Amulet:ReiMu","floor":19}],"player_experience":171143,"relics_obtained":[{"floor":9,"key":"Art of War"}],"event_choices":[{"damage_healed":0.0,"max_hp_gain":0.0,"max_hp_loss":0.0,"gold_gain":0.0,"event_name":"Scrap Ooze","player_choice":"Success","floor":4.0,"gold_loss":0.0,"damage_taken":18.0,"relics_obtained":["Molten Egg 2"]},{"damage_healed":0,"gold_gain":0,"player_choice":"3 cards matched","damage_taken":0,"max_hp_gain":0,"max_hp_loss":0,"event_name":"Match and Keep!","floor":5,"gold_loss":0,"cards_obtained":["Dreaming:ReiMu","NB:ReiMu","LearningPray:ReiMu"]},{"damage_healed":0,"gold_gain":58,"player_choice":"Gained Gold","damage_taken":0,"max_hp_gain":0,"max_hp_loss":0,"event_name":"Golden Wing","floor":14,"gold_loss":0},{"damage_healed":0,"gold_gain":0,"player_choice":"Fought Bandits","damage_taken":0,"max_hp_gain":0,"max_hp_loss":0,"event_name":"Masked Bandits","floor":21,"gold_loss":0}],"is_beta":false,"boss_relics":[{"not_picked":["Calling Bell","Fusion Hammer"],"picked":"Pandora\u0027s Box"}],"items_purged_floors":[],"is_endless":false,"potions_floor_spawned":[3,12,13,19],"killed_by":"Masked Bandits","ascension_level":0}}