{"host":"dbb4fkd1j4jczim2","time":1611814573,"event":{"mods":["BaseMod","Downfall","Marisa????????","Minty Spire (QoL Compilation)","Permanent Neow","StSLib"],"gold_per_floor":[99,115,130,145,145,159,205,218,9,20,37,66,83,116,133,232,232,132,152,8,36,55,71,71,71,101,116,128,140,90,119,139,139,139,139],"floor_reached":33,"language":"ENG","playtime":1663,"items_purged":["champ:Defend","champ:Defend"],"score":357,"play_id":"97831261-62c9-4c19-b615-3bc4ebefe3d4","local_time":"20210128001613","is_ascension_mode":false,"campfire_choices":[{"data":"1","floor":1,"key":"LIFT"},{"data":"2","floor":18,"key":"LIFT"},{"data":"3","floor":25,"key":"LIFT"}],"circlet_count":0,"master_deck":["champ:Strike","champ:Strike","champ:Strike","champ:Strike","champ:Defend","champ:Defend","champ:Execute","champ:Taunt","CurseOfTheBell","champ:PreciseThrust","champ:Duel","champ:AdrenalArmor","champ:BerserkersShout","champ:AdrenalArmor","champ:Duel","champ:FocusedBerserking","champ:StanceDance","champ:RisingSlash","champ:Encircle","champ:FanOfKnives","champ:AdrenalArmor","champ:TripleStrike","champ:BerserkerStyle+1","champ:AdrenalArmor+1","champ:RisingSlash","expansioncontent:AwakenDeath+1","champ:AdrenalArmor","champ:PreciseThrust","champ:Encircle","champ:AdrenalArmor+1","champ:FanOfKnives","champ:StanceDance","champ:CalledShot"],"relics":["Calling Bell","Oddly Smooth Stone","Frozen Egg 2","Girya","Membership Card","Art of War","Unceasing Top","SlaversCollar","downfall:HeartBlessingBlue","StrikeDummy","Question Card","Sling","Dream Catcher","Bag of Marbles","Akabeko"],"acts_visited":["Exordium","TheCity"],"potions_floor_usage":[6,16,16],"damage_taken":[{"damage":12,"enemies":"Small Slimes","floor":2,"turns":4},{"damage":0,"enemies":"Cultist","floor":3,"turns":4},{"damage":15,"enemies":"2 Louse","floor":4,"turns":3},{"damage":36,"enemies":"Gremlin Gang","floor":6,"turns":6},{"damage":22,"enemies":"2 Fungi Beasts","floor":8,"turns":4},{"damage":45,"enemies":"downfall:FleeingMerchant","floor":9,"turns":4},{"damage":10,"enemies":"3 Louse","floor":10,"turns":3},{"damage":30,"enemies":"Large Slime","floor":11,"turns":3},{"damage":58,"enemies":"Lagavulin","floor":12,"turns":4},{"damage":5,"enemies":"Red Slaver","floor":13,"turns":2},{"damage":44,"enemies":"3 Sentries","floor":14,"turns":4},{"damage":0,"enemies":"Blue Slaver","floor":15,"turns":2},{"damage":47,"enemies":"IC_STATUS_ARCHETYPE","floor":16,"turns":7},{"damage":47,"enemies":"3 Byrds","floor":19,"turns":5},{"damage":75,"enemies":"downfall:FleeingMerchant","floor":20,"turns":4},{"damage":87,"enemies":"downfall:FleeingMerchant","floor":21,"turns":4},{"damage":78,"enemies":"Chosen","floor":22,"turns":4},{"damage":75,"enemies":"3 Cultists","floor":23,"turns":4},{"damage":87,"enemies":"Gremlin Leader","floor":26,"turns":4},{"damage":75,"enemies":"Sentry and Sphere","floor":27,"turns":4},{"damage":68,"enemies":"Centurion and Healer","floor":28,"turns":3},{"damage":85,"enemies":"Shelled Parasite and Fungi","floor":29,"turns":4},{"damage":64,"enemies":"Slavers","floor":31,"turns":3},{"damage":50,"enemies":"Snecko","floor":32,"turns":4},{"damage":92,"enemies":"WA_ARCHETYPE_CALM","floor":33,"turns":5}],"seed_played":"544105332489347693","potions_obtained":[{"floor":2,"key":"Dexterity Potion"},{"floor":6,"key":"Fruit Juice"},{"floor":8,"key":"BlessingOfTheForge"},{"floor":15,"key":"sneckomod:MuddlingPotion"},{"floor":22,"key":"Weak Potion"},{"floor":23,"key":"SkillPotion"}],"is_trial":false,"path_per_floor":["R","M","M","M","?","M","T","M","$","M","M","E","M","E","M","B",null,"R","M","$","$","M","M","T","R","E","M","M","M","$","E","M","B"],"character_chosen":"THE_CHAMP","items_purchased":["Membership Card","champ:FocusedBerserking","champ:StanceDance","StrikeDummy","Question Card","champ:RisingSlash","Sling","expansioncontent:AwakenDeath"],"campfire_rested":0,"item_purchase_floors":[9,9,9,20,21,21,21,21],"current_hp_per_floor":[90,88,88,83,83,72,72,65,65,65,65,57,57,48,48,46,95,105,98,98,98,88,88,88,88,82,82,70,65,65,51,48,0,0,0],"gold":139,"neow_bonus":"BOSS_RELIC","is_daily":false,"chose_seed":false,"campfire_upgraded":0,"win_rate":0.0,"timestamp":1611814573,"path_taken":["R","M","M","M","?","?","T","M","$","?","M","E","?","E","M","BOSS","R","M","?","$","M","M","T","R","E","?","M","M","$","E","M","BOSS"],"items_purchased_type":["Relic","Card","Card","Relic","Relic","Card","Relic","Card"],"build_version":"2020-12-22","purchased_purges":2,"victory":false,"max_hp_per_floor":[90,90,90,90,90,95,95,95,95,95,95,95,95,95,95,95,95,105,105,105,105,105,105,105,105,105,105,105,105,105,105,105,105,105,105],"card_choices":[{"not_picked":["champ:SetATrap","champ:DefensiveShout"],"picked":"champ:PreciseThrust","floor":2},{"not_picked":["champ:StanceDance","champ:BringItOn"],"picked":"champ:Duel","floor":3},{"not_picked":["champ:BerserkersShout","champ:FlashCut"],"picked":"champ:AdrenalArmor","floor":4},{"not_picked":["champ:AdrenalArmor","champ:Circumvent"],"picked":"champ:BerserkersShout","floor":6},{"not_picked":["champ:RecklessLeap","champ:EnGarde"],"picked":"champ:AdrenalArmor","floor":8},{"not_picked":["champ:SwordSigil","champ:CalledShot"],"picked":"champ:Duel","floor":9},{"not_picked":["champ:BringItOn","champ:FocusedDefense"],"picked":"champ:RisingSlash","floor":10},{"not_picked":["champ:BladeFlurry","champ:DancingMaster+1","champ:Shatter"],"picked":"SKIP","floor":11},{"not_picked":["champ:RecklessLeap","champ:DefensiveShout"],"picked":"champ:Encircle","floor":12},{"not_picked":["champ:RapidStrikes","champ:ShieldSigil"],"picked":"champ:FanOfKnives","floor":13},{"not_picked":["champ:DefensiveShout","champ:CrownThrow","champ:TornadoPunch"],"picked":"SKIP","floor":14},{"not_picked":["champ:CrownThrow","champ:GutPunch"],"picked":"champ:AdrenalArmor","floor":15},{"not_picked":["champ:HoldFirm","champ:DancingMaster+1"],"picked":"champ:TripleStrike","floor":16},{"not_picked":["champ:TornadoPunch","champ:DefensiveShout","champ:FlashCut"],"picked":"SKIP","floor":19},{"not_picked":["champ:Parry+1","champ:SwordSigil"],"picked":"champ:BerserkerStyle+1","floor":20},{"not_picked":["champ:Endure","champ:PreemptiveStrike"],"picked":"champ:AdrenalArmor+1","floor":21},{"not_picked":["champ:BringItOn","champ:SetATrap","champ:EnGarde"],"picked":"champ:AdrenalArmor","floor":22},{"not_picked":["champ:GutPunch","champ:Circumvent","champ:CrookedStrike+1","champ:BringItOn+1"],"picked":"SKIP","floor":23},{"not_picked":["champ:Backstep","champ:FalseCounter","champ:EnchantCrown"],"picked":"champ:PreciseThrust","floor":26},{"not_picked":["champ:ShieldSigil+1","champ:AdrenalArmor","champ:PerfectedStrike"],"picked":"champ:Encircle","floor":27},{"not_picked":["champ:IronFortress+1","champ:ShieldSigil","champ:PreemptiveStrike+1"],"picked":"champ:AdrenalArmor+1","floor":28},{"not_picked":["champ:FalseCounter","champ:CrookedStrike+1","champ:Parry"],"picked":"champ:FanOfKnives","floor":29},{"not_picked":["champ:DefensiveShout+1","champ:PreciseThrust","champ:FancyFootwork"],"picked":"champ:StanceDance","floor":31},{"not_picked":["champ:ArenaPreparation","champ:DefensiveStyle+1","champ:GutPunch"],"picked":"champ:CalledShot","floor":32}],"player_experience":314902,"relics_obtained":[{"floor":0,"key":"Oddly Smooth Stone"},{"floor":0,"key":"Frozen Egg 2"},{"floor":0,"key":"Girya"},{"floor":12,"key":"Art of War"},{"floor":14,"key":"Unceasing Top"},{"floor":24,"key":"Dream Catcher"},{"floor":26,"key":"Bag of Marbles"},{"floor":31,"key":"Akabeko"}],"event_choices":[],"is_beta":false,"boss_relics":[{"not_picked":["Pandora\u0027s Box","SacredBark"],"picked":"SlaversCollar"}],"items_purged_floors":[21,30],"is_endless":false,"potions_floor_spawned":[2,6,8,15,22,23,27,28,32],"killed_by":"WA_ARCHETYPE_CALM","ascension_level":0}}