{"host":"0kk91h4bq4kgfj0u","time":1611869510,"event":{"mods":["BaseMod","Minty Spire (QoL Compilation)","StSLib"],"gold_per_floor":[110,110,110,130,12,12,29,29,29,59,74,108,124,135,135,236,236,255,265,283,283,126,126,461,473,473,473,505,518,518,529,529,631,631,651,651,701,701,716,716,716,145,145,145,48,64,137,21,21,21,21],"floor_reached":50,"language":"ENG","playtime":1688,"items_purged":[],"score":663,"play_id":"b4d6d6e3-3ebf-4e1e-a869-585f998cbdc4","local_time":"20210128163150","is_ascension_mode":true,"campfire_choices":[{"data":"Caltrops","floor":6.0,"key":"SMITH"},{"data":"Neutralize","floor":8.0,"key":"SMITH"},{"floor":15.0,"key":"REST"},{"floor":23.0,"key":"REST"},{"floor":27.0,"key":"REST"},{"floor":32.0,"key":"REST"},{"data":"A Thousand Cuts","floor":40,"key":"SMITH"},{"data":"Bullet Time","floor":44,"key":"SMITH"},{"data":"Choke","floor":49,"key":"SMITH"}],"circlet_count":0,"master_deck":["Strike_G+1","Strike_G+1","Strike_G+1","Strike_G+1","Strike_G+1","Defend_G+1","Defend_G+1","Defend_G+1","Defend_G+1","Defend_G+1","Survivor+1","Neutralize+1","Blade Dance","Caltrops+1","Cloak And Dagger","Dagger Throw","Backflip","Quick Slash","Noxious Fumes","Bane","Poisoned Stab","Bullet Time+1","Flying Knee","Leg Sweep","Slice","Die Die Die","Backflip+1","Prepared","Slice","Skewer+1","A Thousand Cuts+1","Die Die Die","Jack Of All Trades","Deadly Poison+1","Writhe","Infinite Blades+1","Panache","Outmaneuver+1","Choke+1","Deflect+1"],"relics":["Ring of the Snake","Akabeko","Sundial","Bag of Preparation","Mercury Hourglass","WristBlade","Oddly Smooth Stone","Old Coin","Question Card","Bottled Lightning","HoveringKite","Peace Pipe","Eternal Feather","Anchor","Meat on the Bone","Toxic Egg 2"],"acts_visited":["Exordium","TheCity","TheBeyond"],"potions_floor_usage":[50],"damage_taken":[{"damage":3.0,"enemies":"Small Slimes","floor":1.0,"turns":4.0},{"damage":0.0,"enemies":"Jaw Worm","floor":4.0,"turns":4.0},{"damage":0.0,"enemies":"Cultist","floor":7.0,"turns":3.0},{"damage":14.0,"enemies":"3 Sentries","floor":10.0,"turns":8.0},{"damage":2.0,"enemies":"Blue Slaver","floor":11.0,"turns":3.0},{"damage":25.0,"enemies":"Lagavulin","floor":12.0,"turns":7.0},{"damage":0.0,"enemies":"Looter","floor":13.0,"turns":3.0},{"damage":2.0,"enemies":"Exordium Wildlife","floor":14.0,"turns":5.0},{"damage":31.0,"enemies":"The Guardian","floor":16.0,"turns":9.0},{"damage":0.0,"enemies":"Chosen","floor":18.0,"turns":2.0},{"damage":8.0,"enemies":"2 Thieves","floor":19.0,"turns":2.0},{"damage":8.0,"enemies":"Snecko","floor":20.0,"turns":3.0},{"damage":20.0,"enemies":"Book of Stabbing","floor":24.0,"turns":5.0},{"damage":7.0,"enemies":"Snake Plant","floor":25.0,"turns":3.0},{"damage":19.0,"enemies":"Gremlin Leader","floor":28.0,"turns":4.0},{"damage":0.0,"enemies":"Centurion and Healer","floor":29.0,"turns":3.0},{"damage":0.0,"enemies":"3 Cultists","floor":31.0,"turns":2.0},{"damage":49.0,"enemies":"Collector","floor":33.0,"turns":9.0},{"damage":0,"enemies":"Orb Walker","floor":35,"turns":1},{"damage":6,"enemies":"Mind Bloom Boss Battle","floor":37,"turns":7},{"damage":0,"enemies":"3 Shapes","floor":39,"turns":4},{"damage":36,"enemies":"Writhing Mass","floor":46,"turns":4},{"damage":92,"enemies":"Awakened One","floor":50,"turns":8}],"seed_played":"-8186280634010032272","potions_obtained":[{"floor":7.0,"key":"Energy Potion"},{"floor":13.0,"key":"SpeedPotion"},{"floor":16.0,"key":"PowerPotion"},{"floor":20.0,"key":"AttackPotion"},{"floor":35,"key":"BlessingOfTheForge"},{"floor":46,"key":"Ancient Potion"}],"is_trial":false,"path_per_floor":["M","?","?","M","$","R","M","R","T","E","M","E","M","M","R","B",null,"M","M","M","?","$","R","E","M","T","R","E","M","?","M","R","B",null,"M","?","?","?","M","R","?","$","T","R","$","M","T","$","R","B"],"character_chosen":"THE_SILENT","items_purchased":["Caltrops","Cloak And Dagger","Oddly Smooth Stone","Eternal Feather","Anchor","Panache","GhostInAJar","Choke","Deflect+1"],"campfire_rested":4,"item_purchase_floors":[5,5,22,42,42,42,45,48,48],"current_hp_per_floor":[67,67,70,70,70,70,70,70,70,56,54,29,29,27,48,17,57,57,49,41,41,41,62,42,35,35,56,37,37,37,37,58,9,55,55,55,49,67,67,67,67,67,67,70,70,46,46,46,70,0,0],"gold":21,"neow_bonus":"RANDOM_COMMON_RELIC","is_daily":false,"chose_seed":false,"campfire_upgraded":5,"win_rate":0.0,"timestamp":1611869510,"path_taken":["M","?","?","M","$","R","M","R","T","E","M","E","M","M","R","BOSS","M","?","M","?","$","R","E","M","T","R","E","M","?","M","R","BOSS","M","?","?","?","M","R","?","$","T","R","?","M","?","$","R","BOSS"],"items_purchased_type":["Card","Card","Relic","Relic","Relic","Card","Potion","Card","Card"],"build_version":"2020-12-22","purchased_purges":0,"victory":false,"max_hp_per_floor":[70,70,70,70,70,70,70,70,70,70,70,70,70,70,70,70,70,70,70,70,70,70,70,70,70,70,70,70,70,70,70,70,70,70,70,70,70,70,70,70,70,70,70,70,70,70,70,70,70,70,70],"card_choices":[{"not_picked":["Dagger Throw","Underhanded Strike"],"picked":"Backflip","floor":1.0},{"not_picked":["Setup","Underhanded Strike"],"picked":"Blade Dance","floor":4.0},{"not_picked":["Endless Agony","Blur"],"picked":"Dagger Throw","floor":7.0},{"not_picked":["Finisher","Endless Agony"],"picked":"Backflip","floor":10.0},{"not_picked":["Concentrate","Blade Dance"],"picked":"Quick Slash","floor":11.0},{"not_picked":["Acrobatics","Masterful Stab"],"picked":"Noxious Fumes","floor":12.0},{"not_picked":["Blur","Setup"],"picked":"Bane","floor":13.0},{"not_picked":["Outmaneuver","Riddle With Holes"],"picked":"Poisoned Stab","floor":14.0},{"not_picked":["Wraith Form v2","Burst"],"picked":"Bullet Time","floor":16.0},{"not_picked":["All Out Attack","Dodge and Roll"],"picked":"Flying Knee","floor":18.0},{"not_picked":["Blade Dance","All Out Attack"],"picked":"Leg Sweep","floor":19.0},{"not_picked":["Poisoned Stab","Sucker Punch"],"picked":"Slice","floor":20.0},{"not_picked":["Cloak And Dagger","Deflect+1"],"picked":"Die Die Die","floor":24.0},{"not_picked":["Leg Sweep","Acrobatics+1"],"picked":"Backflip+1","floor":25.0},{"not_picked":["Quick Slash+1","Endless Agony+1","Poisoned Stab"],"picked":"Prepared","floor":28.0},{"not_picked":["Deflect","Setup","Prepared+1"],"picked":"Slice","floor":29.0},{"not_picked":["Prepared","PiercingWail","Acrobatics"],"picked":"Skewer+1","floor":31.0},{"not_picked":["Malaise","Venomology","Night Terror"],"picked":"A Thousand Cuts","floor":33.0},{"not_picked":["Acrobatics","Poisoned Stab+1","Flying Knee"],"picked":"Die Die Die","floor":35},{"not_picked":["Enlightenment","Secret Technique","Purity"],"picked":"Jack Of All Trades","floor":36},{"not_picked":["Sucker Punch","Concentrate","Eviscerate+1"],"picked":"Deadly Poison+1","floor":37},{"not_picked":["Cloak And Dagger","Crippling Poison","Outmaneuver"],"picked":"Infinite Blades+1","floor":39},{"not_picked":["Masterful Stab","Poisoned Stab+1","Bane+1"],"picked":"Outmaneuver+1","floor":46}],"player_experience":816691,"relics_obtained":[{"floor":9.0,"key":"Sundial"},{"floor":10.0,"key":"Bag of Preparation"},{"floor":12.0,"key":"Mercury Hourglass"},{"floor":24.0,"key":"Old Coin"},{"floor":26.0,"key":"Question Card"},{"floor":28.0,"key":"Bottled Lightning"},{"floor":37,"key":"Peace Pipe"},{"floor":43,"key":"Meat on the Bone"},{"floor":47,"key":"Toxic Egg 2"}],"event_choices":[{"damage_healed":0.0,"max_hp_gain":0.0,"max_hp_loss":0.0,"gold_gain":0.0,"event_name":"Living Wall","player_choice":"Grow","floor":2.0,"gold_loss":0.0,"damage_taken":0.0,"cards_upgraded":["Survivor"]},{"cards_removed":["Backflip"],"damage_healed":5.0,"max_hp_gain":0.0,"max_hp_loss":0.0,"gold_gain":0.0,"event_name":"Bonfire Elementals","player_choice":"Offered Common","floor":3.0,"gold_loss":0.0,"damage_taken":0.0},{"cards_removed":["Backflip"],"damage_healed":5.0,"max_hp_gain":0.0,"max_hp_loss":0.0,"gold_gain":0.0,"event_name":"Bonfire Elementals","player_choice":"Offered Special","floor":3.0,"gold_loss":0.0,"damage_taken":0.0},{"damage_healed":0.0,"max_hp_gain":0.0,"max_hp_loss":0.0,"gold_gain":0.0,"event_name":"Back to Basics","player_choice":"Simplicity","floor":21.0,"gold_loss":0.0,"damage_taken":0.0,"cards_upgraded":["Strike_G","Strike_G","Strike_G","Strike_G","Strike_G","Defend_G","Defend_G","Defend_G","Defend_G","Defend_G"]},{"damage_healed":0.0,"max_hp_gain":0.0,"max_hp_loss":0.0,"gold_gain":0.0,"event_name":"Ghosts","player_choice":"Ignored","floor":30.0,"gold_loss":0.0,"damage_taken":0.0},{"damage_healed":0,"gold_gain":0,"player_choice":"Memory 1","damage_taken":0,"max_hp_gain":0,"max_hp_loss":0,"event_name":"SensoryStone","floor":36,"gold_loss":0},{"damage_healed":0,"gold_gain":0,"player_choice":"Fight","damage_taken":0,"max_hp_gain":0,"max_hp_loss":0,"event_name":"MindBloom","floor":37,"gold_loss":0},{"damage_healed":18,"gold_gain":0,"player_choice":"Writhe","damage_taken":0,"max_hp_gain":0,"max_hp_loss":0,"event_name":"Winding Halls","floor":38,"gold_loss":0,"cards_obtained":["Writhe"]},{"damage_healed":0,"gold_gain":0,"player_choice":"Ignored","damage_taken":0,"max_hp_gain":0,"max_hp_loss":0,"event_name":"Tomb of Lord Red Mask","floor":41,"gold_loss":0}],"is_beta":false,"boss_relics":[{"not_picked":["Fusion Hammer","Cursed Key"],"picked":"WristBlade"},{"not_picked":["Calling Bell","Runic Pyramid"],"picked":"HoveringKite"}],"items_purged_floors":[],"is_endless":false,"potions_floor_spawned":[7,13,16,19,20,29,31,35,46],"killed_by":"Awakened One","ascension_level":5}}