{"host":"na09lpbrez4gbfiz","time":1611869238,"event":{"mods":["Act Like it!","BaseMod","BetterRewards","Colored Map","Colored Powertips","DeckTracker","Googly Eyes","Highlight Path","Minty Spire (QoL Compilation)","Quick Restart","Spicy Shops","StSLib","SuperFastMode","Synergy Search"],"gold_per_floor":[19,19,35,49,14,14,27,53,53,53,53,78,107,131,143,231,243,268,290,352,376,398,410,422,131,131,158,158,191,205,205,205,279,279,295,320,320,331,342,342,362,362,362,36,36,64,64,99,99,99],"floor_reached":51,"language":"ENG","playtime":1090,"items_purged":["Strike_R","Strike_R"],"score":1387,"play_id":"220ed392-6eba-4fd8-ac1e-20f49ea31894","local_time":"20210128222718","is_ascension_mode":true,"campfire_choices":[{"data":"Carnage","floor":6.0,"key":"SMITH"},{"data":"Bash","floor":10.0,"key":"SMITH"},{"floor":15.0,"key":"REST"},{"floor":23.0,"key":"REST"},{"data":"Demon Form","floor":28.0,"key":"SMITH"},{"data":"Demon Form","floor":32.0,"key":"SMITH"},{"data":"Limit Break","floor":40,"key":"SMITH"},{"data":"Double Tap","floor":42,"key":"SMITH"},{"data":"Heavy Blade","floor":45,"key":"SMITH"},{"data":"Defend_R","floor":47,"key":"SMITH"},{"data":"Defend_R","floor":49,"key":"SMITH"}],"circlet_count":0,"master_deck":["AscendersBane","Defend_R","Defend_R","Defend_R+1","Defend_R+1","Bash+1","Hemokinesis+1","Carnage+1","Double Tap+1","Demon Form+1","Heavy Blade+1","Heavy Blade+1","Demon Form+1","Writhe","Limit Break+1","Shrug It Off+1","Pummel+1"],"relics":["Black Blood","Bag of Marbles","Bottled Flame","MawBank","Snecko Eye","Brimstone","Lee\u0027s Waffle","Anchor","Lantern","Singing Bowl","Juzu Bracelet","Dead Branch","Mango","PreservedInsect","Thread and Needle","Potion Belt"],"acts_visited":["Exordium","TheCity","TheBeyond"],"potions_floor_usage":[39,48],"damage_taken":[{"damage":24.0,"enemies":"Jaw Worm","floor":1.0,"turns":5.0},{"damage":2.0,"enemies":"Cultist","floor":3.0,"turns":2.0},{"damage":4.0,"enemies":"Small Slimes","floor":4.0,"turns":3.0},{"damage":16.0,"enemies":"Exordium Wildlife","floor":7.0,"turns":3.0},{"damage":42.0,"enemies":"Lagavulin","floor":12.0,"turns":4.0},{"damage":18.0,"enemies":"Exordium Thugs","floor":13.0,"turns":3.0},{"damage":2.0,"enemies":"Red Slaver","floor":14.0,"turns":1.0},{"damage":26.0,"enemies":"Slime Boss","floor":16.0,"turns":7.0},{"damage":12.0,"enemies":"2 Thieves","floor":18.0,"turns":3.0},{"damage":35.0,"enemies":"3 Byrds","floor":19.0,"turns":4.0},{"damage":27.0,"enemies":"Centurion and Healer","floor":21.0,"turns":4.0},{"damage":22.0,"enemies":"3 Cultists","floor":22.0,"turns":4.0},{"damage":24.0,"enemies":"Book of Stabbing","floor":27.0,"turns":3.0},{"damage":2.0,"enemies":"Gremlin Leader","floor":29.0,"turns":1.0},{"damage":17.0,"enemies":"Snake Plant","floor":30.0,"turns":2.0},{"damage":46.0,"enemies":"Champ","floor":33.0,"turns":4.0},{"damage":23.0,"enemies":"3 Darklings","floor":35.0,"turns":3.0},{"damage":36.0,"enemies":"Mind Bloom Boss Battle","floor":36.0,"turns":5.0},{"damage":0.0,"enemies":"Orb Walker","floor":38.0,"turns":2.0},{"damage":32,"enemies":"Spire Growth","floor":39,"turns":3},{"damage":4,"enemies":"Jaw Worm Horde","floor":41,"turns":3},{"damage":0,"enemies":"Reptomancer","floor":46,"turns":2},{"damage":2,"enemies":"Nemesis","floor":48,"turns":3},{"damage":76,"enemies":"Donu and Deca","floor":50,"turns":4}],"seed_played":"-8885880430753345038","potions_obtained":[{"floor":1.0,"key":"CultistPotion"},{"floor":7.0,"key":"BloodPotion"},{"floor":16.0,"key":"ElixirPotion"},{"floor":19.0,"key":"PowerPotion"},{"floor":22.0,"key":"PowerPotion"},{"floor":27.0,"key":"Strength Potion"},{"floor":38.0,"key":"Energy Potion"},{"floor":41,"key":"BloodPotion"},{"floor":48,"key":"BloodPotion"}],"is_trial":false,"path_per_floor":["M","?","M","M","?","R","M","T","T","R","$","E","M","M","R","B",null,"M","M","?","M","M","R","?","$","T","E","R","E","M","?","R","B",null,"M","?","?","M","M","R","M","R","T","$","R","E","R","E","R","B",null],"character_chosen":"IRONCLAD","items_purchased":["Brimstone","Lee\u0027s Waffle","Fire Potion","PreservedInsect"],"campfire_rested":2,"item_purchase_floors":[25,25,44,44],"current_hp_per_floor":[54,54,58,60,80,80,70,70,70,70,70,34,22,26,50,30,68,62,49,49,28,12,36,36,87,87,69,69,75,66,66,66,26,75,66,42,81,83,63,63,73,73,87,87,87,101,101,103,103,39],"gold":99,"neow_bonus":"REMOVE_TWO","is_daily":false,"chose_seed":false,"campfire_upgraded":9,"win_rate":0.0,"timestamp":1611869238,"path_taken":["M","?","M","?","?","R","M","?","T","R","$","E","M","M","R","BOSS","M","M","?","?","M","R","?","$","T","E","R","E","?","?","R","BOSS","M","?","?","M","M","R","M","R","T","$","R","E","R","E","R","BOSS"],"items_purchased_type":["Relic","Relic","Potion","Relic"],"build_version":"2020-12-22","purchased_purges":2,"victory":true,"max_hp_per_floor":[80,80,80,80,80,80,80,80,80,80,80,80,80,80,80,80,80,80,80,80,80,80,80,80,87,87,87,87,89,91,91,91,91,91,93,93,81,83,83,83,85,85,99,99,99,101,101,103,103,103],"card_choices":[{"not_picked":["Flex","Searing Blow"],"picked":"Hemokinesis","floor":1.0},{"not_picked":["Clash","Shockwave","Flex"],"picked":"SKIP","floor":3.0},{"not_picked":["Thunderclap","Battle Trance"],"picked":"Carnage","floor":4.0},{"not_picked":["Entrench","Intimidate","Havoc"],"picked":"SKIP","floor":7.0},{"not_picked":["Bloodletting","Flex","Twin Strike"],"picked":"SKIP","floor":12.0},{"not_picked":["Body Slam","Wild Strike","Anger"],"picked":"SKIP","floor":13.0},{"not_picked":["Battle Trance","Feel No Pain"],"picked":"Double Tap","floor":14.0},{"not_picked":["Reaper","Exhume"],"picked":"Demon Form","floor":16.0},{"not_picked":["Clash","Headbutt","Anger"],"picked":"SKIP","floor":18.0},{"not_picked":["Evolve","Rage"],"picked":"Heavy Blade","floor":19.0},{"not_picked":["Body Slam","Perfected Strike"],"picked":"Heavy Blade+1","floor":21.0},{"not_picked":["Power Through","Twin Strike+1"],"picked":"Demon Form","floor":22.0},{"not_picked":["Fire Breathing+1","Twin Strike","Feel No Pain"],"picked":"SKIP","floor":27.0},{"not_picked":["Headbutt","Twin Strike","Seeing Red"],"picked":"Singing Bowl","floor":29.0},{"not_picked":["Bloodletting","Armaments+1","Searing Blow"],"picked":"Singing Bowl","floor":30.0},{"not_picked":["Brutality","Impervious"],"picked":"Limit Break","floor":33.0},{"not_picked":["Armaments","Anger","Power Through+1"],"picked":"Singing Bowl","floor":35.0},{"not_picked":["Thunderclap","Flex"],"picked":"Shrug It Off+1","floor":36.0},{"not_picked":["Sword Boomerang","Inflame+1","Body Slam"],"picked":"Singing Bowl","floor":38.0},{"not_picked":["Rage","Headbutt"],"picked":"Pummel+1","floor":39},{"not_picked":["Infernal Blade+1","Sentinel","Cleave"],"picked":"Singing Bowl","floor":41},{"not_picked":["Impervious","Body Slam","Sword Boomerang"],"picked":"Singing Bowl","floor":46},{"not_picked":["Havoc","Warcry+1","Offering"],"picked":"Singing Bowl","floor":48}],"player_experience":201471,"relics_obtained":[{"floor":8.0,"key":"Bag of Marbles"},{"floor":9.0,"key":"Bottled Flame"},{"floor":12.0,"key":"MawBank"},{"floor":26.0,"key":"Anchor"},{"floor":27.0,"key":"Lantern"},{"floor":29.0,"key":"Singing Bowl"},{"floor":36.0,"key":"Dead Branch"},{"floor":43,"key":"Mango"},{"floor":46,"key":"Thread and Needle"},{"floor":48,"key":"Potion Belt"}],"event_choices":[{"damage_healed":0.0,"max_hp_gain":0.0,"max_hp_loss":0.0,"gold_gain":0.0,"event_name":"Upgrade Shrine","player_choice":"Upgraded","floor":2.0,"gold_loss":0.0,"damage_taken":0.0,"cards_upgraded":["Hemokinesis"]},{"damage_healed":20.0,"max_hp_gain":0.0,"max_hp_loss":0.0,"gold_gain":0.0,"event_name":"The Cleric","player_choice":"Healed","floor":5.0,"gold_loss":35.0,"damage_taken":0.0},{"damage_healed":0.0,"max_hp_gain":0.0,"max_hp_loss":0.0,"gold_gain":100.0,"event_name":"The Joust","player_choice":"Bet on Murderer","floor":20.0,"gold_loss":50.0,"damage_taken":0.0},{"cards_removed":["Strike_R"],"damage_healed":0.0,"max_hp_gain":0.0,"max_hp_loss":0.0,"gold_gain":0.0,"event_name":"Purifier","player_choice":"Purged","floor":24.0,"gold_loss":0.0,"damage_taken":0.0},{"damage_healed":0.0,"max_hp_gain":0.0,"max_hp_loss":0.0,"gold_gain":0.0,"event_name":"The Mausoleum","player_choice":"Opened","floor":31.0,"gold_loss":0.0,"damage_taken":0.0,"relics_obtained":["Juzu Bracelet"],"cards_obtained":["Writhe"]},{"damage_healed":0.0,"max_hp_gain":0.0,"max_hp_loss":0.0,"gold_gain":0.0,"event_name":"MindBloom","player_choice":"Fight","floor":36.0,"gold_loss":0.0,"damage_taken":0.0},{"damage_healed":81.0,"max_hp_gain":0.0,"max_hp_loss":12.0,"gold_gain":0.0,"event_name":"The Moai Head","player_choice":"Heal","floor":37.0,"gold_loss":0.0,"damage_taken":0.0}],"is_beta":false,"boss_relics":[{"not_picked":["Pandora\u0027s Box","Runic Dome"],"picked":"Snecko Eye"},{"not_picked":["Cursed Key","Runic Pyramid"],"picked":"Black Blood"}],"items_purged_floors":[25,44],"is_endless":false,"potions_floor_spawned":[1,7,12,13,16,19,22,27,33,38,41,48],"ascension_level":13}}