{"host":"ijtzdp8x8o2bpzki","time":1611846944,"event":{"mods":["AchievementEnabler","BaseMod","Colored Map","Colored Powertips","DeckTracker","Minty Spire (QoL Compilation)"],"gold_per_floor":[111,31,31,31,131,142,161,8,80,45,77,77,89,105,105,201,201,217,217,217,21,35,35,35,35],"floor_reached":24,"language":"ENG","playtime":658,"items_purged":["Strike_B"],"score":213,"play_id":"6510209b-6488-4990-a770-ecd8bc9bfd9d","local_time":"20210128181544","is_ascension_mode":true,"campfire_choices":[{"data":"Storm","floor":12,"key":"SMITH"},{"floor":15,"key":"REST"},{"floor":23,"key":"REST"}],"circlet_count":0,"master_deck":["Strike_B","Strike_B","Strike_B","Defend_B","Defend_B","Defend_B","Defend_B","Zap","Dualcast","Hyperbeam","Loop","Defragment","Self Repair","Rebound","Storm+1","Core Surge","Leap","Defragment","Seek","Static Discharge","Redo"],"relics":["FrozenCore","Runic Capacitor","Mummified Hand","Dead Branch","WingedGreaves"],"acts_visited":["Exordium","TheCity"],"potions_floor_usage":[11,16,16,22,24],"damage_taken":[{"damage":9,"enemies":"Jaw Worm","floor":1,"turns":3},{"damage":1,"enemies":"Cultist","floor":6,"turns":3},{"damage":18,"enemies":"Small Slimes","floor":7,"turns":3},{"damage":9,"enemies":"Lagavulin","floor":11,"turns":6},{"damage":0,"enemies":"Exordium Wildlife","floor":13,"turns":1},{"damage":16,"enemies":"Gremlin Gang","floor":14,"turns":3},{"damage":26,"enemies":"Hexaghost","floor":16,"turns":6},{"damage":38,"enemies":"2 Thieves","floor":18,"turns":4},{"damage":8,"enemies":"Spheric Guardian","floor":22,"turns":4},{"damage":51,"enemies":"Slavers","floor":24,"turns":4}],"seed_played":"1552038156386559546","potions_obtained":[{"floor":7,"key":"Block Potion"},{"floor":11,"key":"Dexterity Potion"},{"floor":14,"key":"BlessingOfTheForge"},{"floor":22,"key":"Dexterity Potion"}],"is_trial":false,"path_per_floor":["M","$","?","$","?","M","M","$","T","$","E","R","M","M","R","B",null,"M","?","T","$","M","R","E"],"character_chosen":"DEFECT","items_purchased":["Defragment","Runic Capacitor","Storm","Static Discharge","SkillPotion"],"campfire_rested":2,"item_purchase_floors":[2,8,10,21,21],"current_hp_per_floor":[59,59,64,64,64,63,52,52,52,52,50,50,50,34,55,36,73,42,29,29,29,28,51,0,0],"gold":35,"neow_bonus":"THREE_RARE_CARDS","is_daily":false,"chose_seed":false,"campfire_upgraded":1,"win_rate":0.0,"timestamp":1611846944,"path_taken":["M","$","?","$","?","M","?","$","T","?","E","R","M","M","R","BOSS","M","?","?","$","?","R","E"],"items_purchased_type":["Card","Relic","Card","Card","Potion"],"build_version":"2020-12-22","purchased_purges":1,"victory":false,"max_hp_per_floor":[68,68,73,73,73,73,73,73,73,73,73,73,73,73,73,73,73,73,78,78,78,78,78,78,78],"card_choices":[{"not_picked":["Fission","Reboot"],"picked":"Hyperbeam","floor":0},{"not_picked":["Stack","Leap"],"picked":"Loop","floor":1},{"not_picked":["Cold Snap","Hello World"],"picked":"Self Repair","floor":6},{"not_picked":["Turbo","Barrage"],"picked":"Rebound","floor":7},{"not_picked":["White Noise","Barrage"],"picked":"Core Surge","floor":11},{"not_picked":["Cold Snap","Redo"],"picked":"Leap","floor":13},{"not_picked":["Go for the Eyes","Beam Cell"],"picked":"Defragment","floor":14},{"not_picked":["Thunder Strike","Core Surge"],"picked":"Seek","floor":16},{"not_picked":["Coolheaded+1","Beam Cell","Darkness"],"picked":"SKIP","floor":18},{"not_picked":["Streamline","FTL"],"picked":"Redo","floor":22}],"player_experience":88784,"relics_obtained":[{"floor":9,"key":"Mummified Hand"},{"floor":11,"key":"Dead Branch"},{"floor":20,"key":"WingedGreaves"}],"event_choices":[{"damage_healed":0,"gold_gain":0,"player_choice":"Donut","damage_taken":0,"max_hp_gain":5,"max_hp_loss":0,"event_name":"Big Fish","floor":3,"gold_loss":0},{"damage_healed":0,"gold_gain":100,"player_choice":"Pray","damage_taken":0,"max_hp_gain":0,"max_hp_loss":0,"event_name":"Golden Shrine","floor":5,"gold_loss":0},{"damage_healed":0,"gold_gain":0,"player_choice":"Shed Blood","damage_taken":18,"max_hp_gain":5,"max_hp_loss":0,"event_name":"Forgotten Altar","floor":19,"gold_loss":0}],"is_beta":false,"boss_relics":[{"not_picked":["Fusion Hammer","Astrolabe"],"picked":"FrozenCore"}],"items_purged_floors":[21],"is_endless":false,"potions_floor_spawned":[7,11,14,22],"killed_by":"Slavers","ascension_level":2}}