{"host":"dvdvdvm357cut69v","time":1611860628,"event":{"mods":["BaseMod","Downfall","Minty Spire (QoL Compilation)","StSLib"],"gold_per_floor":[99,116,4,22,172,203,203,234,96,108,105,133,145,177,203,311,323,335,362,474,500,528,565,577,4,23,33,33,52,52,63,78,176,176,101,121,137,187,184,198,198,216,230,246,246,246,246,246,259,259,259,288,89,89,89],"floor_reached":56,"language":"ENG","playtime":2880,"items_purged":["Slimebound:Icky","Guardian:Defend_Guardian"],"score":1257,"play_id":"1cf4c13e-5f45-41bc-bb11-6fd6871c7aa5","local_time":"20210128220348","is_ascension_mode":false,"campfire_choices":[{"floor":1,"key":"RECALL"},{"floor":9,"key":"REST"},{"data":"expansioncontent:DonusPower","floor":13,"key":"SMITH"},{"data":"Guardian:FierceBash","floor":18,"key":"SMITH"},{"data":"1","floor":30,"key":"LIFT"},{"data":"2","floor":35,"key":"LIFT"},{"data":"3","floor":45,"key":"LIFT"},{"data":"Guardian:CompilePackage","floor":47,"key":"SMITH"},{"data":"Panacea","floor":54,"key":"SMITH"}],"circlet_count":0,"master_deck":["Guardian:Strike_Guardian","Guardian:Strike_Guardian","Guardian:Strike_Guardian","Guardian:Strike_Guardian","Guardian:Defend_Guardian","Guardian:Defend_Guardian","Guardian:Defend_Guardian","Guardian:CurlUp","Guardian:TwinSlam","Guardian:SentryBeam","Guardian:Reroute","expansioncontent:DonusPower+1","Guardian:PrimingBeam","Guardian:Planning","Guardian:PrismaticBarrier","Guardian:ShieldSpikes","Guardian:Suspension","Guardian:BronzeOrb","Guardian:FierceBash+1","Guardian:EvasiveProtocol+1","Guardian:TimeSifter+1","Guardian:PiercingHide","Guardian:FloatingOrbs+1","Guardian:ShieldCharger+1","Guardian:DonusPower","Guardian:CompilePackage+1","Guardian:RefractedBeam+1","Guardian:FastForward","Guardian:PolyBeam+1","expansioncontent:DecasProtection","Guardian:WalkerClaw+1","Parasite","Guardian:FloatingOrbs+1","Guardian:ShieldCharger+1","Panacea+1"],"relics":["Guardian:ModeShifter","Frozen Egg 2","MawBank","downfall:HeartBlessingGreen","downfall:HeartBlessingRed","HornCleat","Philosopher\u0027s Stone","Girya","Bottled Flame","Eternal Feather","Lee\u0027s Waffle","Anchor","PreservedInsect","Busted Crown","downfall:HeartBlessingBlue","Pocketwatch","ClockworkSouvenir","Mummified Hand","Ornamental Fan"],"acts_visited":["Exordium","TheCity","TheBeyond","TheEnding"],"potions_floor_usage":[16,22,22,31,50,50,55,55,55],"damage_taken":[{"damage":1,"enemies":"2 Louse","floor":2,"turns":3},{"damage":0,"enemies":"downfall:FleeingMerchant","floor":3,"turns":4},{"damage":0,"enemies":"Small Slimes","floor":4,"turns":3},{"damage":28,"enemies":"Gremlin Nob","floor":6,"turns":4},{"damage":0,"enemies":"Jaw Worm","floor":8,"turns":3},{"damage":0,"enemies":"downfall:FleeingMerchant","floor":11,"turns":4},{"damage":1,"enemies":"Blue Slaver","floor":12,"turns":3},{"damage":0,"enemies":"Exordium Wildlife","floor":14,"turns":2},{"damage":2,"enemies":"3 Louse","floor":15,"turns":3},{"damage":44,"enemies":"downfall:Ironclad","floor":16,"turns":10},{"damage":9,"enemies":"Shell Parasite","floor":19,"turns":4},{"damage":9,"enemies":"downfall:Silent","floor":20,"turns":7},{"damage":0,"enemies":"Chosen","floor":21,"turns":4},{"damage":32,"enemies":"Snake Plant","floor":22,"turns":4},{"damage":3,"enemies":"downfall:FleeingMerchant","floor":25,"turns":4},{"damage":6,"enemies":"Chosen and Byrds","floor":26,"turns":5},{"damage":15,"enemies":"Shelled Parasite and Fungi","floor":27,"turns":4},{"damage":0,"enemies":"Centurion and Healer","floor":29,"turns":3},{"damage":0,"enemies":"Chosen and Byrds","floor":31,"turns":4},{"damage":22,"enemies":"Sentry and Sphere","floor":32,"turns":4},{"damage":11,"enemies":"downfall:Watcher","floor":33,"turns":9},{"damage":0,"enemies":"3 Darklings","floor":36,"turns":4},{"damage":0,"enemies":"Orb Walker","floor":37,"turns":2},{"damage":6,"enemies":"Mind Bloom Boss Battle","floor":38,"turns":6},{"damage":0,"enemies":"downfall:FleeingMerchant","floor":39,"turns":4},{"damage":0,"enemies":"Spire Growth","floor":40,"turns":3},{"damage":0,"enemies":"Sphere and 2 Shapes","floor":42,"turns":3},{"damage":11,"enemies":"Writhing Mass","floor":43,"turns":3},{"damage":0,"enemies":"Maw","floor":44,"turns":5},{"damage":6,"enemies":"Jaw Worm Horde","floor":49,"turns":3},{"damage":12,"enemies":"downfall:Silent","floor":50,"turns":5},{"damage":36,"enemies":"downfall:CharBossMerchant","floor":52,"turns":4},{"damage":47,"enemies":"downfall:NeowBoss","floor":55,"turns":20}],"seed_played":"-7768442758901011983","potions_obtained":[{"floor":8,"key":"LiquidBronze"},{"floor":14,"key":"SpeedPotion"},{"floor":15,"key":"ColorlessPotion"},{"floor":21,"key":"hexamod:EctoCoolerPotion"},{"floor":27,"key":"FearPotion"},{"floor":29,"key":"Guardian:BlockOnCardUsePotion"},{"floor":36,"key":"Dexterity Potion"},{"floor":37,"key":"GamblersBrew"},{"floor":49,"key":"hexamod:EctoCoolerPotion"},{"floor":52,"key":"Swift Potion"}],"is_trial":false,"path_per_floor":["R","M","$","M","?","E","T","M","R","?","$","M","R","M","M","B",null,"R","M","?","M","M","T","T","$","M","M","?","M","R","M","M","B",null,"R","M","M","?","$","M","T","M","M","M","R","?","R","?","M","B",null,"E","$","R","B",null],"character_chosen":"GUARDIAN","items_purchased":["expansioncontent:DonusPower","Lee\u0027s Waffle","Anchor","PreservedInsect","Guardian:FloatingOrbs+1","ClockworkSouvenir","expansioncontent:DecasProtection","Guardian:Gem_Red","Regen Potion","Panacea"],"campfire_rested":1,"item_purchase_floors":[3,25,25,25,25,39,39,53,53,53],"current_hp_per_floor":[88,87,87,87,87,59,59,59,85,78,78,77,77,77,75,31,88,88,79,70,70,38,38,38,95,89,74,74,74,89,89,67,56,95,105,105,105,99,99,99,99,99,88,88,105,105,105,105,99,87,105,69,69,90,58],"gold":89,"neow_bonus":"TEN_PERCENT_HP_BONUS","is_daily":false,"chose_seed":false,"campfire_upgraded":4,"win_rate":0.0,"timestamp":1611860628,"path_taken":["R","M","$","M","?","E","T","M","R","?","?","M","R","M","M","BOSS","R","M","?","M","M","?","T","$","M","M","?","M","R","?","M","BOSS","R","M","M","?","$","M","T","M","M","M","R","?","R","?","M","BOSS","E","$","R","BOSS"],"items_purchased_type":["Card","Relic","Relic","Relic","Card","Relic","Card","Card","Potion","Card"],"build_version":"2020-12-13","purchased_purges":2,"victory":true,"max_hp_per_floor":[88,88,88,88,88,88,88,88,88,88,88,88,88,88,88,88,88,88,88,88,88,88,88,88,95,95,95,95,95,95,95,95,95,95,105,105,105,105,105,105,105,105,105,105,105,105,105,105,105,105,105,105,105,105,105],"card_choices":[{"not_picked":["Guardian:Gem_Cyan","Guardian:TemporalStrike"],"picked":"Guardian:SentryBeam","floor":2},{"not_picked":["Guardian:ArmoredProtocol","Guardian:PiercingHide"],"picked":"Guardian:Reroute","floor":3},{"not_picked":["Guardian:Gem_White","Guardian:RefractedBeam"],"picked":"Guardian:PrimingBeam","floor":4},{"not_picked":["Guardian:Gem_Blue","Guardian:PrismaticBarrier"],"picked":"Guardian:Planning","floor":6},{"not_picked":["Guardian:Gem_Red","Guardian:Orbwalk+1"],"picked":"Guardian:PrismaticBarrier","floor":8},{"not_picked":["Guardian:TemporalStrike","Guardian:VentSteam"],"picked":"Guardian:ShieldSpikes","floor":11},{"not_picked":["Guardian:Gem_White","Guardian:RefractedBeam"],"picked":"Guardian:Gem_Red","floor":12},{"not_picked":["Guardian:HyperBeam_Guardian","Guardian:TimeCapacitor+1"],"picked":"Guardian:Suspension","floor":14},{"not_picked":["Guardian:TemporalShield","Guardian:RefractedBeam"],"picked":"Guardian:BronzeOrb","floor":15},{"not_picked":["Guardian:GemFire","Guardian:StasisEngine+1"],"picked":"Guardian:FierceBash","floor":16},{"not_picked":["Guardian:TimeCapacitor+1","Guardian:Recover"],"picked":"Guardian:EvasiveProtocol+1","floor":19},{"not_picked":["Guardian:Suspension","Guardian:BronzeOrb"],"picked":"Guardian:TimeSifter+1","floor":21},{"not_picked":["Guardian:Planning+1","Guardian:Recover"],"picked":"Guardian:PiercingHide","floor":22},{"not_picked":["Guardian:VentSteam+1","Guardian:TemporalStrike","Guardian:Suspension"],"picked":"SKIP","floor":25},{"not_picked":["Guardian:RollAttack","Guardian:Gem_White"],"picked":"Guardian:ShieldCharger+1","floor":26},{"not_picked":["Guardian:ChargeUp","Guardian:BronzeOrb+1","Guardian:RefractedBeam"],"picked":"SKIP","floor":27},{"not_picked":["Guardian:Recover","Guardian:ArmoredProtocol+1"],"picked":"Guardian:DonusPower","floor":29},{"not_picked":["Guardian:SpikerProtocol+1","Guardian:WalkerClaw"],"picked":"Guardian:CompilePackage","floor":31},{"not_picked":["Guardian:BronzeOrb","Guardian:Gem_Fragmented"],"picked":"Guardian:RefractedBeam+1","floor":32},{"not_picked":["Guardian:GemFire","Guardian:BaubleBeam"],"picked":"Guardian:FastForward","floor":33},{"not_picked":["Guardian:TemporalStrike+1"],"picked":"SKIP","floor":36},{"not_picked":["Guardian:PrismaticBarrier"],"picked":"SKIP","floor":37},{"not_picked":[],"picked":"Guardian:PolyBeam+1","floor":39},{"not_picked":["Guardian:Recover+1"],"picked":"SKIP","floor":40},{"not_picked":[],"picked":"Guardian:WalkerClaw+1","floor":42},{"not_picked":[],"picked":"Guardian:FloatingOrbs+1","floor":43},{"not_picked":["Guardian:TemporalStrike"],"picked":"SKIP","floor":44},{"not_picked":["Guardian:ChargeCore+1"],"picked":"SKIP","floor":49},{"not_picked":[],"picked":"Guardian:ShieldCharger+1","floor":52}],"player_experience":98401,"relics_obtained":[{"floor":6,"key":"Frozen Egg 2"},{"floor":7,"key":"MawBank"},{"floor":20,"key":"Girya"},{"floor":20,"key":"Bottled Flame"},{"floor":24,"key":"Eternal Feather"},{"floor":38,"key":"Pocketwatch"},{"floor":41,"key":"Mummified Hand"},{"floor":52,"key":"Ornamental Fan"}],"event_choices":[{"damage_healed":0,"gold_gain":0,"player_choice":"Success","damage_taken":7,"relics_obtained":["HornCleat"],"max_hp_gain":0,"max_hp_loss":0,"event_name":"Scrap Ooze","floor":10,"gold_loss":0},{"damage_healed":0,"gold_gain":0,"player_choice":"Ignored","damage_taken":0,"max_hp_gain":0,"max_hp_loss":0,"event_name":"Mysterious Sphere","floor":48,"gold_loss":0}],"is_beta":false,"boss_relics":[{"not_picked":["Coffee Dripper","Runic Dome"],"picked":"Philosopher\u0027s Stone"},{"not_picked":["Fusion Hammer","Snecko Eye"],"picked":"Busted Crown"}],"items_purged_floors":[25,39],"is_endless":false,"potions_floor_spawned":[8,14,15,21,27,29,36,37,38,49,52],"ascension_level":0}}