{"host":"5h6e4l6hpn0p5lap","time":1611800576,"event":{"mods":["AchievementEnabler","BaseMod","Better Altar","Better Match","Better Sensory Stone","Better Skull","Better Third Choice","Filter the Spire","Highlight Path","Minty Spire (QoL Compilation)","StSLib"],"gold_per_floor":[210,230,248,55,55,55,70,70,70,70,3,49,67,107,119,257,269,302,337,349,376,388,388],"floor_reached":22,"language":"ENG","playtime":796,"items_purged":[],"score":186,"play_id":"6c549360-a2f0-4581-bf07-95bd7026f643","local_time":"20210127212256","is_ascension_mode":false,"campfire_choices":[{"data":"Armaments","floor":6,"key":"SMITH"},{"data":"Heavy Blade","floor":15,"key":"SMITH"}],"circlet_count":0,"master_deck":["Strike_R","Strike_R","Strike_R","Strike_R","Strike_R","Defend_R","Defend_R","Defend_R","Defend_R","Bash","Iron Wave","Perfected Strike","Headbutt","Armaments+1","Clothesline","Inflame","Sword Boomerang","Heavy Blade+1","Immolate","Shrug It Off","Whirlwind+1","Wild Strike+1","Flame Barrier+1","PanicButton","Panacea","Inflame"],"relics":["Burning Blood","Bronze Scales","Golden Idol","Prayer Wheel","Vajra","Toy Ornithopter","MawBank","Philosopher\u0027s Stone"],"acts_visited":["Exordium","TheCity"],"potions_floor_usage":[14,16,16],"damage_taken":[{"damage":2,"enemies":"Small Slimes","floor":1,"turns":4},{"damage":1,"enemies":"Jaw Worm","floor":2,"turns":4},{"damage":1,"enemies":"2 Louse","floor":3,"turns":2},{"damage":10,"enemies":"Exordium Wildlife","floor":7,"turns":4},{"damage":5,"enemies":"Looter","floor":13,"turns":3},{"damage":10,"enemies":"Gremlin Nob","floor":14,"turns":3},{"damage":50,"enemies":"Slime Boss","floor":16,"turns":11},{"damage":24,"enemies":"3 Byrds","floor":18,"turns":4},{"damage":18,"enemies":"2 Thieves","floor":19,"turns":4},{"damage":16,"enemies":"Chosen and Byrds","floor":21,"turns":5},{"damage":14,"enemies":"3 Cultists","floor":22,"turns":3}],"seed_played":"7216436311548028031","potions_obtained":[{"floor":1,"key":"EntropicBrew"},{"floor":3,"key":"AttackPotion"}],"is_trial":false,"path_per_floor":["M","M","M","$","?","R","M","?","T","?","$","T","M","E","R","B",null,"M","M","?","M","M"],"character_chosen":"IRONCLAD","items_purchased":["Bronze Scales","Armaments","Inflame"],"campfire_rested":0,"item_purchase_floors":[4,4,11],"current_hp_per_floor":[80,80,80,80,74,74,70,70,70,67,67,67,68,69,69,30,74,56,44,44,34,20,20],"gold":388,"neow_bonus":"HUNDRED_GOLD","is_daily":false,"chose_seed":false,"campfire_upgraded":2,"win_rate":0.0,"timestamp":1611800576,"path_taken":["M","M","M","$","?","R","M","?","T","?","?","?","M","E","R","BOSS","M","M","?","M","M"],"items_purchased_type":["Relic","Card","Card"],"build_version":"2020-12-22","purchased_purges":0,"victory":false,"max_hp_per_floor":[80,80,80,80,74,74,74,74,74,74,74,74,74,74,74,74,74,74,74,74,74,74,74],"card_choices":[{"not_picked":["Uppercut","Thunderclap"],"picked":"Iron Wave","floor":1},{"not_picked":["Spot Weakness","Rampage"],"picked":"Perfected Strike","floor":2},{"not_picked":["Second Wind","Havoc"],"picked":"Headbutt","floor":3},{"not_picked":["Thunderclap","Havoc"],"picked":"Clothesline","floor":7},{"not_picked":["Thunderclap","Reckless Charge"],"picked":"Sword Boomerang","floor":13},{"not_picked":["True Grit","Havoc","Armaments"],"picked":"SKIP","floor":13},{"not_picked":["Iron Wave","Carnage"],"picked":"Heavy Blade","floor":14},{"not_picked":["Demon Form","Juggernaut"],"picked":"Immolate","floor":16},{"not_picked":["Flex","Heavy Blade"],"picked":"Shrug It Off","floor":18},{"not_picked":["Infernal Blade","Thunderclap+1"],"picked":"Whirlwind+1","floor":18},{"not_picked":["Uppercut","Twin Strike"],"picked":"Wild Strike+1","floor":19},{"not_picked":["Perfected Strike+1","Burning Pact"],"picked":"Flame Barrier+1","floor":19},{"not_picked":["Panacea","Bandage Up"],"picked":"PanicButton","floor":20},{"not_picked":["Madness","PanicButton"],"picked":"Panacea","floor":20},{"not_picked":["Headbutt","Flame Barrier"],"picked":"Inflame","floor":21},{"not_picked":["Whirlwind+1","Warcry","Clothesline"],"picked":"SKIP","floor":21}],"player_experience":1000753,"relics_obtained":[{"floor":12,"key":"Toy Ornithopter"},{"floor":14,"key":"MawBank"}],"event_choices":[{"damage_healed":0,"gold_gain":0,"player_choice":"Lose Max HP","damage_taken":0,"relics_obtained":["Golden Idol"],"max_hp_gain":0,"max_hp_loss":6,"event_name":"Golden Idol","floor":5,"gold_loss":0},{"damage_healed":0,"gold_gain":0,"player_choice":"Searched \u00271\u0027 times","damage_taken":0,"relics_obtained":["Prayer Wheel"],"max_hp_gain":0,"max_hp_loss":0,"event_name":"Dead Adventurer","floor":8,"gold_loss":0},{"damage_healed":0,"gold_gain":0,"player_choice":"Relic ","damage_taken":3,"max_hp_gain":0,"max_hp_loss":0,"event_name":"betterThird:BetterScrap","floor":10,"gold_loss":0,"cards_obtained":["Wish"]},{"damage_healed":0,"gold_gain":2,"player_choice":"1","damage_taken":0,"max_hp_gain":0,"max_hp_loss":0,"event_name":"betterStone:BetterStone","floor":20,"gold_loss":0}],"is_beta":false,"boss_relics":[{"not_picked":["SacredBark","SlaversCollar"],"picked":"Philosopher\u0027s Stone"}],"items_purged_floors":[],"is_endless":false,"potions_floor_spawned":[1,3],"killed_by":"3 Cultists","ascension_level":0}}