{"host":"fdq5pmhluajjrf8d","time":1611857298,"event":{"mods":["BaseMod","Minty Spire (QoL Compilation)"],"gold_per_floor":[10,10,49,49,67,122,122,139,166,166,221,221,221,53,53,53,53],"floor_reached":16,"language":"ENG","playtime":608,"items_purged":[],"score":200,"play_id":"7cd90491-3878-4c9f-bdd4-713957570e8d","local_time":"20210128130818","is_ascension_mode":true,"campfire_choices":[{"floor":7,"key":"REST"},{"data":"Recycle","floor":10,"key":"SMITH"},{"floor":12,"key":"REST"},{"data":"Fission","floor":15,"key":"SMITH"}],"circlet_count":0,"master_deck":["AscendersBane","Strike_B","Strike_B","Strike_B","Strike_B","Defend_B","Defend_B","Defend_B","Defend_B","Zap","Dualcast","HandOfGreed","Gash","Gash","Rebound","Fission+1","Recycle+1"],"relics":["Cracked Core","HornCleat","Darkstone Periapt","Nunchaku","Letter Opener","Chemical X"],"acts_visited":["Exordium"],"potions_floor_usage":[6,11,16],"damage_taken":[{"damage":0,"enemies":"Cultist","floor":1,"turns":2},{"damage":3,"enemies":"2 Louse","floor":3,"turns":3},{"damage":12,"enemies":"Small Slimes","floor":5,"turns":2},{"damage":41,"enemies":"3 Sentries","floor":6,"turns":8},{"damage":1,"enemies":"Looter","floor":8,"turns":3},{"damage":4,"enemies":"3 Louse","floor":11,"turns":3},{"damage":46,"enemies":"The Guardian","floor":16,"turns":10}],"seed_played":"-5328123172691639413","potions_obtained":[{"floor":1,"key":"LiquidBronze"},{"floor":6,"key":"DistilledChaos"},{"floor":8,"key":"Weak Potion"}],"is_trial":false,"path_per_floor":["M","T","M","$","M","E","R","M","T","R","M","R","T","$","R","B"],"character_chosen":"DEFECT","items_purchased":["Chemical X"],"campfire_rested":2,"item_purchase_floors":[14],"current_hp_per_floor":[64,64,61,61,49,8,29,28,28,28,24,45,45,45,45,0,0],"gold":53,"neow_bonus":"RANDOM_COLORLESS_2","is_daily":false,"chose_seed":false,"campfire_upgraded":2,"win_rate":0.0,"timestamp":1611857298,"path_taken":["M","?","M","?","M","E","R","?","T","R","M","R","?","$","R","BOSS"],"items_purchased_type":["Relic"],"build_version":"2020-12-22","purchased_purges":0,"victory":false,"max_hp_per_floor":[71,71,71,71,71,71,71,71,71,71,71,71,71,71,71,71,71],"card_choices":[{"not_picked":["Thinking Ahead","The Bomb"],"picked":"HandOfGreed","floor":0},{"not_picked":["Streamline","Conserve Battery"],"picked":"Gash","floor":1},{"not_picked":["Coolheaded","Turbo"],"picked":"Gash","floor":3},{"not_picked":["Undo","BootSequence"],"picked":"Rebound","floor":5},{"not_picked":["Ball Lightning","Defragment"],"picked":"Fission","floor":6},{"not_picked":["Barrage","Streamline"],"picked":"Recycle","floor":8},{"not_picked":["Heatsinks","Defragment","Rebound"],"picked":"SKIP","floor":11}],"player_experience":1937293,"relics_obtained":[{"floor":2,"key":"HornCleat"},{"floor":6,"key":"Darkstone Periapt"},{"floor":9,"key":"Nunchaku"},{"floor":13,"key":"Letter Opener"}],"event_choices":[],"is_beta":false,"boss_relics":[],"items_purged_floors":[],"is_endless":false,"potions_floor_spawned":[1,6,8],"killed_by":"The Guardian","ascension_level":20}}