{"host":"684z1xpuwaoqmmh1","time":1611840550,"event":{"mods":["BaseMod","Downfall","Hermit","Jorbs\u0027s Wanderer Trilogy","Marisa????????","Minty Spire (QoL Compilation)","Robot Space Explorer","Shade Mod","StSLib","The Bug Knight","The Cursed","The Dragon Tamer","The Hayseed","The Hierophant","The Marked","The Mystic","The Runesmith","The Senshi"],"gold_per_floor":[111,124,124,135,149,149,175,126,126,144,144,164,164,164],"floor_reached":13,"language":"ENG","playtime":416,"items_purged":[],"score":109,"play_id":"dcfe33cd-cf45-4ecf-8ab4-74a35e0d8bc8","local_time":"20210128152910","is_ascension_mode":true,"campfire_choices":[{"data":"Runesmith:CraftFirestone","floor":6,"key":"SMITH"},{"floor":11,"key":"REST"}],"circlet_count":0,"master_deck":["Runesmith:Strike_RS","Runesmith:Strike_RS","Runesmith:Strike_RS","Runesmith:Defend_RS","Runesmith:Defend_RS","Runesmith:Defend_RS","Runesmith:Defend_RS","Runesmith:CraftFirestone+1","Runesmith:Fortify","Runesmith:HammerTime","Runesmith:ChiselStab","Runesmith:CraftSpiculum","Runesmith:LithiumIon","Runesmith:BackupBattery","Runesmith:UnstableHammer"],"relics":["Runesmith:BrokenRuby","Bag of Marbles","Nunchaku"],"acts_visited":["Exordium"],"potions_floor_usage":[7,13,13],"damage_taken":[{"damage":2,"enemies":"Jaw Worm","floor":1,"turns":3},{"damage":0,"enemies":"2 Louse","floor":2,"turns":2},{"damage":0,"enemies":"Cultist","floor":4,"turns":3},{"damage":6,"enemies":"Looter","floor":5,"turns":3},{"damage":40,"enemies":"3 Sentries","floor":7,"turns":7},{"damage":0,"enemies":"Red Slaver","floor":10,"turns":3},{"damage":8,"enemies":"Blue Slaver","floor":12,"turns":2},{"damage":33,"enemies":"Gremlin Nob","floor":13,"turns":3}],"seed_played":"-1329159484230175908","potions_obtained":[{"floor":5,"key":"Block Potion"},{"floor":10,"key":"sneckomod:MuddlingPotion"},{"floor":12,"key":"FearPotion"}],"is_trial":false,"path_per_floor":["M","M","?","M","M","R","E","?","T","M","R","M","E"],"character_chosen":"RUNESMITH_CLASS","items_purchased":[],"campfire_rested":1,"item_purchase_floors":[],"current_hp_per_floor":[68,68,61,61,55,55,15,15,15,15,36,28,0,0],"gold":164,"neow_bonus":"THREE_CARDS","is_daily":false,"chose_seed":false,"campfire_upgraded":1,"win_rate":0.0,"timestamp":1611840550,"path_taken":["M","M","?","M","M","R","E","?","T","M","R","M","E"],"items_purchased_type":[],"build_version":"2020-12-22","purchased_purges":0,"victory":false,"max_hp_per_floor":[70,70,70,70,70,70,70,70,70,70,70,70,70,70],"card_choices":[{"not_picked":["Runesmith:CraftMagma","Runesmith:EarthShield"],"picked":"Runesmith:HammerTime","floor":0},{"not_picked":["Runesmith:CraftProtectio","Runesmith:Retool"],"picked":"Runesmith:ChiselStab","floor":1},{"not_picked":["Runesmith:HammerThrow","Runesmith:Refine"],"picked":"Runesmith:CraftSpiculum","floor":2},{"not_picked":["Runesmith:HeatExchange","Runesmith:HeatedChisel"],"picked":"Runesmith:LithiumIon","floor":4},{"not_picked":["Runesmith:NegativeSpace","Runesmith:MakeshiftArmor"],"picked":"Runesmith:BackupBattery","floor":5},{"not_picked":["Runesmith:ShiftingStrike","Runesmith:Prism","Runesmith:Electrocute"],"picked":"SKIP","floor":7},{"not_picked":["Runesmith:ChiselStab","Runesmith:ShiftingStrike","Runesmith:Discharge"],"picked":"SKIP","floor":10},{"not_picked":["Runesmith:HeatExchange","Runesmith:Overpower"],"picked":"Runesmith:UnstableHammer","floor":12}],"player_experience":2978250,"relics_obtained":[{"floor":7,"key":"Bag of Marbles"},{"floor":9,"key":"Nunchaku"}],"event_choices":[{"cards_removed":["Runesmith:Strike_RS"],"damage_healed":0,"gold_gain":0,"player_choice":"Card Removal","damage_taken":7,"max_hp_gain":0,"max_hp_loss":0,"event_name":"Golden Wing","floor":3,"gold_loss":0},{"damage_healed":0,"gold_gain":0,"player_choice":"Left Gold","damage_taken":0,"max_hp_gain":0,"max_hp_loss":0,"event_name":"World of Goop","floor":8,"gold_loss":49}],"is_beta":false,"boss_relics":[],"items_purged_floors":[],"is_endless":false,"potions_floor_spawned":[5,10,12],"killed_by":"Gremlin Nob","ascension_level":5}}