{"host":"cbu6enf2xtq4r7r3","time":1611865246,"event":{"mods":["2.2 Compatiblity","AlwaysNeverKeys","BaseMod","Better Match","Better Note","Better Sensory Stone","Better Skull","Better Third Choice","Colored Map","Colored Powertips","Defuse TimeMaze Blight","Emptier Cage","Minty Spire (QoL Compilation)","Permanent Neow","Quick Restart","Random Character Button","Relic Sorter","Reorder Act Four","Shop Mod","StSLib"],"gold_per_floor":[115,115,115,115,126,160,160,180,180,209,110,140,154,154,154,280,280,303,9,9,25,25,25,25,25],"floor_reached":24,"language":"ENG","playtime":611,"items_purged":["Strike_R"],"score":276,"play_id":"7a1fbcd6-7150-4836-ab6f-5ea419a83daf","local_time":"20210128212046","is_ascension_mode":true,"campfire_choices":[{"data":"Rage","floor":7,"key":"SMITH"},{"data":"Battle Trance","floor":15,"key":"SMITH"},{"data":"Feed","floor":23,"key":"SMITH"}],"circlet_count":0,"master_deck":["Strike_R+1","Strike_R+1","Strike_R+1","Strike_R+1","Defend_R+1","Defend_R+1","Defend_R+1","Defend_R+1","Bash+1","Twin Strike","Cleave","Rage+1","Battle Trance+1","Rampage","Cleave","Intimidate","Flex","Feed+1","Intimidate","Shrug It Off","Self Repair+1"],"relics":["Burning Blood","Red Skull","Frozen Egg 2","Pen Nib","Bronze Scales","Charon\u0027s Ashes","Golden Idol","Velvet Choker","Gremlin Horn"],"acts_visited":["Exordium","TheCity"],"potions_floor_usage":[5,5,5,6,10,16,16,18],"damage_taken":[{"damage":8,"enemies":"Jaw Worm","floor":1,"turns":6},{"damage":0,"enemies":"2 Louse","floor":5,"turns":1},{"damage":37,"enemies":"3 Sentries","floor":6,"turns":8},{"damage":0,"enemies":"Cultist","floor":8,"turns":2},{"damage":15,"enemies":"Gremlin Nob","floor":10,"turns":3},{"damage":15,"enemies":"Lagavulin","floor":12,"turns":4},{"damage":0,"enemies":"2 Fungi Beasts","floor":13,"turns":2},{"damage":17,"enemies":"Hexaghost","floor":16,"turns":6},{"damage":4,"enemies":"3 Byrds","floor":18,"turns":2},{"damage":11,"enemies":"Spheric Guardian","floor":21,"turns":3},{"damage":0,"enemies":"Gremlin Leader","floor":24,"turns":2}],"seed_played":"-4479199114332637500","potions_obtained":[{"floor":1,"key":"EntropicBrew"},{"floor":8,"key":"SkillPotion"},{"floor":10,"key":"Ancient Potion"},{"floor":12,"key":"AttackPotion"},{"floor":16,"key":"BlessingOfTheForge"},{"floor":21,"key":"DuplicationPotion"}],"is_trial":false,"path_per_floor":["M","?","?","?","M","E","R","M","T","E","$","E","M","?","R","B",null,"M","$","?","M","?","R","E"],"character_chosen":"IRONCLAD","items_purchased":["Cleave","Gremlin Horn","Shrug It Off"],"campfire_rested":0,"item_purchase_floors":[11,19,19],"current_hp_per_floor":[70,54,54,59,65,34,34,40,40,31,31,22,28,28,28,17,64,66,66,66,71,71,71,71,71],"gold":25,"neow_bonus":"RANDOM_COMMON_RELIC","is_daily":false,"chose_seed":false,"campfire_upgraded":3,"win_rate":0.0,"timestamp":1611865246,"path_taken":["M","?","?","?","?","E","R","M","T","E","?","E","M","?","R","BOSS","M","$","?","M","?","R","E"],"items_purchased_type":["Card","Relic","Card"],"build_version":"2020-12-22","purchased_purges":1,"victory":false,"max_hp_per_floor":[80,80,80,85,85,85,85,85,85,85,85,85,85,79,79,79,79,79,79,79,79,79,79,79,79],"card_choices":[{"not_picked":["Blood for Blood","Carnage"],"picked":"Twin Strike","floor":1},{"not_picked":["Heavy Blade","Dual Wield"],"picked":"Cleave","floor":5},{"not_picked":["Havoc","Bloodletting"],"picked":"Rage","floor":6},{"not_picked":["Wild Strike","Cleave"],"picked":"Battle Trance","floor":8},{"not_picked":["Brutality+1","Clothesline"],"picked":"Rampage","floor":10},{"not_picked":["Armaments","Wild Strike"],"picked":"Intimidate","floor":12},{"not_picked":["Clash","Anger"],"picked":"Flex","floor":13},{"not_picked":["Impervious","Bludgeon"],"picked":"Feed","floor":16},{"not_picked":["Body Slam+1","Reckless Charge"],"picked":"Intimidate","floor":18},{"not_picked":["Headbutt","Anger","Warcry"],"picked":"SKIP","floor":21}],"player_experience":113798,"relics_obtained":[{"floor":6,"key":"Frozen Egg 2"},{"floor":9,"key":"Pen Nib"},{"floor":10,"key":"Bronze Scales"},{"floor":12,"key":"Charon\u0027s Ashes"}],"event_choices":[{"damage_healed":70,"gold_gain":0,"player_choice":"Upgrade","damage_taken":16,"max_hp_gain":0,"max_hp_loss":80,"event_name":"betterThird:BetterShining","floor":2,"gold_loss":0,"cards_upgraded":["Bash","Defend_R"]},{"damage_healed":0,"gold_gain":0,"player_choice":"Ignored","damage_taken":115,"max_hp_gain":0,"max_hp_loss":0,"event_name":"betterThird:BetterSerpent","floor":3,"gold_loss":0},{"damage_healed":0,"gold_gain":0,"player_choice":"Donut","damage_taken":0,"max_hp_gain":5,"max_hp_loss":0,"event_name":"Big Fish","floor":4,"gold_loss":0},{"damage_healed":0,"gold_gain":0,"player_choice":"Lose Max HP","damage_taken":0,"relics_obtained":["Golden Idol"],"max_hp_gain":0,"max_hp_loss":6,"event_name":"Golden Idol","floor":14,"gold_loss":0},{"cards_removed":["Battle Trance"],"damage_healed":0,"gold_gain":0,"player_choice":"Take \u0026 Give","damage_taken":0,"max_hp_gain":0,"max_hp_loss":0,"event_name":"betterNote:BetterNote","floor":20,"gold_loss":0,"cards_obtained":["Self Repair"]},{"damage_healed":0,"gold_gain":0,"player_choice":"Simplicity","damage_taken":0,"max_hp_gain":0,"max_hp_loss":7,"event_name":"betterThird:BetterWriting","floor":22,"gold_loss":0}],"is_beta":false,"boss_relics":[{"not_picked":["Ectoplasm","Black Blood"],"picked":"Velvet Choker"}],"items_purged_floors":[11],"is_endless":false,"potions_floor_spawned":[1,8,10,12,16,21],"killed_by":"Gremlin Leader","ascension_level":6}}