{"host":"9viy3memdfgcf4vy","time":1611862771,"event":{"mods":["BaseMod","Colored Map","Downfall","Minty Spire (QoL Compilation)","StSLib"],"gold_per_floor":[99,112,287,306,322,341,341,369,369,369,22,122,22,32,52,52,52,52],"floor_reached":16,"language":"ENG","playtime":856,"items_purged":["Doubt"],"score":122,"play_id":"68f9dbe9-7835-48da-a80b-1dd9e1c343ee","local_time":"20210128213931","is_ascension_mode":true,"campfire_choices":[{"data":"bronze:Format","floor":1,"key":"SMITH"},{"floor":9,"key":"RECALL"},{"data":"bronze:Explode","floor":13,"key":"SMITH"}],"circlet_count":0,"master_deck":["bronze:Strike","bronze:Strike","bronze:Strike","bronze:Strike","bronze:Defend","bronze:Defend","bronze:Defend","bronze:Defend","bronze:Replicate","bronze:Goto","bronze:Format+1","bronze:Constructor","bronze:ShipIt","bronze:BuggyMess","bronze:MaxOutput","bronze:DazingPulse","bronze:Explode+1","bronze:MaxOutput","bronze:BuggyMess","bronze:WildBeam"],"relics":["bronze:BronzeCore","Turnip","Pocketwatch","Meat on the Bone","downfall:HeartBlessingRed"],"acts_visited":["Exordium"],"potions_floor_usage":[8,16],"damage_taken":[{"damage":0,"enemies":"Jaw Worm","floor":2,"turns":2},{"damage":0,"enemies":"Small Slimes","floor":4,"turns":4},{"damage":8,"enemies":"2 Louse","floor":5,"turns":3},{"damage":9,"enemies":"3 Louse","floor":6,"turns":4},{"damage":9,"enemies":"3 Sentries","floor":8,"turns":5},{"damage":20,"enemies":"3 Sentries","floor":10,"turns":5},{"damage":0,"enemies":"downfall:FleeingMerchant","floor":11,"turns":4},{"damage":0,"enemies":"Lots of Slimes","floor":14,"turns":1},{"damage":0,"enemies":"2 Fungi Beasts","floor":15,"turns":3},{"damage":53,"enemies":"SI_SHIV_ARCHETYPE","floor":16,"turns":7}],"seed_played":"1119959471622467562","potions_obtained":[{"floor":2,"key":"SkillPotion"},{"floor":8,"key":"Energy Potion"},{"floor":15,"key":"Regen Potion"}],"is_trial":false,"path_per_floor":["R","M","?","M","M","M","T","E","R","?","$","?","R","M","M","B"],"character_chosen":"THE_AUTOMATON","items_purchased":["Meat on the Bone"],"campfire_rested":0,"item_purchase_floors":[11],"current_hp_per_floor":[70,70,70,70,62,53,53,44,44,24,24,24,24,36,36,0,0,0],"gold":52,"neow_bonus":"ONE_RANDOM_RARE_CARD","is_daily":false,"chose_seed":false,"campfire_upgraded":2,"win_rate":0.0,"timestamp":1611862771,"path_taken":["R","M","?","M","M","M","T","E","R","?","$","?","R","M","M","BOSS"],"items_purchased_type":["Relic"],"build_version":"2020-12-22","purchased_purges":1,"victory":false,"max_hp_per_floor":[70,70,70,70,70,70,70,70,70,70,70,70,70,70,70,70,70,70],"card_choices":[{"not_picked":["bronze:ForceShield","bronze:WildBeam"],"picked":"bronze:Constructor","floor":2},{"not_picked":["bronze:FineTuning","bronze:Constructor"],"picked":"bronze:ShipIt","floor":4},{"not_picked":["bronze:Boost","bronze:FineTuning"],"picked":"bronze:BuggyMess","floor":5},{"not_picked":["bronze:DarkDash","bronze:CutThrough","bronze:Refactor"],"picked":"SKIP","floor":6},{"not_picked":["bronze:Terminator","bronze:OilSpill"],"picked":"bronze:MaxOutput","floor":8},{"not_picked":[],"picked":"bronze:DazingPulse","floor":10},{"not_picked":[],"picked":"bronze:Explode","floor":10},{"not_picked":["bronze:Branch","bronze:Overheat"],"picked":"bronze:MaxOutput","floor":10},{"not_picked":["bronze:Branch","bronze:Separator","bronze:ForLoop"],"picked":"SKIP","floor":11},{"not_picked":["bronze:WildBeam","bronze:Overload"],"picked":"bronze:BuggyMess","floor":14},{"not_picked":["bronze:Separator","bronze:Turbo"],"picked":"bronze:WildBeam","floor":15}],"player_experience":423047,"relics_obtained":[{"floor":7,"key":"Turnip"},{"floor":8,"key":"Pocketwatch"}],"event_choices":[],"is_beta":false,"boss_relics":[],"items_purged_floors":[11],"is_endless":false,"potions_floor_spawned":[2,8,15],"killed_by":"SI_SHIV_ARCHETYPE","ascension_level":4}}