{"host":"3498uni0c31c9bdm","time":1611825458,"event":{"mods":["BaseMod","Better Third Choice","Minty Spire (QoL Compilation)","Replay The Spire","StSLib"],"gold_per_floor":[109,119,132,144,144,144,170,190,190,25,55,73,73,38,38,138,138,151,162,162,162,162],"floor_reached":21,"language":"ENG","playtime":921,"items_purged":[],"score":267,"play_id":"a9ac1388-4c20-44d4-bb81-c79fe7ef50ba","local_time":"20210128201738","is_ascension_mode":true,"campfire_choices":[{"floor":6,"key":"RECALL"},{"floor":13,"key":"REST"},{"floor":15,"key":"REST"}],"circlet_count":0,"master_deck":["Strike_P+1","Strike_P+1","Strike_P+1","Strike_P+1","Defend_P","Defend_P","Defend_P","Defend_P","Eruption","Vigilance","Regret","EmptyFist","CutThroughFate","DeceiveReality","Wallop","EmptyBody","FlurryOfBlows","JustLucky","Devotion","BowlingBash","LessonLearned","Pray","Prostrate"],"relics":["PureWater","Happy Flower","Replay:Bottled Eggs","Matryoshka","Potion Belt","Anchor","Black Star"],"acts_visited":["Exordium","TheCity"],"potions_floor_usage":[7,7,12,19,21],"damage_taken":[{"damage":6,"enemies":"Cultist","floor":1,"turns":3},{"damage":1,"enemies":"Jaw Worm","floor":2,"turns":4},{"damage":2,"enemies":"Small Slimes","floor":3,"turns":2},{"damage":3,"enemies":"Exordium Thugs","floor":4,"turns":4},{"damage":24,"enemies":"Lagavulin","floor":7,"turns":10},{"damage":11,"enemies":"Red Slaver","floor":8,"turns":4},{"damage":9,"enemies":"3 Sentries","floor":11,"turns":10},{"damage":1,"enemies":"Gremlin Gang","floor":12,"turns":2},{"damage":61,"enemies":"Slime Boss","floor":16,"turns":10},{"damage":24,"enemies":"Shell Parasite","floor":18,"turns":8},{"damage":6,"enemies":"Spheric Guardian","floor":19,"turns":5},{"damage":28,"enemies":"3 Cultists","floor":21,"turns":5}],"seed_played":"-252128846288164569","potions_obtained":[{"floor":2,"key":"Adrenaline Potion"},{"floor":4,"key":"Ancient Potion"},{"floor":11,"key":"Toxic Potion"},{"floor":12,"key":"Ancient Potion"},{"floor":18,"key":"SpeedPotion"}],"is_trial":false,"path_per_floor":["M","M","M","M","?","R","E","M","T","$","E","M","R","?","R","B",null,"M","M","?","M"],"character_chosen":"WATCHER","items_purchased":["Potion Belt","JustLucky"],"campfire_rested":2,"item_purchase_floors":[10,10],"current_hp_per_floor":[59,58,56,53,53,53,29,18,18,18,9,8,29,47,68,7,56,32,26,26,0,0],"gold":162,"neow_bonus":"RANDOM_EVENT","is_daily":false,"chose_seed":false,"campfire_upgraded":0,"win_rate":0.0,"timestamp":1611825458,"path_taken":["M","?","M","M","?","R","E","M","T","$","E","M","R","?","R","BOSS","M","M","?","M"],"items_purchased_type":["Relic","Card"],"build_version":"2020-12-22","purchased_purges":0,"victory":false,"max_hp_per_floor":[72,72,72,72,72,72,72,72,72,72,72,72,72,72,72,72,72,72,72,72,72,72],"card_choices":[{"not_picked":["JustLucky","ThirdEye"],"picked":"EmptyFist","floor":1},{"not_picked":["MentalFortress","Replay:AtTheReady"],"picked":"CutThroughFate","floor":2},{"not_picked":["Replay:Battleflow","Replay:BluntJabs"],"picked":"DeceiveReality","floor":3},{"not_picked":["Protect","WaveOfTheHand"],"picked":"Wallop","floor":4},{"not_picked":["Wallop","Perseverance","EmptyBody"],"picked":"SKIP","floor":7},{"not_picked":["Wallop","Perseverance"],"picked":"EmptyBody","floor":7},{"not_picked":["WheelKick","Pray"],"picked":"FlurryOfBlows","floor":8},{"not_picked":["CrushJoints","BattleHymn"],"picked":"Devotion","floor":11},{"not_picked":["Replay:BluntJabs","Pray"],"picked":"BowlingBash","floor":12},{"not_picked":["Vault","Brilliance"],"picked":"LessonLearned","floor":16},{"not_picked":["Replay:BluntJabs","ForeignInfluence"],"picked":"Pray","floor":18},{"not_picked":["ReachHeaven","Replay:AtTheReady"],"picked":"Prostrate","floor":19}],"player_experience":756487,"relics_obtained":[{"floor":7,"key":"Replay:Bottled Eggs"},{"floor":9,"key":"Matryoshka"},{"floor":11,"key":"Anchor"}],"event_choices":[{"damage_healed":0,"gold_gain":0,"player_choice":"Box","damage_taken":0,"relics_obtained":["Happy Flower"],"max_hp_gain":0,"max_hp_loss":0,"event_name":"Big Fish","floor":0,"gold_loss":0,"cards_obtained":["Regret"]},{"damage_healed":18,"gold_gain":0,"player_choice":"Healed","damage_taken":0,"max_hp_gain":0,"max_hp_loss":0,"event_name":"The Cleric","floor":14,"gold_loss":35},{"damage_healed":0,"gold_gain":0,"player_choice":"Bought 0 Potions","damage_taken":0,"max_hp_gain":0,"max_hp_loss":0,"event_name":"The Woman in Blue","floor":20,"gold_loss":0}],"is_beta":false,"boss_relics":[{"not_picked":["Ectoplasm","Pandora\u0027s Box"],"picked":"Black Star"}],"items_purged_floors":[],"is_endless":false,"potions_floor_spawned":[2,4,11,12,18],"killed_by":"3 Cultists","ascension_level":8}}