{"host":"ymmeoa1x24ihslbm","time":1611831576,"event":{"mods":["AchievementEnabler","BaseMod","Colored Map","Colored Powertips","Defuse TimeMaze Blight","Highlight Path","Minty Spire (QoL Compilation)","Permanent Neow","Quick Restart","StSLib","Unceasing Turn Reminder"],"gold_per_floor":[110,110,130,148,162,162,18,35,35,35,35,66,66,80,80,176,176,176],"floor_reached":17,"language":"ENG","playtime":1330,"items_purged":[],"score":228,"play_id":"2dbae707-15be-4f94-a660-8e2fb847cfe2","local_time":"20210128115936","is_ascension_mode":true,"campfire_choices":[{"data":"Eruption","floor":6,"key":"SMITH"},{"data":"Meditate","floor":11,"key":"SMITH"},{"data":"FlurryOfBlows","floor":13,"key":"SMITH"},{"data":"Vigilance","floor":15,"key":"SMITH"}],"circlet_count":0,"master_deck":["Strike_P","Strike_P","Defend_P","Defend_P","Eruption+1","Vigilance+1","Meditate+1","Consecrate","EmptyFist","FlurryOfBlows+1","Sanctity","FollowUp","Ragnarok"],"relics":["PureWater","TheAbacus","Bottled Lightning","WingedGreaves","Empty Cage"],"acts_visited":["Exordium","TheCity"],"potions_floor_usage":[8,16],"damage_taken":[{"damage":2,"enemies":"2 Louse","floor":1,"turns":2},{"damage":0,"enemies":"Cultist","floor":3,"turns":4},{"damage":0,"enemies":"Small Slimes","floor":4,"turns":2},{"damage":0,"enemies":"Looter","floor":5,"turns":2},{"damage":2,"enemies":"Gremlin Gang","floor":8,"turns":3},{"damage":0,"enemies":"Gremlin Nob","floor":12,"turns":2},{"damage":0,"enemies":"3 Louse","floor":14,"turns":2},{"damage":18,"enemies":"Hexaghost","floor":16,"turns":6}],"seed_played":"-860204667998913619","potions_obtained":[{"floor":5,"key":"SpeedPotion"},{"floor":8,"key":"LiquidBronze"},{"floor":12,"key":"SteroidPotion"},{"floor":14,"key":"FairyPotion"},{"floor":16,"key":"SteroidPotion"}],"is_trial":false,"path_per_floor":["M","?","M","M","M","R","$","M","T","$","R","E","R","M","R","B",null],"character_chosen":"WATCHER","items_purchased":["TheAbacus"],"campfire_rested":0,"item_purchase_floors":[7],"current_hp_per_floor":[70,70,70,70,70,70,70,68,68,68,68,68,68,68,68,50,67,67],"gold":176,"neow_bonus":"TRANSFORM_CARD","is_daily":false,"chose_seed":false,"campfire_upgraded":4,"win_rate":0.0,"timestamp":1611831576,"path_taken":["M","?","M","M","M","R","$","M","T","?","R","E","R","M","R","BOSS"],"items_purchased_type":["Relic"],"build_version":"2020-12-22","purchased_purges":0,"victory":false,"max_hp_per_floor":[72,72,72,72,72,72,72,72,72,72,72,72,72,72,72,72,72,72],"card_choices":[{"not_picked":["Protect","WheelKick"],"picked":"Consecrate","floor":1},{"not_picked":["Sanctity","Meditate"],"picked":"EmptyFist","floor":3},{"not_picked":["EmptyBody","BowlingBash","ClearTheMind"],"picked":"SKIP","floor":4},{"not_picked":["Conclude","Evaluate"],"picked":"FlurryOfBlows","floor":5},{"not_picked":["ClearTheMind","Swivel","SashWhip"],"picked":"SKIP","floor":8},{"not_picked":["ThirdEye","FlyingSleeves"],"picked":"Sanctity","floor":12},{"not_picked":["WaveOfTheHand","Halt"],"picked":"FollowUp","floor":14},{"not_picked":["Devotion","ConjureBlade"],"picked":"Ragnarok","floor":16}],"player_experience":712099,"relics_obtained":[{"floor":9,"key":"Bottled Lightning"},{"floor":12,"key":"WingedGreaves"}],"event_choices":[{"cards_removed":["Strike_P"],"damage_healed":0,"gold_gain":0,"player_choice":"Offered Basic","damage_taken":0,"max_hp_gain":0,"max_hp_loss":0,"event_name":"Bonfire Elementals","floor":2,"gold_loss":0}],"is_beta":false,"boss_relics":[{"not_picked":["Snecko Eye","Astrolabe"],"picked":"Empty Cage"}],"items_purged_floors":[],"is_endless":false,"potions_floor_spawned":[5,8,12,14,16],"ascension_level":5}}