{"host":"4rvakrj1idbgia3f","time":1611852161,"event":{"mods":["BaseMod","Colored Map","Colored Powertips","DeckTracker","Highlight Path","Minty Spire (QoL Compilation)","Random Character Button","StSLib"],"gold_per_floor":[112,124,274,4,4,57,57,88,88,138,138,138,138],"floor_reached":12,"language":"JPN","playtime":378,"items_purged":["Doubt"],"score":172,"play_id":"2aa89ea9-5e71-4b2d-aade-4fb12c2901fd","local_time":"20210129014241","is_ascension_mode":true,"campfire_choices":[{"data":"HandOfGreed","floor":7,"key":"SMITH"},{"data":"Calculated Gamble","floor":11,"key":"SMITH"}],"circlet_count":0,"master_deck":["AscendersBane","Strike_G","Strike_G","Strike_G","Strike_G","Strike_G","Defend_G","Defend_G","Defend_G","Defend_G","Defend_G","Survivor","Neutralize","Acrobatics","Blade Dance","HandOfGreed+1","Calculated Gamble+1","Phantasmal Killer","PiercingWail"],"relics":["Ring of the Snake","Pear","Singing Bowl","CeramicFish"],"acts_visited":["Exordium"],"potions_floor_usage":[6,8,8],"damage_taken":[{"damage":1,"enemies":"Cultist","floor":1,"turns":4},{"damage":0,"enemies":"2 Louse","floor":2,"turns":2},{"damage":17,"enemies":"Gremlin Nob","floor":6,"turns":4},{"damage":37,"enemies":"Lagavulin","floor":8,"turns":7},{"damage":6,"enemies":"Jaw Worm","floor":10,"turns":5},{"damage":15,"enemies":"3 Sentries","floor":12,"turns":3}],"seed_played":"653228698242903224","potions_obtained":[{"floor":0,"key":"Block Potion"},{"floor":0,"key":"SkillPotion"},{"floor":6,"key":"Block Potion"}],"is_trial":false,"path_per_floor":["M","M","?","$","?","E","R","E","T","M","R","E"],"character_chosen":"THE_SILENT","items_purchased":["HandOfGreed"],"campfire_rested":0,"item_purchase_floors":[4],"current_hp_per_floor":[58,58,58,58,63,56,56,19,19,13,13,0,0],"gold":138,"neow_bonus":"THREE_SMALL_POTIONS","is_daily":false,"chose_seed":false,"campfire_upgraded":2,"win_rate":0.0,"timestamp":1611852161,"path_taken":["M","?","?","$","?","E","R","E","T","M","R","E"],"items_purchased_type":["Card"],"build_version":"2020-12-22","purchased_purges":1,"victory":false,"max_hp_per_floor":[66,66,66,66,71,81,81,81,81,81,81,81,81],"card_choices":[{"not_picked":["Expertise","Finisher"],"picked":"Acrobatics","floor":1},{"not_picked":["Poisoned Stab","Deadly Poison"],"picked":"Blade Dance","floor":2},{"not_picked":["Dash","Outmaneuver"],"picked":"Calculated Gamble","floor":6},{"not_picked":["Expertise","Deflect"],"picked":"Phantasmal Killer","floor":8},{"not_picked":["Expertise","Dagger Throw"],"picked":"PiercingWail","floor":10}],"player_experience":2128024,"relics_obtained":[{"floor":6,"key":"Pear"},{"floor":8,"key":"Singing Bowl"},{"floor":9,"key":"CeramicFish"}],"event_choices":[{"damage_healed":0,"gold_gain":150,"player_choice":"AGREE","damage_taken":0,"max_hp_gain":0,"max_hp_loss":0,"event_name":"Liars Game","floor":3,"gold_loss":0,"cards_obtained":["Doubt"]},{"damage_healed":0,"gold_gain":0,"player_choice":"Donut","damage_taken":0,"max_hp_gain":5,"max_hp_loss":0,"event_name":"Big Fish","floor":5,"gold_loss":0}],"is_beta":false,"boss_relics":[],"items_purged_floors":[4],"is_endless":false,"potions_floor_spawned":[1,6],"killed_by":"3 Sentries","ascension_level":20}}