{"host":"p9t7qd83igtcp2bh","time":1611810848,"event":{"mods":["2.2 Compatiblity","AchievementEnabler","BaseMod","Colored Map","Colored Powertips","Custom Start","DeckTracker","Keyboard Shortcuts","Minty Spire (QoL Compilation)","Permanent Neow","Spicy Shops","StSLib","SuperFastMode","everything is the same but u backflip on backflip"],"gold_per_floor":[116,133,283,165,165,165,200,211,257,8,8,37,48,60,60,133,133,149,175,175,100,149,184,184,204,204,204,3,3,21,32,32,109,109,121,1120,489,489,504,536,536,612,658,691,691,41,41,83,83,83,83,83,83,3,45,45,45],"floor_reached":56,"language":"KOR","playtime":2189,"items_purged":["Doubt","Normality","Normality"],"score":1939,"play_id":"5bcf7d0e-acab-48ea-99e3-67c0a171a493","local_time":"20210128141408","is_ascension_mode":true,"campfire_choices":[{"data":"Predator","floor":6.0,"key":"SMITH"},{"floor":11.0,"key":"REST"},{"floor":15.0,"key":"REST"},{"floor":24.0,"key":"REST"},{"data":"Venomology","floor":27.0,"key":"SMITH"},{"data":"Noxious Fumes","floor":29.0,"key":"SMITH"},{"data":"Footwork","floor":32.0,"key":"SMITH"},{"floor":41.0,"key":"REST"},{"floor":45,"key":"RECALL"},{"floor":47,"key":"REST"},{"floor":49,"key":"REST"},{"data":"Deadly Poison","floor":53,"key":"SMITH"}],"circlet_count":0,"master_deck":["AscendersBane","Strike_G","Strike_G+1","Defend_G","Defend_G","Survivor","Neutralize","Dagger Spray+1","Predator+1","Footwork+1","Deadly Poison","PiercingWail","Noxious Fumes+1","Deadly Poison+1","Venomology+1","Deadly Poison+1","Caltrops+1","Flying Knee+1","Leg Sweep+1","Leg Sweep+1","Acrobatics+1","Setup+1","Concentrate+1","Prepared+1","Blur+1","Impatience+1","Eviscerate","Tactician+1","Tactician+1","Purity+1","Acrobatics+1","Venomology+1"],"relics":["Ring of the Snake","MealTicket","Tiny Chest","Bag of Preparation","Bronze Scales","Akabeko","Regal Pillow","Astrolabe","Red Mask","Happy Flower","Toxic Egg 2","Pantograph","TwistedFunnel","SlaversCollar","Potion Belt","CeramicFish","Anchor","Centennial Puzzle","Medical Kit","Pocketwatch","Paper Crane","Whetstone"],"acts_visited":["Exordium","TheCity","TheBeyond","TheEnding"],"potions_floor_usage":[44,44,44,44,44,44,44,44,44,48,51,51,51,51,55,56,56,56,56],"damage_taken":[{"damage":0.0,"enemies":"Cultist","floor":1.0,"turns":4.0},{"damage":5.0,"enemies":"Small Slimes","floor":2.0,"turns":3.0},{"damage":25.0,"enemies":"Lagavulin","floor":7.0,"turns":9.0},{"damage":0.0,"enemies":"Jaw Worm","floor":8.0,"turns":4.0},{"damage":32.0,"enemies":"Gremlin Nob","floor":12.0,"turns":4.0},{"damage":0.0,"enemies":"3 Louse","floor":13.0,"turns":1.0},{"damage":2.0,"enemies":"Large Slime","floor":14.0,"turns":5.0},{"damage":21.0,"enemies":"The Guardian","floor":16.0,"turns":9.0},{"damage":1.0,"enemies":"Chosen","floor":18.0,"turns":4.0},{"damage":22.0,"enemies":"Masked Bandits","floor":19.0,"turns":4.0},{"damage":27.0,"enemies":"Book of Stabbing","floor":23.0,"turns":5.0},{"damage":11.0,"enemies":"Spheric Guardian","floor":25.0,"turns":3.0},{"damage":0.0,"enemies":"3 Cultists","floor":30.0,"turns":3.0},{"damage":0.0,"enemies":"Centurion and Healer","floor":31.0,"turns":7.0},{"damage":36.0,"enemies":"Automaton","floor":33.0,"turns":9.0},{"damage":19.0,"enemies":"3 Darklings","floor":35.0,"turns":5.0},{"damage":0.0,"enemies":"3 Shapes","floor":39.0,"turns":4.0},{"damage":38.0,"enemies":"Reptomancer","floor":40.0,"turns":6.0},{"damage":53,"enemies":"Giant Head","floor":44,"turns":8},{"damage":20,"enemies":"Nemesis","floor":48,"turns":5},{"damage":47,"enemies":"Time Eater","floor":50,"turns":12},{"damage":3,"enemies":"Donu and Deca","floor":51,"turns":9},{"damage":0,"enemies":"Shield and Spear","floor":55,"turns":6},{"damage":69,"enemies":"The Heart","floor":56,"turns":5}],"seed_played":"1783298097007573202","potions_obtained":[{"floor":2.0,"key":"AttackPotion"},{"floor":8.0,"key":"SkillPotion"},{"floor":18.0,"key":"AttackPotion"},{"floor":30.0,"key":"DuplicationPotion"},{"floor":33.0,"key":"LiquidMemories"},{"floor":39.0,"key":"Strength Potion"},{"floor":40.0,"key":"Regen Potion"},{"floor":48,"key":"Fire Potion"}],"is_trial":false,"path_per_floor":["M","M","?","$","?","R","E","M","T","$","R","E","M","M","R","B",null,"M","?","?","?","T","E","R","M","T","R","$","R","M","M","R","B",null,"M","?","$","?","M","E","R","T","T","E","R","$","R","E","R","B","B",null,"R","$","E","B"],"character_chosen":"THE_SILENT","items_purchased":["Footwork","Bronze Scales","Akabeko","TwistedFunnel","Acrobatics+1","Potion Belt","Blur+1","Impatience+1","Eviscerate","Medical Kit","Tactician+1","Pocketwatch","Purity+1","LiquidBronze"],"campfire_rested":6,"item_purchase_floors":[4,10,10,28,28,37,37,37,37,46,46,46,46,54],"current_hp_per_floor":[44,39,39,39,28,28,3,3,3,18,37,5,5,3,37,16,54,53,31,31,31,31,4,38,27,27,27,42,42,42,42,42,30,57,38,38,53,53,53,15,49,49,49,24,24,39,66,46,66,19,41,60,60,66,66,0,0],"gold":45,"neow_bonus":"REMOVE_TWO","is_daily":false,"chose_seed":false,"campfire_upgraded":5,"win_rate":0.0,"timestamp":1611810848,"path_taken":["M","M","?","$","?","R","E","M","T","$","R","E","M","M","R","BOSS","M","?","?","?","?","E","R","M","T","R","$","R","?","M","R","BOSS","M","?","$","?","M","E","R","?","T","E","R","$","R","E","R","BOSS","BOSS","R","$","E","BOSS"],"items_purchased_type":["Card","Relic","Relic","Relic","Card","Relic","Card","Card","Card","Relic","Card","Relic","Card","Potion"],"build_version":"2020-12-22","purchased_purges":3,"victory":false,"max_hp_per_floor":[66,66,66,66,66,66,66,66,66,66,66,66,66,66,66,66,66,66,66,66,66,66,66,66,66,66,66,66,66,66,66,66,66,66,66,66,66,66,66,66,66,66,66,66,66,66,66,66,66,66,66,66,66,66,66,66,66],"card_choices":[{"not_picked":["Flying Knee","Cloak And Dagger"],"picked":"Dagger Spray","floor":1.0},{"not_picked":["Poisoned Stab","Slice"],"picked":"Predator","floor":2.0},{"not_picked":["Distraction","Infinite Blades"],"picked":"Deadly Poison","floor":7.0},{"not_picked":["Setup","Infinite Blades"],"picked":"PiercingWail","floor":8.0},{"not_picked":["Accuracy","Dagger Throw","Bane"],"picked":"SKIP","floor":12.0},{"not_picked":["Blade Dance","Flying Knee"],"picked":"Noxious Fumes","floor":13.0},{"not_picked":["Deflect","Acrobatics"],"picked":"Deadly Poison","floor":14.0},{"not_picked":["A Thousand Cuts","Storm of Steel"],"picked":"Venomology","floor":16.0},{"not_picked":["Blade Dance","Deflect"],"picked":"Leg Sweep+1","floor":18.0},{"not_picked":["Prepared+1","Deadly Poison+1"],"picked":"Leg Sweep+1","floor":23.0},{"not_picked":["Backstab","Quick Slash","Slice"],"picked":"SKIP","floor":25.0},{"not_picked":["Eviscerate","Riddle With Holes"],"picked":"Setup+1","floor":30.0},{"not_picked":["Footwork","Underhanded Strike"],"picked":"Concentrate+1","floor":31.0},{"not_picked":["Dagger Throw+1","Underhanded Strike+1"],"picked":"Prepared+1","floor":35.0},{"not_picked":["Underhanded Strike","Backflip+1"],"picked":"Tactician+1","floor":39.0},{"not_picked":["Finisher","Caltrops","Cloak And Dagger+1"],"picked":"SKIP","floor":40.0},{"not_picked":["Night Terror+1","Bane","Predator"],"picked":"SKIP","floor":44},{"not_picked":["Well Laid Plans","Quick Slash"],"picked":"Acrobatics+1","floor":48},{"not_picked":["Flechettes+1","Concentrate+1"],"picked":"Venomology+1","floor":55}],"player_experience":693953,"relics_obtained":[{"floor":7.0,"key":"Tiny Chest"},{"floor":9.0,"key":"Bag of Preparation"},{"floor":12.0,"key":"Regal Pillow"},{"floor":19.0,"key":"Red Mask"},{"floor":22.0,"key":"Happy Flower"},{"floor":23.0,"key":"Toxic Egg 2"},{"floor":26.0,"key":"Pantograph"},{"floor":40.0,"key":"CeramicFish"},{"floor":43.0,"key":"Anchor"},{"floor":44,"key":"Centennial Puzzle"},{"floor":48,"key":"Paper Crane"},{"floor":55,"key":"Whetstone"}],"event_choices":[{"damage_healed":0.0,"max_hp_gain":0.0,"max_hp_loss":0.0,"gold_gain":150.0,"event_name":"Liars Game","player_choice":"AGREE","floor":3.0,"gold_loss":0.0,"damage_taken":0.0,"cards_obtained":["Doubt"]},{"damage_healed":0.0,"max_hp_gain":0.0,"max_hp_loss":0.0,"gold_gain":0.0,"event_name":"Scrap Ooze","player_choice":"Success","floor":5.0,"gold_loss":0.0,"damage_taken":11.0,"relics_obtained":["MealTicket"]},{"damage_healed":0.0,"max_hp_gain":0.0,"max_hp_loss":0.0,"gold_gain":0.0,"event_name":"Masked Bandits","player_choice":"Fought Bandits","floor":19.0,"gold_loss":0.0,"damage_taken":0.0},{"damage_healed":0.0,"max_hp_gain":0.0,"max_hp_loss":0.0,"gold_gain":0.0,"event_name":"Ghosts","player_choice":"Ignored","floor":20.0,"gold_loss":0.0,"damage_taken":0.0},{"cards_removed":["Defend_G"],"damage_healed":0.0,"max_hp_gain":0.0,"max_hp_loss":0.0,"gold_gain":0.0,"event_name":"Beggar","player_choice":"Gave Gold","floor":21.0,"gold_loss":75.0,"damage_taken":0.0},{"damage_healed":0.0,"max_hp_gain":0.0,"max_hp_loss":0.0,"gold_gain":999.0,"event_name":"MindBloom","player_choice":"Gold","floor":36.0,"gold_loss":0.0,"damage_taken":0.0,"cards_obtained":["Normality","Normality"]},{"damage_healed":0.0,"max_hp_gain":0.0,"max_hp_loss":0.0,"gold_gain":0.0,"event_name":"Mysterious Sphere","player_choice":"Ignored","floor":38.0,"gold_loss":0.0,"damage_taken":0.0}],"is_beta":false,"boss_relics":[{"not_picked":["HoveringKite","Ring of the Serpent"],"picked":"Astrolabe"},{"not_picked":["WristBlade","Coffee Dripper"],"picked":"SlaversCollar"}],"items_purged_floors":[4,37,37],"is_endless":false,"potions_floor_spawned":[2,8,18,30,33,39,40,48],"killed_by":"The Heart","ascension_level":20}}