{"host":"kpyf5rnb72uwap8k","time":1611871332,"event":{"mods":["AchievementEnabler","BaseMod","Colored Map","Colored Powertips","DeckTracker","Minty Spire (QoL Compilation)","Permanent Neow","Quick Restart","StSLib","SuperFastMode"],"gold_per_floor":[216,216,226,173,173,173,204,204,204,204,239,3,13,13,13,110,110,122,73,148,159,178,178,190,38,65,0,0,14,14,14,14,109,109,119,119,138,0,10,10,10,10,35,35,35,54,67,67,67,67,67],"floor_reached":50,"language":"KOR","playtime":1811,"items_purged":["Strike_G","Strike_G"],"score":491,"play_id":"86772fd7-6775-482f-95ad-5714359709c8","local_time":"20210129070212","is_ascension_mode":true,"campfire_choices":[{"floor":6.0,"key":"REST"},{"floor":8.0,"key":"REST"},{"floor":10.0,"key":"REST"},{"floor":15.0,"key":"REST"},{"floor":23.0,"key":"REST"},{"floor":32.0,"key":"REST"},{"floor":40,"key":"REST"},{"data":"Storm of Steel","floor":42,"key":"SMITH"},{"floor":49,"key":"REST"}],"circlet_count":0,"master_deck":["Defend_G","Defend_G","Defend_G+1","Defend_G+1","Defend_G","Survivor","Neutralize","Dash","Slice","Acrobatics","Unload","Reflex","Unload","Storm of Steel+1","Flying Knee","Underhanded Strike","PiercingWail+1","Underhanded Strike","Burst","Adrenaline","Flying Knee+1","Footwork","Underhanded Strike"],"relics":["Ring of the Snake","Juzu Bracelet","Snake Skull","Unceasing Top","Kunai","Philosopher\u0027s Stone","Tiny Chest","Regal Pillow","Omamori","WristBlade","Red Mask","Dream Catcher","Letter Opener"],"acts_visited":["Exordium","TheCity","TheBeyond"],"potions_floor_usage":[33,33,46,50,50,50,50,50,50],"damage_taken":[{"damage":2.0,"enemies":"Jaw Worm","floor":1.0,"turns":5.0},{"damage":5.0,"enemies":"Small Slimes","floor":3.0,"turns":3.0},{"damage":22.0,"enemies":"Lagavulin","floor":7.0,"turns":12.0},{"damage":16.0,"enemies":"Gremlin Nob","floor":11.0,"turns":4.0},{"damage":0.0,"enemies":"2 Louse","floor":13.0,"turns":3.0},{"damage":56.0,"enemies":"Slime Boss","floor":16.0,"turns":15.0},{"damage":11.0,"enemies":"Spheric Guardian","floor":18.0,"turns":4.0},{"damage":7.0,"enemies":"Shell Parasite","floor":21.0,"turns":5.0},{"damage":12.0,"enemies":"Snake Plant","floor":22.0,"turns":7.0},{"damage":18.0,"enemies":"Snecko","floor":24.0,"turns":5.0},{"damage":1.0,"enemies":"Cultist and Chosen","floor":29.0,"turns":5.0},{"damage":39,"enemies":"Champ","floor":33,"turns":21},{"damage":25,"enemies":"3 Darklings","floor":35,"turns":22},{"damage":0,"enemies":"3 Shapes","floor":37,"turns":3},{"damage":27,"enemies":"Jaw Worm Horde","floor":39,"turns":7},{"damage":3,"enemies":"Transient","floor":46,"turns":5},{"damage":4,"enemies":"Sphere and 2 Shapes","floor":47,"turns":4},{"damage":81,"enemies":"Donu and Deca","floor":50,"turns":8}],"seed_played":"-8691269508618375982","potions_obtained":[{"floor":1.0,"key":"SkillPotion"},{"floor":13.0,"key":"FearPotion"},{"floor":18.0,"key":"Dexterity Potion"},{"floor":24.0,"key":"SteroidPotion"},{"floor":37,"key":"Fire Potion"},{"floor":39,"key":"EntropicBrew"},{"floor":46,"key":"GamblersBrew"}],"is_trial":false,"path_per_floor":["M","?","M","$","?","R","E","R","T","R","E","$","M","?","R","B",null,"M","$","?","M","M","R","M","$","T","?","?","M","?","T","R","B",null,"M","?","M","?","M","R","$","R","T","$","?","M","M","T","R","B"],"character_chosen":"THE_SILENT","items_purchased":["Acrobatics","Unload","Underhanded Strike","Underhanded Strike"],"campfire_rested":8,"item_purchase_floors":[4,12,19,25],"current_hp_per_floor":[68,50,45,45,31,52,30,51,51,70,54,54,54,47,68,12,70,59,59,52,45,33,54,36,36,36,36,36,35,35,35,70,31,70,45,45,45,45,18,54,54,54,54,54,54,51,47,47,70,0,0],"gold":67,"neow_bonus":"HUNDRED_GOLD","is_daily":false,"chose_seed":false,"campfire_upgraded":1,"win_rate":0.0,"timestamp":1611871332,"path_taken":["M","?","M","$","?","R","E","R","T","R","E","$","M","?","R","BOSS","M","$","?","M","M","R","M","?","T","?","?","M","?","?","R","BOSS","M","?","M","?","M","R","$","R","T","$","?","M","M","?","R","BOSS"],"items_purchased_type":["Card","Card","Card","Card"],"build_version":"2020-12-22","purchased_purges":2,"victory":false,"max_hp_per_floor":[70,70,70,70,70,70,70,70,70,70,70,70,70,70,70,70,70,70,70,70,70,70,70,70,70,70,70,70,70,70,70,70,70,70,70,70,70,70,70,70,70,70,70,70,70,70,70,70,70,70,70],"card_choices":[{"not_picked":["Quick Slash","Poisoned Stab"],"picked":"Dash","floor":1.0},{"not_picked":["Leg Sweep","Outmaneuver"],"picked":"Slice","floor":3.0},{"not_picked":["Quick Slash","Deflect"],"picked":"Unload","floor":7.0},{"not_picked":["Blade Dance","Caltrops"],"picked":"Reflex","floor":11.0},{"not_picked":["Outmaneuver","Bane","Dodge and Roll"],"picked":"SKIP","floor":13.0},{"not_picked":["Burst","Malaise"],"picked":"Storm of Steel","floor":16.0},{"not_picked":["Blur","Acrobatics"],"picked":"Flying Knee","floor":18.0},{"not_picked":["Poisoned Stab","Setup","Acrobatics"],"picked":"SKIP","floor":21.0},{"not_picked":["Dagger Spray","Crippling Poison","Caltrops"],"picked":"SKIP","floor":22.0},{"not_picked":["Sucker Punch+1","Dodge and Roll+1"],"picked":"PiercingWail+1","floor":24.0},{"not_picked":["Quick Slash","Calculated Gamble","Sucker Punch"],"picked":"SKIP","floor":29.0},{"not_picked":["Storm of Steel","Wraith Form v2"],"picked":"Adrenaline","floor":33},{"not_picked":["PiercingWail","Flechettes","Poisoned Stab+1"],"picked":"SKIP","floor":35},{"not_picked":["Terror","Dagger Throw"],"picked":"Flying Knee+1","floor":37},{"not_picked":["Cloak And Dagger","Prepared","All Out Attack"],"picked":"SKIP","floor":39},{"not_picked":["Outmaneuver","Infinite Blades","Bane+1"],"picked":"SKIP","floor":46},{"not_picked":["Escape Plan+1","Backflip"],"picked":"Footwork","floor":47},{"not_picked":["Prepared+1","Envenom"],"picked":"Underhanded Strike","floor":49}],"player_experience":226412,"relics_obtained":[{"floor":7.0,"key":"Snake Skull"},{"floor":9.0,"key":"Unceasing Top"},{"floor":11.0,"key":"Kunai"},{"floor":26.0,"key":"Tiny Chest"},{"floor":31.0,"key":"Omamori"},{"floor":43,"key":"Dream Catcher"},{"floor":48,"key":"Letter Opener"}],"event_choices":[{"damage_healed":0.0,"max_hp_gain":0.0,"max_hp_loss":0.0,"gold_gain":0.0,"event_name":"Scrap Ooze","player_choice":"Success","floor":2.0,"gold_loss":0.0,"damage_taken":18.0,"relics_obtained":["Juzu Bracelet"]},{"damage_healed":0.0,"max_hp_gain":0.0,"max_hp_loss":0.0,"gold_gain":0.0,"event_name":"Shining Light","player_choice":"Entered Light","floor":5.0,"gold_loss":0.0,"damage_taken":14.0,"cards_upgraded":["Defend_G","Defend_G"]},{"cards_removed":["Strike_G"],"damage_healed":0.0,"max_hp_gain":0.0,"max_hp_loss":0.0,"gold_gain":0.0,"event_name":"Golden Wing","player_choice":"Card Removal","floor":14.0,"gold_loss":0.0,"damage_taken":7.0},{"damage_healed":0.0,"max_hp_gain":0.0,"max_hp_loss":0.0,"gold_gain":75.0,"event_name":"FaceTrader","player_choice":"Touch","floor":20.0,"gold_loss":0.0,"damage_taken":7.0},{"damage_healed":0.0,"max_hp_gain":0.0,"max_hp_loss":0.0,"gold_gain":0.0,"event_name":"Masked Bandits","player_choice":"Paid Fearfully","floor":27.0,"gold_loss":65.0,"damage_taken":0.0},{"damage_healed":0.0,"max_hp_gain":0.0,"max_hp_loss":0.0,"gold_gain":0.0,"cards_transformed":["Strike_G"],"event_name":"Transmorgrifier","player_choice":"Transformed","floor":28.0,"gold_loss":0.0,"damage_taken":0.0,"cards_obtained":["Burst"]},{"damage_healed":0.0,"max_hp_gain":0.0,"max_hp_loss":0.0,"gold_gain":0.0,"event_name":"The Mausoleum","player_choice":"Opened","floor":30.0,"gold_loss":0.0,"damage_taken":0.0,"relics_obtained":["Regal Pillow"]},{"cards_removed":["Strike_G"],"damage_healed":0,"gold_gain":0,"player_choice":"Removed Attack","damage_taken":0,"max_hp_gain":0,"max_hp_loss":0,"event_name":"Falling","floor":36,"gold_loss":0},{"damage_healed":0,"gold_gain":0,"player_choice":"Paid","damage_taken":0,"relics_obtained":["Red Mask"],"max_hp_gain":0,"max_hp_loss":0,"event_name":"Tomb of Lord Red Mask","floor":38,"gold_loss":138},{"damage_healed":0,"gold_gain":0,"player_choice":"Memory 1","damage_taken":0,"max_hp_gain":0,"max_hp_loss":0,"event_name":"SensoryStone","floor":45,"gold_loss":0}],"is_beta":false,"boss_relics":[{"not_picked":["Ring of the Serpent","Black Star"],"picked":"Philosopher\u0027s Stone"},{"not_picked":["Runic Dome","Velvet Choker"],"picked":"WristBlade"}],"items_purged_floors":[12,25],"is_endless":false,"potions_floor_spawned":[1,13,18,24,29,37,39,46],"killed_by":"Donu and Deca","ascension_level":2}}