{"host":"ishme5wb80o83upk","time":1611823599,"event":{"mods":["BaseMod","Minty Spire (QoL Compilation)","StSLib","The Runesmith"],"gold_per_floor":[119,44,44,60,2,34,34,5,30,71,91,130,130,166,166,246,246,275,302,202,221,271,271,271],"floor_reached":23,"language":"KOR","playtime":704,"items_purged":["Runesmith:Strike_RS","Runesmith:Strike_RS"],"score":504,"play_id":"e9cbf31c-a7f9-48b1-b9fa-3ae5ec1b595b","local_time":"20210128174639","is_ascension_mode":true,"campfire_choices":[{"data":"Runesmith:Grindstone","floor":7.0,"key":"SMITH"},{"floor":13.0,"key":"REST"},{"data":"Runesmith:OneForEveryone","floor":15.0,"key":"SMITH"}],"circlet_count":0,"master_deck":["AscendersBane","Runesmith:Strike_RS","Runesmith:Strike_RS","Runesmith:Defend_RS","Runesmith:Defend_RS","Runesmith:Defend_RS","Runesmith:CraftFirestone","Runesmith:Fortify","Runesmith:UnstableHammer","Runesmith:ChargedHammer","Runesmith:Grindstone+1","Runesmith:Accelerate","Runesmith:ChiselStab","Runesmith:OneForEveryone+1","Runesmith:EarthShield","Runesmith:CraftVitae","Runesmith:Firestorm","Runesmith:CreatorForm","Runesmith:Repurpose","Ghostly","Ghostly","Ghostly"],"relics":["Runesmith:BrokenRuby","NeowsBlessing","Runesmith:AutoHammer","Vajra","CeramicFish","Dead Branch","Juzu Bracelet","Velvet Choker"],"acts_visited":["Exordium","TheCity"],"potions_floor_usage":[],"damage_taken":[{"damage":0.0,"enemies":"Jaw Worm","floor":1.0,"turns":1.0},{"damage":0.0,"enemies":"Cultist","floor":4.0,"turns":1.0},{"damage":0.0,"enemies":"Lagavulin","floor":6.0,"turns":1.0},{"damage":38.0,"enemies":"Gremlin Nob","floor":10.0,"turns":4.0},{"damage":0.0,"enemies":"2 Louse","floor":11.0,"turns":2.0},{"damage":8.0,"enemies":"3 Sentries","floor":12.0,"turns":5.0},{"damage":0.0,"enemies":"Gremlin Nob","floor":14.0,"turns":3.0},{"damage":1.0,"enemies":"Slime Boss","floor":16.0,"turns":8.0},{"damage":17.0,"enemies":"Spheric Guardian","floor":18.0,"turns":5.0},{"damage":2.0,"enemies":"Chosen","floor":21.0,"turns":5.0},{"damage":0,"enemies":"Slavers","floor":23,"turns":1}],"seed_played":"-3210225446973865023","potions_obtained":[{"floor":6.0,"key":"SkillPotion"},{"floor":12.0,"key":"Swift Potion"},{"floor":18.0,"key":"Energy Potion"}],"is_trial":false,"path_per_floor":["M","$","?","M","$","E","R","$","T","E","M","E","R","E","R","B",null,"M","?","$","M","?","E"],"character_chosen":"RUNESMITH_CLASS","items_purchased":["Runesmith:Grindstone","Runesmith:ChiselStab"],"campfire_rested":1,"item_purchase_floors":[5,8],"current_hp_per_floor":[59,59,59,59,59,59,59,59,59,21,21,13,32,32,32,31,57,40,33,33,31,31,31,31],"gold":271,"neow_bonus":"THREE_ENEMY_KILL","is_daily":false,"chose_seed":false,"campfire_upgraded":2,"win_rate":0.0,"timestamp":1611823599,"path_taken":["M","$","?","M","?","E","R","$","T","E","?","E","R","E","R","BOSS","M","?","$","M","?","E"],"items_purchased_type":["Card","Card"],"build_version":"2020-12-22","purchased_purges":2,"victory":false,"max_hp_per_floor":[66,66,66,66,66,66,66,66,66,66,66,66,66,66,66,66,66,66,33,33,33,33,33,33],"card_choices":[{"not_picked":["Runesmith:MakeshiftArmor","Runesmith:ChiselStab"],"picked":"Runesmith:UnstableHammer","floor":1.0},{"not_picked":["Runesmith:ElementalConversion","Runesmith:CraftProtectio"],"picked":"Runesmith:ChargedHammer","floor":4.0},{"not_picked":["Runesmith:CraftMagma","Runesmith:CraftObretio"],"picked":"Runesmith:Accelerate","floor":6.0},{"not_picked":["Runesmith:Augment","Runesmith:HammerAndChisel"],"picked":"Runesmith:OneForEveryone","floor":10.0},{"not_picked":["Runesmith:ChargedHammer","Runesmith:ShiftingStrike"],"picked":"Runesmith:EarthShield","floor":11.0},{"not_picked":["Runesmith:FrozenChisel","Runesmith:HammerTime"],"picked":"Runesmith:CraftVitae","floor":12.0},{"not_picked":["Runesmith:ShiftingStrike","Runesmith:CraftIndustria"],"picked":"Runesmith:Firestorm","floor":14.0},{"not_picked":["Runesmith:LightningRod","Runesmith:DuctTape"],"picked":"Runesmith:CreatorForm","floor":16.0},{"not_picked":["Runesmith:CraftMagma","Runesmith:ChiselStab+1"],"picked":"Runesmith:Repurpose","floor":18.0},{"not_picked":["Runesmith:HeatedChisel","Runesmith:PerfectChisel","Runesmith:StaticCage"],"picked":"SKIP","floor":21.0}],"player_experience":1163083,"relics_obtained":[{"floor":6.0,"key":"Runesmith:AutoHammer"},{"floor":9.0,"key":"Vajra"},{"floor":10.0,"key":"CeramicFish"},{"floor":12.0,"key":"Dead Branch"},{"floor":14.0,"key":"Juzu Bracelet"}],"event_choices":[{"cards_removed":["Runesmith:Defend_RS"],"damage_healed":0.0,"max_hp_gain":0.0,"max_hp_loss":0.0,"gold_gain":0.0,"event_name":"Bonfire Elementals","player_choice":"Offered Basic","floor":3.0,"gold_loss":0.0,"damage_taken":0.0},{"damage_healed":0.0,"max_hp_gain":0.0,"max_hp_loss":33.0,"gold_gain":0.0,"event_name":"Ghosts","player_choice":"Became a Ghost","floor":19.0,"gold_loss":0.0,"damage_taken":0.0,"cards_obtained":["Ghostly","Ghostly","Ghostly"]},{"damage_healed":0.0,"max_hp_gain":0.0,"max_hp_loss":0.0,"gold_gain":50.0,"event_name":"Nest","player_choice":"Stole From Cult","floor":22.0,"gold_loss":0.0,"damage_taken":0.0}],"is_beta":false,"boss_relics":[{"not_picked":["Busted Crown","Tiny House"],"picked":"Velvet Choker"}],"items_purged_floors":[2,20],"is_endless":false,"potions_floor_spawned":[6,12,18],"killed_by":"Slavers","ascension_level":18}}