{"host":"s5d39dhq0ddhxhke","time":1611873340,"event":{"mods":["AchievementEnabler","BaseMod","Colored Map","Minty Spire (QoL Compilation)","SuperFastMode"],"gold_per_floor":[109,125,140,160,171,171,202,127,127,127,161,173,186,205,205,284,284,295,345,40,54,54,54,88,88,88,118,118,134,153,153,153,225,225,235,235,235,235,38,38,38,38,38,38,48,48,48,60,60,60,60],"floor_reached":50,"language":"ENG","playtime":1466,"items_purged":["Strike_R"],"score":927,"play_id":"db4a102d-f946-4352-ac1f-d7ba7e45ef52","local_time":"20210129003540","is_ascension_mode":true,"campfire_choices":[{"data":"Bash","floor":6.0,"key":"SMITH"},{"floor":15.0,"key":"REST"},{"floor":23.0,"key":"REST"},{"data":"Dark Embrace","floor":25.0,"key":"SMITH"},{"floor":32.0,"key":"REST"},{"data":"1","floor":40.0,"key":"LIFT"},{"data":"2","floor":42.0,"key":"LIFT"},{"floor":44.0,"key":"REST"},{"floor":49.0,"key":"REST"}],"circlet_count":0,"master_deck":["AscendersBane","Strike_R","Strike_R+1","Strike_R","Defend_R","Defend_R","Defend_R","Defend_R","Bash+1","Carnage","Ghostly Armor","Double Tap","Disarm","Pummel","Demon Form","Demon Form","Heavy Blade+1","Shame","Dark Embrace+1","Impervious","CurseOfTheBell","Enlightenment"],"relics":["SlaversCollar","Bag of Marbles","PreservedInsect","Akabeko","Busted Crown","Membership Card","Paper Frog","Mummified Hand","Lizard Tail","Orichalcum","Whetstone","Girya","Calling Bell","Ancient Tea Set","The Courier","Champion Belt","CaptainsWheel","Pen Nib","Vajra"],"acts_visited":["Exordium","TheCity","TheBeyond"],"potions_floor_usage":[50,50],"damage_taken":[{"damage":8.0,"enemies":"2 Louse","floor":1.0,"turns":2.0},{"damage":0.0,"enemies":"Cultist","floor":2.0,"turns":2.0},{"damage":0.0,"enemies":"Small Slimes","floor":3.0,"turns":3.0},{"damage":4.0,"enemies":"Red Slaver","floor":4.0,"turns":4.0},{"damage":13.0,"enemies":"Blue Slaver","floor":5.0,"turns":3.0},{"damage":5.0,"enemies":"3 Sentries","floor":7.0,"turns":7.0},{"damage":20.0,"enemies":"Lagavulin","floor":11.0,"turns":3.0},{"damage":0.0,"enemies":"3 Louse","floor":12.0,"turns":3.0},{"damage":1.0,"enemies":"Looter","floor":13.0,"turns":4.0},{"damage":11.0,"enemies":"Large Slime","floor":14.0,"turns":5.0},{"damage":7.0,"enemies":"Hexaghost","floor":16.0,"turns":6.0},{"damage":17.0,"enemies":"Spheric Guardian","floor":18.0,"turns":4.0},{"damage":7.0,"enemies":"Shell Parasite","floor":21.0,"turns":3.0},{"damage":10.0,"enemies":"Book of Stabbing","floor":24.0,"turns":3.0},{"damage":18.0,"enemies":"Gremlin Leader","floor":27.0,"turns":2.0},{"damage":23.0,"enemies":"Snake Plant","floor":29.0,"turns":4.0},{"damage":6.0,"enemies":"Chosen and Byrds","floor":30.0,"turns":5.0},{"damage":7.0,"enemies":"Champ","floor":33.0,"turns":7.0},{"damage":45.0,"enemies":"3 Darklings","floor":35.0,"turns":6.0},{"damage":8.0,"enemies":"3 Shapes","floor":45.0,"turns":5.0},{"damage":29.0,"enemies":"Transient","floor":48.0,"turns":5.0},{"damage":84,"enemies":"Awakened One","floor":50,"turns":7}],"seed_played":"-4275340632336507528","potions_obtained":[{"floor":2.0,"key":"Explosive Potion"},{"floor":3.0,"key":"DuplicationPotion"},{"floor":11.0,"key":"BloodPotion"},{"floor":14.0,"key":"AttackPotion"},{"floor":16.0,"key":"LiquidMemories"},{"floor":29.0,"key":"Weak Potion"},{"floor":33.0,"key":"Fire Potion"},{"floor":48.0,"key":"Dexterity Potion"}],"is_trial":false,"path_per_floor":["M","M","M","M","M","R","E","$","T","?","E","M","M","M","R","B",null,"M","?","$","M","?","R","E","R","T","E","?","M","M","?","R","B",null,"M","?","?","?","$","R","$","R","T","R","M","$","?","M","R","B"],"character_chosen":"IRONCLAD","items_purchased":["Membership Card","Paper Frog","CaptainsWheel","Pen Nib"],"campfire_rested":5,"item_purchase_floors":[20,20,39,39],"current_hp_per_floor":[60,60,60,56,43,43,38,38,38,38,18,18,17,6,28,36,65,48,48,48,41,41,63,53,53,53,35,35,12,6,21,43,36,65,20,20,20,20,20,20,20,20,20,42,34,34,34,5,27,0,0],"gold":60,"neow_bonus":"BOSS_RELIC","is_daily":false,"chose_seed":false,"campfire_upgraded":2,"win_rate":0.0,"timestamp":1611873340,"path_taken":["M","M","M","M","M","R","E","$","T","?","E","M","M","?","R","BOSS","M","?","$","?","?","R","E","R","T","E","?","M","M","?","R","BOSS","M","?","?","?","$","R","$","R","T","R","M","$","?","M","R","BOSS"],"items_purchased_type":["Relic","Relic","Relic","Relic"],"build_version":"2020-12-22","purchased_purges":1,"victory":false,"max_hp_per_floor":[75,75,75,75,75,75,75,75,75,75,75,75,75,75,75,75,75,75,75,75,75,75,75,75,75,75,75,75,75,75,75,75,75,75,75,75,75,75,75,75,75,75,75,75,75,75,75,75,75,75,75],"card_choices":[{"not_picked":["Clash","Cleave"],"picked":"Carnage","floor":1.0},{"not_picked":["Havoc","Wild Strike"],"picked":"Ghostly Armor","floor":2.0},{"not_picked":["Heavy Blade","Iron Wave","Thunderclap"],"picked":"SKIP","floor":3.0},{"not_picked":["Sever Soul","Dual Wield","Flex"],"picked":"SKIP","floor":4.0},{"not_picked":["Flex","Hemokinesis","Pommel Strike"],"picked":"SKIP","floor":5.0},{"not_picked":["Sword Boomerang","Power Through"],"picked":"Double Tap","floor":7.0},{"not_picked":["Dark Embrace","Pommel Strike"],"picked":"Clothesline","floor":11.0},{"not_picked":["Pommel Strike","Armaments"],"picked":"Disarm","floor":12.0},{"not_picked":["Anger","Reckless Charge"],"picked":"Pummel","floor":13.0},{"not_picked":["Pommel Strike","Body Slam"],"picked":"Demon Form","floor":14.0},{"not_picked":["Brutality","Corruption"],"picked":"Demon Form","floor":16.0},{"not_picked":["Iron Wave"],"picked":"SKIP","floor":18.0},{"not_picked":[],"picked":"Heavy Blade","floor":21.0},{"not_picked":[],"picked":"Dark Embrace","floor":24.0},{"not_picked":["Shrug It Off"],"picked":"SKIP","floor":27.0},{"not_picked":["Shrug It Off"],"picked":"SKIP","floor":27.0},{"not_picked":["Cleave"],"picked":"SKIP","floor":29.0},{"not_picked":["Pommel Strike"],"picked":"SKIP","floor":30.0},{"not_picked":[],"picked":"Impervious","floor":33.0},{"not_picked":["Blood for Blood"],"picked":"SKIP","floor":35.0},{"not_picked":[],"picked":"Enlightenment","floor":36.0},{"not_picked":["Thunderclap+1"],"picked":"SKIP","floor":45.0},{"not_picked":["Cleave+1"],"picked":"SKIP","floor":48.0}],"player_experience":468438,"relics_obtained":[{"floor":7.0,"key":"Bag of Marbles"},{"floor":9.0,"key":"PreservedInsect"},{"floor":11.0,"key":"Akabeko"},{"floor":24.0,"key":"Lizard Tail"},{"floor":26.0,"key":"Orichalcum"},{"floor":27.0,"key":"Whetstone"},{"floor":34.0,"key":"Ancient Tea Set"},{"floor":34.0,"key":"The Courier"},{"floor":34.0,"key":"Champion Belt"},{"floor":43.0,"key":"Vajra"}],"event_choices":[{"cards_removed":["Strike_R"],"damage_healed":0.0,"max_hp_gain":0.0,"max_hp_loss":0.0,"gold_gain":0.0,"event_name":"Purifier","player_choice":"Purged","floor":10.0,"gold_loss":0.0,"damage_taken":0.0},{"damage_healed":0.0,"max_hp_gain":0.0,"max_hp_loss":0.0,"gold_gain":100.0,"event_name":"The Joust","player_choice":"Bet on Murderer","floor":19.0,"gold_loss":50.0,"damage_taken":0.0},{"damage_healed":0.0,"max_hp_gain":0.0,"max_hp_loss":0.0,"gold_gain":0.0,"event_name":"Addict","player_choice":"Stole Relic","floor":22.0,"gold_loss":0.0,"damage_taken":0.0,"relics_obtained":["Mummified Hand"],"cards_obtained":["Shame"]},{"damage_healed":0.0,"max_hp_gain":0.0,"max_hp_loss":0.0,"gold_gain":0.0,"event_name":"The Mausoleum","player_choice":"Opened","floor":28.0,"gold_loss":0.0,"damage_taken":0.0,"relics_obtained":["Girya"],"cards_obtained":["Writhe"]},{"damage_healed":15.0,"max_hp_gain":0.0,"max_hp_loss":0.0,"gold_gain":0.0,"event_name":"The Library","player_choice":"Heal","floor":31.0,"gold_loss":0.0,"damage_taken":0.0},{"damage_healed":0.0,"max_hp_gain":0.0,"max_hp_loss":0.0,"gold_gain":0.0,"event_name":"SensoryStone","player_choice":"Memory 1","floor":36.0,"gold_loss":0.0,"damage_taken":0.0},{"damage_healed":0.0,"max_hp_gain":0.0,"max_hp_loss":0.0,"gold_gain":0.0,"event_name":"Mysterious Sphere","player_choice":"Ignored","floor":37.0,"gold_loss":0.0,"damage_taken":0.0},{"cards_removed":["Clothesline"],"damage_healed":0.0,"max_hp_gain":0.0,"max_hp_loss":0.0,"gold_gain":0.0,"event_name":"Falling","player_choice":"Removed Attack","floor":38.0,"gold_loss":0.0,"damage_taken":0.0},{"cards_removed":["Writhe"],"damage_healed":0.0,"max_hp_gain":0.0,"max_hp_loss":0.0,"gold_gain":0.0,"event_name":"Purifier","player_choice":"Purged","floor":47.0,"gold_loss":0.0,"damage_taken":0.0}],"is_beta":false,"boss_relics":[{"not_picked":["Sozu","SacredBark"],"picked":"Busted Crown"},{"not_picked":["Runic Cube","Pandora\u0027s Box"],"picked":"Calling Bell"}],"items_purged_floors":[8],"is_endless":false,"potions_floor_spawned":[2,3,11,14,16,29,30,33,45,48],"killed_by":"Awakened One","ascension_level":16}}