{"host":"edc6wmn2qug8wnvl","time":1611820480,"event":{"mods":["AchievementEnabler","BaseMod","Colored Map","Colored Powertips","Minty Spire (QoL Compilation)","StSLib"],"gold_per_floor":[116,116,116,19,32,66,82,99,99,99,99,119,119,136,136,233,233,245,264,264,283,283,283,283,300,371,387,412,426,426,426],"floor_reached":30,"language":"ENG","playtime":1511,"items_purged":[],"score":304,"play_id":"05f44dbb-efb5-4786-b9f3-dd617a7a7671","local_time":"20210127235440","is_ascension_mode":false,"campfire_choices":[{"floor":13,"key":"REST"},{"floor":15,"key":"REST"},{"floor":23,"key":"REST"}],"circlet_count":0,"master_deck":["Strike_R+1","Strike_R+1","Strike_R+1","Strike_R+1","Strike_R+1","Defend_R+1","Defend_R+1","Defend_R+1","Bash","Headbutt","Perfected Strike","Seeing Red","Battle Trance","Perfected Strike+1","Flex","Demon Form","Impervious+1","Feel No Pain+1","Headbutt+1","Cleave+1","Perfected Strike+1","Heavy Blade+1","Flex","Flex","Anger+1","Flex","Battle Trance+1"],"relics":["Black Star","InkBottle","Vajra","Eternal Feather","Molten Egg 2","Torii","Astrolabe","HornCleat","Sundial","Gambling Chip"],"acts_visited":["Exordium","TheCity"],"potions_floor_usage":[5,8,8,16,27,28,28,29,30],"damage_taken":[{"damage":6,"enemies":"Jaw Worm","floor":1,"turns":4},{"damage":5,"enemies":"Small Slimes","floor":5,"turns":3},{"damage":30,"enemies":"3 Sentries","floor":6,"turns":8},{"damage":0,"enemies":"2 Louse","floor":7,"turns":2},{"damage":0,"enemies":"Exordium Wildlife","floor":8,"turns":2},{"damage":8,"enemies":"Large Slime","floor":12,"turns":4},{"damage":0,"enemies":"Looter","floor":14,"turns":1},{"damage":64,"enemies":"Hexaghost","floor":16,"turns":9},{"damage":33,"enemies":"Shell Parasite","floor":18,"turns":6},{"damage":2,"enemies":"Chosen","floor":19,"turns":4},{"damage":21,"enemies":"Snake Plant","floor":21,"turns":3},{"damage":21,"enemies":"Shelled Parasite and Fungi","floor":25,"turns":5},{"damage":10,"enemies":"Chosen and Byrds","floor":27,"turns":4},{"damage":0,"enemies":"Gremlin Leader","floor":28,"turns":5},{"damage":8,"enemies":"Snecko","floor":29,"turns":4},{"damage":30,"enemies":"Sentry and Sphere","floor":30,"turns":4}],"seed_played":"-2440017770766198230","potions_obtained":[{"floor":6,"key":"Ancient Potion"},{"floor":7,"key":"Explosive Potion"},{"floor":12,"key":"BlessingOfTheForge"},{"floor":14,"key":"BlessingOfTheForge"},{"floor":25,"key":"Fire Potion"},{"floor":27,"key":"Explosive Potion"},{"floor":28,"key":"BlessingOfTheForge"},{"floor":29,"key":"Strength Potion"}],"is_trial":false,"path_per_floor":["M","?","?","$","M","E","M","M","T","T","?","M","R","M","R","B",null,"M","M","?","M","?","R","?","M","T","M","E","M","M"],"character_chosen":"IRONCLAD","items_purchased":["Perfected Strike","AttackPotion"],"campfire_rested":3,"item_purchase_floors":[4,4],"current_hp_per_floor":[74,74,74,74,69,39,39,39,39,39,27,19,52,52,80,16,80,47,45,45,24,24,60,60,39,39,29,29,21,0,0],"gold":426,"neow_bonus":"BOSS_RELIC","is_daily":false,"chose_seed":false,"campfire_upgraded":0,"win_rate":0.0,"timestamp":1611820480,"path_taken":["M","?","?","$","M","E","M","M","T","?","?","?","R","M","R","BOSS","M","M","?","M","?","R","?","M","T","M","E","M","?"],"items_purchased_type":["Card","Potion"],"build_version":"2020-12-22","purchased_purges":0,"victory":false,"max_hp_per_floor":[80,80,80,80,80,80,80,80,80,80,80,80,80,80,80,80,80,80,80,80,80,80,80,80,80,80,80,80,80,80,80],"card_choices":[{"not_picked":["Body Slam","Shrug It Off"],"picked":"Headbutt","floor":1},{"not_picked":["Twin Strike","Disarm"],"picked":"Thunderclap","floor":5},{"not_picked":["Clothesline","Feed"],"picked":"Carnage","floor":6},{"not_picked":["Evolve","Rampage"],"picked":"Seeing Red","floor":7},{"not_picked":["Dark Embrace","Cleave"],"picked":"Battle Trance","floor":8},{"not_picked":["Headbutt+1","Dark Embrace"],"picked":"Perfected Strike+1","floor":12},{"not_picked":["Dropkick+1","Clothesline+1"],"picked":"Flex","floor":14},{"not_picked":["Brutality","Impervious"],"picked":"Demon Form","floor":16},{"not_picked":["Twin Strike+1","Disarm"],"picked":"Cleave+1","floor":18},{"not_picked":["Metallicize","Pummel+1"],"picked":"Perfected Strike+1","floor":19},{"not_picked":["Warcry","Body Slam+1"],"picked":"Heavy Blade+1","floor":21},{"not_picked":["Bloodletting","Body Slam+1"],"picked":"Flex","floor":25},{"not_picked":["True Grit","Body Slam+1"],"picked":"Anger+1","floor":27},{"not_picked":["Twin Strike+1","Iron Wave+1"],"picked":"Flex","floor":28},{"not_picked":["True Grit","Combust+1"],"picked":"Battle Trance+1","floor":29}],"player_experience":69769,"relics_obtained":[{"floor":6,"key":"InkBottle"},{"floor":6,"key":"Vajra"},{"floor":9,"key":"Eternal Feather"},{"floor":10,"key":"Molten Egg 2"},{"floor":26,"key":"HornCleat"},{"floor":28,"key":"Sundial"},{"floor":28,"key":"Gambling Chip"}],"event_choices":[{"damage_healed":0,"gold_gain":0,"player_choice":"Ignored","damage_taken":0,"max_hp_gain":0,"max_hp_loss":0,"event_name":"Golden Wing","floor":2,"gold_loss":0},{"damage_healed":0,"gold_gain":0,"player_choice":"Leave","damage_taken":0,"max_hp_gain":0,"max_hp_loss":0,"event_name":"The Cleric","floor":3,"gold_loss":0},{"damage_healed":0,"gold_gain":0,"player_choice":"Success","damage_taken":12,"relics_obtained":["Torii"],"max_hp_gain":0,"max_hp_loss":0,"event_name":"Scrap Ooze","floor":11,"gold_loss":0},{"damage_healed":0,"gold_gain":0,"player_choice":"Ignored","damage_taken":0,"max_hp_gain":0,"max_hp_loss":0,"event_name":"Ghosts","floor":20,"gold_loss":0},{"damage_healed":0,"gold_gain":0,"player_choice":"Simplicity","damage_taken":0,"max_hp_gain":0,"max_hp_loss":0,"event_name":"Back to Basics","floor":22,"gold_loss":0,"cards_upgraded":["Strike_R","Strike_R","Strike_R","Strike_R","Strike_R","Defend_R","Defend_R","Defend_R"]},{"damage_healed":0,"gold_gain":0,"player_choice":"Copied","damage_taken":0,"max_hp_gain":0,"max_hp_loss":0,"event_name":"Duplicator","floor":24,"gold_loss":0,"cards_obtained":["Flex"]}],"is_beta":false,"boss_relics":[{"not_picked":["Runic Dome","SacredBark"],"picked":"Astrolabe"}],"items_purged_floors":[],"is_endless":false,"potions_floor_spawned":[6,7,12,14,25,27,28,29],"killed_by":"Sentry and Sphere","ascension_level":0}}