{"host":"gl5rgsfncjl28cj1","time":1611824913,"event":{"mods":["BaseMod","Colored Map","Highlight Path","Minty Spire (QoL Compilation)","Permanent Neow","Relic Stats","StSLib"],"gold_per_floor":[112,112,128,12,29,29,41,74,99,99,118,193,193,215,215,303,303,331,356,356,9,9,50,50,50,50],"floor_reached":25,"language":"KOR","playtime":697,"items_purged":["Strike_G","Strike_G"],"score":442,"play_id":"8ddc1f3f-1b9e-4028-af3f-28c38fa9a415","local_time":"20210128180833","is_ascension_mode":true,"campfire_choices":[{"data":"Dagger Throw","floor":6,"key":"SMITH"},{"floor":10,"key":"REST"},{"floor":13,"key":"REST"},{"data":"Deadly Poison","floor":15,"key":"SMITH"}],"circlet_count":0,"master_deck":["AscendersBane","Strike_G","Strike_G","Strike_G","Defend_G","Defend_G","Defend_G","Defend_G","Defend_G","Survivor","Neutralize","Adrenaline+1","Deflect","Backstab","Blur","Dagger Throw+1","All Out Attack","Deadly Poison+1","Glass Knife","Bouncing Flask","Grand Finale","Cloak And Dagger","Dash","Catalyst","Footwork"],"relics":["Ring of the Snake","Blood Vial","CeramicFish","Black Star","Lee\u0027s Waffle","Centennial Puzzle","Lantern"],"acts_visited":["Exordium","TheCity"],"potions_floor_usage":[8,16,16,23],"damage_taken":[{"damage":6,"enemies":"Cultist","floor":1,"turns":6},{"damage":0,"enemies":"2 Louse","floor":3,"turns":3},{"damage":0,"enemies":"Small Slimes","floor":5,"turns":4},{"damage":2,"enemies":"Looter","floor":7,"turns":3},{"damage":39,"enemies":"Gremlin Nob","floor":8,"turns":5},{"damage":1,"enemies":"2 Fungi Beasts","floor":11,"turns":3},{"damage":0,"enemies":"Blue Slaver","floor":14,"turns":3},{"damage":43,"enemies":"Hexaghost","floor":16,"turns":12},{"damage":15,"enemies":"Spheric Guardian","floor":18,"turns":5},{"damage":10,"enemies":"Chosen","floor":19,"turns":4},{"damage":26,"enemies":"Book of Stabbing","floor":23,"turns":5},{"damage":24,"enemies":"Gremlin Leader","floor":25,"turns":5}],"seed_played":"-2812735977161044021","potions_obtained":[{"floor":5,"key":"EssenceOfSteel"},{"floor":8,"key":"EssenceOfSteel"},{"floor":11,"key":"Weak Potion"},{"floor":14,"key":"CunningPotion"},{"floor":19,"key":"LiquidMemories"}],"is_trial":false,"path_per_floor":["M","?","M","$","M","R","M","E","T","R","M","?","R","M","R","B",null,"M","M","?","$","?","E","$","E"],"character_chosen":"THE_SILENT","items_purchased":["Blur","Lee\u0027s Waffle","Catalyst"],"campfire_rested":2,"item_purchase_floors":[4,21,21],"current_hp_per_floor":[53,53,53,53,53,53,51,12,12,31,32,21,40,42,42,1,50,37,29,29,73,73,47,47,25,25],"gold":50,"neow_bonus":"ONE_RANDOM_RARE_CARD","is_daily":false,"chose_seed":false,"campfire_upgraded":2,"win_rate":0.0,"timestamp":1611824913,"path_taken":["M","?","M","$","M","R","M","E","T","R","M","?","R","M","R","BOSS","M","M","?","$","?","E","$","E"],"items_purchased_type":["Card","Relic","Card"],"build_version":"2020-12-22","purchased_purges":2,"victory":false,"max_hp_per_floor":[66,66,66,66,66,66,66,66,66,66,66,66,66,66,66,66,66,66,66,66,73,73,73,73,73,73],"relic_stats":{"Blood Vial":12,"Lee\u0027s Waffle":44,"Centennial Puzzle":[3],"counters":[12,58],"CeramicFish":63,"Black Star":1,"obtain_stats":[{"Blood Vial":8,"Lee\u0027s Waffle":21,"Centennial Puzzle":23,"Lantern":23,"CeramicFish":9,"Black Star":17,"Ring of the Snake":0},{"Blood Vial":5,"Lee\u0027s Waffle":10,"Centennial Puzzle":11,"Lantern":11,"CeramicFish":5,"Black Star":8,"Ring of the Snake":0},{"Blood Vial":21,"Lee\u0027s Waffle":48,"Centennial Puzzle":53,"Lantern":53,"CeramicFish":21,"Black Star":39,"Ring of the Snake":0}],"Ring of the Snake":[24]},"card_choices":[{"not_picked":["Bouncing Flask","Outmaneuver"],"picked":"Deflect","floor":1},{"not_picked":["Underhanded Strike","PiercingWail"],"picked":"Backstab","floor":3},{"not_picked":["Quick Slash","Terror"],"picked":"Dagger Throw","floor":5},{"not_picked":["PiercingWail","Backflip"],"picked":"All Out Attack","floor":7},{"not_picked":["Catalyst","Underhanded Strike"],"picked":"Deadly Poison","floor":8},{"not_picked":["PiercingWail","Dodge and Roll"],"picked":"Glass Knife","floor":11},{"not_picked":["Finisher","Outmaneuver"],"picked":"Bouncing Flask","floor":14},{"not_picked":["Doppelganger","Unload"],"picked":"Grand Finale","floor":16},{"not_picked":["Underhanded Strike","Blade Dance"],"picked":"Cloak And Dagger","floor":18},{"not_picked":["Underhanded Strike","Predator"],"picked":"Dash","floor":19},{"not_picked":["PiercingWail","Dagger Throw"],"picked":"Footwork","floor":23}],"player_experience":997654,"relics_obtained":[{"floor":8,"key":"Blood Vial"},{"floor":9,"key":"CeramicFish"},{"floor":23,"key":"Centennial Puzzle"},{"floor":23,"key":"Lantern"}],"event_choices":[{"damage_healed":0,"gold_gain":0,"player_choice":"Grow","damage_taken":0,"max_hp_gain":0,"max_hp_loss":0,"event_name":"Living Wall","floor":2,"gold_loss":0,"cards_upgraded":["Adrenaline"]},{"damage_healed":0,"gold_gain":75,"player_choice":"Gather Gold","damage_taken":11,"max_hp_gain":0,"max_hp_loss":0,"event_name":"World of Goop","floor":12,"gold_loss":0},{"damage_healed":0,"gold_gain":0,"player_choice":"Ignored","damage_taken":0,"max_hp_gain":0,"max_hp_loss":0,"event_name":"Ghosts","floor":20,"gold_loss":0}],"is_beta":false,"boss_relics":[{"not_picked":["Snecko Eye","Calling Bell"],"picked":"Black Star"}],"items_purged_floors":[4,21],"is_endless":false,"potions_floor_spawned":[5,8,11,14,19],"killed_by":"Gremlin Leader","ascension_level":20}}