{"host":"ktoxvvst1mwxww91","time":1611830139,"event":{"mods":["BaseMod","Downfall","Minty Spire (QoL Compilation)","StSLib"],"gold_per_floor":[99,111,127,137,237,162,162,188,198,198,198,218,235,235,248,248,248,248],"floor_reached":16,"language":"ENG","playtime":674,"items_purged":[],"score":114,"play_id":"5c540f8c-0556-40ea-8d75-b6e415494cab","local_time":"20210128113539","is_ascension_mode":true,"campfire_choices":[{"data":"Slimebound:Split","floor":1,"key":"SMITH"}],"circlet_count":0,"master_deck":["Slimebound:Split+1","Slimebound:SplitLeeching","Slimebound:Prepare","Slimebound:Overexert","Slimebound:FinishingTackle","Slimebound:RainOfGoop","Slimebound:RejuvenatingLick","Slimebound:PressTheAttack","Slimebound:DisruptingSlam","Slimebound:FlameTackle+1","Slimebound:Replication","Slimebound:RollThrough","Slimebound:LivingWall","Slimebound:ItLooksTasty","Slimebound:LivingWall","Slimebound:TagTeam","Slimebound:SamplingLick"],"relics":["Pandora\u0027s Box","Slimebound:GreedOozeRelic","HornCleat","Gremlin Horn","downfall:BrokenWingStatue"],"acts_visited":["Exordium"],"potions_floor_usage":[8,16,16,16],"damage_taken":[{"damage":6,"enemies":"Jaw Worm","floor":2,"turns":3},{"damage":6,"enemies":"Small Slimes","floor":3,"turns":2},{"damage":0,"enemies":"2 Louse","floor":4,"turns":2},{"damage":0,"enemies":"downfall:Heads","floor":5,"turns":5},{"damage":6,"enemies":"3 Sentries","floor":8,"turns":5},{"damage":14,"enemies":"Large Slime","floor":9,"turns":4},{"damage":14,"enemies":"Gremlin Gang","floor":12,"turns":2},{"damage":12,"enemies":"Exordium Wildlife","floor":13,"turns":3},{"damage":4,"enemies":"3 Louse","floor":15,"turns":3},{"damage":6,"enemies":"IC_STATUS_ARCHETYPE","floor":16,"turns":4}],"seed_played":"-8932347723448697579","potions_obtained":[{"floor":2,"key":"Energy Potion"},{"floor":8,"key":"bronze:BurnAndBuffPotion"},{"floor":9,"key":"Dexterity Potion"},{"floor":13,"key":"Slimebound:SlimedPotion"}],"is_trial":false,"path_per_floor":["R","M","M","M","?","?","T","E","M","?","?","M","M","?","M","B"],"character_chosen":"SLIMEBOUND","items_purchased":[],"campfire_rested":0,"item_purchase_floors":[],"current_hp_per_floor":[65,59,53,53,53,53,53,47,33,33,33,19,7,7,3,0,0,0],"gold":248,"neow_bonus":"BOSS_RELIC","is_daily":false,"chose_seed":false,"campfire_upgraded":1,"win_rate":0.0,"timestamp":1611830139,"path_taken":["R","M","M","M","?","?","T","E","M","?","?","M","M","?","M","BOSS"],"items_purchased_type":[],"build_version":"2020-12-22","purchased_purges":0,"victory":false,"max_hp_per_floor":[65,65,65,65,65,65,65,65,65,65,65,65,65,65,65,65,65,65],"card_choices":[{"not_picked":["Slimebound:ViciousTackle","Slimebound:ComboTackle"],"picked":"Slimebound:PressTheAttack","floor":2},{"not_picked":["Slimebound:SplitMire","Slimebound:FinishingTackle"],"picked":"Slimebound:DisruptingSlam","floor":3},{"not_picked":["Slimebound:TongueLash","Slimebound:SplitAcid"],"picked":"Slimebound:FlameTackle","floor":4},{"not_picked":["Slimebound:Dissolve","Slimebound:RainOfGoop"],"picked":"Slimebound:RollThrough","floor":5},{"not_picked":["Slimebound:ComboTackle","Slimebound:Prepare"],"picked":"Slimebound:LivingWall","floor":8},{"not_picked":["Slimebound:LivingWall","Slimebound:GoopTackle"],"picked":"Slimebound:ItLooksTasty","floor":9},{"not_picked":["Slimebound:ViciousTackle","Slimebound:SplitMire"],"picked":"Slimebound:LivingWall","floor":12},{"not_picked":["Slimebound:Replication","Slimebound:ComboTackle"],"picked":"Slimebound:TagTeam","floor":13},{"not_picked":["Slimebound:Chomp","Slimebound:SplitLeeching"],"picked":"Slimebound:SamplingLick","floor":15}],"player_experience":860765,"relics_obtained":[{"floor":7,"key":"HornCleat"},{"floor":8,"key":"Gremlin Horn"}],"event_choices":[{"cards_removed":["Slimebound:Tackle"],"damage_healed":0,"gold_gain":0,"player_choice":"Card Removal","damage_taken":0,"max_hp_gain":0,"max_hp_loss":0,"event_name":"The Cleric","floor":14,"gold_loss":0}],"is_beta":false,"boss_relics":[],"items_purged_floors":[],"is_endless":false,"potions_floor_spawned":[2,8,9,13],"killed_by":"IC_STATUS_ARCHETYPE","ascension_level":2}}