{"host":"pmq2bjxo3k17mhrw","time":1611838477,"event":{"mods":["BaseMod","Minty Spire (QoL Compilation)","Replay The Spire","StSLib"],"gold_per_floor":[118,137,8,8,8,8,49,49,103,146,46,46,46,46,46,177,177,200,200,200,200,49,82,82,115,115,115,115,155,255,165,165,289,289,307,182,205,205,219,252,252,252,306,340,340,371,371,371,434,434,434,434,67,105,105],"floor_reached":56,"language":"ZHS","playtime":2365,"items_purged":["Strike_G","Strike_G","Voices","Neutralize+1"],"score":1756,"play_id":"5ffa9f97-a5b8-47b5-9664-90fdbc095e31","local_time":"20210128205437","is_ascension_mode":true,"campfire_choices":[{"data":"Bouncing Flask","floor":6.0,"key":"SMITH"},{"data":"Footwork","floor":13.0,"key":"SMITH"},{"data":"Neutralize","floor":13.0,"key":"SMITH"},{"floor":15.0,"key":"REST"},{"data":"Escape Plan","floor":24.0,"key":"SMITH"},{"data":"Deadly Poison","floor":24.0,"key":"SMITH"},{"floor":28.0,"key":"REST"},{"data":"Corpse Explosion","floor":32.0,"key":"SMITH"},{"data":"Survivor","floor":32.0,"key":"SMITH"},{"floor":41.0,"key":"RECALL"},{"data":"Madness","floor":45.0,"key":"SMITH"},{"data":"Madness","floor":45.0,"key":"SMITH"},{"floor":47.0,"key":"REST"},{"data":"Acrobatics","floor":52.0,"key":"SMITH"},{"data":"Deflect","floor":52.0,"key":"SMITH"}],"circlet_count":0,"master_deck":["Defend_G","Defend_G+1","Defend_G","Defend_G","Survivor+1","Bouncing Flask+1","Calculated Gamble+1","Footwork+1","Footwork+1","Deadly Poison+1","Envenom+1","Corpse Explosion+1","Catalyst+1","Escape Plan+1","Acrobatics+1","Madness+1","Madness+1","Secret Technique","Deflect+1","Impatience"],"relics":["Ring of the Snake","NeowsBlessing","Golden Idol","Blood Vial","Juzu Bracelet","Replay:Arrowhead","SacredBark","ReplayTheSpireMod:Ring of Addiction","Toy Ornithopter","White Beast Statue","ReplayTheSpireMod:Ring of Collecting","Paper Crane","TwistedFunnel","Omamori","Replay:Mystery Machine","Ring of Hypnosis","Replay:Bottled Flurry","Pear","Calling Bell","Art of War","Mirror","Thread and Needle","Oddly Smooth Stone","HornCleat","Chameleon Ring","Gambling Chip","Lantern"],"acts_visited":["Exordium","TheCity","TheBeyond","TheEnding"],"potions_floor_usage":[54,55,55],"damage_taken":[{"damage":0.0,"enemies":"Small Slimes","floor":1.0,"turns":1.0},{"damage":0.0,"enemies":"2 Louse","floor":2.0,"turns":1.0},{"damage":0.0,"enemies":"Lagavulin","floor":7.0,"turns":1.0},{"damage":21.0,"enemies":"Gremlin Nob","floor":10.0,"turns":5.0},{"damage":38.0,"enemies":"Fading Forest","floor":16.0,"turns":11.0},{"damage":12.0,"enemies":"Spheric Guardian","floor":18.0,"turns":4.0},{"damage":20.0,"enemies":"Book of Stabbing","floor":23.0,"turns":4.0},{"damage":18.0,"enemies":"Slavers","floor":25.0,"turns":2.0},{"damage":3.0,"enemies":"Gremlin Leader","floor":29.0,"turns":5.0},{"damage":25.0,"enemies":"Automaton","floor":33.0,"turns":9.0},{"damage":21.0,"enemies":"3 Darklings","floor":35.0,"turns":3.0},{"damage":0.0,"enemies":"3 Shapes","floor":37.0,"turns":5.0},{"damage":2.0,"enemies":"Writhing Mass","floor":39.0,"turns":3.0},{"damage":0.0,"enemies":"Giant Head","floor":40.0,"turns":7.0},{"damage":22.0,"enemies":"Nemesis","floor":44.0,"turns":5.0},{"damage":0.0,"enemies":"R_Hoarder","floor":46.0,"turns":7.0},{"damage":5.0,"enemies":"Mind Bloom Boss Battle","floor":49.0,"turns":7.0},{"damage":11.0,"enemies":"Donu and Deca","floor":50.0,"turns":6.0},{"damage":10,"enemies":"Shield and Spear","floor":54,"turns":5},{"damage":19,"enemies":"The Heart","floor":55,"turns":8}],"seed_played":"-6992318110779341100","potions_obtained":[{"floor":2.0,"key":"GhostInAJar"},{"floor":10.0,"key":"Weak Potion"},{"floor":16.0,"key":"Death Potion"},{"floor":20.0,"key":"Explosive Potion"},{"floor":20.0,"key":"ColorlessPotion"},{"floor":20.0,"key":"Energy Potion"},{"floor":23.0,"key":"Milkshake"},{"floor":25.0,"key":"DistilledChaos"},{"floor":29.0,"key":"SpeedPotion"},{"floor":33.0,"key":"Fire Potion"},{"floor":35.0,"key":"SteroidPotion"},{"floor":37.0,"key":"CunningPotion"},{"floor":39.0,"key":"Block Potion"},{"floor":40.0,"key":"Adrenaline Potion"},{"floor":44.0,"key":"Swift Potion"},{"floor":54,"key":"Dexterity Potion"}],"is_trial":false,"path_per_floor":["M","M","$","?","?","R","E","?","T","E","$","?","R","?","R","B",null,"M","?","?","?","$","E","R","E","T","?","R","E","?","?","R","B",null,"M","$","M","?","M","E","R","?","T","E","R","E","R","?","R","B",null,"R","$","E","B",null],"character_chosen":"THE_SILENT","items_purchased":["Footwork","TwistedFunnel","Impatience","DistilledChaos","PowerPotion"],"campfire_rested":3,"item_purchase_floors":[3,22,53,53,53],"current_hp_per_floor":[63,63,63,49,32,32,32,32,32,13,13,6,6,6,27,5,54,44,44,44,44,44,31,31,20,20,20,41,55,55,55,55,32,65,51,51,53,43,48,50,50,50,50,30,30,32,53,53,50,41,61,61,61,56,47],"gold":105,"neow_bonus":"THREE_ENEMY_KILL","is_daily":false,"chose_seed":false,"campfire_upgraded":11,"win_rate":0.0,"timestamp":1611838477,"path_taken":["M","M","$","?","?","R","E","?","T","E","$","?","R","?","R","BOSS","M","?","?","?","$","E","R","E","T","?","R","E","?","?","R","BOSS","M","?","M","?","M","E","R","?","T","E","R","E","R","?","R","BOSS","R","$","E","BOSS"],"items_purchased_type":["Card","Relic","Card","Potion","Potion"],"build_version":"2020-12-22","purchased_purges":4,"victory":true,"max_hp_per_floor":[70,70,70,70,70,70,70,70,70,70,70,70,70,70,70,70,70,70,70,70,70,70,70,70,70,70,70,70,78,78,78,78,76,76,76,76,76,76,74,74,74,74,72,72,72,70,70,70,68,68,68,66,66,66,66],"card_choices":[{"not_picked":["Cloak And Dagger","Bane"],"picked":"Bouncing Flask","floor":1.0},{"not_picked":["Toxin Wave","Dodge and Roll"],"picked":"Calculated Gamble","floor":2.0},{"not_picked":["Expertise","Dodge and Roll"],"picked":"Deadly Poison","floor":7.0},{"not_picked":["Hidden Blade","Underhanded Strike","Grand Finale"],"picked":"SKIP","floor":10.0},{"not_picked":["Hidden Blade","Underhanded Strike","Grand Finale"],"picked":"SKIP","floor":10.0},{"not_picked":["Bullet Time","Poison Darts"],"picked":"Corpse Explosion","floor":16.0},{"not_picked":["Dagger Spray","Noxious Fumes"],"picked":"Catalyst","floor":18.0},{"not_picked":["Bane","Eviscerate"],"picked":"Escape Plan","floor":23.0},{"not_picked":["Outmaneuver","Terror","Flechettes+1"],"picked":"SKIP","floor":25.0},{"not_picked":["Endless Agony","Dodge and Roll","Quick Slash"],"picked":"SKIP","floor":29.0},{"not_picked":["Prepared+1","ReplayTheSpireMod:The Works+1"],"picked":"Acrobatics","floor":35.0},{"not_picked":["Slice","Underhanded Strike+1","Deadly Poison"],"picked":"SKIP","floor":37.0},{"not_picked":["Hidden Blade+1","ReplayTheSpireMod:Shiv Toss+1","Deadly Poison"],"picked":"SKIP","floor":39.0},{"not_picked":["Poisoned Stab","Backstab+1","Hidden Blade+1"],"picked":"SKIP","floor":40.0},{"not_picked":["Specialist","Trip"],"picked":"Secret Technique","floor":42.0},{"not_picked":["Deadly Poison","Prepared","Distraction+1"],"picked":"SKIP","floor":44.0},{"not_picked":["Accuracy+1","Poisoned Stab"],"picked":"Deflect","floor":46.0},{"not_picked":["Setup+1","Dash+1","Underhanded Strike"],"picked":"SKIP","floor":54}],"player_experience":228666,"relics_obtained":[{"floor":7.0,"key":"Blood Vial"},{"floor":9.0,"key":"Juzu Bracelet"},{"floor":10.0,"key":"Replay:Arrowhead"},{"floor":20.0,"key":"ReplayTheSpireMod:Ring of Addiction"},{"floor":20.0,"key":"Toy Ornithopter"},{"floor":20.0,"key":"White Beast Statue"},{"floor":20.0,"key":"ReplayTheSpireMod:Ring of Collecting"},{"floor":23.0,"key":"Omamori"},{"floor":25.0,"key":"Replay:Mystery Machine"},{"floor":26.0,"key":"Ring of Hypnosis"},{"floor":26.0,"key":"Replay:Bottled Flurry"},{"floor":29.0,"key":"Pear"},{"floor":34.0,"key":"Art of War"},{"floor":34.0,"key":"Mirror"},{"floor":34.0,"key":"Thread and Needle"},{"floor":40.0,"key":"Oddly Smooth Stone"},{"floor":44.0,"key":"HornCleat"},{"floor":46.0,"key":"Chameleon Ring"},{"floor":49.0,"key":"Gambling Chip"},{"floor":54,"key":"Lantern"}],"event_choices":[{"damage_healed":0.0,"max_hp_gain":0.0,"max_hp_loss":0.0,"gold_gain":0.0,"event_name":"Shining Light","player_choice":"Entered Light","floor":4.0,"gold_loss":0.0,"damage_taken":14.0,"cards_upgraded":["Calculated Gamble","Footwork"]},{"damage_healed":0.0,"max_hp_gain":0.0,"max_hp_loss":0.0,"gold_gain":0.0,"event_name":"Golden Idol","player_choice":"Take Damage","floor":5.0,"gold_loss":0.0,"damage_taken":17.0,"relics_obtained":["Golden Idol"]},{"cards_removed":["Strike_G"],"damage_healed":0.0,"max_hp_gain":0.0,"max_hp_loss":0.0,"gold_gain":0.0,"event_name":"Golden Wing","player_choice":"Card Removal","floor":12.0,"gold_loss":0.0,"damage_taken":7.0},{"damage_healed":0.0,"max_hp_gain":0.0,"max_hp_loss":0.0,"gold_gain":0.0,"event_name":"Accursed Blacksmith","player_choice":"Forge","floor":19.0,"gold_loss":0.0,"damage_taken":0.0,"cards_upgraded":["Catalyst"]},{"damage_healed":0.0,"max_hp_gain":0.0,"max_hp_loss":0.0,"gold_gain":0.0,"event_name":"Ghosts","player_choice":"Ignored","floor":27.0,"gold_loss":0.0,"damage_taken":0.0},{"damage_healed":0.0,"max_hp_gain":0.0,"max_hp_loss":0.0,"gold_gain":100.0,"event_name":"Golden Shrine","player_choice":"Pray","floor":30.0,"gold_loss":0.0,"damage_taken":0.0},{"cards_removed":["Strike_G"],"damage_healed":0.0,"max_hp_gain":0.0,"max_hp_loss":0.0,"gold_gain":0.0,"event_name":"Designer","player_choice":"Upgrade and Remove","floor":31.0,"gold_loss":90.0,"damage_taken":0.0,"cards_upgraded":["Defend_G"]},{"damage_healed":0.0,"max_hp_gain":0.0,"max_hp_loss":0.0,"gold_gain":0.0,"event_name":"Winding Halls","player_choice":"Embrace Madness","floor":38.0,"gold_loss":0.0,"damage_taken":10.0,"cards_obtained":["Madness","Madness"]},{"damage_healed":0.0,"max_hp_gain":0.0,"max_hp_loss":0.0,"gold_gain":0.0,"event_name":"SensoryStone","player_choice":"Memory 1","floor":42.0,"gold_loss":0.0,"damage_taken":0.0},{"damage_healed":0.0,"max_hp_gain":0.0,"max_hp_loss":0.0,"gold_gain":0.0,"event_name":"Tomb of Lord Red Mask","player_choice":"Ignored","floor":48.0,"gold_loss":0.0,"damage_taken":0.0},{"damage_healed":0.0,"max_hp_gain":0.0,"max_hp_loss":0.0,"gold_gain":0.0,"event_name":"MindBloom","player_choice":"Fight","floor":49.0,"gold_loss":0.0,"damage_taken":0.0}],"is_beta":false,"boss_relics":[{"not_picked":["Empty Cage","Replay:Drink Me"],"picked":"SacredBark"},{"not_picked":["Busted Crown","Honey Jar"],"picked":"Calling Bell"}],"items_purged_floors":[3,11,36,53],"is_endless":false,"potions_floor_spawned":[2,10,16,23,25,29,33,35,37,39,40,44,46,49,54],"ascension_level":6}}