{"host":"zwuytn9vh5b8tdl7","time":1611810385,"event":{"mods":["AchievementEnabler","BaseMod","Colored Powertips","GifTheSpireLib","Minty Spire (QoL Compilation)","Rare Cards Sparkle","StSLib","The Animator"],"gold_per_floor":[130,159,67,67,242,242,255,322,373,388,416,416,491,518,518,518,518],"floor_reached":16,"language":"ENG","playtime":690,"items_purged":[],"score":100,"play_id":"16b5aa98-96e5-4ccd-b89c-f2c5be84bb16","local_time":"20210128000625","is_ascension_mode":false,"campfire_choices":[{"floor":6,"key":"REST"},{"floor":15,"key":"REST"}],"circlet_count":0,"master_deck":["animator:Strike_Fate","animator:Defend_Fate","animator:Strike","animator:Strike","animator:Strike","animator:Defend","animator:Defend","animator:Defend","animator:Alexander","animator:Rider","animator:ElricAlphonse","animator:RoryMercury","animator:QuestionMark","Doubt","animator:DolaSchwi","animator:Lancer","animator:MumenRider","animator:RinTohsaka","animator:EmiyaShirou"],"relics":["animator:LivingPicture","animator:TheMissingPiece","Juzu Bracelet","Strawberry","Toy Ornithopter"],"acts_visited":["Exordium"],"potions_floor_usage":[8,11,14],"damage_taken":[{"damage":8,"enemies":"Jaw Worm","floor":1,"turns":4},{"damage":0,"enemies":"Small Slimes","floor":2,"turns":3},{"damage":0,"enemies":"2 Louse","floor":7,"turns":2},{"damage":49,"enemies":"Lagavulin Event","floor":8,"turns":9},{"damage":0,"enemies":"Large Slime","floor":10,"turns":5},{"damage":27,"enemies":"Lagavulin","floor":11,"turns":6},{"damage":18,"enemies":"Gremlin Gang","floor":14,"turns":5},{"damage":31,"enemies":"Slime Boss","floor":16,"turns":8}],"seed_played":"8238716651631764064","potions_obtained":[{"floor":7,"key":"animator:GrowthPotion"},{"floor":8,"key":"SneckoOil"},{"floor":11,"key":"Strength Potion"}],"is_trial":false,"path_per_floor":["M","M","$","?","?","R","M","?","T","M","E","?","?","M","R","B"],"character_chosen":"THE_ANIMATOR","items_purchased":["animator:QuestionMark"],"campfire_rested":2,"item_purchase_floors":[3],"current_hp_per_floor":[64,64,64,64,64,72,72,23,30,30,4,30,19,6,30,0,0],"gold":518,"neow_bonus":"TEN_PERCENT_HP_BONUS","is_daily":false,"chose_seed":false,"campfire_upgraded":0,"win_rate":0.0,"timestamp":1611810385,"path_taken":["M","M","$","?","?","R","M","?","T","M","E","?","?","M","R","BOSS"],"items_purchased_type":["Card"],"build_version":"2020-12-22","purchased_purges":0,"victory":false,"max_hp_per_floor":[72,72,72,72,72,72,72,72,79,79,80,80,80,80,80,80,80],"card_choices":[{"not_picked":["animator:Tatsumaki","animator:Darkness"],"picked":"animator:ElricAlphonse","floor":1},{"not_picked":["animator:YunYun","animator:Jibril"],"picked":"animator:RoryMercury","floor":2},{"not_picked":["animator:YaoHaDucy","animator:Caster"],"picked":"animator:DolaSchwi","floor":7},{"not_picked":["animator:Assassin","animator:SakuraMatou"],"picked":"animator:Lancer","floor":8},{"not_picked":["animator:RoryMercury","animator:Gillette"],"picked":"animator:MumenRider","floor":10},{"not_picked":["animator:Guy","animator:ItamiYouji"],"picked":"animator:RinTohsaka","floor":11},{"not_picked":["animator:SilverFang","animator:Guy"],"picked":"animator:EmiyaShirou","floor":14}],"player_experience":341224,"relics_obtained":[{"floor":9,"key":"Strawberry"},{"floor":11,"key":"Toy Ornithopter"}],"event_choices":[{"damage_healed":0,"gold_gain":0,"player_choice":"Leave","damage_taken":0,"max_hp_gain":0,"max_hp_loss":0,"event_name":"The Cleric","floor":4,"gold_loss":0},{"damage_healed":0,"gold_gain":175,"player_choice":"AGREE","damage_taken":0,"max_hp_gain":0,"max_hp_loss":0,"event_name":"Liars Game","floor":5,"gold_loss":0,"cards_obtained":["Doubt"]},{"damage_healed":0,"gold_gain":0,"player_choice":"Searched \u00272\u0027 times","damage_taken":0,"relics_obtained":["Juzu Bracelet"],"max_hp_gain":0,"max_hp_loss":0,"event_name":"Dead Adventurer","floor":8,"gold_loss":0},{"damage_healed":26,"gold_gain":0,"player_choice":"Banana","damage_taken":0,"max_hp_gain":0,"max_hp_loss":0,"event_name":"Big Fish","floor":12,"gold_loss":0},{"damage_healed":0,"gold_gain":75,"player_choice":"Gather Gold","damage_taken":11,"max_hp_gain":0,"max_hp_loss":0,"event_name":"World of Goop","floor":13,"gold_loss":0}],"is_beta":false,"boss_relics":[],"items_purged_floors":[],"is_endless":false,"potions_floor_spawned":[7,8,11],"killed_by":"Slime Boss","ascension_level":0}}