{"host":"9ndbo4kgsfoemf7y","time":1611836985,"event":{"mods":["AchievementEnabler","BaseMod","Colored Map","DeckTracker","Keyboard Shortcuts","Minty Spire (QoL Compilation)","Permanent Neow","Quick Restart","Relic Stats","StSLib","SuperFastMode"],"gold_per_floor":[111,36,47,47,66,66,101,101,171,183,57,73,73,73,73,177,177,191,191,211,228,228,228],"floor_reached":22,"language":"KOR","playtime":628,"items_purged":["Decay","Strike_B"],"score":270,"play_id":"1039358b-6cc5-45af-872b-df653bc88d92","local_time":"20210128212945","is_ascension_mode":true,"campfire_choices":[{"data":"Zap","floor":6,"key":"SMITH"},{"floor":8,"key":"REST"},{"floor":13,"key":"REST"},{"data":"Beam Cell","floor":15,"key":"SMITH"}],"circlet_count":0,"master_deck":["Strike_B","Strike_B+1","Strike_B+1","Defend_B","Defend_B","Defend_B","Zap+1","Dualcast","Reboot","Defragment","Cold Snap","Sweeping Beam","Turbo","Beam Cell+1","Conserve Battery","Echo Form","Core Surge"],"relics":["Cracked Core","Ancient Tea Set","Mercury Hourglass","Busted Crown","NlothsMask"],"acts_visited":["Exordium","TheCity"],"potions_floor_usage":[7],"damage_taken":[{"damage":1,"enemies":"Cultist","floor":1,"turns":3},{"damage":10,"enemies":"Small Slimes","floor":3,"turns":3},{"damage":6,"enemies":"2 Louse","floor":5,"turns":2},{"damage":17,"enemies":"3 Sentries","floor":7,"turns":5},{"damage":0,"enemies":"Lots of Slimes","floor":10,"turns":2},{"damage":20,"enemies":"Gremlin Gang","floor":12,"turns":3},{"damage":28,"enemies":"Slime Boss","floor":16,"turns":7},{"damage":13,"enemies":"Spheric Guardian","floor":18,"turns":4},{"damage":20,"enemies":"Shell Parasite","floor":20,"turns":4},{"damage":11,"enemies":"Cultist and Chosen","floor":21,"turns":5},{"damage":19,"enemies":"Snake Plant","floor":22,"turns":2}],"seed_played":"2367492120018835715","potions_obtained":[{"floor":1,"key":"Swift Potion"},{"floor":5,"key":"SpeedPotion"},{"floor":12,"key":"EssenceOfSteel"},{"floor":21,"key":"LiquidBronze"}],"is_trial":false,"path_per_floor":["M","$","M","?","M","R","E","R","T","M","$","M","R","?","R","B",null,"M","?","M","M","M"],"character_chosen":"DEFECT","items_purchased":["Conserve Battery"],"campfire_rested":2,"item_purchase_floors":[11],"current_hp_per_floor":[67,67,57,42,36,36,19,41,41,41,41,21,43,36,36,8,58,45,45,25,14,0,0],"gold":228,"neow_bonus":"THREE_RARE_CARDS","is_daily":false,"chose_seed":false,"campfire_upgraded":2,"win_rate":0.0,"timestamp":1611836985,"path_taken":["M","?","M","?","M","R","E","R","T","M","$","M","R","?","R","BOSS","M","?","?","M","M"],"items_purchased_type":["Card"],"build_version":"2020-12-22","purchased_purges":2,"victory":false,"max_hp_per_floor":[75,75,75,75,75,75,75,75,75,75,75,75,75,75,75,75,75,75,75,75,75,75,75],"relic_stats":{"Busted Crown":6,"counters":[11,38],"obtain_stats":[{"Busted Crown":17,"Cracked Core":0,"Ancient Tea Set":7,"Mercury Hourglass":9,"NlothsMask":19},{"Busted Crown":7,"Cracked Core":0,"Ancient Tea Set":4,"Mercury Hourglass":4,"NlothsMask":8},{"Busted Crown":24,"Cracked Core":0,"Ancient Tea Set":13,"Mercury Hourglass":13,"NlothsMask":28}],"Mercury Hourglass":[118]},"card_choices":[{"not_picked":["Fission","Multi-Cast"],"picked":"Reboot","floor":0},{"not_picked":["Stack","Ball Lightning"],"picked":"Defragment","floor":1},{"not_picked":["Skim","Stack"],"picked":"Cold Snap","floor":3},{"not_picked":["Ball Lightning","Stack"],"picked":"Sweeping Beam","floor":5},{"not_picked":["Redo","Leap"],"picked":"Turbo","floor":7},{"not_picked":["Sweeping Beam","Streamline"],"picked":"Beam Cell","floor":10},{"not_picked":["Chill","Sweeping Beam"],"picked":"Echo Form","floor":12},{"not_picked":["Biased Cognition","Echo Form"],"picked":"Core Surge","floor":16},{"not_picked":["Compile Driver+1"],"picked":"SKIP","floor":18},{"not_picked":["Heatsinks"],"picked":"SKIP","floor":20},{"not_picked":["Stack"],"picked":"SKIP","floor":21}],"player_experience":850809,"relics_obtained":[{"floor":7,"key":"Ancient Tea Set"},{"floor":9,"key":"Mercury Hourglass"}],"event_choices":[{"damage_healed":0,"gold_gain":0,"player_choice":"Entered Light","damage_taken":15,"max_hp_gain":0,"max_hp_loss":0,"event_name":"Shining Light","floor":4,"gold_loss":0,"cards_upgraded":["Strike_B","Strike_B"]},{"cards_removed":["Defend_B"],"damage_healed":0,"gold_gain":0,"player_choice":"Card Removal","damage_taken":7,"max_hp_gain":0,"max_hp_loss":0,"event_name":"Golden Wing","floor":14,"gold_loss":0},{"damage_healed":0,"gold_gain":0,"player_choice":"Trade","damage_taken":0,"relics_obtained":["NlothsMask"],"max_hp_gain":0,"max_hp_loss":0,"event_name":"FaceTrader","floor":19,"gold_loss":0}],"is_beta":false,"boss_relics":[{"not_picked":["Runic Pyramid","Ectoplasm"],"picked":"Busted Crown"}],"items_purged_floors":[2,11],"is_endless":false,"potions_floor_spawned":[1,5,12,21],"killed_by":"Snake Plant","ascension_level":9}}