{"host":"o9xs51ubzug5n2pm","time":1611832492,"event":{"mods":["Arknights The Spire","Bard","BaseMod","Friendly Minions","GungeonMod","HololiveMod","Marisa£¨ìFÓê¡¡Ä§ÀíÉ³£©","Minty Spire (QoL Compilation)","RumiaBox-Â¶Ã×æ«µÄÉñÃØºÐ×Ó","Shop Mod","StSLib","The Bladedancer","The Construct","The Gatherer","Warlord Emblem","Yohane!","¡¾ÒÅÎï¿¨ÅÆ¡¿REMEMod"],"gold_per_floor":[64,74,84,84,99,99,127,127,150,169,169,184,222,234,234,384,384,403,465,483,496,57,74,87,11,83,83,83,95,95,95],"floor_reached":30,"language":"ZHS","playtime":1875,"items_purged":[],"score":263,"play_id":"89d2a019-d7ef-4c14-a948-1ed5432a85a6","local_time":"20210128191452","is_ascension_mode":false,"campfire_choices":[{"data":"DemoMod:StickyCrossBow","floor":6,"key":"SMITH"},{"floor":8,"key":"REST"},{"data":"DemoMod:SkilledReload","floor":11,"key":"SMITH"},{"floor":15,"key":"REST"},{"data":"DemoMod:ShadowBullets","floor":27,"key":"SMITH"}],"circlet_count":0,"master_deck":["DemoMod:Strike_Huntress","DemoMod:Strike_Huntress","DemoMod:Strike_Huntress","DemoMod:Defend_Huntress","DemoMod:Defend_Huntress","DemoMod:Defend_Huntress","DemoMod:Defend_Huntress","DemoMod:Roll","DemoMod:ManualReload","DemoMod:RustySidearm","DemoMod:CrossBow","construct:LongRangeLance","DemoMod:StickyCrossBow+1","DemoMod:ShadowBullets+1","DemoMod:ProbeStrike","DemoMod:DoubleSwitch","DemoMod:AbyssalTentacle","DemoMod:SkilledReload+1","DemoMod:AWP","DemoMod:TeaPot","DemoMod:Desperate","DemoMod:TripleGun","DemoMod:BattleInHaste+1","DemoMod:ChanceBullets","DemoMod:PotionOfGunFriendShip+1","DemoMod:FullFirepower"],"relics":["DemoMod:Dog","REME_ComplimentaryCards","DemoMod:GreenGuonStone","Bag of Preparation","construct:ClawGrip","DemoMod:PortableTableDevice","Pear","Centennial Puzzle","REME_LimitBreaker","Ice Cream"],"acts_visited":["Exordium","TheCity"],"potions_floor_usage":[16,16,24,30],"damage_taken":[{"damage":0,"enemies":"Small Slimes","floor":1,"turns":3},{"damage":15,"enemies":"Cultist","floor":2,"turns":4},{"damage":6,"enemies":"2 Louse","floor":3,"turns":2},{"damage":0,"enemies":"Large Slime","floor":5,"turns":3},{"damage":37,"enemies":"Gremlin Nob","floor":7,"turns":6},{"damage":2,"enemies":"Exordium Wildlife","floor":10,"turns":3},{"damage":6,"enemies":"Red Slaver","floor":12,"turns":3},{"damage":9,"enemies":"Exordium Thugs","floor":13,"turns":6},{"damage":3,"enemies":"Blue Slaver","floor":14,"turns":4},{"damage":19,"enemies":"Hexaghost","floor":16,"turns":8},{"damage":19,"enemies":"Shell Parasite","floor":18,"turns":6},{"damage":15,"enemies":"Chosen","floor":20,"turns":5},{"damage":12,"enemies":"Snecko","floor":21,"turns":3},{"damage":3,"enemies":"Centurion and Healer","floor":23,"turns":5},{"damage":1,"enemies":"Snake Plant","floor":24,"turns":4},{"damage":34,"enemies":"Shelled Parasite and Fungi","floor":29,"turns":5},{"damage":45,"enemies":"Sentry and Sphere","floor":30,"turns":5}],"seed_played":"-2510086301212306528","potions_obtained":[{"floor":3,"key":"SmokeBomb"},{"floor":4,"key":"Block Potion"},{"floor":4,"key":"BlessingOfTheForge"},{"floor":12,"key":"Energy Potion"},{"floor":18,"key":"DemoMod:LeadSkinPotion"},{"floor":20,"key":"BlessingOfTheForge"},{"floor":29,"key":"SkillPotion"}],"is_trial":false,"path_per_floor":["M","M","M","?","M","R","E","R","T","M","R","M","M","M","R","B",null,"M","?","M","M","$","M","M","$","T","R","?","M","M"],"character_chosen":"HUNTRESS","items_purchased":["DemoMod:PortableTableDevice","DemoMod:ChanceBullets","Pear","DemoMod:FullFirepower"],"campfire_rested":2,"item_purchase_floors":[22,22,22,25],"current_hp_per_floor":[84,69,63,63,63,63,26,51,51,49,49,43,34,31,56,43,84,71,71,66,54,64,61,60,60,60,60,60,26,0,0],"gold":95,"neow_bonus":"TWENTY_PERCENT_HP_BONUS","is_daily":false,"chose_seed":false,"campfire_upgraded":3,"win_rate":0.0,"timestamp":1611832492,"path_taken":["M","M","M","?","M","R","E","R","T","?","R","M","?","M","R","BOSS","M","?","M","M","$","M","M","$","T","R","?","M","M"],"items_purchased_type":["Relic","Card","Relic","Card"],"build_version":"2020-12-22","purchased_purges":0,"victory":false,"max_hp_per_floor":[84,84,84,84,84,84,84,84,84,84,84,84,84,84,84,84,84,84,79,79,79,89,89,89,89,89,89,89,89,89,89],"card_choices":[{"not_picked":["DemoMod:HardPowerCard","DemoMod:FastSwitch"],"picked":"DemoMod:StickyCrossBow","floor":1},{"not_picked":["DemoMod:JK47","DemoMod:DirectionalPad"],"picked":"DemoMod:ShadowBullets","floor":2},{"not_picked":["DemoMod:DirectionalPad","DemoMod:BoxingGlove"],"picked":"DemoMod:ProbeStrike","floor":3},{"not_picked":["DemoMod:ChanceBullets","DemoMod:Purify"],"picked":"DemoMod:DoubleSwitch","floor":5},{"not_picked":["DemoMod:GunShield","DemoMod:MachoBrace"],"picked":"DemoMod:AbyssalTentacle","floor":7},{"not_picked":["DemoMod:GunShield","DemoMod:FastSwitch"],"picked":"DemoMod:SkilledReload","floor":10},{"not_picked":["DemoMod:HungryBullets","DemoMod:ConditionalReflex"],"picked":"DemoMod:AWP","floor":12},{"not_picked":["DemoMod:MegaHand","DemoMod:FortunesFavor","DemoMod:Unmoved"],"picked":"SKIP","floor":13},{"not_picked":["DemoMod:BoxingGlove","DemoMod:PracticeMakesPerfect"],"picked":"DemoMod:TeaPot","floor":14},{"not_picked":["DemoMod:Slinger","DemoMod:BlackHoleGun"],"picked":"DemoMod:Desperate","floor":16},{"not_picked":["DemoMod:HungryBullets","DemoMod:HardPowerCard"],"picked":"DemoMod:TripleGun","floor":18},{"not_picked":["DemoMod:DirectionalPad","DemoMod:BattleInHaste","DemoMod:JK47"],"picked":"SKIP","floor":20},{"not_picked":["DemoMod:MachoBrace+1","DemoMod:TeaPot"],"picked":"DemoMod:BattleInHaste+1","floor":21},{"not_picked":["DemoMod:FeignSurrender","DemoMod:GunstockTap+1"],"picked":"DemoMod:PotionOfGunFriendShip+1","floor":23},{"not_picked":["DemoMod:TripleGun","DemoMod:DoubleSwitch+1","DemoMod:BoxingGlove"],"picked":"SKIP","floor":24},{"not_picked":["DemoMod:Ejector+1","DemoMod:GunShield","DemoMod:MegaHand+1"],"picked":"SKIP","floor":29}],"player_experience":224440,"relics_obtained":[{"floor":7,"key":"DemoMod:GreenGuonStone"},{"floor":9,"key":"Bag of Preparation"},{"floor":23,"key":"Centennial Puzzle"},{"floor":26,"key":"REME_LimitBreaker"}],"event_choices":[{"damage_healed":0,"gold_gain":0,"player_choice":"Got Potions","damage_taken":0,"max_hp_gain":0,"max_hp_loss":0,"event_name":"Lab","floor":4,"gold_loss":0},{"damage_healed":0,"gold_gain":0,"player_choice":"Opened","damage_taken":0,"relics_obtained":["Ice Cream"],"max_hp_gain":0,"max_hp_loss":0,"event_name":"The Mausoleum","floor":28,"gold_loss":0}],"is_beta":false,"boss_relics":[{"not_picked":["Philosopher\u0027s Stone","DemoMod:ElasticCartridgeClip"],"picked":"construct:ClawGrip"}],"items_purged_floors":[],"is_endless":false,"potions_floor_spawned":[3,12,14,18,20,29],"killed_by":"Sentry and Sphere","ascension_level":0}}