{"host":"yn1175etg9ni8l0q","time":1611822616,"event":{"mods":["AchievementEnabler","BaseMod","Colored Map","Colored Powertips","DeckTracker","Minty Spire (QoL Compilation)","Rare Cards Sparkle","Relic Stats","SuperFastMode","everything is the same but u backflip on backflip"],"gold_per_floor":[110,110,60,70,70,70,84,98,123,123,143,68,68,78,78,183,233,244,259,271,282,182,182,182,9,81,81,6,19,37,54,54,154,154,166,178,6,19,30,30,63,73,73,73,73,107,107,141,141,141,141,141,53,80,80],"floor_reached":56,"language":"KOR","playtime":1948,"items_purged":["Defend_G","Decay","Strike_G","Strike_G"],"score":1456,"play_id":"683accb6-1f0e-42f3-8f9d-9d35b863ad9f","local_time":"20210128173016","is_ascension_mode":false,"campfire_choices":[{"floor":6.0,"key":"REST"},{"data":"Calculated Gamble","floor":10.0,"key":"SMITH"},{"data":"Tactician","floor":15.0,"key":"SMITH"},{"data":"Grand Finale","floor":23.0,"key":"SMITH"},{"data":"Venomology","floor":32.0,"key":"SMITH"},{"data":"Well Laid Plans","floor":40.0,"key":"SMITH"},{"data":"Grand Finale","floor":45.0,"key":"SMITH"},{"data":"Malaise","floor":47.0,"key":"SMITH"},{"floor":49.0,"key":"RECALL"},{"data":"Finesse","floor":52.0,"key":"SMITH"}],"circlet_count":0,"master_deck":["Defend_G+1","Survivor","Neutralize+1","Predator+1","Grand Finale+1","Backflip","Calculated Gamble+1","Tactician+1","Venomology+1","Dagger Throw+1","Reflex","Finisher+1","Acrobatics","Grand Finale+1","Prepared","Well Laid Plans+1","Flash of Steel","Finesse+1","Malaise+1","Finesse"],"relics":["Ring of the Snake","Bag of Preparation","Tiny House","Singing Bowl","HoveringKite","Whetstone","PreservedInsect","Gambling Chip","Lantern"],"acts_visited":["Exordium","TheCity","TheBeyond","TheEnding"],"potions_floor_usage":[55,55,55,55,55],"damage_taken":[{"damage":0.0,"enemies":"2 Louse","floor":1.0,"turns":2.0},{"damage":0.0,"enemies":"Cultist","floor":4.0,"turns":2.0},{"damage":6.0,"enemies":"Jaw Worm","floor":7.0,"turns":3.0},{"damage":0.0,"enemies":"Large Slime","floor":8.0,"turns":3.0},{"damage":3.0,"enemies":"Lots of Slimes","floor":11.0,"turns":3.0},{"damage":0.0,"enemies":"Looter","floor":14.0,"turns":1.0},{"damage":35.0,"enemies":"The Guardian","floor":16.0,"turns":16.0},{"damage":0.0,"enemies":"Chosen","floor":18.0,"turns":2.0},{"damage":0.0,"enemies":"Spheric Guardian","floor":19.0,"turns":2.0},{"damage":22.0,"enemies":"3 Cultists","floor":20.0,"turns":4.0},{"damage":0.0,"enemies":"Chosen and Byrds","floor":21.0,"turns":3.0},{"damage":0.0,"enemies":"Shelled Parasite and Fungi","floor":29.0,"turns":1.0},{"damage":0.0,"enemies":"Cultist and Chosen","floor":30.0,"turns":1.0},{"damage":0.0,"enemies":"Snake Plant","floor":31.0,"turns":1.0},{"damage":0.0,"enemies":"Automaton","floor":33.0,"turns":5.0},{"damage":0.0,"enemies":"3 Darklings","floor":35.0,"turns":1.0},{"damage":0.0,"enemies":"3 Shapes","floor":36.0,"turns":1.0},{"damage":0.0,"enemies":"Spire Growth","floor":38.0,"turns":1.0},{"damage":0.0,"enemies":"Writhing Mass","floor":39.0,"turns":2.0},{"damage":4.0,"enemies":"Giant Head","floor":41.0,"turns":3.0},{"damage":0.0,"enemies":"Sphere and 2 Shapes","floor":42.0,"turns":1.0},{"damage":0.0,"enemies":"Reptomancer","floor":46.0,"turns":1.0},{"damage":0.0,"enemies":"Nemesis","floor":48.0,"turns":1.0},{"damage":0.0,"enemies":"Awakened One","floor":50.0,"turns":3.0},{"damage":0.0,"enemies":"Shield and Spear","floor":54.0,"turns":1.0},{"damage":63,"enemies":"The Heart","floor":55,"turns":6}],"seed_played":"9066755355692958864","potions_obtained":[{"floor":11.0,"key":"FairyPotion"},{"floor":14.0,"key":"FairyPotion"},{"floor":16.0,"key":"GamblersBrew"},{"floor":29.0,"key":"Explosive Potion"}],"is_trial":false,"path_per_floor":["M","?","$","M","?","R","M","M","T","R","M","$","?","M","R","B",null,"M","M","M","M","$","R","?","$","T","?","?","M","M","M","R","B",null,"M","M","$","M","M","R","E","M","T","?","R","E","R","E","R","B",null,"R","$","E","B",null],"character_chosen":"THE_SILENT","items_purchased":["Backflip","Acrobatics","Prepared","Finesse"],"campfire_rested":1,"item_purchase_floors":[3,25,37,53],"current_hp_per_floor":[49,49,49,49,35,56,50,50,50,50,47,47,47,47,47,12,75,75,75,53,53,53,53,53,53,53,53,53,55,57,59,59,59,81,83,85,85,85,87,87,85,87,87,79,79,79,79,81,81,81,95,95,95,97,46],"gold":80,"neow_bonus":"TRANSFORM_TWO_CARDS","is_daily":false,"chose_seed":false,"campfire_upgraded":8,"win_rate":0.0,"timestamp":1611822616,"path_taken":["M","?","?","M","?","R","M","M","T","R","?","$","?","M","R","BOSS","M","?","M","M","$","R","?","?","T","?","?","M","?","M","R","BOSS","M","M","$","M","M","R","E","M","T","?","R","E","R","E","R","BOSS","R","$","E","BOSS"],"items_purchased_type":["Card","Card","Card","Card"],"build_version":"2020-12-22","purchased_purges":4,"victory":true,"max_hp_per_floor":[70,70,70,70,70,70,70,70,70,70,70,70,70,70,70,70,75,75,75,75,75,75,75,75,75,75,75,75,77,79,81,81,81,81,83,85,85,85,87,87,89,91,91,93,93,93,93,95,95,95,95,95,95,97,97],"relic_stats":{"Singing Bowl":22,"counters":[26,70],"Gambling Chip":[15],"HoveringKite":[21],"PreservedInsect":115,"Bag of Preparation":[44],"Whetstone":["Dagger Throw","Finisher"],"obtain_stats":[{"Lantern":54,"Tiny House":17,"Singing Bowl":26,"Gambling Chip":48,"HoveringKite":34,"PreservedInsect":46,"Bag of Preparation":9,"Whetstone":41,"Ring of the Snake":0},{"Lantern":25,"Tiny House":7,"Singing Bowl":11,"Gambling Chip":23,"HoveringKite":15,"PreservedInsect":22,"Bag of Preparation":4,"Whetstone":20,"Ring of the Snake":0},{"Lantern":64,"Tiny House":30,"Singing Bowl":41,"Gambling Chip":60,"HoveringKite":49,"PreservedInsect":59,"Bag of Preparation":10,"Whetstone":57,"Ring of the Snake":0}],"Ring of the Snake":[52]},"card_choices":[{"not_picked":["Slice","Expertise","Underhanded Strike"],"picked":"SKIP","floor":1.0},{"not_picked":["Outmaneuver","Dash","Poisoned Stab"],"picked":"SKIP","floor":4.0},{"not_picked":["Bane","Infinite Blades"],"picked":"Calculated Gamble","floor":7.0},{"not_picked":["Sucker Punch","Deadly Poison","Distraction"],"picked":"SKIP","floor":8.0},{"not_picked":["Dagger Spray","Concentrate","Cloak And Dagger"],"picked":"SKIP","floor":11.0},{"not_picked":["Dodge and Roll","Terror"],"picked":"Tactician","floor":14.0},{"not_picked":["Corpse Explosion","Doppelganger"],"picked":"Venomology","floor":16.0},{"not_picked":["Backflip","Skewer"],"picked":"Dagger Throw","floor":18.0},{"not_picked":["Concentrate","Backflip+1","Bane"],"picked":"SKIP","floor":19.0},{"not_picked":["Flying Knee","PiercingWail","Dash"],"picked":"SKIP","floor":20.0},{"not_picked":["Deadly Poison","Doppelganger","Backflip"],"picked":"SKIP","floor":21.0},{"not_picked":["Dagger Throw","Deadly Poison","Dagger Spray+1"],"picked":"Singing Bowl","floor":29.0},{"not_picked":["Masterful Stab+1","Poisoned Stab+1","Accuracy"],"picked":"Singing Bowl","floor":30.0},{"not_picked":["Bane","Crippling Poison","Blade Dance"],"picked":"Singing Bowl","floor":31.0},{"not_picked":["Adrenaline","Malaise"],"picked":"Grand Finale","floor":33.0},{"not_picked":["Blur","Underhanded Strike","PiercingWail"],"picked":"Singing Bowl","floor":35.0},{"not_picked":["Outmaneuver","Dagger Throw","Leg Sweep"],"picked":"Singing Bowl","floor":36.0},{"not_picked":["Dagger Spray+1","Underhanded Strike"],"picked":"Well Laid Plans","floor":38.0},{"not_picked":["Blade Dance","Dodge and Roll+1","Doppelganger"],"picked":"Singing Bowl","floor":39.0},{"not_picked":["Underhanded Strike","Terror","Crippling Poison+1"],"picked":"Singing Bowl","floor":41.0},{"not_picked":["Poisoned Stab+1","Dagger Spray+1","Caltrops+1"],"picked":"Singing Bowl","floor":42.0},{"not_picked":["Metamorphosis","Bandage Up"],"picked":"Flash of Steel","floor":44.0},{"not_picked":["Purity","Enlightenment"],"picked":"Finesse","floor":44.0},{"not_picked":["Chrysalis","Jack Of All Trades","Trip"],"picked":"Singing Bowl","floor":44.0},{"not_picked":["Skewer","Slice"],"picked":"Malaise","floor":46.0},{"not_picked":["Dagger Throw+1","Dash","Dagger Spray"],"picked":"Singing Bowl","floor":48.0},{"not_picked":["Poisoned Stab","Caltrops+1","Cloak And Dagger"],"picked":"Singing Bowl","floor":54.0}],"player_experience":351827,"relics_obtained":[{"floor":9.0,"key":"Bag of Preparation"},{"floor":26.0,"key":"Singing Bowl"},{"floor":41.0,"key":"Whetstone"},{"floor":46.0,"key":"PreservedInsect"},{"floor":48.0,"key":"Gambling Chip"},{"floor":54.0,"key":"Lantern"}],"event_choices":[{"cards_removed":["Strike_G"],"damage_healed":0.0,"max_hp_gain":0.0,"max_hp_loss":0.0,"gold_gain":0.0,"event_name":"Purifier","player_choice":"Purged","floor":2.0,"gold_loss":0.0,"damage_taken":0.0},{"damage_healed":0.0,"max_hp_gain":0.0,"max_hp_loss":0.0,"gold_gain":0.0,"event_name":"Shining Light","player_choice":"Entered Light","floor":5.0,"gold_loss":0.0,"damage_taken":14.0,"cards_upgraded":["Neutralize","Defend_G"]},{"damage_healed":0.0,"max_hp_gain":0.0,"max_hp_loss":0.0,"gold_gain":0.0,"event_name":"Wheel of Change","player_choice":"Cursed","floor":13.0,"gold_loss":0.0,"damage_taken":0.0,"cards_obtained":["Decay"]},{"damage_healed":0.0,"max_hp_gain":0.0,"max_hp_loss":0.0,"gold_gain":0.0,"cards_transformed":["Strike_G","Defend_G"],"event_name":"Drug Dealer","player_choice":"Became Test Subject","floor":24.0,"gold_loss":0.0,"damage_taken":0.0,"cards_obtained":["Reflex","Finisher"]},{"damage_healed":0.0,"max_hp_gain":0.0,"max_hp_loss":0.0,"gold_gain":0.0,"event_name":"Ghosts","player_choice":"Ignored","floor":27.0,"gold_loss":0.0,"damage_taken":0.0},{"cards_removed":["Defend_G"],"damage_healed":0.0,"max_hp_gain":0.0,"max_hp_loss":0.0,"gold_gain":0.0,"event_name":"Beggar","player_choice":"Gave Gold","floor":28.0,"gold_loss":75.0,"damage_taken":0.0},{"damage_healed":0.0,"max_hp_gain":0.0,"max_hp_loss":0.0,"gold_gain":0.0,"event_name":"SensoryStone","player_choice":"Memory 3","floor":44.0,"gold_loss":0.0,"damage_taken":10.0}],"is_beta":false,"boss_relics":[{"not_picked":["Coffee Dripper","Busted Crown"],"picked":"Tiny House"},{"not_picked":["SacredBark","Velvet Choker"],"picked":"HoveringKite"}],"items_purged_floors":[12,22,25,37],"is_endless":false,"potions_floor_spawned":[11,14,16,18,29,31,33,38,46,48],"ascension_level":0}}