{"host":"j4g6ia6asvpyu2b0","time":1611795256,"event":{"mods":["BaseMod","Colored Map","Minty Spire (QoL Compilation)","Permanent Neow","Quick Restart","Relic Stats","StSLib","Unceasing Turn Reminder"],"gold_per_floor":[115,115,134,145,145,174,189,224,224,235,99,125,125,159,159,258,258,271,288,288,308,328,328,328,358,358,358,386,162,178,211,211,313,313,323,323,373,391,406,437,437,463,488,521,560,607,619,643,655,667,679,691,3,36,36],"floor_reached":56,"language":"ENG","playtime":6968,"items_purged":["Zap"],"score":1704,"play_id":"dc6201e0-0bfb-4b67-b714-e632017919f7","local_time":"20210127175416","is_ascension_mode":true,"campfire_choices":[{"data":"Amplify","floor":13.0,"key":"SMITH"},{"data":"Defragment","floor":15,"key":"SMITH"},{"floor":23,"key":"DIG"},{"floor":27,"key":"DIG"},{"floor":32,"key":"DIG"},{"floor":49,"key":"RECALL"},{"floor":52,"key":"DIG"}],"circlet_count":0,"master_deck":["Dualcast","Defragment+1","Rebound","Doom and Gloom","White Noise","Amplify+1","Stack","Conserve Battery","Electrodynamics+1","Cold Snap","Leap","BootSequence","Redo","Glacier","Genetic Algorithm","Tempest","Creative AI","Compile Driver","Seek","Fission+1","Compile Driver","Chill+1","Undo","Reboot","Loop","Ball Lightning","Capacitor+1","Fission+1","Rainbow","Echo Form+1","Capacitor+1","Ball Lightning+1","Doom and Gloom+1","Conserve Battery+1","Hologram+1","Mind Blast+1","Sweeping Beam+1","Chill+1","Consume","Coolheaded+1","Apotheosis","Core Surge+1","Loop+1","White Noise","Blizzard+1","Echo Form+1"],"relics":["Pandora\u0027s Box","Happy Flower","Pocketwatch","WingedGreaves","Shovel","Pen Nib","Coffee Dripper","Lizard Tail","Nilry\u0027s Codex","Potion Belt","Frozen Egg 2","Girya","Bottled Lightning","DollysMirror","Molten Egg 2","Question Card","Fusion Hammer","Torii","Bottled Tornado","Pear","MawBank","Smiling Mask","Dream Catcher","Cables","Bag of Preparation","Boot"],"acts_visited":["Exordium","TheCity","TheBeyond","TheEnding"],"potions_floor_usage":[16,18,48,50,55,55,55,55,55,55,55,55],"damage_taken":[{"damage":13.0,"enemies":"Small Slimes","floor":1.0,"turns":4.0},{"damage":2.0,"enemies":"Jaw Worm","floor":3.0,"turns":3.0},{"damage":0.0,"enemies":"Cultist","floor":4.0,"turns":3.0},{"damage":3.0,"enemies":"3 Sentries","floor":6.0,"turns":3.0},{"damage":1.0,"enemies":"Large Slime","floor":7.0,"turns":4.0},{"damage":16.0,"enemies":"Gremlin Nob","floor":8.0,"turns":3.0},{"damage":7.0,"enemies":"Gremlin Gang","floor":10.0,"turns":3.0},{"damage":11.0,"enemies":"Lagavulin","floor":12.0,"turns":5.0},{"damage":17,"enemies":"Gremlin Nob","floor":14,"turns":3},{"damage":2,"enemies":"Hexaghost","floor":16,"turns":8},{"damage":1,"enemies":"2 Thieves","floor":18,"turns":2},{"damage":0,"enemies":"Shell Parasite","floor":19,"turns":4},{"damage":0,"enemies":"Chosen and Byrds","floor":21,"turns":4},{"damage":2,"enemies":"Cultist and Chosen","floor":22,"turns":6},{"damage":18,"enemies":"Gremlin Leader","floor":25,"turns":5},{"damage":8,"enemies":"Book of Stabbing","floor":28,"turns":6},{"damage":9,"enemies":"Centurion and Healer","floor":30,"turns":4},{"damage":0,"enemies":"Slavers","floor":31,"turns":3},{"damage":10,"enemies":"Collector","floor":33,"turns":7},{"damage":0,"enemies":"3 Shapes","floor":35,"turns":3},{"damage":0,"enemies":"Mind Bloom Boss Battle","floor":37,"turns":2},{"damage":0,"enemies":"Orb Walker","floor":38,"turns":3},{"damage":1,"enemies":"Sphere and 2 Shapes","floor":39,"turns":4},{"damage":17,"enemies":"Reptomancer","floor":40,"turns":4},{"damage":0,"enemies":"Giant Head","floor":42,"turns":7},{"damage":13,"enemies":"Reptomancer","floor":44,"turns":4},{"damage":0,"enemies":"Giant Head","floor":46,"turns":4},{"damage":6,"enemies":"Transient","floor":48,"turns":5},{"damage":42,"enemies":"Awakened One","floor":50,"turns":14},{"damage":0,"enemies":"Shield and Spear","floor":54,"turns":5},{"damage":20,"enemies":"The Heart","floor":55,"turns":7}],"seed_played":"4330235355852168900","potions_obtained":[{"floor":1.0,"key":"EntropicBrew"},{"floor":5.0,"key":"AttackPotion"},{"floor":5.0,"key":"Swift Potion"},{"floor":10.0,"key":"Regen Potion"},{"floor":14,"key":"Fire Potion"},{"floor":16,"key":"SneckoOil"},{"floor":21,"key":"SpeedPotion"},{"floor":22,"key":"Fire Potion"},{"floor":25,"key":"Fire Potion"},{"floor":31,"key":"PotionOfCapacity"},{"floor":33,"key":"Ancient Potion"},{"floor":44,"key":"LiquidMemories"},{"floor":48,"key":"DuplicationPotion"},{"floor":54,"key":"ColorlessPotion"}],"is_trial":false,"path_per_floor":["M","?","M","M","?","E","M","E","T","M","$","E","R","E","R","B",null,"M","M","?","M","M","R","?","E","T","R","E","$","M","E","R","B",null,"M","?","?","M","M","E","?","E","T","E","T","E","$","M","R","B",null,"R","$","E","B",null],"character_chosen":"DEFECT","items_purchased":["Creative AI","Capacitor+1","DollysMirror","Apotheosis","Bag of Preparation","Core Surge+1","Loop+1","White Noise","Blizzard+1"],"campfire_rested":0,"item_purchase_floors":[11,29,29,53,53,53,53,53,53],"current_hp_per_floor":[62,62,60,60,60,57,56,40,40,33,33,22,22,5,5,18,75,74,74,74,74,72,72,56,38,38,38,30,30,21,21,21,11,75,75,71,71,71,70,53,53,63,63,50,50,50,50,44,44,2,81,81,81,81,61],"gold":36,"neow_bonus":"BOSS_RELIC","is_daily":false,"chose_seed":false,"campfire_upgraded":2,"win_rate":0.0,"timestamp":1611795256,"path_taken":["M","?","M","M","?","E","M","E","T","?","$","E","R","E","R","BOSS","M","M","?","M","?","R","?","E","T","R","E","$","M","E","R","BOSS","M","?","?","?","M","E","?","E","T","E","?","E","$","M","R","BOSS","R","$","E","BOSS"],"items_purchased_type":["Card","Card","Relic","Card","Relic","Card","Card","Card","Card"],"build_version":"2020-12-22","purchased_purges":1,"victory":true,"max_hp_per_floor":[75,75,75,75,75,75,75,75,75,75,75,75,75,75,75,75,75,75,75,75,75,75,75,75,75,75,75,75,75,75,75,75,75,75,75,71,71,71,71,71,71,81,81,81,81,81,81,81,81,81,81,81,81,81,81],"relic_stats":{"Happy Flower":[43],"Torii":15,"counters":[31,141],"Pen Nib":[13],"Bag of Preparation":[4],"Question Card":12,"MawBank":108,"Smiling Mask":25,"Boot":[0],"Cables":[8,6,2,0,0],"Lizard Tail":0,"Dream Catcher":0,"Shovel":4,"Pandora\u0027s Box":["Defragment","Rebound","Doom and Gloom","White Noise","Amplify","Stack","Conserve Battery","Electrodynamics"],"obtain_stats":[{"Torii":37,"Nilry\u0027s Codex":24,"Bag of Preparation":53,"Bottled Tornado":40,"Smiling Mask":45,"Boot":54,"Lizard Tail":23,"Dream Catcher":46,"Shovel":12,"DollysMirror":29,"WingedGreaves":9,"Fusion Hammer":34,"Cracked Core":0,"Potion Belt":25,"Girya":27,"Pear":42,"Happy Flower":6,"Pen Nib":14,"Frozen Egg 2":26,"Question Card":32,"MawBank":44,"Cables":52,"Pandora\u0027s Box":0,"Molten Egg 2":31,"Coffee Dripper":17,"Bottled Lightning":28,"Pocketwatch":8},{"Torii":21,"Nilry\u0027s Codex":14,"Bag of Preparation":29,"Bottled Tornado":24,"Smiling Mask":26,"Boot":30,"Lizard Tail":14,"Dream Catcher":27,"Shovel":8,"DollysMirror":16,"WingedGreaves":6,"Fusion Hammer":19,"Cracked Core":0,"Potion Belt":15,"Girya":15,"Pear":25,"Happy Flower":4,"Pen Nib":9,"Frozen Egg 2":15,"Question Card":18,"MawBank":26,"Cables":29,"Pandora\u0027s Box":0,"Molten Egg 2":18,"Coffee Dripper":10,"Bottled Lightning":16,"Pocketwatch":6},{"Torii":85,"Nilry\u0027s Codex":55,"Bag of Preparation":129,"Bottled Tornado":96,"Smiling Mask":107,"Boot":134,"Lizard Tail":55,"Dream Catcher":111,"Shovel":28,"DollysMirror":66,"WingedGreaves":20,"Fusion Hammer":80,"Cracked Core":0,"Potion Belt":60,"Girya":60,"Pear":103,"Happy Flower":13,"Pen Nib":31,"Frozen Egg 2":60,"Question Card":73,"MawBank":107,"Cables":129,"Pandora\u0027s Box":0,"Molten Egg 2":73,"Coffee Dripper":39,"Bottled Lightning":66,"Pocketwatch":20}],"Pocketwatch":[83]},"card_choices":[{"not_picked":["Reprogram","Beam Cell"],"picked":"Cold Snap","floor":1.0},{"not_picked":["Sweeping Beam","Stack"],"picked":"Leap","floor":3.0},{"not_picked":["Rip and Tear","Hologram"],"picked":"BootSequence","floor":4.0},{"not_picked":["Scrape","Rip and Tear"],"picked":"Redo","floor":6.0},{"not_picked":["Redo","Cold Snap"],"picked":"Glacier","floor":7.0},{"not_picked":["Force Field","Hello World"],"picked":"Genetic Algorithm","floor":8.0},{"not_picked":["Stack","Redo"],"picked":"Tempest","floor":10.0},{"not_picked":["Hologram","Beam Cell"],"picked":"Compile Driver","floor":12.0},{"not_picked":["Hologram","Rip and Tear"],"picked":"Seek","floor":14},{"not_picked":["Meteor Strike","Thunder Strike"],"picked":"Fission","floor":16},{"not_picked":["Darkness","Barrage+1"],"picked":"Compile Driver","floor":18},{"not_picked":["Force Field+1","Streamline+1"],"picked":"Chill+1","floor":19},{"not_picked":["Go for the Eyes+1","Hologram"],"picked":"Undo","floor":21},{"not_picked":["Turbo","Go for the Eyes"],"picked":"Reboot","floor":22},{"not_picked":["Beam Cell+1","Leap+1"],"picked":"Loop","floor":25},{"not_picked":["Scrape","Steam Power+1"],"picked":"Ball Lightning","floor":28},{"not_picked":["Recycle","Steam","Genetic Algorithm"],"picked":"SKIP","floor":30},{"not_picked":["Hyperbeam+1","Sunder+1"],"picked":"Rainbow","floor":31},{"not_picked":["Core Surge+1","Reboot","Buffer+1"],"picked":"Echo Form+1","floor":33},{"not_picked":["BootSequence+1","Undo","Darkness"],"picked":"Capacitor+1","floor":35},{"not_picked":["Redo","Force Field","Rip and Tear+1"],"picked":"Ball Lightning+1","floor":37},{"not_picked":["BootSequence","Stack+1","Chill"],"picked":"Doom and Gloom+1","floor":38},{"not_picked":["Streamline+1","Beam Cell+1","Genetic Algorithm+1"],"picked":"Conserve Battery+1","floor":39},{"not_picked":["Rebound+1","Sweeping Beam+1","Auto Shields+1"],"picked":"Hologram+1","floor":40},{"not_picked":["Panacea","Bandage Up","Madness"],"picked":"Mind Blast+1","floor":41},{"not_picked":["Stack","Reinforced Body","Gash+1"],"picked":"Sweeping Beam+1","floor":42},{"not_picked":["Barrage+1","Gash+1","Coolheaded"],"picked":"Chill+1","floor":44},{"not_picked":["Static Discharge+1","Core Surge+1","Loop+1"],"picked":"Consume","floor":46},{"not_picked":["Steam+1","Stack","Redo"],"picked":"Coolheaded+1","floor":48},{"not_picked":["Redo","Streamline+1","Recycle"],"picked":"Echo Form+1","floor":54}],"player_experience":1043287,"relics_obtained":[{"floor":6.0,"key":"Happy Flower"},{"floor":8.0,"key":"Pocketwatch"},{"floor":9.0,"key":"WingedGreaves"},{"floor":12.0,"key":"Shovel"},{"floor":14,"key":"Pen Nib"},{"floor":23,"key":"Lizard Tail"},{"floor":24,"key":"Nilry\u0027s Codex"},{"floor":25,"key":"Potion Belt"},{"floor":26,"key":"Frozen Egg 2"},{"floor":27,"key":"Girya"},{"floor":28,"key":"Bottled Lightning"},{"floor":31,"key":"Molten Egg 2"},{"floor":32,"key":"Question Card"},{"floor":37,"key":"Torii"},{"floor":40,"key":"Bottled Tornado"},{"floor":42,"key":"Pear"},{"floor":44,"key":"MawBank"},{"floor":45,"key":"Smiling Mask"},{"floor":46,"key":"Dream Catcher"},{"floor":52,"key":"Cables"},{"floor":54,"key":"Boot"}],"event_choices":[{"damage_healed":0.0,"max_hp_gain":0.0,"max_hp_loss":0.0,"gold_gain":0.0,"event_name":"Living Wall","player_choice":"Grow","floor":2.0,"gold_loss":0.0,"damage_taken":0.0,"cards_upgraded":["Electrodynamics"]},{"damage_healed":0.0,"max_hp_gain":0.0,"max_hp_loss":0.0,"gold_gain":0.0,"event_name":"Lab","player_choice":"Got Potions","floor":5.0,"gold_loss":0.0,"damage_taken":0.0},{"damage_healed":0,"gold_gain":0,"player_choice":"Upgraded","damage_taken":0,"max_hp_gain":0,"max_hp_loss":0,"event_name":"Upgrade Shrine","floor":20,"gold_loss":0,"cards_upgraded":["Fission"]},{"damage_healed":0,"gold_gain":0,"player_choice":"Obtained Book","damage_taken":16,"max_hp_gain":0,"max_hp_loss":0,"event_name":"Cursed Tome","floor":24,"gold_loss":0},{"damage_healed":0,"gold_gain":0,"player_choice":"Max HP","damage_taken":0,"max_hp_gain":0,"max_hp_loss":4,"event_name":"Winding Halls","floor":36,"gold_loss":0},{"damage_healed":0,"gold_gain":0,"player_choice":"Fight","damage_taken":0,"max_hp_gain":0,"max_hp_loss":0,"event_name":"MindBloom","floor":37,"gold_loss":0},{"damage_healed":0,"gold_gain":0,"player_choice":"Memory 1","damage_taken":0,"max_hp_gain":0,"max_hp_loss":0,"event_name":"SensoryStone","floor":41,"gold_loss":0}],"is_beta":false,"boss_relics":[{"not_picked":["Busted Crown","Cursed Key"],"picked":"Coffee Dripper"},{"not_picked":["Empty Cage","Astrolabe"],"picked":"Fusion Hammer"}],"items_purged_floors":[53],"is_endless":false,"potions_floor_spawned":[1,10,14,16,21,22,25,31,33,37,44,46,48,54],"ascension_level":4}}