{"host":"a49aoqbkajnlmy9c","time":1611813455,"event":{"mods":["100% Spire Juice","2.2 Compatiblity","AchievementEnabler","Act Like it!","AlwaysNeverKeys","Arknights The Spire","BaseMod","Better Match","BetterRewards","Block Reminder","Colored Map","Colored Powertips","Downfall","Emptier Cage","Friendly Minions","Gensokyo","GifTheSpireLib","Gremlin Skip","Halation","HololiveMod","Hubris","Hyrulean Relics","Infinite Spire","Ironclad Rager","Marisa????????","Minty Spire (QoL Compilation)","Prisma Mod","Quarter Circle Forward PUNCH!","Quick Restart","Random Character Button","Reimu??????","Relic Filter","Reorder Act Four","StSLib","The Alterego","The Animator","Transform Curses","Treasure Hunter","Unceasing Turn Reminder","Useless Jewels Mod","Virulent Crown","Waifu the Spire","WarShipGirlsR/????R mod","Yakumo Yukari mod","Yuyuko"],"gold_per_floor":[88,108,118,51,64,64,84,111,192,192,204,204,204,214,214,311,311,328,328,253,278,278,278,278,278],"floor_reached":24,"language":"ENG","playtime":1371,"items_purged":[],"score":321,"play_id":"e5e797ce-2b5c-43a3-9d5b-2bd2c9230be6","local_time":"20210128005735","is_ascension_mode":false,"campfire_choices":[{"data":"Hololive_Yoholoon","floor":6,"key":"SMITH"},{"data":"Hololive_DurableLive","floor":10,"key":"SMITH"},{"data":"Hololive_LuckPotion","floor":12,"key":"SMITH"},{"data":"Hololive_Trident","floor":15,"key":"SMITH"},{"data":"Hololive_DurableLive","floor":23,"key":"SMITH"}],"circlet_count":0,"master_deck":["Hololive_Strike","Hololive_Strike","Hololive_Strike","Hololive_Strike","Hololive_Defend","Hololive_Defend","Hololive_Defend","Hololive_Defend","Hololive_Trident+1","Hololive_StrengthChampion","Hololive_Sequa","Hololive_Breathe","Hololive_DurableLive+1","Hololive_Yoholoon+1","Hololive_Breathe","Hololive_HuntDinosaur","Hololive_Rebound","Hololive_Breathe","Hololive_DurableLive+1","Hololive_LuckPotion","Hololive_Breathe+1","Hololive_HighAtkLowDef"],"relics":["Hololive_TheStar","Hololive_Peko","halation:KoshaPiece","infinitespire:Bottled Soul","hubris:Towel","hubris:Backtick","hubris:Zylophone","Gensokyo:SongOfSouls","qcfpunch:Not_Strongest_Fighting_Style_Guidebook"],"acts_visited":["Gensokyo:Gensokyo","Gensokyo:Gensokyoer"],"potions_floor_usage":[18,18],"damage_taken":[{"damage":0,"enemies":"Gensokyo:Python","floor":1,"turns":2},{"damage":0,"enemies":"Gensokyo:2_Kodama","floor":2,"turns":2},{"damage":0,"enemies":"Gensokyo:Gryphon","floor":3,"turns":3},{"damage":5,"enemies":"Gensokyo:5_Fairies","floor":5,"turns":5},{"damage":0,"enemies":"Gensokyo:CorruptedTreant","floor":7,"turns":2},{"damage":4,"enemies":"Gensokyo:Cirno","floor":8,"turns":5},{"damage":0,"enemies":"Gensokyo:Gryphon_and_Rabbit","floor":11,"turns":4},{"damage":0,"enemies":"Gensokyo:5_Fairies","floor":14,"turns":4},{"damage":0,"enemies":"Gensokyo:Yukari","floor":16,"turns":5},{"damage":21,"enemies":"Gensokyo:3_Dogs","floor":18,"turns":7},{"damage":20,"enemies":"Nightmare","floor":24,"turns":4}],"seed_played":"4126488507188909490","potions_obtained":[{"floor":2,"key":"SkillPotion"},{"floor":5,"key":"AttackPotion"},{"floor":7,"key":"Weak Potion"}],"is_trial":false,"path_per_floor":["M","M","M","$","M","R","M","E","T","R","M","R","?","M","R","B",null,"M","?","?","T","?","R","NM"],"character_chosen":"Hololive_HololiveCharacter","items_purchased":["Hololive_Yoholoon"],"campfire_rested":0,"item_purchase_floors":[4],"current_hp_per_floor":[35,35,35,35,30,30,30,26,26,26,26,26,26,26,26,26,35,14,14,14,14,14,14,0,0],"gold":278,"neow_bonus":"THREE_CARDS","is_daily":false,"chose_seed":false,"campfire_upgraded":5,"win_rate":0.0,"timestamp":1611813455,"path_taken":["M","M","M","$","M","R","M","E","T","R","M","R","?","M","R","BOSS","M","?","?","?","?","R","NM"],"items_purchased_type":["Card"],"build_version":"2020-12-22","purchased_purges":0,"victory":false,"max_hp_per_floor":[35,35,35,35,35,35,35,35,35,35,35,35,35,35,35,35,35,35,35,35,35,35,35,35,35],"card_choices":[{"not_picked":["Hololive_Trident","Hololive_Rebound"],"picked":"Hololive_StrengthChampion","floor":0},{"not_picked":["Hololive_StrengthChampion","Hololive_Teleport","Hololive_Watashimo"],"picked":"Hololive_Sequa","floor":1},{"not_picked":["Hololive_CallKiryuuCoco","Hololive_Rebound","Hololive_CocoNews"],"picked":"Hololive_Breathe","floor":2},{"not_picked":["Hololive_CallMurasakiShion","Hololive_CocoNews","Hololive_StrengthChampion"],"picked":"Hololive_DurableLive","floor":3},{"not_picked":["Hololive_Drill","Hololive_RevenueBasedLive","Hololive_CallInugamiKorone","Hololive_Psychosis"],"picked":"SKIP","floor":5},{"not_picked":["Hololive_CallNakiriAyame","Hololive_RevenueBasedLive","Hololive_Trident"],"picked":"Hololive_Breathe","floor":7},{"not_picked":["Hololive_CallAkaiHaato","Hololive_CallSpadeEcho","Hololive_CallFriendA"],"picked":"Hololive_HuntDinosaur","floor":8},{"not_picked":["TH:BikiniMail","TH:CopperCoins","TH:ElvenBoots"],"picked":"SKIP","floor":8},{"not_picked":["TH:ElvenBoots","TH:PixieDust","TH:CursedSword"],"picked":"SKIP","floor":9},{"not_picked":["Hololive_Sequa","Hololive_OvertimeWork","Hololive_Psychosis"],"picked":"Hololive_Rebound","floor":11},{"not_picked":["Hololive_RevenueBasedLive","Hololive_Rebound","Hololive_CallHoushouMarine"],"picked":"Hololive_Breathe","floor":14},{"not_picked":["Hololive_BeCareful","Hololive_Recruit","Hololive_DDD"],"picked":"Hololive_DurableLive","floor":16},{"not_picked":["Hololive_CallNakiriAyame+1","Hololive_SummonFox","Hololive_OvertimeWork"],"picked":"Hololive_LuckPotion","floor":18},{"not_picked":["Hololive_Rebound+1","Hololive_StrengthChampion+1","Hololive_Drill+1"],"picked":"Hololive_Breathe+1","floor":20},{"not_picked":["TH:ElvenBoots","TH:PixieDust","TH:CursedSword"],"picked":"SKIP","floor":21}],"player_experience":613162,"relics_obtained":[{"floor":8,"key":"halation:KoshaPiece"},{"floor":9,"key":"infinitespire:Bottled Soul"},{"floor":21,"key":"qcfpunch:Not_Strongest_Fighting_Style_Guidebook"}],"event_choices":[{"damage_healed":0,"gold_gain":0,"player_choice":"2","damage_taken":0,"max_hp_gain":0,"max_hp_loss":0,"event_name":"betterMatch:BetterMatch","floor":20,"gold_loss":0,"cards_obtained":["betterMatch:CommonCard"]}],"is_beta":false,"boss_relics":[{"not_picked":["qcfpunch:Crimson_Sash","hubris:TerracottaHorce"],"picked":"hubris:Backtick"}],"items_purged_floors":[],"is_endless":false,"potions_floor_spawned":[2,5,7,8],"killed_by":"Nightmare","ascension_level":0}}