{"host":"6qo42zgaknezulyg","time":1611801431,"event":{"mods":["2.2 Compatiblity","BaseMod","Faster Ascension Climbing","Keyboard Shortcuts","Minty Spire (QoL Compilation)","Permanent Neow","Quick Restart","StSLib","SuperFastMode","The Disciple"],"gold_per_floor":[364,374,388,36,111,111,145,145,192,203,203,203,227,239,239,310,310,327,327,327,372,72,72,99,99,169,143,143,143],"floor_reached":28,"language":"ENG","playtime":2039,"items_purged":["Strike_Br","Strike_Br"],"score":468,"play_id":"c4a87d1f-23a2-4c67-ad10-759c3f545827","local_time":"20210128113711","is_ascension_mode":true,"campfire_choices":[{"data":"Backlash","floor":6.0,"key":"SMITH"},{"data":"Echoward","floor":8.0,"key":"SMITH"},{"data":"LockedTurtyl","floor":11.0,"key":"SMITH"},{"floor":15.0,"key":"REST"},{"data":"LockedAstrolabe","floor":23.0,"key":"SMITH"},{"floor":25,"key":"REST"}],"circlet_count":0,"master_deck":["AscendersBane","Strike_Br","Defend_Br","Defend_Br","Defend_Br","Defend_Br","SecondHand","PatternShift","PrimeTime","Echoward+1","Backlash+1","LockedBlood","EscortCommand","LockedOrichalcum","LockedTurtyl+1","LockedMercury","Pendulum","TickedOff","LockedAstrolabe+1","LockedAnchor+1"],"relics":["Chronometer","Membership Card","Oddly Smooth Stone","Anchor","Bronze Scales","Tiny Chest","HangingClock","Strawberry","Centennial Puzzle","Lizard Tail","Dream Catcher","StrikeDummy"],"acts_visited":["Exordium","TheCity"],"potions_floor_usage":[24,24],"damage_taken":[{"damage":3.0,"enemies":"Cultist","floor":1.0,"turns":6.0},{"damage":2.0,"enemies":"2 Louse","floor":2.0,"turns":2.0},{"damage":2.0,"enemies":"Jaw Worm","floor":3.0,"turns":5.0},{"damage":27.0,"enemies":"Lagavulin","floor":7.0,"turns":11.0},{"damage":10.0,"enemies":"Exordium Wildlife","floor":10.0,"turns":5.0},{"damage":2.0,"enemies":"Looter","floor":14.0,"turns":4.0},{"damage":2.0,"enemies":"The Guardian","floor":16.0,"turns":17.0},{"damage":9.0,"enemies":"Shell Parasite","floor":18.0,"turns":6.0},{"damage":59,"enemies":"Slavers","floor":24,"turns":9},{"damage":0,"enemies":"2 Thieves","floor":27,"turns":4},{"damage":39,"enemies":"Gremlin Leader","floor":28,"turns":3}],"seed_played":"-8997020472182240838","potions_obtained":[{"floor":3.0,"key":"BlessingOfTheForge"},{"floor":7.0,"key":"SteroidPotion"},{"floor":14.0,"key":"Explosive Potion"},{"floor":16.0,"key":"Fire Potion"},{"floor":24,"key":"WardPotion"}],"is_trial":false,"path_per_floor":["M","M","M","$","?","R","E","R","T","M","R","?","T","M","R","B",null,"M","?","?","T","$","R","E","R","T","M","E"],"character_chosen":"CHRONO_CLASS","items_purchased":["Membership Card","Oddly Smooth Stone","LockedBlood","EscortCommand","Centennial Puzzle","Lizard Tail"],"campfire_rested":2,"item_purchase_floors":[4,4,4,4,22,22],"current_hp_per_floor":[53,51,49,49,38,38,20,20,20,16,16,9,9,9,25,29,49,46,31,31,38,38,38,22,42,42,46,9,9],"gold":143,"neow_bonus":"TWO_FIFTY_GOLD","is_daily":false,"chose_seed":true,"campfire_upgraded":4,"win_rate":0.0,"timestamp":1611801431,"path_taken":["M","M","M","$","?","R","E","R","T","M","R","?","?","?","R","BOSS","M","?","?","?","$","R","E","R","T","M","E"],"items_purchased_type":["Relic","Relic","Card","Card","Relic","Relic"],"build_version":"2020-12-22","purchased_purges":2,"victory":false,"max_hp_per_floor":[56,56,56,56,56,56,56,56,56,56,56,56,56,56,56,56,56,56,61,61,68,68,68,68,68,68,68,68,68],"card_choices":[{"not_picked":["AlternateTimeline","Echoward"],"picked":"PrimeTime","floor":1.0},{"not_picked":["BiteCommand","TiringSlam"],"picked":"Echoward","floor":2.0},{"not_picked":["LockedScales","BlueShift"],"picked":"Backlash","floor":3.0},{"not_picked":["Backlash","Accruing"],"picked":"LockedOrichalcum","floor":7.0},{"not_picked":["CrunchTime","BiteCommand"],"picked":"LockedTurtyl","floor":10.0},{"not_picked":["LockedWhetstone","Parity"],"picked":"LockedMercury","floor":14.0},{"not_picked":["Chronoelasticity","OldTimer"],"picked":"Pendulum","floor":16.0},{"not_picked":["LockedUrn","Stagnate"],"picked":"TickedOff","floor":18.0},{"not_picked":["LockedTurtyl+1","TickedOff+1"],"picked":"LockedAnchor+1","floor":24},{"not_picked":["HandsUpC","EscortCommand","ReapSow"],"picked":"SKIP","floor":27}],"player_experience":766871,"relics_obtained":[{"floor":7.0,"key":"Anchor"},{"floor":9.0,"key":"Bronze Scales"},{"floor":13.0,"key":"Tiny Chest"},{"floor":21.0,"key":"Strawberry"},{"floor":24,"key":"Dream Catcher"},{"floor":26,"key":"StrikeDummy"}],"event_choices":[{"damage_healed":0.0,"max_hp_gain":0.0,"max_hp_loss":0.0,"gold_gain":75.0,"event_name":"World of Goop","player_choice":"Gather Gold","floor":5.0,"gold_loss":0.0,"damage_taken":11.0},{"cards_removed":["Strike_Br"],"damage_healed":0.0,"max_hp_gain":0.0,"max_hp_loss":0.0,"gold_gain":0.0,"event_name":"Golden Wing","player_choice":"Card Removal","floor":12.0,"gold_loss":0.0,"damage_taken":7.0},{"damage_healed":0.0,"max_hp_gain":5.0,"max_hp_loss":0.0,"gold_gain":0.0,"event_name":"Forgotten Altar","player_choice":"Shed Blood","floor":19.0,"gold_loss":0.0,"damage_taken":20.0},{"damage_healed":0.0,"max_hp_gain":0.0,"max_hp_loss":0.0,"gold_gain":0.0,"event_name":"Match and Keep!","player_choice":"1 cards matched","floor":20.0,"gold_loss":0.0,"damage_taken":0.0,"cards_obtained":["LockedAstrolabe"]}],"is_beta":false,"boss_relics":[{"not_picked":["Busted Crown","Cursed Key"],"picked":"HangingClock"}],"items_purged_floors":[4,22],"is_endless":false,"potions_floor_spawned":[3,7,14,16,24],"killed_by":"Gremlin Leader","ascension_level":20}}