{"host":"2d0rd30cigwncx1y","time":1611876369,"event":{"mods":["BaseMod","Colored Map","Colored Powertips","Downfall","MarisaÅiñ∂âJÅ@ñÇóùçπÅj","Minty Spire (QoL Compilation)","Replay The Spire","StSLib","The Alterego","The Marked","The Servant 0.9.4"],"gold_per_floor":[99,110,127,67,67,67,67,67,81,81,108,108,121,121,134,232,232,232,245,261,287,287,287,287,287,310,345,364,364,398,398,398,398],"floor_reached":32,"language":"ENG","playtime":1920,"items_purged":[],"score":290,"play_id":"2985af9d-1835-4ccf-88ec-5fbebf2ac5d0","local_time":"20210129002609","is_ascension_mode":true,"campfire_choices":[{"data":"theMarked:SoldierOfQuellstein","floor":1.0,"key":"SMITH"},{"data":"theMarked:EmpowerWeapon","floor":6.0,"key":"SMITH"},{"data":"theMarked:EmpowerWeapon","floor":10.0,"key":"SMITH"},{"data":"theMarked:Vacuum","floor":18,"key":"SMITH"},{"floor":29,"key":"REST"}],"circlet_count":0,"master_deck":["theMarked:Strike","theMarked:Strike","theMarked:Strike","theMarked:Strike","theMarked:Defend+1","theMarked:Defend+1","theMarked:Defend","theMarked:Defend","theMarked:SoldierOfQuellstein+1","theMarked:EmpowerWeapon+1","theMarked:TakeCover","theMarked:ResourceFulStrike+1","theMarked:EmpowerWeapon+1","theMarked:WardOff+1","theMarked:BanishingStrike","theMarked:MagusForm","theMarked:Vacuum+1","theMarked:FavorableWinds","theMarked:TwofoldDefense+1","theMarked:ElectricStrings","theMarked:Heritage","Pride","theMarked:Indomitable+1","theMarked:ResourceFulStrike+1","theMarked:ParalyzingBlade","theMarked:SuspiciousRaven","theMarked:WardOff","downfall:Bewildered"],"relics":["theMarked:ArtifactOfAir","Replay:Bottled Flurry","downfall:ShatteredFragment","Tiny Chest","Replay:Bronze Core","downfall:RedIOU","Prayer Wheel","Dream Catcher","Eternal Feather","theMarked:DemonDagger","sneckomod:BabySnecko"],"acts_visited":["Exordium","TheCity"],"potions_floor_usage":[30],"damage_taken":[{"damage":0.0,"enemies":"Cultist","floor":2.0,"turns":3.0},{"damage":0.0,"enemies":"Small Slimes","floor":3.0,"turns":2.0},{"damage":0.0,"enemies":"downfall:FleeingMerchant","floor":4.0,"turns":4.0},{"damage":0.0,"enemies":"2 Louse","floor":9.0,"turns":1.0},{"damage":16.0,"enemies":"Lagavulin","floor":11.0,"turns":4.0},{"damage":3.0,"enemies":"Red Slaver","floor":13.0,"turns":2.0},{"damage":10.0,"enemies":"Large Slime","floor":15.0,"turns":5.0},{"damage":29.0,"enemies":"IC_STATUS_ARCHETYPE","floor":16.0,"turns":8.0},{"damage":27,"enemies":"Chosen","floor":19,"turns":5},{"damage":11,"enemies":"3 Byrds","floor":20,"turns":7},{"damage":36,"enemies":"Gremlin Leader","floor":27,"turns":7},{"damage":0,"enemies":"Centurion and Healer","floor":28,"turns":7},{"damage":36,"enemies":"Slavers","floor":30,"turns":5},{"damage":5,"enemies":"Cultist and Chosen","floor":32,"turns":4}],"seed_played":"7898511184714212441","potions_obtained":[{"floor":11.0,"key":"LiquidMemories"},{"floor":13.0,"key":"Explosive Potion"},{"floor":15.0,"key":"PowerPotion"},{"floor":16,"key":"CultistPotion"},{"floor":28,"key":"Adrenaline Potion"},{"floor":30,"key":"Toxic Potion"}],"is_trial":false,"path_per_floor":["R","M","M","$","?","R","T","?","M","R","E","?","M","?","M","B",null,"R","M","M","T","?","?","T","?","T","E","M","R","E","?","M"],"character_chosen":"THE_DEFAULT","items_purchased":["theMarked:EmpowerWeapon"],"campfire_rested":1,"item_purchase_floors":[4],"current_hp_per_floor":[77,77,77,77,77,77,77,65,65,65,49,49,46,46,36,7,77,77,50,39,39,39,39,39,39,39,3,3,41,5,5,0,0],"gold":398,"neow_bonus":"TEN_PERCENT_HP_BONUS","is_daily":false,"chose_seed":false,"campfire_upgraded":4,"win_rate":0.0,"timestamp":1611876369,"path_taken":["R","M","M","$","?","R","T","?","M","R","E","?","?","?","M","BOSS","BOSS","R","M","M","?","?","?","T","?","?","E","M","R","E","?","M"],"items_purchased_type":["Card"],"build_version":"2020-12-22","purchased_purges":0,"victory":false,"max_hp_per_floor":[77,77,77,77,77,77,77,77,77,77,77,77,77,77,77,77,77,77,77,77,77,77,77,77,77,77,77,77,77,77,77,77,77],"card_choices":[{"not_picked":["theMarked:RepellingDischarge","theMarked:ChainLightning"],"picked":"theMarked:EmpowerWeapon","floor":2.0},{"not_picked":["theMarked:Opportunist","theMarked:SwordAndMagic"],"picked":"theMarked:TakeCover","floor":3.0},{"not_picked":["theMarked:SwordAndMagic","theMarked:TheMission"],"picked":"theMarked:ResourceFulStrike","floor":4.0},{"not_picked":["theMarked:Panic","theMarked:GodGivenPower","theMarked:Parkour"],"picked":"SKIP","floor":9.0},{"not_picked":["theMarked:RepellingDischarge","theMarked:Memento"],"picked":"theMarked:WardOff","floor":11.0},{"not_picked":["theMarked:Parkour","theMarked:HeightenedSenses"],"picked":"theMarked:BanishingStrike","floor":13.0},{"not_picked":["theMarked:Improvise","theMarked:StartUp"],"picked":"theMarked:Vacuum","floor":15.0},{"not_picked":["theMarked:UnarmedFury","theMarked:TakeOffHeels"],"picked":"theMarked:FavorableWinds","floor":16},{"not_picked":["theMarked:EmpowerWeapon","theMarked:MuscleMemory"],"picked":"theMarked:TwofoldDefense+1","floor":19},{"not_picked":["theMarked:RepellingDischarge","theMarked:CreepingChasm"],"picked":"theMarked:ElectricStrings","floor":20},{"not_picked":["theMarked:Determination","theMarked:Parry"],"picked":"theMarked:Indomitable+1","floor":27},{"not_picked":["theMarked:TakeCover","theMarked:SwordAndMagic"],"picked":"theMarked:ResourceFulStrike+1","floor":28},{"not_picked":["theMarked:ChannelForce","theMarked:ChainLightning"],"picked":"theMarked:ParalyzingBlade","floor":28},{"not_picked":["theMarked:HeightenedSenses","theMarked:EmpowerWeapon"],"picked":"theMarked:SuspiciousRaven","floor":29},{"not_picked":["theMarked:Aftermath","theMarked:Overcharge+1"],"picked":"theMarked:WardOff","floor":30}],"player_experience":120529,"relics_obtained":[{"floor":7.0,"key":"Replay:Bottled Flurry"},{"floor":11.0,"key":"Tiny Chest"},{"floor":21,"key":"War Paint"},{"floor":26,"key":"Dream Catcher"},{"floor":27,"key":"Eternal Feather"},{"floor":30,"key":"theMarked:DemonDagger"}],"event_choices":[{"damage_healed":0.0,"max_hp_gain":0.0,"max_hp_loss":0.0,"gold_gain":0.0,"cards_transformed":["theMarked:Strike"],"event_name":"Living Wall","player_choice":"Change","floor":14.0,"gold_loss":0.0,"damage_taken":0.0,"cards_obtained":["theMarked:MagusForm"]},{"damage_healed":0,"gold_gain":0,"player_choice":"Read","damage_taken":0,"max_hp_gain":0,"max_hp_loss":0,"event_name":"The Library","floor":23,"gold_loss":0,"cards_obtained":["theMarked:Heritage"]},{"damage_healed":0,"gold_gain":0,"player_choice":"Stole Relic","damage_taken":0,"relics_obtained":["Prayer Wheel"],"max_hp_gain":0,"max_hp_loss":0,"event_name":"Addict","floor":25,"gold_loss":0,"cards_obtained":["Pride"]}],"is_beta":false,"boss_relics":[{"not_picked":["Replay:Grab Bag","Tiny House"],"picked":"Replay:Bronze Core"}],"items_purged_floors":[],"is_endless":false,"potions_floor_spawned":[11,13,15,16,28,30],"killed_by":"Cultist and Chosen","ascension_level":1}}