{"host":"k2mw1od0xoi9pcfj","time":1611838905,"event":{"mods":["100% Spire Juice","Act Like it!","Aspiration","BaseMod","Beaked The Cultist","Downfall","Energized Spire","Hermit","Highlight Path","Minty Spire (QoL Compilation)","Permanent Neow","Relic Stats","Replay The Spire","Retaliation","StSLib","TheHeartMod"],"gold_per_floor":[99,99,109,121,135,170,170,188,638,657,357,369,126,139,156,256,256,256,266,266,283,293,53,53,53,53,64,64,23,51,36,53,152,152,152],"floor_reached":34,"language":"ENG","playtime":2508,"items_purged":["Normality"],"score":476,"play_id":"c3402939-1b1d-4cda-ab17-a5656a972618","local_time":"20210128070145","is_ascension_mode":false,"campfire_choices":[{"floor":1,"key":"RECALL"},{"data":"beaked:Foresight","floor":11,"key":"SMITH"},{"floor":18,"key":"DIG"},{"data":"beaked:AwakenedForm","floor":26,"key":"SMITH"}],"circlet_count":0,"master_deck":["beaked:Defend_Y","beaked:Defend_Y","beaked:Defend_Y","beaked:Defend_Y","beaked:Ceremony","beaked:Ceremony","beaked:Ceremony","Survey Options","beaked:AwakenedForm+1","beaked:Evade","beaked:CrazyRituals","downfall:Icky","downfall:Icky","downfall:Icky","beaked:Foresight+1","beaked:Evade","beaked:SacrificialScars","beaked:CrazyRituals+1","beaked:BraceForImpact","beaked:Overexert+1","beaked:StickSmack","beaked:Insight","expansioncontent:QuickStudy","Writhe","Bite","Bite","Bite","Bite","Bite","beaked:Insight","ReplayTheSpireMod:Prepare the Ceremony+1","beaked:AwakenedForm"],"relics":["beaked:BlessedCoat","Pocketwatch","downfall:HeartBlessingRed","downfall:HeartBlessingGreen","downfall:HeartBlessingBlue","ReplayTheSpireMod:CursedCoin","Singing Bowl","TungstenRod","aspiration:HatOfInfinitePower","Replay:Multitool","Bag of Marbles","Replay:Ancient Bell","Orichalcum","Eternal Feather","Thread and Needle"],"acts_visited":["Exordium","TheCity"],"potions_floor_usage":[33],"damage_taken":[{"damage":10,"enemies":"Small Slimes","floor":3,"turns":6},{"damage":10,"enemies":"Cultist","floor":4,"turns":4},{"damage":20,"enemies":"Jaw Worm","floor":5,"turns":8},{"damage":8,"enemies":"Replay:BlueRogue","floor":6,"turns":8},{"damage":30,"enemies":"3 Louse","floor":8,"turns":9},{"damage":40,"enemies":"Large Slime","floor":10,"turns":11},{"damage":4,"enemies":"Blue Slaver","floor":12,"turns":7},{"damage":7,"enemies":"downfall:FleeingMerchant","floor":13,"turns":4},{"damage":16,"enemies":"2 Fungi Beasts","floor":14,"turns":4},{"damage":25,"enemies":"Blue Slaver","floor":15,"turns":6},{"damage":41,"enemies":"WA_ARCHETYPE_RETAIN","floor":16,"turns":9},{"damage":54,"enemies":"Spheric Guardian","floor":19,"turns":8},{"damage":9,"enemies":"Shell Parasite","floor":21,"turns":6},{"damage":41,"enemies":"Snecko","floor":22,"turns":7},{"damage":11,"enemies":"downfall:FleeingMerchant","floor":23,"turns":4},{"damage":35,"enemies":"Shelled Parasite and Fungi","floor":27,"turns":6},{"damage":16,"enemies":"downfall:FleeingMerchant","floor":29,"turns":4},{"damage":26,"enemies":"Book of Stabbing","floor":30,"turns":6},{"damage":11,"enemies":"downfall:FleeingMerchant","floor":31,"turns":4},{"damage":33,"enemies":"Centurion and Healer","floor":32,"turns":8},{"damage":93,"enemies":"DF_ARCHETYPE_CLAW","floor":33,"turns":8}],"seed_played":"-272819350414584305","potions_obtained":[{"floor":3,"key":"DDmod:CleansePotion"},{"floor":5,"key":"hexamod:SoulburnPotion"},{"floor":10,"key":"Guardian:BlockOnCardUsePotion"},{"floor":14,"key":"Block Potion"},{"floor":20,"key":"CultistPotion"}],"is_trial":false,"path_per_floor":["R","?","M","M","M","E","T","M","?","M","R","M","$","M","M","B",null,"R","M","?","M","M","$","T","?","R","M","?","$","E","$","M","B",null],"character_chosen":"BEAKED_THE_CULTIST","items_purchased":["ReplayTheSpireMod:CursedCoin","Singing Bowl","beaked:CrazyRituals+1","beaked:Insight","expansioncontent:QuickStudy","beaked:Insight"],"campfire_rested":0,"item_purchase_floors":[13,13,13,23,23,29],"current_hp_per_floor":[50,50,50,47,46,50,50,50,50,50,60,60,60,46,41,48,70,70,41,41,56,44,69,69,69,69,60,60,57,68,68,72,17,17,17],"gold":152,"neow_bonus":"RANDOM_COLORLESS","is_daily":false,"chose_seed":false,"campfire_upgraded":2,"win_rate":0.0,"timestamp":1611838905,"path_taken":["R","?","M","M","M","E","T","?","?","M","R","M","$","M","M","BOSS","R","M","?","M","M","$","T","?","R","M","?","?","E","?","M","BOSS"],"items_purchased_type":["Relic","Relic","Card","Card","Card","Card"],"build_version":"2020-12-22","purchased_purges":1,"victory":false,"max_hp_per_floor":[50,50,50,50,50,50,50,50,50,50,60,60,60,64,66,70,70,70,72,72,76,80,82,82,82,82,86,60,64,68,68,72,76,76,76],"relic_stats":{"Singing Bowl":16,"counters":[21,137],"Eternal Feather":0,"Orichalcum":[0],"obtain_stats":[{"downfall:HeartBlessingRed":11,"Singing Bowl":13,"ReplayTheSpireMod:CursedCoin":13,"downfall:HeartBlessingGreen":11,"Eternal Feather":34,"Thread and Needle":34,"Replay:Multitool":25,"Replay:Ancient Bell":34,"Orichalcum":34,"beaked:BlessedCoat":17,"downfall:HeartBlessingBlue":11,"Bag of Marbles":30,"beaked:MendingPlumage":0,"aspiration:HatOfInfinitePower":24,"TungstenRod":18,"Pocketwatch":6},{"downfall:HeartBlessingRed":6,"Singing Bowl":8,"ReplayTheSpireMod:CursedCoin":8,"downfall:HeartBlessingGreen":6,"Eternal Feather":21,"Thread and Needle":21,"Replay:Multitool":15,"Replay:Ancient Bell":21,"Orichalcum":21,"beaked:BlessedCoat":11,"downfall:HeartBlessingBlue":6,"Bag of Marbles":18,"beaked:MendingPlumage":0,"aspiration:HatOfInfinitePower":15,"TungstenRod":11,"Pocketwatch":4},{"downfall:HeartBlessingRed":46,"Singing Bowl":57,"ReplayTheSpireMod:CursedCoin":57,"downfall:HeartBlessingGreen":46,"Eternal Feather":137,"Thread and Needle":137,"Replay:Multitool":101,"Replay:Ancient Bell":137,"Orichalcum":137,"beaked:BlessedCoat":76,"downfall:HeartBlessingBlue":46,"Bag of Marbles":117,"beaked:MendingPlumage":0,"aspiration:HatOfInfinitePower":101,"TungstenRod":76,"Pocketwatch":26}],"TungstenRod":69,"Pocketwatch":[66]},"card_choices":[{"not_picked":["Panacea","PanicButton"],"picked":"Survey Options","floor":0},{"not_picked":["beaked:BarbedWire","beaked:Tweet","beaked:Poke"],"picked":"SKIP","floor":3},{"not_picked":["beaked:Mantra","beaked:Resilience","beaked:Overpower"],"picked":"SKIP","floor":4},{"not_picked":["beaked:Overpower","beaked:CrazyRituals"],"picked":"beaked:AwakenedForm","floor":5},{"not_picked":["ReplayTheSpireMod:RavenHex","beaked:Resilience"],"picked":"beaked:Evade","floor":6},{"not_picked":["beaked:BounceBack","beaked:Devastation"],"picked":"beaked:CrazyRituals","floor":8},{"not_picked":["beaked:FeelMyPain","beaked:HuntressEssence"],"picked":"beaked:Foresight","floor":10},{"not_picked":["beaked:Tweet","beaked:DigDeep"],"picked":"beaked:Evade","floor":12},{"not_picked":["beaked:Tweet","beaked:Evade"],"picked":"beaked:SacrificialScars","floor":13},{"not_picked":["beaked:Windmill","beaked:Tradeoff","beaked:Mantra"],"picked":"Singing Bowl","floor":14},{"not_picked":["beaked:Daydream","beaked:Molting"],"picked":"beaked:BraceForImpact","floor":15},{"not_picked":["beaked:CheekyTricks","beaked:DarkTribute","beaked:VolatileMisfortune"],"picked":"Singing Bowl","floor":16},{"not_picked":["beaked:Evade","beaked:HuntressSpirit+1"],"picked":"beaked:Overexert+1","floor":19},{"not_picked":["beaked:DigDeep+1","beaked:BraceForImpact","beaked:WarriorSpirit+1"],"picked":"Singing Bowl","floor":21},{"not_picked":["beaked:Pecker","beaked:Roost","beaked:Devastation"],"picked":"Singing Bowl","floor":22},{"not_picked":["beaked:Windmill+1","beaked:Poke"],"picked":"beaked:StickSmack","floor":23},{"not_picked":["beaked:SurvivalInstinct","beaked:DigDeep+1","beaked:TuckingFeathers+1"],"picked":"Singing Bowl","floor":27},{"not_picked":["beaked:Pecker","beaked:WarriorEssence","beaked:WildInstinct"],"picked":"Singing Bowl","floor":29},{"not_picked":["beaked:WindBringer","beaked:Devastation","beaked:Cower"],"picked":"Singing Bowl","floor":30},{"not_picked":["beaked:Insight","beaked:SurvivalInstinct"],"picked":"ReplayTheSpireMod:Prepare the Ceremony+1","floor":31},{"not_picked":["beaked:Mantra","beaked:CursingBlood","beaked:Redirect"],"picked":"Singing Bowl","floor":32},{"not_picked":["beaked:CheekyTricks","beaked:DarkPact"],"picked":"beaked:AwakenedForm","floor":33}],"player_experience":867994,"relics_obtained":[{"floor":6,"key":"Pocketwatch"},{"floor":18,"key":"TungstenRod"},{"floor":24,"key":"aspiration:HatOfInfinitePower"},{"floor":30,"key":"Bag of Marbles"}],"event_choices":[{"cards_removed":["beaked:Strike_Y"],"damage_healed":0,"gold_gain":0,"player_choice":"Offered Basic","damage_taken":0,"max_hp_gain":0,"max_hp_loss":0,"event_name":"Bonfire Elementals","floor":2,"gold_loss":0},{"damage_healed":0,"gold_gain":0,"player_choice":"Became a vampire","damage_taken":0,"max_hp_gain":0,"max_hp_loss":26,"event_name":"Vampires","floor":28,"gold_loss":0,"cards_obtained":["Bite","Bite","Bite","Bite","Bite"]}],"is_beta":false,"boss_relics":[{"not_picked":["Tiny House","Black Star"],"picked":"beaked:BlessedCoat"},{"not_picked":["bronze:MakeshiftBattery","Kintsugi"],"picked":"Replay:Ancient Bell"},{"not_picked":["Replay:Mystery Machine","Vajra"],"picked":"Orichalcum"},{"not_picked":["Letter Opener","aspiration:FrozenJewel"],"picked":"Eternal Feather"},{"not_picked":["Gambling Chip","Girya"],"picked":"Thread and Needle"}],"items_purged_floors":[13],"is_endless":false,"potions_floor_spawned":[3,5,10,12,14,15,21,30,32],"ascension_level":0}}