{"host":"lip44byzewa3adv8","time":1611847098,"event":{"mods":["BaseMod","Curses Come First","Minty Spire (QoL Compilation)","Relic Sorter","Relic Stats","StSLib","Synergy Search"],"gold_per_floor":[110,60,71,83,98,125,225,225,225,243,261,276,276,16,16,115,115,130,130,130,55,74,74,106,125,125,125,136,166,15,26,26,130,130,150,163,163,182,182,182],"floor_reached":39,"language":"ENG","playtime":2669,"items_purged":[],"score":649,"play_id":"cccefd60-989a-4274-a3f2-4b8fa900ca70","local_time":"20210128101818","is_ascension_mode":true,"campfire_choices":[{"data":"True Grit","floor":8.0,"key":"SMITH"},{"data":"Feel No Pain","floor":13.0,"key":"SMITH"},{"data":"Evolve","floor":15.0,"key":"SMITH"},{"data":"Corruption","floor":23.0,"key":"SMITH"},{"floor":27.0,"key":"DIG"},{"floor":32,"key":"REST"}],"circlet_count":0,"master_deck":["Bash","Pommel Strike","Wild Strike","True Grit+1","Havoc","Twin Strike","Pummel","Pummel","Flame Barrier","Fire Breathing","Evolve+1","Feel No Pain+1","Spot Weakness","Burning Pact","Corruption+1","Dual Wield","Pummel","Blood for Blood","Shockwave","Seeing Red","Second Wind","Whirlwind+1","Cleave+1","Wild Strike","Seeing Red","Pummel","Rage","Inflame+1","Sword Boomerang","Impervious","Power Through","True Grit","Wild Strike+1","Disarm","Reaper","Seeing Red+1","Iron Wave+1","Fire Breathing","Inflame+1","Madness","Madness","Disarm+1","True Grit+1"],"relics":["Burning Blood","Prayer Wheel","Peace Pipe","Lee\u0027s Waffle","Pandora\u0027s Box","Shovel","Letter Opener","Pantograph","Calipers","Medical Kit","Cursed Key"],"acts_visited":["Exordium","TheCity","TheBeyond"],"potions_floor_usage":[29,29,29],"damage_taken":[{"damage":7.0,"enemies":"Small Slimes","floor":1.0,"turns":4.0},{"damage":13.0,"enemies":"Jaw Worm","floor":3.0,"turns":4.0},{"damage":0.0,"enemies":"Cultist","floor":4.0,"turns":2.0},{"damage":19.0,"enemies":"Red Slaver","floor":5.0,"turns":5.0},{"damage":37.0,"enemies":"Gremlin Nob","floor":6.0,"turns":4.0},{"damage":16.0,"enemies":"Exordium Thugs","floor":10.0,"turns":4.0},{"damage":3.0,"enemies":"Looter","floor":11.0,"turns":3.0},{"damage":16.0,"enemies":"Large Slime","floor":12.0,"turns":7.0},{"damage":38.0,"enemies":"Slime Boss","floor":16.0,"turns":7.0},{"damage":24.0,"enemies":"2 Thieves","floor":18.0,"turns":4.0},{"damage":16.0,"enemies":"Spheric Guardian","floor":22.0,"turns":4.0},{"damage":10.0,"enemies":"Gremlin Leader","floor":24.0,"turns":6.0},{"damage":5.0,"enemies":"Centurion and Healer","floor":25.0,"turns":3.0},{"damage":42.0,"enemies":"Snake Plant","floor":28.0,"turns":5.0},{"damage":20,"enemies":"Slavers","floor":29,"turns":5},{"damage":7,"enemies":"Sentry and Sphere","floor":31,"turns":5},{"damage":42,"enemies":"Champ","floor":33,"turns":12},{"damage":37,"enemies":"3 Darklings","floor":35,"turns":7},{"damage":29,"enemies":"3 Shapes","floor":36,"turns":3},{"damage":43,"enemies":"3 Darklings","floor":38,"turns":6},{"damage":18,"enemies":"Jaw Worm Horde","floor":39,"turns":2}],"seed_played":"-101680783896894383","potions_obtained":[{"floor":3.0,"key":"DuplicationPotion"},{"floor":12.0,"key":"Fire Potion"},{"floor":16.0,"key":"ColorlessPotion"},{"floor":25.0,"key":"DuplicationPotion"},{"floor":28.0,"key":"Regen Potion"},{"floor":33,"key":"BlessingOfTheForge"},{"floor":38,"key":"SpeedPotion"}],"is_trial":false,"path_per_floor":["M","?","M","M","M","E","?","R","T","M","M","M","R","$","R","B",null,"M","?","?","?","M","R","E","M","T","R","M","E","$","M","R","B",null,"M","M","?","M","M"],"character_chosen":"IRONCLAD","items_purchased":["Lee\u0027s Waffle","Spot Weakness","Burning Pact","Medical Kit"],"campfire_rested":1,"item_purchase_floors":[14,14,14,30],"current_hp_per_floor":[79,79,72,78,65,34,34,34,34,24,27,17,17,95,95,63,87,69,69,69,69,59,59,55,56,56,56,20,20,20,19,47,36,80,61,48,36,17,0,0],"gold":182,"neow_bonus":"TEN_PERCENT_HP_BONUS","is_daily":false,"chose_seed":false,"campfire_upgraded":4,"win_rate":0.0,"timestamp":1611847098,"path_taken":["M","?","M","M","M","E","?","R","T","M","M","?","R","?","R","BOSS","M","?","?","?","M","R","E","M","T","R","M","E","$","M","R","BOSS","M","M","?","M","M"],"items_purchased_type":["Relic","Card","Card","Relic"],"build_version":"2020-12-22","purchased_purges":0,"victory":false,"max_hp_per_floor":[88,88,88,88,88,88,88,88,88,88,88,88,88,95,95,95,95,95,95,95,95,95,95,95,95,95,95,95,95,95,95,95,95,95,95,95,95,95,95,95],"relic_stats":{"Peace Pipe":0,"Lee\u0027s Waffle":78,"Shovel":1,"counters":[21,102],"Pantograph":25,"Prayer Wheel":11,"Pandora\u0027s Box":["Dual Wield","Pummel","Combust","Blood for Blood","Shockwave","Seeing Red","Second Wind","Entrench"],"Letter Opener":[65],"Medical Kit":[2],"Cursed Key":0,"obtain_stats":[{"Peace Pipe":9,"Lee\u0027s Waffle":14,"Shovel":24,"Calipers":29,"Pantograph":27,"Prayer Wheel":6,"Pandora\u0027s Box":17,"Letter Opener":26,"Medical Kit":30,"Cursed Key":34,"Burning Blood":0},{"Peace Pipe":5,"Lee\u0027s Waffle":8,"Shovel":12,"Calipers":15,"Pantograph":13,"Prayer Wheel":5,"Pandora\u0027s Box":9,"Letter Opener":13,"Medical Kit":15,"Cursed Key":17,"Burning Blood":0},{"Peace Pipe":19,"Lee\u0027s Waffle":33,"Shovel":54,"Calipers":67,"Pantograph":57,"Prayer Wheel":19,"Pandora\u0027s Box":40,"Letter Opener":57,"Medical Kit":67,"Cursed Key":84,"Burning Blood":0}],"Burning Blood":120},"card_choices":[{"not_picked":["Heavy Blade","Clash"],"picked":"Pommel Strike","floor":1.0},{"not_picked":["Havoc","Metallicize"],"picked":"Wild Strike","floor":3.0},{"not_picked":["Brutality","Thunderclap"],"picked":"True Grit","floor":4.0},{"not_picked":["Thunderclap","Intimidate"],"picked":"Havoc","floor":5.0},{"not_picked":["Body Slam","Dual Wield"],"picked":"Twin Strike","floor":6.0},{"not_picked":["Barricade","Iron Wave"],"picked":"Pummel","floor":10.0},{"not_picked":["Perfected Strike","Headbutt"],"picked":"Pummel","floor":10.0},{"not_picked":["Heavy Blade","Thunderclap"],"picked":"Flame Barrier","floor":11.0},{"not_picked":["Twin Strike","Anger"],"picked":"Fire Breathing","floor":11.0},{"not_picked":["Wild Strike","Ghostly Armor"],"picked":"Evolve","floor":12.0},{"not_picked":["Shrug It Off","Rampage"],"picked":"Feel No Pain","floor":12.0},{"not_picked":["Berserk","Reaper"],"picked":"Corruption","floor":16.0},{"not_picked":["Flex","Cleave"],"picked":"Whirlwind+1","floor":18.0},{"not_picked":["Heavy Blade","Anger"],"picked":"Cleave+1","floor":18.0},{"not_picked":["Warcry","Anger"],"picked":"Seeing Red","floor":22.0},{"not_picked":["Cleave","Anger"],"picked":"Pummel","floor":22.0},{"not_picked":["Pommel Strike","Iron Wave"],"picked":"Rage","floor":24.0},{"not_picked":["Metallicize","Sword Boomerang+1"],"picked":"Inflame+1","floor":25.0},{"not_picked":["Iron Wave","Perfected Strike+1"],"picked":"Sword Boomerang","floor":25.0},{"not_picked":["Warcry+1","Battle Trance"],"picked":"Impervious","floor":28.0},{"not_picked":["Twin Strike","Hemokinesis"],"picked":"Power Through","floor":28.0},{"not_picked":["Hemokinesis","Barricade"],"picked":"True Grit","floor":29},{"not_picked":["Flex+1","Headbutt"],"picked":"Wild Strike+1","floor":31},{"not_picked":["Dark Embrace","Pommel Strike"],"picked":"Disarm","floor":31},{"not_picked":["Brutality","Berserk"],"picked":"Reaper","floor":33},{"not_picked":["Thunderclap+1","Clash+1"],"picked":"Seeing Red+1","floor":35},{"not_picked":["Clothesline+1","True Grit"],"picked":"Iron Wave+1","floor":35},{"not_picked":["Sword Boomerang+1","Flex+1"],"picked":"Fire Breathing","floor":36},{"not_picked":["Sword Boomerang","Uppercut+1"],"picked":"Inflame+1","floor":36},{"not_picked":["Perfected Strike+1","Bloodletting+1"],"picked":"Disarm+1","floor":38},{"not_picked":["Heavy Blade","Second Wind"],"picked":"True Grit+1","floor":38}],"player_experience":775049,"relics_obtained":[{"floor":6.0,"key":"Prayer Wheel"},{"floor":9.0,"key":"Peace Pipe"},{"floor":24.0,"key":"Shovel"},{"floor":26.0,"key":"Letter Opener"},{"floor":27.0,"key":"Pantograph"},{"floor":29,"key":"Calipers"}],"event_choices":[{"cards_removed":["Strike_R"],"damage_healed":0.0,"max_hp_gain":0.0,"max_hp_loss":0.0,"gold_gain":0.0,"event_name":"The Cleric","player_choice":"Card Removal","floor":2.0,"gold_loss":50.0,"damage_taken":0.0},{"damage_healed":0.0,"max_hp_gain":0.0,"max_hp_loss":0.0,"gold_gain":100.0,"event_name":"Golden Shrine","player_choice":"Pray","floor":7.0,"gold_loss":0.0,"damage_taken":0.0},{"cards_removed":["Combust"],"damage_healed":0.0,"max_hp_gain":0.0,"max_hp_loss":0.0,"gold_gain":0.0,"event_name":"Back to Basics","player_choice":"Elegance","floor":19.0,"gold_loss":0.0,"damage_taken":0.0},{"damage_healed":0.0,"max_hp_gain":0.0,"max_hp_loss":0.0,"gold_gain":0.0,"event_name":"The Library","player_choice":"Read","floor":20.0,"gold_loss":0.0,"damage_taken":0.0,"cards_obtained":["Wild Strike"]},{"cards_removed":["Entrench"],"damage_healed":0.0,"max_hp_gain":0.0,"max_hp_loss":0.0,"gold_gain":0.0,"event_name":"Beggar","player_choice":"Gave Gold","floor":21.0,"gold_loss":75.0,"damage_taken":0.0},{"damage_healed":0,"gold_gain":0,"player_choice":"Embrace Madness","damage_taken":12,"max_hp_gain":0,"max_hp_loss":0,"event_name":"Winding Halls","floor":37,"gold_loss":0,"cards_obtained":["Madness","Madness"]}],"is_beta":false,"boss_relics":[{"not_picked":["Coffee Dripper","Busted Crown"],"picked":"Pandora\u0027s Box"},{"not_picked":["Empty Cage","Calling Bell"],"picked":"Cursed Key"}],"items_purged_floors":[],"is_endless":false,"potions_floor_spawned":[3,12,16,25,28,33,38],"killed_by":"Jaw Worm Horde","ascension_level":7}}