{"host":"Jedit","time":1611795289,"event":{"mods":["BaseMod","Minty Spire (QoL Compilation)","Relic Stats","StSLib"],"gold_per_floor":[117,167,180,21,34,34,60,60,132,132,132],"floor_reached":10,"language":"ENG","playtime":301,"items_purged":["Clumsy"],"score":132,"play_id":"a1f3c5c2-eb5b-4c9b-89c6-908c5af34d59","local_time":"20210128005449","is_ascension_mode":true,"campfire_choices":[{"data":"Dash","floor":6,"key":"SMITH"},{"floor":8,"key":"REST"}],"circlet_count":0,"master_deck":["AscendersBane","Strike_G","Strike_G+1","Strike_G","Strike_G","Strike_G","Defend_G","Defend_G","Defend_G","Defend_G","Defend_G","Survivor","Neutralize+1","Predator","Dash+1","Blur","Acrobatics","After Image"],"relics":["Ring of the Snake","Turnip","Whetstone","HornCleat"],"acts_visited":["Exordium"],"potions_floor_usage":[7,7],"damage_taken":[{"damage":7,"enemies":"Jaw Worm","floor":1,"turns":6},{"damage":1,"enemies":"Cultist","floor":3,"turns":4},{"damage":0,"enemies":"2 Louse","floor":5,"turns":3},{"damage":41,"enemies":"Lagavulin","floor":7,"turns":7},{"damage":10,"enemies":"Gremlin Nob","floor":10,"turns":4}],"seed_played":"7686719568066713429","potions_obtained":[{"floor":1,"key":"FearPotion"},{"floor":3,"key":"Explosive Potion"},{"floor":7,"key":"Strength Potion"}],"is_trial":false,"path_per_floor":["M","?","M","$","M","R","E","R","T","E"],"character_chosen":"THE_SILENT","items_purchased":["Blur"],"campfire_rested":1,"item_purchase_floors":[4],"current_hp_per_floor":[52,52,51,51,51,51,10,29,29,19,19],"gold":132,"neow_bonus":"ONE_RARE_RELIC","is_daily":false,"chose_seed":false,"campfire_upgraded":1,"win_rate":0.0,"timestamp":1611795289,"path_taken":["M","?","M","?","M","R","E","R","T","E"],"items_purchased_type":["Card"],"build_version":"2020-12-18","purchased_purges":1,"victory":false,"max_hp_per_floor":[66,66,66,66,66,66,66,66,66,66,66],"relic_stats":{"counters":[5,24],"Turnip":[0],"Whetstone":["Neutralize","Strike_G"],"obtain_stats":[{"HornCleat":9,"Turnip":0,"Whetstone":7,"Ring of the Snake":0},{"HornCleat":4,"Turnip":0,"Whetstone":4,"Ring of the Snake":0},{"HornCleat":20,"Turnip":0,"Whetstone":20,"Ring of the Snake":0}],"Ring of the Snake":[10]},"card_choices":[{"not_picked":["Cloak And Dagger","Outmaneuver"],"picked":"Predator","floor":1},{"not_picked":["Caltrops","Eviscerate"],"picked":"Dash","floor":3},{"not_picked":["Expertise","Dagger Throw"],"picked":"Acrobatics","floor":5},{"not_picked":["Quick Slash","Skewer"],"picked":"After Image","floor":7}],"player_experience":3454796,"relics_obtained":[{"floor":7,"key":"Whetstone"},{"floor":9,"key":"HornCleat"}],"event_choices":[{"damage_healed":0,"gold_gain":50,"player_choice":"Pray","damage_taken":0,"max_hp_gain":0,"max_hp_loss":0,"event_name":"Golden Shrine","floor":2,"gold_loss":0}],"is_beta":true,"boss_relics":[],"items_purged_floors":[4],"is_endless":false,"potions_floor_spawned":[1,3,7],"killed_by":"Gremlin Nob","ascension_level":20}}