{"host":"uvmuduost5bzvojs","time":1611800329,"event":{"mods":["Aspiration","Bard","BaseMod","Better Match","Block Reminder","Conspire","Hermit","Highlight Path","Hubris","Infinite Spire","Jorbs\u0027s Wanderer Trilogy","Mad Scientist","Marisa????????","Mimic Mod","Minty Spire (QoL Compilation)","Potionbrewer","Replay The Spire","Robot Space Explorer","StSLib","The Blackbeard","The Construct","The Cursed","The Disciple","The Hayseed","The Hierophant","The Juggle","The Jungle","The Poker Player","The Runesmith","The Servant 0.9.4","The Spell Scribe","The Valiant","TheBandit"],"gold_per_floor":[113,113,113,14,14,52,52,66,142,67,107,107,128,153,153,153,153],"floor_reached":16,"language":"ENG","playtime":641,"items_purged":["TheSimpletonMod:Strike_TheSimpleton"],"score":108,"play_id":"28d04376-1da4-49f9-8641-2a32812ed41a","local_time":"20210127211849","is_ascension_mode":false,"campfire_choices":[{"data":"TheSimpletonMod:Potatoes","floor":7,"key":"SMITH"},{"data":"TheSimpletonMod:CropRotation","floor":12,"key":"SMITH"},{"floor":15,"key":"REST"}],"circlet_count":0,"master_deck":["TheSimpletonMod:Strike_TheSimpleton","TheSimpletonMod:Strike_TheSimpleton","TheSimpletonMod:Strike_TheSimpleton+1","TheSimpletonMod:Defend_TheSimpleton","TheSimpletonMod:Defend_TheSimpleton","TheSimpletonMod:Defend_TheSimpleton","TheSimpletonMod:Defend_TheSimpleton","TheSimpletonMod:Haymaker+1","TheSimpletonMod:ReapAndSow","TheSimpletonMod:Fertilaser","TheSimpletonMod:Potatoes+1","TheSimpletonMod:Fertilaser","TheSimpletonMod:Potatoes","TheSimpletonMod:Sunseed","TheSimpletonMod:CropRotation+1","TheSimpletonMod:Thresh"],"relics":["TheSimpletonMod:SpudOfTheInnocent","TheSimpletonMod:NightSoil","TheSimpletonMod:TheHarvester","Golden Idol","construct:RocketBooster","conspire:DecoderRing","Bag of Preparation"],"acts_visited":["Exordium"],"potions_floor_usage":[6,16,16],"damage_taken":[{"damage":1,"enemies":"Jaw Worm","floor":1,"turns":4},{"damage":31,"enemies":"3 Sentries","floor":6,"turns":8},{"damage":8,"enemies":"Small Slimes","floor":8,"turns":2},{"damage":28,"enemies":"Gremlin Nob","floor":11,"turns":4},{"damage":5,"enemies":"2 Louse","floor":13,"turns":2},{"damage":5,"enemies":"Looter","floor":14,"turns":3},{"damage":32,"enemies":"Hexaghost","floor":16,"turns":7}],"seed_played":"6686957334101830330","potions_obtained":[{"floor":1,"key":"FearPotion"},{"floor":11,"key":"potionbrewer:NoxiousPotion"},{"floor":13,"key":"potionbrewer:MidasPotion"}],"is_trial":false,"path_per_floor":["M","?","?","$","?","E","R","M","T","$","E","R","M","M","R","B"],"character_chosen":"THE_SIMPLETON","items_purchased":["TheSimpletonMod:Potatoes","TheSimpletonMod:Fertilaser"],"campfire_rested":1,"item_purchase_floors":[4,4],"current_hp_per_floor":[82,82,82,82,76,49,49,41,41,41,17,17,12,7,29,0,0],"gold":153,"neow_bonus":"TEN_PERCENT_HP_BONUS","is_daily":false,"chose_seed":false,"campfire_upgraded":2,"win_rate":0.0,"timestamp":1611800329,"path_taken":["M","?","?","$","?","E","R","M","T","$","E","R","M","M","R","BOSS"],"items_purchased_type":["Card","Card"],"build_version":"2020-12-22","purchased_purges":1,"victory":false,"max_hp_per_floor":[82,82,82,82,76,76,76,76,76,76,76,76,76,76,76,76,76],"card_choices":[{"not_picked":["TheSimpletonMod:SlashAndBurn","TheSimpletonMod:Ferment"],"picked":"TheSimpletonMod:Fertilaser","floor":1},{"not_picked":["TheSimpletonMod:SlashAndBurn","TheSimpletonMod:CullingStrike"],"picked":"TheSimpletonMod:Potatoes","floor":6},{"not_picked":["TheSimpletonMod:Corn","TheSimpletonMod:SpiceUp"],"picked":"TheSimpletonMod:Sunseed","floor":8},{"not_picked":["TheSimpletonMod:Aerate","TheSimpletonMod:Ferment"],"picked":"TheSimpletonMod:CropRotation","floor":11},{"not_picked":["TheSimpletonMod:Mulch","TheSimpletonMod:KeenEdge"],"picked":"TheSimpletonMod:Thresh","floor":13},{"not_picked":["TheSimpletonMod:SeedCoat","TheSimpletonMod:OnionBloom","TheSimpletonMod:BumperCrop"],"picked":"SKIP","floor":14}],"player_experience":1867563,"relics_obtained":[{"floor":6,"key":"construct:RocketBooster"},{"floor":9,"key":"conspire:DecoderRing"},{"floor":11,"key":"Bag of Preparation"}],"event_choices":[{"damage_healed":0,"gold_gain":0,"player_choice":"Leave","damage_taken":0,"max_hp_gain":0,"max_hp_loss":0,"event_name":"The Cleric","floor":3,"gold_loss":0},{"damage_healed":0,"gold_gain":0,"player_choice":"Lose Max HP","damage_taken":0,"relics_obtained":["Golden Idol"],"max_hp_gain":0,"max_hp_loss":6,"event_name":"Golden Idol","floor":5,"gold_loss":0}],"is_beta":false,"boss_relics":[],"items_purged_floors":[10],"is_endless":false,"potions_floor_spawned":[1,11,13],"killed_by":"Hexaghost","ascension_level":0}}