{"host":"kydqlojjt9mno5rv","time":1611815232,"event":{"mods":["AchievementEnabler","BaseMod","Colored Powertips","DeckTracker","Minty Spire (QoL Compilation)","Spicy Shops","StSLib","SuperFastMode","Synergy Search","Weighted Paths"],"gold_per_floor":[119,119,69,69,92,127,127,143,143,46,46,64,64,79,79,79,79],"floor_reached":16,"language":"ENG","playtime":459,"items_purged":[],"score":184,"play_id":"658180a7-8606-4e06-a443-ca0306d33624","local_time":"20210128012712","is_ascension_mode":true,"campfire_choices":[{"data":"Accuracy","floor":11,"key":"SMITH"},{"data":"Blade Dance","floor":13,"key":"SMITH"},{"floor":15,"key":"RECALL"}],"circlet_count":0,"master_deck":["Strike_G","Strike_G","Strike_G","Strike_G","Strike_G","Defend_G","Defend_G","Defend_G","Defend_G","Defend_G","Survivor","Neutralize","Regret","Blade Dance","Injury","Finisher","Blade Dance","Outmaneuver","Accuracy+1","Outmaneuver","Blade Dance+1"],"relics":["Ring of the Snake","NeowsBlessing","Singing Bowl","Golden Idol","Gremlin Horn","Orichalcum"],"acts_visited":["Exordium"],"potions_floor_usage":[16,16],"damage_taken":[{"damage":0,"enemies":"Small Slimes","floor":1,"turns":1},{"damage":0,"enemies":"2 Louse","floor":5,"turns":1},{"damage":0,"enemies":"3 Sentries","floor":6,"turns":1},{"damage":4,"enemies":"Cultist","floor":8,"turns":3},{"damage":8,"enemies":"3 Louse","floor":12,"turns":3},{"damage":0,"enemies":"Large Slime","floor":14,"turns":3}],"seed_played":"-4467599881374693639","potions_obtained":[{"floor":1,"key":"Block Potion"},{"floor":12,"key":"FearPotion"},{"floor":14,"key":"LiquidBronze"}],"is_trial":false,"path_per_floor":["M","?","$","?","M","E","?","M","T","$","R","M","R","M","R","B"],"character_chosen":"THE_SILENT","items_purchased":["Blade Dance","Accuracy","Outmaneuver"],"campfire_rested":0,"item_purchase_floors":[3,10,10],"current_hp_per_floor":[70,70,70,70,70,70,70,66,66,66,66,58,58,60,60,0,0],"gold":79,"neow_bonus":"THREE_ENEMY_KILL","is_daily":false,"chose_seed":false,"campfire_upgraded":2,"win_rate":0.0,"timestamp":1611815232,"path_taken":["M","?","$","?","M","E","?","M","T","$","R","M","R","M","R","BOSS"],"items_purchased_type":["Card","Card","Card"],"build_version":"2020-12-22","purchased_purges":0,"victory":false,"max_hp_per_floor":[70,70,70,70,70,70,70,70,70,70,70,70,70,72,72,72,72],"card_choices":[{"not_picked":["Setup","Tactician","Caltrops"],"picked":"SKIP","floor":1},{"not_picked":["Quick Slash","Deflect"],"picked":"Finisher","floor":5},{"not_picked":["Flying Knee","PiercingWail"],"picked":"Blade Dance","floor":6},{"not_picked":["Dash","Backflip"],"picked":"Outmaneuver","floor":8},{"not_picked":["Deflect","Outmaneuver"],"picked":"Blade Dance","floor":12},{"not_picked":["Poisoned Stab","Masterful Stab","Well Laid Plans"],"picked":"Singing Bowl","floor":14}],"player_experience":141394,"relics_obtained":[{"floor":6,"key":"Gremlin Horn"},{"floor":9,"key":"Orichalcum"}],"event_choices":[{"damage_healed":0,"gold_gain":0,"player_choice":"Box","damage_taken":0,"relics_obtained":["Singing Bowl"],"max_hp_gain":0,"max_hp_loss":0,"event_name":"Big Fish","floor":2,"gold_loss":0,"cards_obtained":["Regret"]},{"damage_healed":0,"gold_gain":0,"player_choice":"Take Wound","damage_taken":0,"relics_obtained":["Golden Idol"],"max_hp_gain":0,"max_hp_loss":0,"event_name":"Golden Idol","floor":4,"gold_loss":0,"cards_obtained":["Injury"]},{"damage_healed":0,"gold_gain":0,"player_choice":"Full Heal","damage_taken":0,"max_hp_gain":0,"max_hp_loss":0,"event_name":"Wheel of Change","floor":7,"gold_loss":0}],"is_beta":false,"boss_relics":[],"items_purged_floors":[],"is_endless":false,"potions_floor_spawned":[1,12,14],"killed_by":"The Guardian","ascension_level":1}}