{"host":"5v9rfzf5qju8k9wy","time":1611823973,"event":{"mods":["Act Like it!","Arknights The Spire","BaseMod","Gensokyo","Marisa£®ÏF”Í°°ƒß¿Ì…≥£©","Minty Spire (QoL Compilation)","Reimu£®≤©¿ˆ¡È√Œ£©","Remilia£®¿Ÿ√◊¿Ú—«£©","Replay The Spire","StSLib","The Administrix"],"gold_per_floor":[109,0,13,23,23,23,23,43,43,43,63,92,15,33,33,132,132,132,132],"floor_reached":18,"language":"ZHS","playtime":1196,"items_purged":["Defend_RM"],"score":162,"play_id":"2de43244-91ac-4005-9d65-e7c1a698ab38","local_time":"20210128165253","is_ascension_mode":false,"campfire_choices":[{"data":"ScarletImprint","floor":7.0,"key":"SMITH"},{"data":"RedMoon","floor":10,"key":"SMITH"},{"data":"MastersStateliness","floor":15,"key":"SMITH"}],"circlet_count":0,"master_deck":["Strike_RM","Strike_RM","Strike_RM","Strike_RM","Defend_RM","Defend_RM","Defend_RM","RedMoon+1","ScarletShoot","DiffusionOfMisfortune","UnstableMagic+1","LeisurelyOfLord","ScarletImprint+1","Pain","ScarletDevil","Stigmanizer","ScarletNetherworld","Gensokyo:BlemishedSteel","MastersStateliness+1","ScarletMeister"],"relics":["ScarletHat","NeowsBlessing","Gensokyo:LunaticRedEyes","ReplayFunnel","CrazyTorch:ReiMu","Painkiller Herb"],"acts_visited":["Gensokyo:Gensokyo","Gensokyo:Gensokyoer"],"potions_floor_usage":[],"damage_taken":[{"damage":0.0,"enemies":"Gensokyo:Python","floor":1.0,"turns":1.0},{"damage":0.0,"enemies":"Gensokyo:Gryphon","floor":3.0,"turns":1.0},{"damage":0.0,"enemies":"Gensokyo:2_Kodama","floor":4.0,"turns":1.0},{"damage":7,"enemies":"Gensokyo:CorruptedTreant","floor":8,"turns":4},{"damage":5,"enemies":"Gensokyo:3_Kodama","floor":11,"turns":5},{"damage":19,"enemies":"Gensokyo:Mamizou","floor":12,"turns":11},{"damage":2,"enemies":"Gensokyo:5_Fairies","floor":14,"turns":6},{"damage":72,"enemies":"Gensokyo:Yukari","floor":16,"turns":12},{"damage":3,"enemies":"Gensokyo:AngelMirror","floor":18,"turns":1}],"seed_played":"7458413705181906379","potions_obtained":[{"floor":3.0,"key":"LiquidBronze"},{"floor":4.0,"key":"Elixir"},{"floor":12,"key":"Ancient Potion"}],"is_trial":false,"path_per_floor":["M","$","M","M","?","?","R","M","T","R","M","E","COS","M","R","B",null,"?"],"character_chosen":"REMILIA","items_purchased":["UnstableMagic+1"],"campfire_rested":0,"item_purchase_floors":[2],"current_hp_per_floor":[75,75,75,75,75,82,82,75,75,75,70,59,59,63,63,15,82,79,79],"gold":132,"neow_bonus":"THREE_ENEMY_KILL","is_daily":false,"chose_seed":false,"campfire_upgraded":3,"win_rate":0.0,"timestamp":1611823973,"path_taken":["M","?","?","M","?","?","R","M","T","R","M","E","COS","?","R","BOSS","?"],"items_purchased_type":["Card"],"build_version":"2020-12-22","purchased_purges":1,"victory":false,"max_hp_per_floor":[75,75,75,75,75,82,82,82,82,82,82,82,82,82,82,82,82,82,82],"card_choices":[{"not_picked":["VampireKiss","BloodAndWine"],"picked":"DiffusionOfMisfortune","floor":1.0},{"not_picked":["UnderTheZenith","VampirishNight"],"picked":"LeisurelyOfLord","floor":3.0},{"not_picked":["UltimateOffering","RedNightlessCastle"],"picked":"ScarletImprint","floor":4.0},{"not_picked":["BloodHunter","GlobalNightmare"],"picked":"ScarletDevil","floor":8},{"not_picked":["NightDance","ScarletImprint"],"picked":"Stigmanizer","floor":11},{"not_picked":["StarOfDavid","TransientEternity"],"picked":"ScarletNetherworld","floor":12},{"not_picked":["TwelveNightmare","VampirishNight"],"picked":"MastersStateliness","floor":14},{"not_picked":["BloodyCatastrophe","KillingBlow"],"picked":"ScarletMeister","floor":16}],"player_experience":103232,"relics_obtained":[{"floor":9,"key":"ReplayFunnel"},{"floor":12,"key":"CrazyTorch:ReiMu"}],"event_choices":[],"is_beta":false,"boss_relics":[{"not_picked":["Philosopher\u0027s Stone","Replay:Ancient Bell"],"picked":"Painkiller Herb"}],"items_purged_floors":[2],"is_endless":false,"potions_floor_spawned":[3,4,12],"killed_by":"Gensokyo:AngelMirror","ascension_level":0}}