{"host":"z9811rt50ti81n54","time":1611815491,"event":{"mods":["Arknights The Spire","BaseMod","Minty Spire (QoL Compilation)","StSLib"],"gold_per_floor":[112,124,135,151,151,151,44,64,64,84,106,116,116,65,65,160,160,172,87,87,12,12,12,38,56,56,69,87,100,100,119,119,219,219,232,132,132,144,144,144,144,144,169,169,14,14,14,14,14,14],"floor_reached":51,"language":"ENG","playtime":2949,"items_purged":["ats:Strike V","ats:Strike C"],"score":630,"play_id":"d35153c1-0c57-4508-a9fe-2df694bcde0f","local_time":"20210128153131","is_ascension_mode":false,"campfire_choices":[{"data":"ats:Beaten Up","floor":6.0,"key":"SMITH"},{"data":"ats:Ambush","floor":13.0,"key":"SMITH"},{"data":"ats:Part Time Job","floor":15.0,"key":"SMITH"},{"data":"ats:Sashimi Platter","floor":23,"key":"SMITH"},{"data":"ats:Nebulous Foxfire","floor":32,"key":"SMITH"},{"data":"ats:Calcification","floor":40,"key":"SMITH"},{"data":"ats:Shell Defense","floor":41,"key":"SMITH"},{"data":"ats:Ignite","floor":42,"key":"SMITH"},{"data":"ats:Emotion Absorption","floor":44,"key":"SMITH"},{"data":"ats:Blood Oath","floor":46,"key":"SMITH"},{"data":"Chrysalis","floor":49,"key":"SMITH"}],"circlet_count":0,"master_deck":["ats:Strike G","ats:Strike S","ats:Armor Crushing Shot","ats:Defend","ats:Defend","ats:Defend","ats:Defend","ats:Emotion Absorption+1","ats:Hammer On","ats:Ignite+1","ats:Blood Oath+1","ats:Beaten Up+1","ats:Part Time Job+1","ats:Sword Rain","ats:Ambush+1","ats:Shadow Raid","ats:Sashimi Platter+1","ats:Shell Defense+1","ats:Absolute Focus+1","ats:Mental Burst+1","ats:Nebulous Foxfire+1","ats:Leaping Hammer+1","ats:Literary Storm+1","ats:Calcification+1","ats:Support Order+1","ats:Calcification+1","Panacea","PanicButton","Chrysalis+1"],"relics":["ats:Tactical Delivery","Pantograph","Blue Candle","Odd Mushroom","Coffee Dripper","Letter Opener","Thread and Needle","ats:Originium","Vajra","Bottled Flame","SacredBark","WingedGreaves","Bag of Preparation","DollysMirror"],"acts_visited":["Exordium","TheCity","TheBeyond"],"potions_floor_usage":[50,50,50],"damage_taken":[{"damage":4.0,"enemies":"Cultist","floor":1.0,"turns":4.0},{"damage":1.0,"enemies":"Jaw Worm","floor":2.0,"turns":4.0},{"damage":3.0,"enemies":"Small Slimes","floor":3.0,"turns":2.0},{"damage":7.0,"enemies":"Blue Slaver","floor":4.0,"turns":2.0},{"damage":8.0,"enemies":"Red Slaver","floor":8.0,"turns":3.0},{"damage":0.0,"enemies":"Looter","floor":10.0,"turns":3.0},{"damage":5.0,"enemies":"The Mushroom Lair","floor":11.0,"turns":5.0},{"damage":0.0,"enemies":"Gremlin Gang","floor":12.0,"turns":4.0},{"damage":37.0,"enemies":"The Guardian","floor":16.0,"turns":12.0},{"damage":29.0,"enemies":"3 Byrds","floor":18.0,"turns":5.0},{"damage":41,"enemies":"Book of Stabbing","floor":24,"turns":7},{"damage":1,"enemies":"Shell Parasite","floor":25,"turns":4},{"damage":8,"enemies":"Centurion and Healer","floor":27,"turns":5},{"damage":9,"enemies":"Sentry and Sphere","floor":28,"turns":5},{"damage":0,"enemies":"3 Cultists","floor":29,"turns":4},{"damage":3,"enemies":"Shelled Parasite and Fungi","floor":31,"turns":5},{"damage":64,"enemies":"Champ","floor":33,"turns":11},{"damage":8,"enemies":"Orb Walker","floor":35,"turns":3},{"damage":12,"enemies":"3 Darklings","floor":38,"turns":4},{"damage":95,"enemies":"Awakened One","floor":50,"turns":20}],"seed_played":"-8701590966029423334","potions_obtained":[{"floor":1.0,"key":"FairyPotion"},{"floor":3.0,"key":"LiquidBronze"},{"floor":11.0,"key":"DistilledChaos"},{"floor":24,"key":"Fire Potion"},{"floor":25,"key":"Regen Potion"},{"floor":29,"key":"ats:Top Emergency Sanity Potion"},{"floor":30,"key":"Regen Potion"},{"floor":38,"key":"Regen Potion"}],"is_trial":false,"path_per_floor":["M","M","M","M","?","R","$","M","T","M","?","M","R","$","R","B",null,"M","?","?","$","?","R","E","M","T","M","M","M","?","M","R","B",null,"M","$","T","M","?","R","R","R","T","R","$","R","?","?","R","B",null],"character_chosen":"DOCTOR_CLASS","items_purchased":["ats:Part Time Job","ats:Sword Rain","ats:Poison Spread","DollysMirror"],"campfire_rested":0,"item_purchase_floors":[7,7,14,45],"current_hp_per_floor":[68,67,64,60,35,35,35,30,30,33,37,57,57,57,57,61,72,55,55,55,55,55,55,46,64,64,72,69,72,72,72,72,39,72,70,70,70,65,65,65,65,65,65,65,65,65,65,55,55,68],"gold":14,"neow_bonus":"BOSS_RELIC","is_daily":false,"chose_seed":false,"campfire_upgraded":11,"win_rate":0.0,"timestamp":1611815491,"path_taken":["M","M","?","M","?","R","$","M","T","M","?","M","R","?","R","BOSS","M","?","?","$","?","R","E","M","T","?","M","?","?","M","R","BOSS","M","$","?","M","?","R","R","R","T","R","$","R","?","?","R","BOSS"],"items_purchased_type":["Card","Card","Card","Relic"],"build_version":"2020-12-22","purchased_purges":2,"victory":true,"max_hp_per_floor":[72,72,72,72,72,72,72,72,72,72,72,72,72,72,72,72,72,72,72,72,72,72,72,72,72,72,72,72,72,72,72,72,72,72,72,72,72,72,72,72,72,72,72,72,72,72,68,68,68,68],"card_choices":[{"not_picked":["ats:Encircling Forest","ats:Charging Defense"],"picked":"ats:Hammer On","floor":1.0},{"not_picked":["ats:Leaping Hammer","ats:Soul Absorption"],"picked":"ats:Ignite","floor":2.0},{"not_picked":["ats:Curse Doll","ats:Powerful Strike"],"picked":"ats:Blood Oath","floor":3.0},{"not_picked":["ats:Very Hot Blade","ats:Closed Bolt Burst Fire"],"picked":"ats:Beaten Up","floor":4.0},{"not_picked":["ats:Leaping Hammer","ats:Magnetic Hammer"],"picked":"ats:Ambush","floor":8.0},{"not_picked":["ats:Assault Order","ats:Absolute Focus"],"picked":"ats:Shadow Raid","floor":10.0},{"not_picked":["ats:Support Order","ats:Flexible Camouflage"],"picked":"ats:Sashimi Platter","floor":11.0},{"not_picked":["ats:Cat Scratch","ats:Soul Absorption"],"picked":"ats:Shell Defense","floor":12.0},{"not_picked":["ats:Durian","ats:Ambush"],"picked":"ats:Roar Of Ursus","floor":16.0},{"not_picked":["ats:Automatic Cover","ats:Magnetic Hammer"],"picked":"ats:Absolute Focus+1","floor":18.0},{"not_picked":["ats:Leaping Hammer","ats:Curse Doll"],"picked":"ats:Mental Burst+1","floor":24},{"not_picked":["ats:Assault Order","ats:Ignite","ats:Closed Bolt Burst Fire"],"picked":"SKIP","floor":25},{"not_picked":["ats:Hammer On","ats:Curse Doll"],"picked":"ats:Nebulous Foxfire","floor":27},{"not_picked":["ats:Flexible Camouflage","ats:Neurotoxin"],"picked":"ats:Leaping Hammer+1","floor":28},{"not_picked":["ats:Ignite","ats:Explosion Area Strengthen","ats:Sunburst"],"picked":"SKIP","floor":29},{"not_picked":["ats:Ignite","ats:Explosion Area Strengthen","ats:Sunburst"],"picked":"SKIP","floor":29},{"not_picked":["ats:Counter Healing Mode","ats:Red Shift+1"],"picked":"ats:Literary Storm+1","floor":31},{"not_picked":["ats:Rat Pack","ats:Wolf Pack"],"picked":"ats:Calcification","floor":33},{"not_picked":["ats:Defend Order","ats:Phantom"],"picked":"ats:Support Order+1","floor":35},{"not_picked":["ats:Poison Spread+1","ats:Assault Order","ats:Ignite"],"picked":"SKIP","floor":38},{"not_picked":["Bandage Up","Deep Breath"],"picked":"Panacea","floor":48},{"not_picked":["Finesse","Good Instincts"],"picked":"PanicButton","floor":48},{"not_picked":["Purity","Secret Weapon"],"picked":"Chrysalis","floor":48}],"player_experience":427337,"relics_obtained":[{"floor":9.0,"key":"Blue Candle"},{"floor":11.0,"key":"Odd Mushroom"},{"floor":24,"key":"ats:Originium"},{"floor":24,"key":"Vajra"},{"floor":26,"key":"Bottled Flame"},{"floor":37,"key":"WingedGreaves"},{"floor":43,"key":"Bag of Preparation"}],"event_choices":[{"damage_healed":0.0,"max_hp_gain":0.0,"max_hp_loss":0.0,"gold_gain":0.0,"event_name":"Scrap Ooze","player_choice":"Success","floor":5.0,"gold_loss":0.0,"damage_taken":25.0,"relics_obtained":["Pantograph"]},{"damage_healed":0.0,"max_hp_gain":0.0,"max_hp_loss":0.0,"gold_gain":0.0,"event_name":"Mushrooms","player_choice":"Fought Mushrooms","floor":11.0,"gold_loss":0.0,"damage_taken":0.0},{"damage_healed":0.0,"max_hp_gain":0.0,"max_hp_loss":0.0,"gold_gain":0.0,"event_name":"Addict","player_choice":"Obtained Relic","floor":19.0,"gold_loss":85.0,"damage_taken":0.0,"relics_obtained":["Letter Opener"]},{"damage_healed":0.0,"max_hp_gain":0.0,"max_hp_loss":0.0,"gold_gain":0.0,"event_name":"Vampires","player_choice":"Ignored","floor":20.0,"gold_loss":0.0,"damage_taken":0.0},{"cards_removed":["ats:Roar Of Ursus"],"damage_healed":0,"gold_gain":0,"player_choice":"Gave Card","damage_taken":0,"relics_obtained":["Thread and Needle"],"max_hp_gain":0,"max_hp_loss":0,"event_name":"WeMeetAgain","floor":22,"gold_loss":0},{"damage_healed":0,"gold_gain":0,"player_choice":"Got Potions","damage_taken":0,"max_hp_gain":0,"max_hp_loss":0,"event_name":"Lab","floor":30,"gold_loss":0},{"cards_removed":["ats:Poison Spread"],"damage_healed":0,"gold_gain":0,"player_choice":"Removed Attack","damage_taken":0,"max_hp_gain":0,"max_hp_loss":0,"event_name":"Falling","floor":39,"gold_loss":0},{"damage_healed":0,"gold_gain":0,"player_choice":"Max HP","damage_taken":0,"max_hp_gain":0,"max_hp_loss":4,"event_name":"Winding Halls","floor":47,"gold_loss":0},{"damage_healed":0,"gold_gain":0,"player_choice":"Memory 3","damage_taken":10,"max_hp_gain":0,"max_hp_loss":0,"event_name":"SensoryStone","floor":48,"gold_loss":0}],"is_beta":false,"boss_relics":[{"not_picked":["Velvet Choker","Black Star"],"picked":"Coffee Dripper"},{"not_picked":["Snecko Eye","Philosopher\u0027s Stone"],"picked":"SacredBark"}],"items_purged_floors":[21,36],"is_endless":false,"potions_floor_spawned":[1,3,11,24,25,28,29,38],"ascension_level":0}}