{"host":"drjz7zl15rqtgg20","time":1611856664,"event":{"mods":["BaseMod","Downfall","Minty Spire (QoL Compilation)","StSLib"],"gold_per_floor":[99,117,133,133,233,133,133,43,55,40,40,74,74,92,106,207,207,7,19,39,39,239,124,124,109,137,152,167,332,332,332,351,452,452,452,452,227,52,103,137,137,157,157,168,202,47,47,58,78,78,78,112,30,30,30,30,30,30],"floor_reached":56,"language":"ENG","playtime":4271,"items_purged":["Guardian:Strike_Guardian","Guardian:Defend_Guardian","Pride","Guardian:Defend_Guardian","Guardian:Strike_Guardian"],"score":848,"play_id":"995acdfa-fa9d-4f46-9045-0a969e555c3a","local_time":"20210128125744","is_ascension_mode":false,"campfire_choices":[{"floor":1,"key":"RECALL"},{"data":"Guardian:TwinSlam","floor":6,"key":"SMITH"},{"floor":11,"key":"REST"},{"data":"Guardian:Suspension","floor":13,"key":"SMITH"},{"data":"Guardian:TemporalStrike","floor":18,"key":"SMITH"},{"data":"Guardian:SentryBeam","floor":30,"key":"SMITH"},{"data":"Guardian:BodySlam","floor":35,"key":"SMITH"},{"data":"Guardian:TimeCapacitor","floor":43,"key":"SMITH"},{"data":"Guardian:ShieldCharger","floor":47,"key":"SMITH"},{"floor":54,"key":"REST"}],"circlet_count":0,"master_deck":["Guardian:Defend_Guardian","Guardian:Defend_Guardian","Guardian:CurlUp","Guardian:TwinSlam+1","Guardian:TemporalStrike+1","Guardian:Suspension+1","Guardian:TemporalShield","Guardian:BodySlam+1","Guardian:SentryBeam+1","Guardian:SentryBeam","Guardian:ShieldCharger+1","Guardian:TimeCapacitor+1","Guardian:Recover+1","Guardian:BodySlam+1","Guardian:RollAttack+1","Guardian:BodySlam+1","Guardian:TemporalShield+1","Guardian:Gem_White"],"relics":["Guardian:ModeShifterPlus","downfall:GremlinWheel","downfall:HeartBlessingRed","Vajra","Bronze Scales","bronze:MakeshiftBattery","downfall:HeartBlessingGreen","downfall:HeartBlessingBlue","Gremlin Horn","Meat on the Bone","Nunchaku","Regal Pillow","Juzu Bracelet","Slimebound:PreparedRelic","Molten Egg 2","DollysMirror","Ornamental Fan"],"acts_visited":["Exordium","TheCity","TheBeyond","TheEnding"],"potions_floor_usage":[10,26,56,56,56],"damage_taken":[{"damage":11,"enemies":"Jaw Worm","floor":2,"turns":4},{"damage":5,"enemies":"Small Slimes","floor":3,"turns":3},{"damage":30,"enemies":"Small Slimes","floor":5,"turns":7},{"damage":0,"enemies":"downfall:FleeingMerchant","floor":8,"turns":4},{"damage":1,"enemies":"Cultist","floor":9,"turns":3},{"damage":0,"enemies":"downfall:FleeingMerchant","floor":10,"turns":4},{"damage":18,"enemies":"3 Sentries","floor":12,"turns":8},{"damage":6,"enemies":"Exordium Wildlife","floor":14,"turns":3},{"damage":2,"enemies":"3 Louse","floor":15,"turns":2},{"damage":27,"enemies":"DF_ARCHETYPE_STREAMLINE","floor":16,"turns":11},{"damage":4,"enemies":"Spheric Guardian","floor":19,"turns":3},{"damage":12,"enemies":"Chosen and Byrds","floor":20,"turns":6},{"damage":15,"enemies":"Chosen and Byrds","floor":22,"turns":6},{"damage":5,"enemies":"downfall:FleeingMerchant","floor":23,"turns":4},{"damage":10,"enemies":"downfall:FleeingMerchant","floor":25,"turns":4},{"damage":1,"enemies":"Book of Stabbing","floor":26,"turns":4},{"damage":2,"enemies":"Snecko","floor":27,"turns":4},{"damage":8,"enemies":"Centurion and Healer","floor":28,"turns":4},{"damage":0,"enemies":"downfall:FleeingMerchant","floor":29,"turns":1},{"damage":0,"enemies":"Chosen and Byrds","floor":32,"turns":3},{"damage":25,"enemies":"IC_MUSHROOM_ARCHETYPE","floor":33,"turns":6},{"damage":0,"enemies":"Reptomancer","floor":40,"turns":4},{"damage":0,"enemies":"3 Darklings","floor":42,"turns":3},{"damage":0,"enemies":"Orb Walker","floor":44,"turns":2},{"damage":48,"enemies":"Nemesis","floor":45,"turns":14},{"damage":0,"enemies":"4 Shapes","floor":48,"turns":3},{"damage":0,"enemies":"Maw","floor":49,"turns":4},{"damage":3,"enemies":"SI_POISON_ARCHETYPE","floor":50,"turns":4},{"damage":81,"enemies":"downfall:CharBossMerchant","floor":52,"turns":9},{"damage":53,"enemies":"downfall:NeowBoss","floor":55,"turns":15},{"damage":50,"enemies":"downfall:NeowBossFinal","floor":56,"turns":5}],"seed_played":"-1800901097117243850","potions_obtained":[{"floor":2,"key":"DuplicationPotion"},{"floor":5,"key":"Weak Potion"},{"floor":9,"key":"SmokeBomb"},{"floor":15,"key":"SpeedPotion"},{"floor":26,"key":"Dexterity Potion"},{"floor":32,"key":"Dexterity Potion"}],"is_trial":false,"path_per_floor":["R","M","M","?","?","R","T","$","M","$","R","E","R","M","M","B",null,"R","M","M","?","?","$","T","$","E","M","M","$","R","?","M","B",null,"R","?","$","$","?","E","T","M","R","M","E","$","R","M","M","B",null,"E","$","R","B","B"],"character_chosen":"GUARDIAN","items_purchased":["Guardian:SentryBeam","Guardian:Gem_White","DollysMirror","Guardian:Gem_White"],"campfire_rested":2,"item_purchase_floors":[29,37,46,53],"current_hp_per_floor":[88,77,72,72,42,42,42,42,41,41,67,49,49,43,41,14,88,98,94,82,82,67,62,62,52,51,61,53,53,53,53,53,40,98,98,98,98,98,98,98,98,98,98,98,50,50,50,50,50,59,98,29,29,73,32,0,0,0],"gold":30,"neow_bonus":"TEN_PERCENT_HP_BONUS","is_daily":false,"chose_seed":false,"campfire_upgraded":7,"win_rate":0.0,"timestamp":1611856664,"path_taken":["R","M","M","?","?","R","T","$","?","$","R","E","R","M","M","BOSS","R","M","M","?","?","$","T","$","E","M","M","?","R","?","M","BOSS","R","?","?","$","?","E","T","M","R","M","E","$","R","M","M","BOSS","E","$","R","BOSS","BOSS"],"items_purchased_type":["Card","Card","Relic","Card"],"build_version":"2020-12-22","purchased_purges":5,"victory":false,"max_hp_per_floor":[88,88,88,88,88,88,88,88,88,88,88,88,88,88,88,88,88,98,98,98,98,98,98,98,98,98,98,98,98,98,98,98,98,98,98,98,98,98,98,98,98,98,98,98,98,98,98,98,98,98,98,98,98,98,98,98,98,98],"card_choices":[{"not_picked":["Guardian:FloatingOrbs","Guardian:TimeBomb"],"picked":"Guardian:Gem_Fragmented","floor":2},{"not_picked":["Guardian:Harden","Guardian:PrismaticBeam"],"picked":"Guardian:TemporalStrike","floor":3},{"not_picked":["Guardian:ChargeCore","Guardian:Gem_Red"],"picked":"Guardian:Suspension","floor":8},{"not_picked":["Guardian:PrimingBeam","Guardian:RollAttack"],"picked":"Guardian:Gem_Crimson","floor":9},{"not_picked":["Guardian:AncientConstruct","Guardian:Preprogram","Guardian:RefractedBeam"],"picked":"SKIP","floor":10},{"not_picked":["Guardian:CrystalBeam","Guardian:GuardianWhirl","Guardian:Repulse"],"picked":"SKIP","floor":12},{"not_picked":["Guardian:FloatingOrbs","Guardian:Preprogram"],"picked":"Guardian:Gem_White","floor":14},{"not_picked":["Guardian:ChargeCore","Guardian:Gem_Yellow","Guardian:WalkerClaw"],"picked":"SKIP","floor":15},{"not_picked":["Guardian:ExploitGems","Guardian:AncientConstruct"],"picked":"Guardian:Gem_Orange","floor":16},{"not_picked":["Guardian:Gem_Green","Guardian:BronzeArmor","Guardian:Clone"],"picked":"SKIP","floor":19},{"not_picked":["Guardian:Planning","Guardian:Recover"],"picked":"Guardian:TemporalShield","floor":20},{"not_picked":["Guardian:PrismaticBeam","Guardian:Gem_Purple","Guardian:Gem_Orange"],"picked":"SKIP","floor":23},{"not_picked":["Guardian:PiercingHide","Guardian:Gem_Lightblue"],"picked":"Guardian:BodySlam","floor":25},{"not_picked":["Guardian:BodySlam","Guardian:FloatingOrbs","Guardian:Gem_Fragmented"],"picked":"SKIP","floor":26},{"not_picked":["Guardian:Gem_Cyan","Guardian:Suspension","Guardian:RollAttack"],"picked":"SKIP","floor":27},{"not_picked":["Guardian:PrimingBeam","Guardian:BodySlam","Guardian:ShieldSpikes"],"picked":"SKIP","floor":28},{"not_picked":["Guardian:FloatingOrbs","Guardian:HyperBeam_Guardian","Guardian:RefractedBeam"],"picked":"SKIP","floor":29},{"not_picked":["Guardian:TimeBomb","Guardian:Gem_Purple","Guardian:WalkerClaw"],"picked":"SKIP","floor":32},{"not_picked":["Guardian:Recover+1","Guardian:Gem_Cyan","Guardian:ArmoredProtocol+1"],"picked":"SKIP","floor":40},{"not_picked":["Guardian:Gem_Yellow","Guardian:Suspension+1"],"picked":"Guardian:TimeCapacitor","floor":42},{"not_picked":["Guardian:Planning","Guardian:Harden+1"],"picked":"Guardian:Recover+1","floor":44},{"not_picked":["Guardian:SpikerProtocol","Guardian:Preprogram+1","Guardian:VentSteam"],"picked":"SKIP","floor":45},{"not_picked":["Guardian:Harden+1","Guardian:Clone"],"picked":"Guardian:RollAttack+1","floor":48},{"not_picked":["Guardian:Gem_Purple","Guardian:RollAttack+1"],"picked":"Guardian:BodySlam+1","floor":49},{"not_picked":["Guardian:Gem_Cyan","Guardian:Clone"],"picked":"Guardian:TemporalShield+1","floor":52}],"player_experience":593554,"relics_obtained":[{"floor":5,"key":"downfall:GremlinWheel"},{"floor":6,"key":"Vajra"},{"floor":12,"key":"Bronze Scales"},{"floor":24,"key":"Meat on the Bone"},{"floor":26,"key":"Nunchaku"},{"floor":39,"key":"Regal Pillow"},{"floor":40,"key":"Juzu Bracelet"},{"floor":41,"key":"Slimebound:PreparedRelic"},{"floor":45,"key":"Molten Egg 2"},{"floor":52,"key":"Ornamental Fan"}],"event_choices":[{"cards_removed":["Guardian:Strike_Guardian"],"damage_healed":0,"gold_gain":0,"player_choice":"Card Removal","damage_taken":0,"max_hp_gain":0,"max_hp_loss":0,"event_name":"The Cleric","floor":4,"gold_loss":0},{"damage_healed":0,"gold_gain":0,"player_choice":"Relic","damage_taken":0,"max_hp_gain":0,"max_hp_loss":0,"event_name":"Wheel of Change","floor":6,"gold_loss":0},{"damage_healed":0,"gold_gain":0,"player_choice":"Stole Relic","damage_taken":0,"relics_obtained":["Gremlin Horn"],"max_hp_gain":0,"max_hp_loss":0,"event_name":"Addict","floor":21,"gold_loss":0,"cards_obtained":["Pride"]},{"damage_healed":0,"gold_gain":0,"player_choice":"Read","damage_taken":0,"max_hp_gain":0,"max_hp_loss":0,"event_name":"The Library","floor":31,"gold_loss":0,"cards_obtained":["Guardian:SentryBeam"]}],"is_beta":false,"boss_relics":[{"not_picked":["Coffee Dripper","Runic Pyramid"],"picked":"bronze:MakeshiftBattery"},{"not_picked":["Busted Crown","Fusion Hammer"],"picked":"Guardian:ModeShifterPlus"}],"items_purged_floors":[8,23,29,37,38],"is_endless":false,"potions_floor_spawned":[2,5,9,15,22,26,28,32,33,44,48,52],"killed_by":"downfall:NeowBossFinal","ascension_level":0}}