{"host":"dl7h25vjpuplx29g","time":1611842561,"event":{"mods":["BaseMod","Colored Map","Minty Spire (QoL Compilation)","StSLib"],"gold_per_floor":[17,31,45,59,59,59,93,93,120,120,176,176,176,211,211,301,301,315,315,240,240,259,259,259],"floor_reached":23,"language":"JPN","playtime":1779,"items_purged":[],"score":364,"play_id":"a54d2861-9886-4f3c-b6e1-dcd0e7ea5e47","local_time":"20210128230241","is_ascension_mode":true,"campfire_choices":[{"data":"Bouncing Flask","floor":6,"key":"SMITH"},{"floor":10,"key":"REST"},{"floor":12,"key":"REST"},{"data":"Neutralize","floor":15,"key":"SMITH"}],"circlet_count":0,"master_deck":["AscendersBane","Strike_G+1","Defend_G+1","Defend_G+1","Defend_G+1","Defend_G+1","Survivor","Neutralize+1","Well Laid Plans","Dagger Throw","Outmaneuver","Tactician","All Out Attack","Bouncing Flask+1","Deadly Poison","Parasite","Dagger Throw","Die Die Die","Malaise","Deflect"],"relics":["Ring of the Snake","Anchor","Nunchaku","Juzu Bracelet","TungstenRod","Golden Idol","Akabeko","Empty Cage"],"acts_visited":["Exordium","TheCity"],"potions_floor_usage":[7,7,18,23],"damage_taken":[{"damage":0.0,"enemies":"2 Louse","floor":1.0,"turns":3.0},{"damage":2,"enemies":"Small Slimes","floor":2,"turns":5},{"damage":2,"enemies":"Jaw Worm","floor":3,"turns":5},{"damage":6,"enemies":"Looter","floor":4,"turns":4},{"damage":19,"enemies":"Lagavulin","floor":7,"turns":4},{"damage":19,"enemies":"Gremlin Nob","floor":11,"turns":4},{"damage":13,"enemies":"3 Sentries","floor":14,"turns":8},{"damage":13,"enemies":"Hexaghost","floor":16,"turns":9},{"damage":11,"enemies":"2 Thieves","floor":18,"turns":3},{"damage":2,"enemies":"3 Byrds","floor":22,"turns":4},{"damage":37,"enemies":"Gremlin Leader","floor":23,"turns":5}],"seed_played":"-6886791122390700340","potions_obtained":[{"floor":1.0,"key":"Dexterity Potion"},{"floor":2,"key":"AttackPotion"},{"floor":7,"key":"Energy Potion"},{"floor":11,"key":"Energy Potion"}],"is_trial":false,"path_per_floor":["M","M","M","M","?","R","E","?","T","R","?","R","?","E","R","B",null,"M","?","?","?","M","E"],"character_chosen":"THE_SILENT","items_purchased":[],"campfire_rested":2,"item_purchase_floors":[],"current_hp_per_floor":[59,57,55,49,31,31,12,28,28,47,28,47,47,34,34,21,50,39,39,39,39,37,0,0],"gold":259,"neow_bonus":"TRANSFORM_TWO_CARDS","is_daily":false,"chose_seed":false,"campfire_upgraded":2,"win_rate":0.0,"timestamp":1611842561,"path_taken":["M","M","M","M","?","R","E","?","T","R","?","R","?","E","R","BOSS","M","?","?","?","M","E"],"items_purchased_type":[],"build_version":"2020-12-22","purchased_purges":0,"victory":false,"max_hp_per_floor":[66,66,66,66,66,66,66,66,66,66,66,66,60,60,60,60,60,60,60,60,60,60,60,60],"card_choices":[{"not_picked":["Well Laid Plans","Expertise"],"picked":"Outmaneuver","floor":1.0},{"not_picked":["Choke","Dodge and Roll"],"picked":"Tactician","floor":2},{"not_picked":["Cloak And Dagger","Backflip"],"picked":"All Out Attack","floor":3},{"not_picked":["Riddle With Holes","Underhanded Strike"],"picked":"Bouncing Flask","floor":4},{"not_picked":["Dagger Throw","Endless Agony"],"picked":"Deadly Poison","floor":7},{"not_picked":["Outmaneuver","Expertise"],"picked":"Dagger Throw","floor":11},{"not_picked":["Terror","Sucker Punch"],"picked":"Die Die Die","floor":14},{"not_picked":["Envenom","A Thousand Cuts"],"picked":"Malaise","floor":16},{"not_picked":["Flying Knee","Bane+1"],"picked":"Deflect","floor":18},{"not_picked":["Quick Slash+1","Sucker Punch","Masterful Stab"],"picked":"SKIP","floor":22}],"player_experience":1656468,"relics_obtained":[{"floor":7,"key":"Nunchaku"},{"floor":9,"key":"Juzu Bracelet"},{"floor":11,"key":"TungstenRod"},{"floor":14,"key":"Akabeko"}],"event_choices":[{"damage_healed":0,"gold_gain":0,"player_choice":"Success","damage_taken":18,"relics_obtained":["Anchor"],"max_hp_gain":0,"max_hp_loss":0,"event_name":"Scrap Ooze","floor":5,"gold_loss":0},{"damage_healed":16,"gold_gain":0,"player_choice":"Healed and dodged fight","damage_taken":0,"max_hp_gain":0,"max_hp_loss":0,"event_name":"Mushrooms","floor":8,"gold_loss":0,"cards_obtained":["Parasite"]},{"damage_healed":0,"gold_gain":0,"player_choice":"Searched \u00271\u0027 times","damage_taken":0,"max_hp_gain":0,"max_hp_loss":0,"event_name":"Dead Adventurer","floor":11,"gold_loss":0},{"damage_healed":0,"gold_gain":0,"player_choice":"Lose Max HP","damage_taken":0,"relics_obtained":["Golden Idol"],"max_hp_gain":0,"max_hp_loss":6,"event_name":"Golden Idol","floor":13,"gold_loss":0},{"damage_healed":0,"gold_gain":0,"player_choice":"Ignored","damage_taken":0,"max_hp_gain":0,"max_hp_loss":0,"event_name":"Vampires","floor":19,"gold_loss":0},{"cards_removed":["Strike_G"],"damage_healed":0,"gold_gain":0,"player_choice":"Gave Gold","damage_taken":0,"max_hp_gain":0,"max_hp_loss":0,"event_name":"Beggar","floor":20,"gold_loss":75},{"damage_healed":0,"gold_gain":0,"player_choice":"Simplicity","damage_taken":0,"max_hp_gain":0,"max_hp_loss":0,"event_name":"Back to Basics","floor":21,"gold_loss":0,"cards_upgraded":["Strike_G","Defend_G","Defend_G","Defend_G","Defend_G"]}],"is_beta":false,"boss_relics":[{"not_picked":["Tiny House","SacredBark"],"picked":"Empty Cage"}],"items_purged_floors":[],"is_endless":false,"potions_floor_spawned":[1,2,7,11],"killed_by":"Gremlin Leader","ascension_level":17}}