{"host":"2q4p6kdcvpgo6z81","time":1611878322,"event":{"mods":["BaseMod","Colored Map","Downfall","Minty Spire (QoL Compilation)","StSLib"],"gold_per_floor":[99,114,114,114,125,125,125,125,156,188,363,91,91,111,129,229,229,229,239,249,249,524,36,36,46,62,62,62,47,47,1,21,21,21,21],"floor_reached":33,"language":"ENG","playtime":2915,"items_purged":["Doubt","Regret"],"score":488,"play_id":"9e57c04e-ac42-4952-9980-9871aaa4d30d","local_time":"20210128185842","is_ascension_mode":true,"campfire_choices":[{"data":"bronze:Replicate","floor":1,"key":"SMITH"},{"data":"bronze:Goto","floor":6,"key":"SMITH"},{"data":"bronze:Format","floor":18,"key":"SMITH"},{"data":"Pride","floor":28,"key":"PURGE"}],"circlet_count":0,"master_deck":["bronze:Strike+1","bronze:Strike+1","bronze:Defend","bronze:Defend+1","bronze:Defend","bronze:Defend","bronze:Replicate+1","bronze:Goto+1","bronze:Separator","bronze:DelayedGuard","bronze:ChildClass","bronze:Constructor","bronze:Separator","bronze:HardenedForm","bronze:Refactor","bronze:Assembly","bronze:Format+1","bronze:Boost+1","bronze:InfiniteBeams","bronze:ForceShield+1","bronze:InfiniteBeams","bronze:GetLatest","bronze:BronzeOrb+1","bronze:GetLatest+1","bronze:ClassDefault","bronze:Fortify","bronze:ForLoop+1"],"relics":["bronze:BronzeCore","Ancient Tea Set","WingedGreaves","Torii","bronze:Timepiece","Sling","Singing Bowl","Empty Cage","Art of War","Happy Flower","HandDrill","Peace Pipe","Nilry\u0027s Codex","Frozen Egg 2"],"acts_visited":["Exordium","TheCity"],"potions_floor_usage":[9,10,15,29,29,33],"damage_taken":[{"damage":3,"enemies":"2 Louse","floor":2,"turns":3},{"damage":7,"enemies":"Jaw Worm","floor":5,"turns":3},{"damage":10,"enemies":"3 Sentries","floor":9,"turns":7},{"damage":9,"enemies":"Gremlin Nob","floor":10,"turns":4},{"damage":0,"enemies":"downfall:FleeingMerchant","floor":12,"turns":4},{"damage":0,"enemies":"Small Slimes","floor":14,"turns":3},{"damage":11,"enemies":"Exordium Wildlife","floor":15,"turns":5},{"damage":0,"enemies":"DF_ARCHETYPE_STREAMLINE","floor":16,"turns":10},{"damage":0,"enemies":"Spheric Guardian","floor":19,"turns":3},{"damage":0,"enemies":"Shell Parasite","floor":20,"turns":5},{"damage":0,"enemies":"downfall:FleeingMerchant","floor":23,"turns":4},{"damage":20,"enemies":"Centurion and Healer","floor":25,"turns":6},{"damage":1,"enemies":"Sentry and Sphere","floor":26,"turns":6},{"damage":0,"enemies":"downfall:FleeingMerchant","floor":29,"turns":4},{"damage":0,"enemies":"downfall:FleeingMerchant","floor":31,"turns":1},{"damage":1,"enemies":"Chosen and Byrds","floor":32,"turns":6}],"seed_played":"-7353979761532914263","potions_obtained":[{"floor":0,"key":"PowerPotion"},{"floor":0,"key":"Weak Potion"},{"floor":0,"key":"Ancient Potion"},{"floor":9,"key":"Guardian:BlockOnCardUsePotion"},{"floor":15,"key":"ColorlessPotion"},{"floor":16,"key":"DistilledChaos"},{"floor":25,"key":"Block Potion"},{"floor":32,"key":"bronze:CleanCodePotion"}],"is_trial":false,"path_per_floor":["R","M","?","T","M","R","T","?","E","E","?","$","T","M","M","B",null,"R","M","M","?","?","$","T","M","M","?","R","$","?","$","M","B"],"character_chosen":"THE_AUTOMATON","items_purchased":["bronze:Refactor","Sling","Happy Flower","bronze:InfiniteBeams","HandDrill","bronze:ClassDefault","Frozen Egg 2","bronze:Fortify"],"campfire_rested":0,"item_purchase_floors":[12,12,23,23,23,31,31,31],"current_hp_per_floor":[70,67,67,67,60,60,60,60,50,41,41,41,41,43,32,32,72,72,72,72,72,72,72,72,52,53,37,37,37,37,37,36,0,0,0],"gold":21,"neow_bonus":"THREE_SMALL_POTIONS","is_daily":false,"chose_seed":false,"campfire_upgraded":3,"win_rate":0.0,"timestamp":1611878322,"path_taken":["R","M","?","?","?","R","T","?","E","E","?","$","?","M","M","BOSS","R","M","M","?","?","$","T","?","M","?","R","$","?","$","M","BOSS"],"items_purchased_type":["Card","Relic","Relic","Card","Relic","Card","Relic","Card"],"build_version":"2020-12-22","purchased_purges":2,"victory":false,"max_hp_per_floor":[70,70,70,70,70,70,70,70,70,70,70,70,70,72,72,72,72,72,72,72,72,72,72,72,72,74,74,74,74,74,74,74,74,74,74],"card_choices":[{"not_picked":["bronze:DelayedSlice","bronze:Repair"],"picked":"bronze:Separator","floor":2},{"not_picked":["bronze:Branch","bronze:Shell"],"picked":"bronze:DelayedGuard","floor":5},{"not_picked":["bronze:ChosenStrike","bronze:BitShift"],"picked":"bronze:Constructor","floor":9},{"not_picked":["bronze:Deprecate","bronze:ChildClass"],"picked":"bronze:Separator","floor":10},{"not_picked":["bronze:ChildClass","bronze:Shield"],"picked":"bronze:HardenedForm","floor":12},{"not_picked":["bronze:Invalidate","bronze:Boost","bronze:DelayedSlice"],"picked":"Singing Bowl","floor":14},{"not_picked":["bronze:Overheat","bronze:WhirlingStrike"],"picked":"bronze:Assembly","floor":15},{"not_picked":["bronze:Break","bronze:ThunderWave"],"picked":"bronze:Format","floor":16},{"not_picked":["bronze:BugBarrage+1","bronze:BitShift+1"],"picked":"bronze:Boost+1","floor":19},{"not_picked":["bronze:GetLatest","bronze:BuggyMess"],"picked":"bronze:InfiniteBeams","floor":20},{"not_picked":["bronze:DarkDash","bronze:Philosophize+1"],"picked":"bronze:ForceShield+1","floor":23},{"not_picked":["bronze:Invalidate+1","bronze:Branch+1"],"picked":"bronze:GetLatest","floor":25},{"not_picked":["bronze:BugBarrage","bronze:Frontload","bronze:DelayedSlice"],"picked":"Singing Bowl","floor":26},{"not_picked":["bronze:BurnOut","bronze:FollowUp"],"picked":"bronze:BronzeOrb+1","floor":29},{"not_picked":["bronze:Shield+1","bronze:Branch"],"picked":"bronze:GetLatest+1","floor":31},{"not_picked":["bronze:ChosenStrike","bronze:Boost"],"picked":"bronze:ForLoop+1","floor":32}],"player_experience":1575363,"relics_obtained":[{"floor":4,"key":"Ancient Tea Set"},{"floor":7,"key":"WingedGreaves"},{"floor":9,"key":"Torii"},{"floor":10,"key":"bronze:Timepiece"},{"floor":13,"key":"Singing Bowl"},{"floor":24,"key":"Peace Pipe"},{"floor":27,"key":"Nilry\u0027s Codex"}],"event_choices":[{"damage_healed":0,"gold_gain":0,"player_choice":"Stole Relic","damage_taken":0,"relics_obtained":["Art of War"],"max_hp_gain":0,"max_hp_loss":0,"event_name":"Addict","floor":21,"gold_loss":0,"cards_obtained":["Pride"]}],"is_beta":false,"boss_relics":[{"not_picked":["Coffee Dripper","Philosopher\u0027s Stone"],"picked":"Empty Cage"}],"items_purged_floors":[12,23],"is_endless":false,"potions_floor_spawned":[2,9,15,16,20,25,32],"killed_by":"IC_MUSHROOM_ARCHETYPE","ascension_level":3}}