{"host":"gobyjzz6xbwq9f9i","time":1611820137,"event":{"mods":["AchievementEnabler","BaseMod","Bestiary","Colored Map","Minty Spire (QoL Compilation)"],"gold_per_floor":[117,135,9,21,21,56,56,89,89,89,14,14,41,71,83,199,211,241,264,276,23,42,42,142,142,142],"floor_reached":25,"language":"ENG","playtime":838,"items_purged":["Strike_G","Strike_G"],"score":429,"play_id":"2afaf969-710e-4472-8aa9-fa7884660e42","local_time":"20210127234857","is_ascension_mode":true,"campfire_choices":[{"floor":7,"key":"REST"},{"data":"Skewer","floor":10,"key":"SMITH"},{"data":"Dagger Spray","floor":12,"key":"SMITH"},{"data":"Infinite Blades","floor":15,"key":"SMITH"},{"floor":23,"key":"REST"}],"circlet_count":0,"master_deck":["AscendersBane","Strike_G","Defend_G","Defend_G","Defend_G","Defend_G","Defend_G","Survivor","Neutralize","Dagger Throw","Dagger Spray+1","Infinite Blades+1","Swift Strike","Eviscerate","Dagger Spray","Skewer+1","Backflip","Accuracy","Malaise","Blade Dance","Infinite Blades+1","Footwork","Bandage Up","Cloak And Dagger"],"relics":["Ring of the Snake","Nunchaku","StrikeDummy","Pear","MawBank","Empty Cage","Nloth\u0027s Gift"],"acts_visited":["Exordium","TheCity"],"potions_floor_usage":[6,6,14,16,22,25],"damage_taken":[{"damage":7,"enemies":"Jaw Worm","floor":1,"turns":6},{"damage":5,"enemies":"Cultist","floor":2,"turns":4},{"damage":3,"enemies":"Small Slimes","floor":4,"turns":4},{"damage":17,"enemies":"Lagavulin","floor":6,"turns":5},{"damage":17,"enemies":"3 Sentries","floor":8,"turns":6},{"damage":16,"enemies":"Gremlin Nob","floor":13,"turns":3},{"damage":2,"enemies":"Gremlin Gang","floor":14,"turns":3},{"damage":0,"enemies":"Slime Boss","floor":16,"turns":5},{"damage":10,"enemies":"Chosen","floor":18,"turns":4},{"damage":23,"enemies":"2 Thieves","floor":19,"turns":4},{"damage":31,"enemies":"Cultist and Chosen","floor":22,"turns":7},{"damage":50,"enemies":"Slavers","floor":25,"turns":3}],"seed_played":"3527143482097570096","potions_obtained":[{"floor":0,"key":"Strength Potion"},{"floor":0,"key":"Strength Potion"},{"floor":0,"key":"DuplicationPotion"},{"floor":2,"key":"Fire Potion"},{"floor":8,"key":"Fruit Juice"},{"floor":13,"key":"SkillPotion"},{"floor":16,"key":"GamblersBrew"},{"floor":22,"key":"Strength Potion"}],"is_trial":false,"path_per_floor":["M","M","$","M","?","E","R","E","T","R","$","R","E","M","R","B",null,"M","M","?","$","M","R","?","E"],"character_chosen":"THE_SILENT","items_purchased":["Infinite Blades","Swift Strike","Footwork","Bandage Up"],"campfire_rested":2,"item_purchase_floors":[3,3,21,21],"current_hp_per_floor":[56,51,51,48,36,19,40,23,33,33,33,33,17,20,20,20,69,59,36,36,36,9,34,34,0,0],"gold":142,"neow_bonus":"THREE_SMALL_POTIONS","is_daily":false,"chose_seed":false,"campfire_upgraded":3,"win_rate":0.0,"timestamp":1611820137,"path_taken":["M","M","$","M","?","E","R","E","T","R","$","R","E","M","R","BOSS","M","M","?","?","M","R","?","E"],"items_purchased_type":["Card","Card","Card","Card"],"build_version":"2020-12-22","purchased_purges":2,"victory":false,"max_hp_per_floor":[70,70,70,70,70,70,70,70,80,80,80,80,80,85,85,85,85,85,85,85,85,85,85,85,85,85],"card_choices":[{"not_picked":["Calculated Gamble","Concentrate"],"picked":"Dagger Throw","floor":1},{"not_picked":["Poisoned Stab","Cloak And Dagger"],"picked":"Dagger Spray","floor":2},{"not_picked":["Cloak And Dagger","Backflip"],"picked":"Eviscerate","floor":4},{"not_picked":["Sucker Punch","Deadly Poison"],"picked":"Dagger Spray","floor":6},{"not_picked":["Noxious Fumes","Predator"],"picked":"Skewer","floor":8},{"not_picked":["Unload","Expertise"],"picked":"Backflip","floor":13},{"not_picked":["Riddle With Holes","Flying Knee"],"picked":"Accuracy","floor":14},{"not_picked":["Corpse Explosion","Doppelganger"],"picked":"Malaise","floor":16},{"not_picked":["Underhanded Strike","Skewer"],"picked":"Blade Dance","floor":18},{"not_picked":["Underhanded Strike","Distraction"],"picked":"Infinite Blades+1","floor":19},{"not_picked":["Acrobatics","Dagger Throw"],"picked":"Cloak And Dagger","floor":22}],"player_experience":1191663,"relics_obtained":[{"floor":6,"key":"Pocketwatch"},{"floor":8,"key":"StrikeDummy"},{"floor":9,"key":"Pear"},{"floor":13,"key":"MawBank"}],"event_choices":[{"damage_healed":0,"gold_gain":0,"player_choice":"Success","damage_taken":12,"relics_obtained":["Nunchaku"],"max_hp_gain":0,"max_hp_loss":0,"event_name":"Scrap Ooze","floor":5,"gold_loss":0},{"damage_healed":0,"gold_gain":0,"player_choice":"Traded Relic","damage_taken":0,"relics_obtained":["Nloth\u0027s Gift"],"max_hp_gain":0,"max_hp_loss":0,"event_name":"N\u0027loth","floor":20,"relics_lost":["Pocketwatch"],"gold_loss":0},{"damage_healed":0,"gold_gain":100,"player_choice":"Pray","damage_taken":0,"max_hp_gain":0,"max_hp_loss":0,"event_name":"Golden Shrine","floor":24,"gold_loss":0}],"is_beta":false,"boss_relics":[{"not_picked":["Sozu","SacredBark"],"picked":"Empty Cage"}],"items_purged_floors":[11,21],"is_endless":false,"potions_floor_spawned":[2,8,13,16,22],"killed_by":"Slavers","ascension_level":10}}