{"host":"2a2v73dt2vi5cm1u","time":1611860621,"event":{"mods":["Act Like it!","Aspiration","BaseMod","Better Third Choice","GifTheSpireLib","Hallownest","Hubris","Jorbs\u0027s Wanderer Trilogy","Koishi","Minty Spire (QoL Compilation)","Permanent Neow","Quick Restart","Replay The Spire","Retaliation","StSLib","Stuff the Spire","The Bug Knight","The Death Knight","The Senshi"],"gold_per_floor":[110,110,124,47,47,47,64,97,97,97,97,97,112,112,112,112,112,217,217,234,34,34,34,47,47,61,90,90,90,90,5,19,37,37,132,132,150,150,7,22,22,22,22,54,54,54,54,66,66,78,112,65,65,65,65],"floor_reached":54,"language":"POL","playtime":2003,"items_purged":[],"score":609,"play_id":"efc111ea-9342-4d67-a1d2-276e235612ae","local_time":"20210128200341","is_ascension_mode":true,"campfire_choices":[{"data":"Searing Blow","floor":6,"key":"SMITH"},{"data":"Body Slam","floor":6,"key":"SMITH"},{"data":"Rage","floor":10,"key":"SMITH"},{"data":"Clothesline","floor":10,"key":"SMITH"},{"data":"Run Through","floor":14,"key":"SMITH"},{"data":"Defend_R","floor":14,"key":"SMITH"},{"floor":17,"key":"REST"},{"data":"Immolate","floor":25,"key":"SMITH"},{"data":"Infernal Blade","floor":25,"key":"SMITH"},{"floor":29,"key":"REST"},{"floor":34,"key":"REST"},{"data":"StuffTheSpire:Ambrosia","floor":42,"key":"SMITH"},{"data":"Feed","floor":42,"key":"SMITH"},{"data":"Armaments","floor":49,"key":"SMITH"},{"data":"Searing Blow+1","floor":49,"key":"SMITH"},{"floor":53,"key":"REST"}],"circlet_count":0,"master_deck":["Strike_R+1","Strike_R+1","Strike_R+1","Strike_R+1","Strike_R+1","Defend_R+1","Defend_R+1","Defend_R+1","Defend_R+1","Bash","Body Slam+1","Dual Wield","Searing Blow+2","Rage+1","Clothesline+1","Run Through+1","Limit Break","Body Slam+1","Immolate+1","Run Through","Infernal Blade+1","Carnage+1","Heavy Blade+1","Intimidate+1","Heavy Blade+1","Feed+1","Clothesline+1","ReplayTheSpireMod:Stacked","StuffTheSpire:Ambrosia+1","StuffTheSpire:Incineration+1","Armaments+1","Berserk","DDmod:SpikedSkill"],"relics":["hubris:Backtick","Replay:Arrowhead","Hallownest:DreamNailRelic","StuffTheSpire:Expresso","hubris:EvacipatedBox","hubris:FruitBowl","aspiration:PoetsPen_weak","StuffTheSpire:RubySignet","Shuriken","Mark of Pain","Lee\u0027s Waffle","DDmod:BarbedSlagRelic","Vajra","DeathKnight:SindragosasSkull","hubris:ChampionShield"],"acts_visited":["Hallownest:Greenpath","TheCity","Hallownest:KingdomsEdge"],"potions_floor_usage":[8,18,27,33,35,35,40,54,54,54,54,54],"damage_taken":[{"damage":0,"enemies":"Hallownest:2_Baldur","floor":1,"turns":6},{"damage":3,"enemies":"Hallownest:monsterHuskWarrior","floor":3,"turns":3},{"damage":6,"enemies":"Hallownest:2_Tiktiks_and_1_Crawlid","floor":7,"turns":4},{"damage":20,"enemies":"Hallownest:eliteCrystalGuardian","floor":8,"turns":7},{"damage":0,"enemies":"Hallownest:monsterMossCharger","floor":13,"turns":4},{"damage":62,"enemies":"Hallownest:BossHornet","floor":18,"turns":15},{"damage":0,"enemies":"Spheric Guardian","floor":20,"turns":3},{"damage":17,"enemies":"2 Thieves","floor":24,"turns":3},{"damage":12,"enemies":"Centurion and Healer","floor":26,"turns":4},{"damage":23,"enemies":"Slavers","floor":27,"turns":2},{"damage":10,"enemies":"Chosen and Byrds","floor":32,"turns":3},{"damage":20,"enemies":"Snake Plant","floor":33,"turns":3},{"damage":30,"enemies":"Champ","floor":35,"turns":7},{"damage":15,"enemies":"Hallownest:3_Siblings","floor":37,"turns":3},{"damage":3,"enemies":"Hallownest:Shield_Heavy","floor":40,"turns":4},{"damage":17,"enemies":"Hallownest:eliteHiveKnight","floor":44,"turns":6},{"damage":0,"enemies":"Hallownest:2_Wandering_and_1_Horned","floor":48,"turns":4},{"damage":3,"enemies":"Hallownest:monsterPrimalAspid","floor":50,"turns":3},{"damage":10,"enemies":"Hallownest:eliteCollector","floor":51,"turns":6},{"damage":107,"enemies":"Hallownest:BossHollowKnight","floor":54,"turns":4}],"seed_played":"-5571680789005381784","potions_obtained":[{"floor":7,"key":"Swift Potion"},{"floor":8,"key":"SpeedPotion"},{"floor":13,"key":"FairyPotion"},{"floor":18,"key":"Death Potion"},{"floor":20,"key":"Toxic Potion"},{"floor":27,"key":"Explosive Potion"},{"floor":32,"key":"SteroidPotion"},{"floor":33,"key":"Energy Potion"},{"floor":40,"key":"GamblersBrew"},{"floor":48,"key":"EntropicBrew"},{"floor":51,"key":"AttackPotion"}],"is_trial":false,"path_per_floor":["M","?","M","$","?","R","M","E","T","R","PTL","PTL","M","R","$","?","R","B",null,"M","$","?","?","M","R","M","E","T","R","?","?","M","M","R","B",null,"M","?","$","M","?","R","?","E","PTL","PTL","T","M","R","M","E","$","R","B"],"character_chosen":"IRONCLAD","items_purchased":["Searing Blow","hubris:EvacipatedBox","hubris:FruitBowl","Immolate","Run Through","Lee\u0027s Waffle","DDmod:SpikedSkill"],"campfire_rested":4,"item_purchase_floors":[4,15,15,21,21,39,52],"current_hp_per_floor":[80,80,77,77,77,77,71,51,51,51,51,51,51,51,13,21,45,13,80,80,80,80,80,63,63,51,28,28,52,52,52,42,22,46,20,80,67,75,90,87,87,87,87,73,73,73,73,76,76,76,69,69,99,0,0],"gold":65,"neow_bonus":"BOSS_RELIC","is_daily":false,"chose_seed":false,"campfire_upgraded":12,"win_rate":0.0,"timestamp":1611860621,"path_taken":["M","?","M","$","?","R","?","E","T","R","PTL","PTL","M","R","?","?","R","BOSS","M","$","?","?","M","R","M","E","T","R","?","?","?","M","R","BOSS","M","?","$","?","?","R","?","E","PTL","PTL","T","M","R","?","E","$","R","BOSS"],"items_purchased_type":["Card","Relic","Relic","Card","Card","Relic","Card"],"build_version":"2020-12-22","purchased_purges":0,"victory":false,"max_hp_per_floor":[80,80,80,80,80,80,80,80,80,80,80,80,80,80,80,80,80,80,80,80,80,80,80,80,80,80,80,80,80,80,80,80,80,80,80,80,80,80,90,90,90,90,90,93,93,93,93,96,96,99,102,102,102,105,105],"card_choices":[{"not_picked":["ReplayTheSpireMod:Strike From Hell","Sword Boomerang"],"picked":"Body Slam","floor":1},{"not_picked":["ReplayTheSpireMod:LeadingStrike","DDmod:ScaleUpSkill"],"picked":"Dual Wield","floor":3},{"not_picked":["StuffTheSpire:Incineration","Iron Wave"],"picked":"Rage","floor":7},{"not_picked":["DDmod:SpikedSkill","DDmod:PokeAttack"],"picked":"Clothesline","floor":8},{"not_picked":["hubris:SharpeningStone","StuffTheSpire:Incineration"],"picked":"Run Through","floor":13},{"not_picked":["Hemogenesis","Fiend Fire"],"picked":"Limit Break","floor":18},{"not_picked":["StuffTheSpire:Incineration","Blood for Blood"],"picked":"Body Slam+1","floor":20},{"not_picked":["Clothesline","ReplayTheSpireMod:Muscle Training"],"picked":"Infernal Blade","floor":24},{"not_picked":["StuffTheSpire:Resist","DDmod:SpikedSkill"],"picked":"Carnage+1","floor":26},{"not_picked":["Sentinel+1","Clothesline"],"picked":"Heavy Blade+1","floor":27},{"not_picked":["Cleave","Clothesline"],"picked":"Intimidate+1","floor":32},{"not_picked":["hubris:StunningStrike","Sever Soul+1"],"picked":"Heavy Blade+1","floor":33},{"not_picked":["Offering","Immolate"],"picked":"Feed","floor":35},{"not_picked":["Battle Trance+1","Anger"],"picked":"Clothesline+1","floor":37},{"not_picked":["Thunderclap","Intimidate+1"],"picked":"ReplayTheSpireMod:Stacked","floor":40},{"not_picked":["StuffTheSpire:Innocence","StuffTheSpire:Perfection"],"picked":"StuffTheSpire:Ambrosia","floor":41},{"not_picked":["Perfected Strike","StuffTheSpire:Slingshot+1"],"picked":"StuffTheSpire:Incineration+1","floor":44},{"not_picked":["Searing Blow","Headbutt+1"],"picked":"Armaments","floor":48},{"not_picked":["Fire Breathing+1","Replay:Undeath\u0027s Touch+1","DDmod:PokeAttack+1"],"picked":"SKIP","floor":50},{"not_picked":["hubris:ReadiedAction+1","Thunderclap"],"picked":"Berserk","floor":51}],"player_experience":205163,"relics_obtained":[{"floor":8,"key":"StuffTheSpire:Expresso"},{"floor":27,"key":"War Paint"},{"floor":28,"key":"StuffTheSpire:RubySignet"},{"floor":44,"key":"Vajra"},{"floor":47,"key":"DeathKnight:SindragosasSkull"},{"floor":51,"key":"hubris:ChampionShield"}],"event_choices":[{"damage_healed":0,"gold_gain":0,"player_choice":"Ignored","damage_taken":0,"max_hp_gain":0,"max_hp_loss":0,"event_name":"Vampires","floor":22,"gold_loss":0},{"damage_healed":0,"gold_gain":0,"player_choice":"Simplicity","damage_taken":0,"max_hp_gain":0,"max_hp_loss":5,"event_name":"betterThird:BetterWriting","floor":30,"gold_loss":0},{"damage_healed":0,"gold_gain":0,"player_choice":"Obtained Relic","damage_taken":0,"relics_obtained":["Shuriken"],"max_hp_gain":0,"max_hp_loss":0,"event_name":"Addict","floor":31,"gold_loss":85}],"is_beta":false,"boss_relics":[{"not_picked":["Ooze Armor","Painkiller Herb","Philosopher\u0027s Stone"],"picked":"aspiration:PoetsPen_weak"},{"not_picked":["Runic Pyramid","hubris:HollowSoul","Replay:Drink Me"],"picked":"Mark of Pain"}],"items_purged_floors":[],"is_endless":false,"potions_floor_spawned":[7,8,13,18,20,27,32,33,40,48,51],"killed_by":"Hallownest:BossHollowKnight","ascension_level":1}}