{"host":"c6u7e77myxvw4d0m","time":1611875343,"event":{"mods":["AchievementEnabler","BaseMod","Bestiary","Colored Map","Colored Powertips","Minty Spire (QoL Compilation)","Rare Cards Sparkle","Relic Stats","everything is the same but u backflip on backflip"],"gold_per_floor":[213,229,229,21,40,40,71,71,71,94,94,169,207,10,10,100,100,124,124,147,161,175,175,190,190,213,252,202,202,221,242,242,242,242],"floor_reached":33,"language":"ENG","playtime":1426,"items_purged":[],"score":572,"play_id":"0f293e47-2d46-4cc3-9f4b-32b4e68026ef","local_time":"20210129010903","is_ascension_mode":true,"campfire_choices":[{"data":"Searing Blow","floor":6,"key":"SMITH"},{"data":"Searing Blow+1","floor":8,"key":"SMITH"},{"data":"Perfected Strike","floor":11,"key":"SMITH"},{"data":"Searing Blow+2","floor":15,"key":"SMITH"},{"data":"Searing Blow+3","floor":23,"key":"SMITH"},{"data":"Searing Blow+4","floor":25,"key":"SMITH"},{"data":"Searing Blow+5","floor":29,"key":"SMITH"},{"data":"Searing Blow+6","floor":32,"key":"SMITH"}],"circlet_count":0,"master_deck":["AscendersBane","Strike_R","Strike_R","Strike_R","Strike_R","Strike_R","Defend_R","Defend_R","Defend_R+1","Defend_R","Bash","Perfected Strike+1","Spot Weakness","Inflame","Shockwave","Searing Blow+7","Cleave","Pommel Strike","Warcry","Shrug It Off","Reaper","Pommel Strike","Armaments","Pommel Strike","Twin Strike+1","Immolate"],"relics":["Burning Blood","Golden Idol","Thread and Needle","TungstenRod","Champion Belt","Vajra","Mark of Pain","Lantern","Bottled Flame"],"acts_visited":["Exordium","TheCity"],"potions_floor_usage":[7,13,16,21,27,33,33],"damage_taken":[{"damage":0,"enemies":"2 Louse","floor":1,"turns":3},{"damage":7,"enemies":"Jaw Worm","floor":2,"turns":3},{"damage":1,"enemies":"Cultist","floor":5,"turns":4},{"damage":0,"enemies":"Gremlin Nob","floor":7,"turns":2},{"damage":0,"enemies":"2 Fungi Beasts","floor":10,"turns":2},{"damage":5,"enemies":"3 Sentries","floor":13,"turns":5},{"damage":22,"enemies":"Hexaghost","floor":16,"turns":9},{"damage":6,"enemies":"2 Thieves","floor":18,"turns":4},{"damage":20,"enemies":"3 Byrds","floor":20,"turns":5},{"damage":13,"enemies":"Centurion and Healer","floor":21,"turns":4},{"damage":22,"enemies":"Snake Plant","floor":22,"turns":3},{"damage":21,"enemies":"Cultist and Chosen","floor":24,"turns":5},{"damage":16,"enemies":"Slavers","floor":27,"turns":4},{"damage":7,"enemies":"Snecko","floor":30,"turns":4},{"damage":0,"enemies":"Chosen and Byrds","floor":31,"turns":7},{"damage":84,"enemies":"Automaton","floor":33,"turns":8}],"seed_played":"-93010759808429404","potions_obtained":[{"floor":10,"key":"SteroidPotion"},{"floor":13,"key":"Block Potion"},{"floor":20,"key":"FearPotion"},{"floor":30,"key":"Weak Potion"},{"floor":31,"key":"BlessingOfTheForge"}],"is_trial":false,"path_per_floor":["M","M","?","$","M","R","E","R","T","M","R","?","E","$","R","B",null,"M","?","M","M","M","R","M","R","T","E","?","R","M","M","R","B"],"character_chosen":"IRONCLAD","items_purchased":["Inflame","Shockwave","AttackPotion","Strength Potion","Vajra","Shrug It Off"],"campfire_rested":0,"item_purchase_floors":[4,4,4,4,14,14],"current_hp_per_floor":[74,73,68,68,68,68,68,68,68,68,68,58,59,59,59,43,62,62,62,63,68,52,52,52,52,52,54,54,54,53,59,59,0,0],"gold":242,"neow_bonus":"HUNDRED_GOLD","is_daily":false,"chose_seed":false,"campfire_upgraded":8,"win_rate":0.0,"timestamp":1611875343,"path_taken":["M","M","?","$","M","R","E","R","T","M","R","?","E","?","R","BOSS","M","?","M","M","M","R","M","R","T","E","?","R","M","M","R","BOSS"],"items_purchased_type":["Card","Card","Potion","Potion","Relic","Card"],"build_version":"2020-12-22","purchased_purges":0,"victory":false,"max_hp_per_floor":[75,75,68,68,68,68,68,68,68,68,68,68,68,68,68,68,68,68,68,68,68,68,68,68,68,68,68,68,68,68,68,68,68,68],"relic_stats":{"counters":[16,72],"Golden Idol":76,"Champion Belt":[16],"obtain_stats":[{"Lantern":26,"Bottled Flame":27,"Golden Idol":3,"Vajra":14,"Thread and Needle":7,"Mark of Pain":17,"Champion Belt":13,"Burning Blood":0,"TungstenRod":9},{"Lantern":12,"Bottled Flame":13,"Golden Idol":2,"Vajra":6,"Thread and Needle":4,"Mark of Pain":7,"Champion Belt":6,"Burning Blood":0,"TungstenRod":4},{"Lantern":49,"Bottled Flame":53,"Golden Idol":6,"Vajra":19,"Thread and Needle":12,"Mark of Pain":28,"Champion Belt":19,"Burning Blood":0,"TungstenRod":12}],"Burning Blood":72,"TungstenRod":49},"card_choices":[{"not_picked":["Havoc","Iron Wave"],"picked":"Perfected Strike","floor":1},{"not_picked":["Metallicize","Second Wind"],"picked":"Spot Weakness","floor":2},{"not_picked":["Perfected Strike","True Grit"],"picked":"Searing Blow","floor":5},{"not_picked":["Spot Weakness","Blood for Blood"],"picked":"Cleave","floor":7},{"not_picked":["Berserk","Warcry"],"picked":"Pommel Strike","floor":10},{"not_picked":["True Grit","Anger"],"picked":"Warcry","floor":13},{"not_picked":["Double Tap","Impervious"],"picked":"Reaper","floor":16},{"not_picked":["Clash","Clothesline"],"picked":"Pommel Strike","floor":18},{"not_picked":["Bloodletting","Ghostly Armor","Warcry"],"picked":"SKIP","floor":20},{"not_picked":["Rampage","Spot Weakness"],"picked":"Armaments","floor":21},{"not_picked":["Warcry","Cleave","Hemokinesis"],"picked":"SKIP","floor":22},{"not_picked":["Thunderclap","Rampage"],"picked":"Pommel Strike","floor":24},{"not_picked":["Iron Wave","True Grit"],"picked":"Twin Strike","floor":27},{"not_picked":["Shrug It Off","Sentinel","Cleave"],"picked":"SKIP","floor":30},{"not_picked":["Infernal Blade","Anger"],"picked":"Immolate","floor":31}],"player_experience":546623,"relics_obtained":[{"floor":7,"key":"Thread and Needle"},{"floor":9,"key":"TungstenRod"},{"floor":13,"key":"Champion Belt"},{"floor":26,"key":"Lantern"},{"floor":27,"key":"Bottled Flame"}],"event_choices":[{"damage_healed":0,"gold_gain":0,"player_choice":"Lose Max HP","damage_taken":0,"relics_obtained":["Golden Idol"],"max_hp_gain":0,"max_hp_loss":7,"event_name":"Golden Idol","floor":3,"gold_loss":0},{"damage_healed":0,"gold_gain":75,"player_choice":"Gather Gold","damage_taken":11,"max_hp_gain":0,"max_hp_loss":0,"event_name":"World of Goop","floor":12,"gold_loss":0},{"damage_healed":0,"gold_gain":0,"player_choice":"Ignored","damage_taken":0,"max_hp_gain":0,"max_hp_loss":0,"event_name":"The Mausoleum","floor":19,"gold_loss":0},{"damage_healed":0,"gold_gain":0,"player_choice":"Upgraded Two","damage_taken":0,"max_hp_gain":0,"max_hp_loss":0,"event_name":"Designer","floor":28,"gold_loss":50,"cards_upgraded":["Twin Strike","Defend_R"]}],"is_beta":false,"boss_relics":[{"not_picked":["SlaversCollar","Tiny House"],"picked":"Mark of Pain"}],"items_purged_floors":[],"is_endless":false,"potions_floor_spawned":[5,10,13,20,30,31],"killed_by":"Automaton","ascension_level":15}}