{"host":"lte3xujvwediduij","time":1611843097,"event":{"mods":["Aspiration","BaseMod","Better-Laid Plans","BetterRewards","Colored Map","Colored Powertips","Downfall","Energized Spire","GifTheSpireLib","Minty Spire (QoL Compilation)","Permanent Neow","Replay The Spire","Spicy Shops","StSLib","The Gatherer","The Hayseed","The Runesmith","The Servant 0.9.4","¡¾ÒÅÎï¿¨ÅÆ¡¿REMEMod","óô»ðÖ¸ÄÏ"],"gold_per_floor":[199,199,199,218,230,256,256,269,282,299,8,20,20,5,17,17,17,17],"floor_reached":16,"language":"ZHS","playtime":2065,"items_purged":[],"score":104,"play_id":"05eb6334-8cad-4b23-b979-dcb49c33d9ce","local_time":"20210128221137","is_ascension_mode":false,"campfire_choices":[{"data":"bronze:Replicate","floor":1,"key":"SMITH"},{"floor":13,"key":"RECALL"}],"circlet_count":0,"master_deck":["bronze:Strike","bronze:Strike","bronze:Strike","bronze:Strike","bronze:Defend","bronze:Defend","bronze:Defend","bronze:Defend","bronze:Replicate+1","bronze:Goto","bronze:Branch","bronze:FollowUp","bronze:Repair","bronze:DelayedGuard","bronze:Optimize+1","bronze:DelayedGuard","bronze:CloningBeam"],"relics":["bronze:BronzeCore","REME_ComplimentaryCards","Frozen Egg 2","Blue Doll","downfall:HeartBlessingGreen","Membership Card"],"acts_visited":["Exordium"],"potions_floor_usage":[3,6,16,16],"damage_taken":[{"damage":1,"enemies":"2 Louse","floor":4,"turns":3},{"damage":0,"enemies":"Small Slimes","floor":5,"turns":3},{"damage":33,"enemies":"Gremlin Nob","floor":6,"turns":4},{"damage":0,"enemies":"Cultist","floor":8,"turns":3},{"damage":7,"enemies":"Blue Slaver","floor":9,"turns":4},{"damage":2,"enemies":"3 Louse","floor":10,"turns":4},{"damage":6,"enemies":"Exordium Wildlife","floor":12,"turns":4},{"damage":0,"enemies":"downfall:FleeingMerchant","floor":14,"turns":4},{"damage":0,"enemies":"Red Slaver","floor":15,"turns":4},{"damage":70,"enemies":"SI_SHIV_ARCHETYPE","floor":16,"turns":10}],"seed_played":"-7495676712763210645","potions_obtained":[{"floor":3,"key":"Cursed Concoction"},{"floor":3,"key":"Fruit Juice"},{"floor":3,"key":"Venom Potion"},{"floor":4,"key":"bronze:FreeFunctionsPotion"},{"floor":9,"key":"Elixir"},{"floor":12,"key":"Block Potion"}],"is_trial":false,"path_per_floor":["R","?","?","M","M","E","T","M","M","M","R","M","R","$","M","B"],"character_chosen":"THE_AUTOMATON","items_purchased":["Membership Card","bronze:Optimize+1"],"campfire_rested":0,"item_purchase_floors":[11,11],"current_hp_per_floor":[70,70,75,74,74,41,41,41,34,39,39,33,33,43,50,0,0,0],"gold":17,"neow_bonus":"HUNDRED_GOLD","is_daily":false,"chose_seed":false,"campfire_upgraded":1,"win_rate":0.0,"timestamp":1611843097,"path_taken":["R","?","?","?","M","E","T","M","M","M","R","M","R","$","M","BOSS"],"items_purchased_type":["Relic","Card"],"build_version":"2020-12-22","purchased_purges":0,"victory":false,"max_hp_per_floor":[70,70,75,75,75,75,75,75,75,75,75,75,75,75,75,75,75,75],"card_choices":[{"not_picked":["bronze:Deprecate","bronze:Shield"],"picked":"bronze:Branch","floor":4},{"not_picked":["bronze:BitShift","bronze:NullPointer","bronze:Philosophize"],"picked":"SKIP","floor":5},{"not_picked":["bronze:ShipIt","bronze:DarkDash"],"picked":"bronze:FollowUp","floor":6},{"not_picked":["bronze:Frontload","bronze:Allocate","bronze:Turbo"],"picked":"SKIP","floor":8},{"not_picked":["bronze:Fortify","bronze:Shell"],"picked":"bronze:Repair","floor":9},{"not_picked":["bronze:Flail","bronze:Frontload"],"picked":"bronze:DelayedGuard","floor":10},{"not_picked":["bronze:Fortify","bronze:Branch"],"picked":"bronze:DelayedGuard","floor":12},{"not_picked":["bronze:BitShift","bronze:FineTuning"],"picked":"bronze:CloningBeam","floor":14},{"not_picked":["bronze:OilSpill","bronze:BronzeArmor","bronze:Shield"],"picked":"SKIP","floor":15}],"player_experience":129651,"relics_obtained":[{"floor":6,"key":"Frozen Egg 2"},{"floor":7,"key":"Blue Doll"}],"event_choices":[{"damage_healed":0,"gold_gain":0,"player_choice":"Got Potions","damage_taken":0,"max_hp_gain":0,"max_hp_loss":0,"event_name":"Lab","floor":3,"gold_loss":0}],"is_beta":false,"boss_relics":[],"items_purged_floors":[],"is_endless":false,"potions_floor_spawned":[4,5,9,12],"killed_by":"SI_SHIV_ARCHETYPE","ascension_level":0}}