{"host":"kh55945chxsiqncy","time":1611803327,"event":{"mods":["BaseMod","Beaked The Cultist","Card Forge","Downfall","Minty Spire (QoL Compilation)","StSLib"],"gold_per_floor":[111,111,127,52,127,127,127,127,154,154,154,154,165,181,181,277,277,289,299,299,28,28,28],"floor_reached":22,"language":"ENG","playtime":1444,"items_purged":["beaked:Strike_Y","beaked:Strike_Y"],"score":172,"play_id":"289fe2b2-34ad-43d6-9ab5-c017e1bd7c71","local_time":"20210127220847","is_ascension_mode":false,"campfire_choices":[{"data":"beaked:Tweet","floor":6,"key":"SMITH"},{"data":"beaked:Ceremony","floor":8,"key":"SMITH"},{"floor":12,"key":"DIG"},{"floor":15,"key":"REST"}],"circlet_count":0,"master_deck":["beaked:Strike_Y","beaked:Strike_Y","beaked:Strike_Y","beaked:Defend_Y","beaked:Defend_Y","beaked:Defend_Y","beaked:Defend_Y","beaked:Ceremony+1","beaked:Ceremony","beaked:Ceremony","beaked:Tweet+1","beaked:Flinch+1","beaked:FakeOut","beaked:Insight"],"relics":["beaked:MendingPlumage","Hammer of Thor","Seething Fire","Anvil of the Gods","Toxic Egg 2","Strawberry","Shovel","Du-Vu Doll","beaked:SacrificeDoll","Bronze Scales"],"acts_visited":["Exordium","TheCity"],"potions_floor_usage":[16,18,22],"damage_taken":[{"damage":7,"enemies":"Small Slimes","floor":1,"turns":4},{"damage":10,"enemies":"Cultist","floor":3,"turns":4},{"damage":6,"enemies":"2 Louse","floor":13,"turns":4},{"damage":21,"enemies":"Gremlin Gang","floor":14,"turns":7},{"damage":65,"enemies":"The Guardian","floor":16,"turns":10},{"damage":55,"enemies":"3 Byrds","floor":18,"turns":8},{"damage":31,"enemies":"Chosen","floor":19,"turns":7},{"damage":21,"enemies":"3 Cultists","floor":22,"turns":3}],"seed_played":"-383553410799839754","potions_obtained":[{"floor":1,"key":"LiquidMemories"},{"floor":16,"key":"AttackPotion"},{"floor":18,"key":"bronze:BurnAndBuffPotion"},{"floor":19,"key":"SpeedPotion"}],"is_trial":false,"path_per_floor":["M","?","M","$","?","R","?","R","T","?","T","R","M","M","R","B",null,"M","M","?","$","M"],"character_chosen":"BEAKED_THE_CULTIST","items_purchased":["beaked:Insight","Bronze Scales"],"campfire_rested":1,"item_purchase_floors":[21,21],"current_hp_per_floor":[55,55,50,50,39,39,32,32,39,32,32,32,34,32,50,10,62,21,8,8,8,0,0],"gold":28,"neow_bonus":"TEN_PERCENT_HP_BONUS","is_daily":false,"chose_seed":false,"campfire_upgraded":2,"win_rate":0.0,"timestamp":1611803327,"path_taken":["M","?","?","$","?","R","?","R","T","?","?","R","M","M","R","BOSS","M","?","?","$","?"],"items_purchased_type":["Card","Relic"],"build_version":"2020-12-22","purchased_purges":2,"victory":false,"max_hp_per_floor":[55,55,55,55,55,55,55,55,62,62,62,62,62,62,62,62,62,62,62,62,62,62,62],"card_choices":[{"not_picked":["beaked:MimicWarrior","beaked:Daydream"],"picked":"beaked:Tweet","floor":1},{"not_picked":["beaked:BraceForImpact","beaked:SacrificialAttack","beaked:Overpower"],"picked":"SKIP","floor":3},{"not_picked":["beaked:Poke","beaked:Devastation"],"picked":"beaked:Flinch+1","floor":13},{"not_picked":["beaked:StunningBlow","beaked:RuinSticks","beaked:Flinch+1"],"picked":"SKIP","floor":14},{"not_picked":["beaked:VolatileMisfortune","beaked:Sacrifice"],"picked":"beaked:FakeOut","floor":16},{"not_picked":["beaked:FeelMyPain+1","beaked:Struggle+1","beaked:Windmill"],"picked":"SKIP","floor":18},{"not_picked":["beaked:TuckingFeathers+1","beaked:Replenish+1","beaked:RuinSticks"],"picked":"SKIP","floor":19}],"player_experience":1378680,"relics_obtained":[{"floor":9,"key":"Strawberry"},{"floor":11,"key":"Shovel"},{"floor":12,"key":"Du-Vu Doll"}],"event_choices":[{"damage_healed":0,"gold_gain":0,"player_choice":"0 cards matched","damage_taken":0,"max_hp_gain":0,"max_hp_loss":0,"event_name":"Match and Keep!","floor":2,"gold_loss":0,"cards_obtained":[]},{"damage_healed":0,"gold_gain":75,"player_choice":"Gather Gold","damage_taken":11,"max_hp_gain":0,"max_hp_loss":0,"event_name":"World of Goop","floor":5,"gold_loss":0},{"damage_healed":0,"gold_gain":0,"player_choice":"Success","damage_taken":7,"relics_obtained":["Toxic Egg 2"],"max_hp_gain":0,"max_hp_loss":0,"event_name":"Scrap Ooze","floor":7,"gold_loss":0},{"cards_removed":["beaked:Strike_Y"],"damage_healed":0,"gold_gain":0,"player_choice":"Card Removal","damage_taken":7,"max_hp_gain":0,"max_hp_loss":0,"event_name":"Golden Wing","floor":10,"gold_loss":0},{"damage_healed":0,"gold_gain":0,"player_choice":"Ignored","damage_taken":0,"max_hp_gain":0,"max_hp_loss":0,"event_name":"NoteForYourself","floor":20,"gold_loss":0}],"is_beta":false,"boss_relics":[{"not_picked":["beaked:FlawlessSticks","Philosopher\u0027s Stone"],"picked":"beaked:SacrificeDoll"}],"items_purged_floors":[4,21],"is_endless":false,"potions_floor_spawned":[1,16,18,19],"killed_by":"3 Cultists","ascension_level":0}}