{"host":"2ttsipbxjlhedj1t","time":1611814911,"event":{"mods":["2.2 Compatiblity","Act Like it!","BaseMod","Colored Map","Colored Powertips","Curses Come First","Highlight Path","Minty Spire (QoL Compilation)","Quick Restart","Robot Space Explorer","Shop Mod","StSLib"],"gold_per_floor":[110,110,125,146,146,146,185,185,185,185,204,204,247,15,15,145,145,161,161,260,170,188,227,227,227],"floor_reached":24,"language":"ENG","playtime":1178,"items_purged":[],"score":244,"play_id":"64d0adbf-3570-45be-b720-fdc783fd2ec7","local_time":"20210128012151","is_ascension_mode":true,"campfire_choices":[{"data":"Offering","floor":6,"key":"SMITH"},{"data":"Double Tap","floor":10,"key":"SMITH"},{"data":"Bash","floor":12,"key":"SMITH"},{"floor":15,"key":"REST"}],"circlet_count":0,"master_deck":["Strike_R+1","Strike_R","Strike_R","Strike_R","Defend_R","Defend_R","Defend_R","Defend_R","Bash+1","Offering+1","Rupture","Anger","Double Tap+1","Disarm","Pummel","Bloodletting","Barricade+1","Inflame+1","Seeing Red"],"relics":["Burning Blood","Golden Idol","Lizard Tail","Frozen Egg 2","InkBottle","Oddly Smooth Stone","Runic Cube","Shuriken","Bottled Tornado"],"acts_visited":["Exordium","TheCity"],"potions_floor_usage":[7,7,23],"damage_taken":[{"damage":7,"enemies":"Cultist","floor":1,"turns":3},{"damage":8,"enemies":"Jaw Worm","floor":3,"turns":3},{"damage":4,"enemies":"Small Slimes","floor":4,"turns":4},{"damage":14,"enemies":"3 Sentries","floor":7,"turns":6},{"damage":15,"enemies":"Red Slaver","floor":11,"turns":2},{"damage":33,"enemies":"Lagavulin","floor":13,"turns":5},{"damage":28,"enemies":"Hexaghost","floor":16,"turns":6},{"damage":20,"enemies":"Shell Parasite","floor":18,"turns":5},{"damage":20,"enemies":"3 Byrds","floor":22,"turns":5},{"damage":48,"enemies":"Slavers","floor":23,"turns":3},{"damage":21,"enemies":"Centurion and Healer","floor":24,"turns":4}],"seed_played":"-8152135485233677206","potions_obtained":[{"floor":3,"key":"Explosive Potion"},{"floor":4,"key":"LiquidMemories"},{"floor":16,"key":"BloodPotion"},{"floor":22,"key":"SmokeBomb"},{"floor":23,"key":"Ancient Potion"}],"is_trial":false,"path_per_floor":["M","?","M","M","?","R","E","?","T","R","M","R","E","$","R","B",null,"M","T","?","?","M","E","M"],"character_chosen":"IRONCLAD","items_purchased":["Oddly Smooth Stone","Bloodletting"],"campfire_rested":1,"item_purchase_floors":[14,14],"current_hp_per_floor":[79,79,77,79,72,72,64,64,64,64,55,55,28,28,52,30,80,66,66,66,66,52,26,5,5],"gold":227,"neow_bonus":"ONE_RANDOM_RARE_CARD","is_daily":false,"chose_seed":false,"campfire_upgraded":3,"win_rate":0.0,"timestamp":1611814911,"path_taken":["M","?","M","M","?","R","E","?","T","R","M","R","E","$","R","BOSS","M","?","?","?","?","E","?"],"items_purchased_type":["Relic","Card"],"build_version":"2020-12-22","purchased_purges":0,"victory":false,"max_hp_per_floor":[80,80,80,80,80,80,80,80,80,80,80,80,80,80,80,80,80,80,80,80,80,80,80,80,80],"card_choices":[{"not_picked":["Warcry","Hemokinesis"],"picked":"Rupture","floor":1},{"not_picked":["Wild Strike","Heavy Blade"],"picked":"Anger","floor":3},{"not_picked":["Sword Boomerang","Dual Wield"],"picked":"Clash","floor":4},{"not_picked":["Disarm","Anger"],"picked":"Double Tap","floor":7},{"not_picked":["Heavy Blade","Power Through"],"picked":"Disarm","floor":11},{"not_picked":["Intimidate","Power Through"],"picked":"Pummel","floor":13},{"not_picked":["Corruption+1","Double Tap"],"picked":"Barricade+1","floor":16},{"not_picked":["Entrench","Feel No Pain+1","Clothesline"],"picked":"SKIP","floor":18},{"not_picked":["Rupture+1","Power Through"],"picked":"Inflame+1","floor":22},{"not_picked":["Second Wind","Disarm+1"],"picked":"Seeing Red","floor":23}],"player_experience":361099,"relics_obtained":[{"floor":7,"key":"Lizard Tail"},{"floor":9,"key":"Frozen Egg 2"},{"floor":13,"key":"InkBottle"},{"floor":19,"key":"Shuriken"},{"floor":23,"key":"Bottled Tornado"}],"event_choices":[{"damage_healed":0,"gold_gain":0,"player_choice":"Take Wound","damage_taken":0,"relics_obtained":["Golden Idol"],"max_hp_gain":0,"max_hp_loss":0,"event_name":"Golden Idol","floor":2,"gold_loss":0,"cards_obtained":["Injury"]},{"cards_removed":["Injury"],"damage_healed":0,"gold_gain":0,"player_choice":"Card Removal","damage_taken":7,"max_hp_gain":0,"max_hp_loss":0,"event_name":"Golden Wing","floor":5,"gold_loss":0},{"cards_removed":["Clash"],"damage_healed":0,"gold_gain":0,"player_choice":"Purged","damage_taken":0,"max_hp_gain":0,"max_hp_loss":0,"event_name":"Purifier","floor":8,"gold_loss":0},{"damage_healed":0,"gold_gain":99,"player_choice":"Stole From Cult","damage_taken":0,"max_hp_gain":0,"max_hp_loss":0,"event_name":"Nest","floor":20,"gold_loss":0},{"cards_removed":["Strike_R"],"damage_healed":0,"gold_gain":0,"player_choice":"Upgrade and Remove","damage_taken":0,"max_hp_gain":0,"max_hp_loss":0,"event_name":"Designer","floor":21,"gold_loss":90,"cards_upgraded":["Strike_R"]}],"is_beta":false,"boss_relics":[{"not_picked":["Snecko Eye","Pandora\u0027s Box"],"picked":"Runic Cube"}],"items_purged_floors":[],"is_endless":false,"potions_floor_spawned":[3,4,16,22,23],"killed_by":"Centurion and Healer","ascension_level":2}}