{"host":"usrgk25etjl0nf5i","time":1611795617,"event":{"mods":["2.2 Compatiblity","BaseMod","Downfall","Hubris","Minty Spire (QoL Compilation)","Permanent Neow","StSLib","SuperFastMode"],"gold_per_floor":[112,132,207,207,16,49,49,69,69,84,35,66,79,4,4,80,80,94,94,94,110,110,110],"floor_reached":22,"language":"ENG","playtime":506,"items_purged":["Strike_B"],"score":330,"play_id":"3e44bc42-7ea7-4f72-8027-55bd3d42842f","local_time":"20210127170017","is_ascension_mode":true,"campfire_choices":[{"floor":7,"key":"REST"},{"floor":15,"key":"REST"}],"circlet_count":0,"master_deck":["AscendersBane","Strike_B","Defend_B","Defend_B","Defend_B","Defend_B","Zap","Dualcast","Ball Lightning","Aggregate","Stack","Panache","Sweeping Beam","Gash","Go for the Eyes","Scrape","Gash","Buffer","Hologram","Double Energy"],"relics":["Cracked Core","Gambling Chip","Bag of Marbles","Cables","CaptainsWheel","Nuclear Battery","hubris:Icosahedron"],"acts_visited":["Exordium","TheCity"],"potions_floor_usage":[6,12,12,13,18],"damage_taken":[{"damage":4,"enemies":"Jaw Worm","floor":1,"turns":3},{"damage":0,"enemies":"2 Louse","floor":2,"turns":1},{"damage":32,"enemies":"Gremlin Nob","floor":6,"turns":4},{"damage":0,"enemies":"Cultist","floor":8,"turns":2},{"damage":0,"enemies":"Red Slaver","floor":10,"turns":1},{"damage":27,"enemies":"Lagavulin","floor":12,"turns":5},{"damage":6,"enemies":"Looter","floor":13,"turns":2},{"damage":13,"enemies":"Slime Boss","floor":16,"turns":7},{"damage":18,"enemies":"2 Thieves","floor":18,"turns":3},{"damage":17,"enemies":"3 Byrds","floor":21,"turns":3},{"damage":16,"enemies":"Snake Plant","floor":22,"turns":1}],"seed_played":"8123796538774209770","potions_obtained":[{"floor":1,"key":"bronze:BurnAndBuffPotion"},{"floor":8,"key":"SkillPotion"},{"floor":10,"key":"Strength Potion"},{"floor":12,"key":"EntropicBrew"},{"floor":21,"key":"CultistPotion"}],"is_trial":false,"path_per_floor":["M","M","?","?","$","E","R","M","T","M","$","E","M","$","R","B",null,"M","?","?","M","M"],"character_chosen":"DEFECT","items_purchased":["Panache","Go for the Eyes"],"campfire_rested":2,"item_purchase_floors":[5,11],"current_hp_per_floor":[60,60,49,49,49,17,36,36,36,36,36,9,3,3,22,9,50,32,32,32,15,0,0],"gold":110,"neow_bonus":"ONE_RARE_RELIC","is_daily":false,"chose_seed":false,"campfire_upgraded":0,"win_rate":0.0,"timestamp":1611795617,"path_taken":["M","M","?","?","$","E","R","M","T","M","$","E","?","?","R","BOSS","M","?","?","M","M"],"items_purchased_type":["Card","Card"],"build_version":"2020-12-22","purchased_purges":1,"victory":false,"max_hp_per_floor":[64,64,64,64,64,64,64,64,64,64,64,64,64,64,64,64,64,64,64,64,64,64,64],"card_choices":[{"not_picked":["Capacitor","Steam"],"picked":"Ball Lightning","floor":1},{"not_picked":["Hello World","Beam Cell"],"picked":"Aggregate","floor":2},{"not_picked":["Blizzard","Stack"],"picked":"Sweeping Beam","floor":6},{"not_picked":["Fusion","Hologram"],"picked":"Gash","floor":8},{"not_picked":["Biased Cognition","Redo","Sweeping Beam"],"picked":"SKIP","floor":10},{"not_picked":["Reinforced Body","Double Energy"],"picked":"Scrape","floor":12},{"not_picked":["Stack","Cold Snap"],"picked":"Gash","floor":13},{"not_picked":["Amplify","hubris:Prefetch"],"picked":"Buffer","floor":16},{"not_picked":["Redo","Doom and Gloom"],"picked":"Hologram","floor":18},{"not_picked":["Barrage","Redo"],"picked":"Double Energy","floor":21}],"player_experience":676666,"relics_obtained":[{"floor":6,"key":"Bag of Marbles"},{"floor":9,"key":"Cables"},{"floor":12,"key":"CaptainsWheel"}],"event_choices":[{"damage_healed":0,"gold_gain":75,"player_choice":"Gather Gold","damage_taken":11,"max_hp_gain":0,"max_hp_loss":0,"event_name":"World of Goop","floor":3,"gold_loss":0},{"damage_healed":0,"gold_gain":0,"cards_transformed":["Strike_B"],"player_choice":"Transformed","damage_taken":0,"max_hp_gain":0,"max_hp_loss":0,"event_name":"Transmorgrifier","floor":4,"gold_loss":0,"cards_obtained":["Stack"]},{"cards_removed":["Strike_B"],"damage_healed":0,"gold_gain":0,"player_choice":"Purged","damage_taken":0,"max_hp_gain":0,"max_hp_loss":0,"event_name":"Purifier","floor":20,"gold_loss":0}],"is_beta":false,"boss_relics":[{"not_picked":["SacredBark","bronze:MakeshiftBattery"],"picked":"Nuclear Battery"}],"items_purged_floors":[14],"is_endless":false,"potions_floor_spawned":[1,8,10,12,13,21],"killed_by":"Snake Plant","ascension_level":14}}