{"host":"f0gpob8hq9vgebej","time":1611832482,"event":{"mods":["AchievementEnabler","BaseMod","Minty Spire (QoL Compilation)","Quick Restart","SuperFastMode"],"gold_per_floor":[112,112,128,147,163,196,196,226,226,243,260,260,260,289,289,289,289],"floor_reached":16,"language":"KOR","playtime":382,"items_purged":[],"score":168,"play_id":"7a4a60a8-baa6-43f9-83da-238575d0aaff","local_time":"20210128201442","is_ascension_mode":true,"campfire_choices":[{"floor":7,"key":"REST"},{"data":"Defragment","floor":12,"key":"SMITH"},{"data":"Zap","floor":15,"key":"SMITH"}],"circlet_count":0,"master_deck":["AscendersBane","Strike_B","Strike_B","Strike_B","Defend_B","Defend_B","Defend_B","Defend_B","Zap+1","Dualcast","Go for the Eyes","Auto Shields","Blizzard","Steam Power","Defragment+1","Genetic Algorithm","Streamline+1"],"relics":["Cracked Core","Thread and Needle","Molten Egg 2","Bottled Flame","Odd Mushroom"],"acts_visited":["Exordium"],"potions_floor_usage":[6,16,16],"damage_taken":[{"damage":2.0,"enemies":"Jaw Worm","floor":1.0,"turns":3.0},{"damage":0,"enemies":"2 Louse","floor":3,"turns":3},{"damage":0,"enemies":"Small Slimes","floor":4,"turns":3},{"damage":3,"enemies":"Blue Slaver","floor":5,"turns":3},{"damage":45,"enemies":"3 Sentries","floor":6,"turns":9},{"damage":25,"enemies":"Lagavulin","floor":8,"turns":8},{"damage":6,"enemies":"3 Louse","floor":10,"turns":5},{"damage":0,"enemies":"2 Fungi Beasts","floor":11,"turns":4},{"damage":18,"enemies":"The Mushroom Lair","floor":14,"turns":6},{"damage":34,"enemies":"Slime Boss","floor":16,"turns":6}],"seed_played":"-4101091076453089779","potions_obtained":[{"floor":1,"key":"DistilledChaos"},{"floor":4,"key":"FairyPotion"},{"floor":5,"key":"Energy Potion"},{"floor":10,"key":"FocusPotion"}],"is_trial":false,"path_per_floor":["M","?","M","M","M","E","R","E","T","M","M","R","?","?","R","B"],"character_chosen":"DEFECT","items_purchased":[],"campfire_rested":1,"item_purchase_floors":[],"current_hp_per_floor":[66,71,71,71,68,23,47,22,22,16,16,16,16,24,24,0,0],"gold":289,"neow_bonus":"TRANSFORM_CARD","is_daily":false,"chose_seed":false,"campfire_upgraded":2,"win_rate":0.0,"timestamp":1611832482,"path_taken":["M","?","M","M","M","E","R","E","T","M","M","R","?","?","R","BOSS"],"items_purchased_type":[],"build_version":"2020-12-22","purchased_purges":0,"victory":false,"max_hp_per_floor":[75,80,80,80,80,80,80,80,80,80,80,80,80,80,80,80,80],"card_choices":[{"not_picked":["Cold Snap","Force Field"],"picked":"Auto Shields","floor":1},{"not_picked":["Steam","Leap","Compile Driver"],"picked":"SKIP","floor":3},{"not_picked":["Lockon","Darkness","Beam Cell"],"picked":"SKIP","floor":4},{"not_picked":["Beam Cell","Rebound"],"picked":"Blizzard","floor":5},{"not_picked":["Darkness","FTL"],"picked":"Steam Power","floor":6},{"not_picked":["Cold Snap+1","Hologram"],"picked":"Defragment","floor":8},{"not_picked":["Doom and Gloom+1","Compile Driver+1"],"picked":"Genetic Algorithm","floor":10},{"not_picked":["All For One+1","Fusion","Gash+1"],"picked":"SKIP","floor":11},{"not_picked":["Rip and Tear+1","Compile Driver+1"],"picked":"Streamline+1","floor":14}],"player_experience":280438,"relics_obtained":[{"floor":6,"key":"Thread and Needle"},{"floor":8,"key":"Molten Egg 2"},{"floor":9,"key":"Bottled Flame"},{"floor":14,"key":"Odd Mushroom"}],"event_choices":[{"damage_healed":0,"gold_gain":0,"player_choice":"Donut","damage_taken":0,"max_hp_gain":5,"max_hp_loss":0,"event_name":"Big Fish","floor":2,"gold_loss":0},{"damage_healed":0,"gold_gain":0,"player_choice":"Ignored","damage_taken":0,"max_hp_gain":0,"max_hp_loss":0,"event_name":"Golden Idol","floor":13,"gold_loss":0},{"damage_healed":0,"gold_gain":0,"player_choice":"Fought Mushrooms","damage_taken":0,"max_hp_gain":0,"max_hp_loss":0,"event_name":"Mushrooms","floor":14,"gold_loss":0}],"is_beta":false,"boss_relics":[],"items_purged_floors":[],"is_endless":false,"potions_floor_spawned":[1,4,5,10],"killed_by":"Slime Boss","ascension_level":10}}