{"host":"h1qktzcccqnez8tx","time":1611876442,"event":{"mods":["AchievementEnabler","BaseMod","Bestiary","Better Note","Block Reminder","Colored Map","Colored Powertips","Curses Come First","Downfall","Highlight Path","Infinite Spire","Minty Spire (QoL Compilation)","Permanent Neow","Quick Restart","Relic Stats","Replay The Spire","Say the Spire","StSLib","UnlockEverythingMod"],"gold_per_floor":[111,186,206,220,220,220,236,264,319,334,348,365,377,402,402,505,505,518,518,518,532,532,532,547,558,558,558,281,381,394,394,394,496,496,510,510,510,525,525,525,593,593,593,593],"floor_reached":42,"language":"ENG","playtime":4259,"items_purged":["hexamod:Strike","hexamod:Strike"],"score":615,"play_id":"5ac6b564-f4dd-492b-be23-1988130957f0","local_time":"20210129002722","is_ascension_mode":false,"campfire_choices":[{"data":"hexamod:HeatMetal","floor":6,"key":"SMITH"},{"data":"hexamod:Hexaguard","floor":15,"key":"SMITH"},{"data":"hexamod:GhostOfSpirePresent","floor":23,"key":"SMITH"},{"data":"hexamod:Sear","floor":27,"key":"SMITH"},{"data":"hexamod:HeatMetal","floor":32,"key":"SMITH"},{"floor":40,"key":"RECALL"}],"circlet_count":0,"master_deck":["hexamod:Strike","hexamod:Strike","hexamod:Defend","hexamod:Defend","hexamod:Defend","hexamod:Defend","hexamod:Sear+1","hexamod:Float","hexamod:NightmareGuise","hexamod:SoulSteal","hexamod:HeatMetal+1","hexamod:GhostShield","hexamod:RadiantFlame","hexamod:ThermalTransfer","hexamod:NightmareStrike","hexamod:HeatMetal+1","hexamod:Hexaguard+1","hexamod:DynamicBlow","hexamod:VolcanoVisage","hexamod:FlamesFromBeyond+1","hexamod:Hexaguard+1","hexamod:GhostOfSpirePresent+1","hexamod:PhantomFireball","hexamod:Rewind","hexamod:PhantomFireball+1","hexamod:Incineration+1","hexamod:Incineration+1","hexamod:GhostLash","hexamod:HeatShield+1","hexamod:ApocalypseNow+1","hexamod:SpectralSpark+1","infinitespire:TheBestDefense","infinitespire:TheBestDefense","hexamod:PhantomCloak+1","hexamod:HexaLevel+1"],"relics":["hexamod:SpiritBrand","Blue Candle","Meat on the Bone","Potion Belt","Guardian:PocketSentry","Runic Pyramid","DollysMirror","Shovel","Golden Egg","Vajra","Turnip","Question Card","ReplayTheSpireMod:Ring of Challenge","The Courier","infinitespire:EvilPickle","FossilizedHelix"],"acts_visited":["Exordium","TheCity","TheBeyond"],"potions_floor_usage":[16,29,30,33,41,41],"damage_taken":[{"damage":0,"enemies":"Cultist","floor":1,"turns":3},{"damage":0,"enemies":"Small Slimes","floor":3,"turns":4},{"damage":4,"enemies":"2 Louse","floor":4,"turns":3},{"damage":12,"enemies":"Exordium Thugs","floor":7,"turns":4},{"damage":16,"enemies":"Lagavulin","floor":8,"turns":6},{"damage":0,"enemies":"Exordium Wildlife","floor":10,"turns":3},{"damage":2,"enemies":"2 Fungi Beasts","floor":11,"turns":3},{"damage":0,"enemies":"Blue Slaver","floor":12,"turns":4},{"damage":0,"enemies":"Large Slime","floor":13,"turns":3},{"damage":9,"enemies":"Gremlin Nob","floor":14,"turns":5},{"damage":6,"enemies":"Slime Boss","floor":16,"turns":10},{"damage":3,"enemies":"2 Thieves","floor":18,"turns":4},{"damage":0,"enemies":"Spheric Guardian","floor":21,"turns":5},{"damage":0,"enemies":"Snecko","floor":24,"turns":4},{"damage":9,"enemies":"Cultist and Chosen","floor":25,"turns":4},{"damage":0,"enemies":"Colosseum Slavers","floor":29,"turns":3},{"damage":0,"enemies":"Colosseum Nobs","floor":29,"turns":5},{"damage":0,"enemies":"Centurion and Healer","floor":30,"turns":3},{"damage":26,"enemies":"Pondfish","floor":33,"turns":11},{"damage":12,"enemies":"3 Darklings","floor":35,"turns":3},{"damage":3,"enemies":"3 Shapes","floor":38,"turns":6},{"damage":41,"enemies":"Giant Head","floor":41,"turns":9},{"damage":13,"enemies":"3 Darklings","floor":42,"turns":5}],"seed_played":"-8309906782428676748","potions_obtained":[{"floor":4,"key":"Explosive Potion"},{"floor":8,"key":"Toxic Potion"},{"floor":12,"key":"hexamod:EctoCoolerPotion"},{"floor":16,"key":"Ancient Potion"},{"floor":21,"key":"Block Potion"},{"floor":24,"key":"GamblersBrew"},{"floor":25,"key":"Block Potion"},{"floor":33,"key":"Languid Potion"},{"floor":38,"key":"Adrenaline Potion"}],"is_trial":false,"path_per_floor":["M","?","M","M","?","R","M","E","T","M","M","M","M","E","R","B",null,"M","AVR","?","M","?","R","M","M","T","R","$","?","M","?","R","B",null,"M","AVR","?","M","?","R","E","M"],"character_chosen":"THE_SPIRIT","items_purchased":["Vajra","hexamod:PhantomFireball","hexamod:Incineration"],"campfire_rested":0,"item_purchase_floors":[28,28,28],"current_hp_per_floor":[77,66,66,62,57,57,45,29,29,41,39,39,39,42,42,48,77,74,74,74,74,74,74,74,65,65,65,65,65,65,65,65,39,77,65,65,45,42,42,42,13,0,0,0],"gold":593,"neow_bonus":"TEN_PERCENT_HP_BONUS","is_daily":false,"chose_seed":false,"campfire_upgraded":5,"win_rate":0.0,"timestamp":1611876442,"path_taken":["M","?","M","M","?","R","M","E","T","M","M","M","M","E","R","BOSS","M","AVR","?","M","?","R","?","M","T","R","$","?","M","?","R","BOSS","M","AVR","?","M","?","R","E","M"],"items_purchased_type":["Relic","Card","Card"],"build_version":"2020-12-22","purchased_purges":2,"victory":false,"max_hp_per_floor":[77,77,77,77,77,77,77,77,77,77,77,77,77,77,77,77,77,77,77,77,77,77,77,77,77,77,77,77,77,77,77,77,77,77,77,77,77,77,77,77,77,77,77,77],"relic_stats":{"Shovel":0,"counters":[23,110],"Blue Candle":[0],"Turnip":[2],"Question Card":10,"obtain_stats":[{"Potion Belt":9,"Golden Egg":26,"Blue Candle":5,"Vajra":28,"The Courier":36,"Guardian:PocketSentry":14,"Question Card":29,"infinitespire:EvilPickle":38,"Shovel":22,"DollysMirror":19,"Turnip":29,"ReplayTheSpireMod:Ring of Challenge":31,"hexamod:SpiritBrand":0,"FossilizedHelix":41,"Meat on the Bone":8,"Runic Pyramid":17},{"Potion Belt":5,"Golden Egg":15,"Blue Candle":3,"Vajra":15,"The Courier":20,"Guardian:PocketSentry":10,"Question Card":17,"infinitespire:EvilPickle":21,"Shovel":13,"DollysMirror":12,"Turnip":17,"ReplayTheSpireMod:Ring of Challenge":18,"hexamod:SpiritBrand":0,"FossilizedHelix":22,"Meat on the Bone":5,"Runic Pyramid":11},{"Potion Belt":20,"Golden Egg":65,"Blue Candle":10,"Vajra":65,"The Courier":90,"Guardian:PocketSentry":38,"Question Card":73,"infinitespire:EvilPickle":96,"Shovel":57,"DollysMirror":52,"Turnip":73,"ReplayTheSpireMod:Ring of Challenge":76,"hexamod:SpiritBrand":0,"FossilizedHelix":105,"Meat on the Bone":20,"Runic Pyramid":48}],"Meat on the Bone":48},"card_choices":[{"not_picked":["hexamod:SpectralAdrenaline","hexamod:FastForward"],"picked":"hexamod:NightmareGuise","floor":1},{"not_picked":["hexamod:GhostLash","hexamod:Hexaguard"],"picked":"hexamod:SoulSteal","floor":3},{"not_picked":["hexamod:GhostShield","hexamod:NecessarySacrifice"],"picked":"hexamod:HeatMetal","floor":4},{"not_picked":["hexamod:SoulSteal","hexamod:NecessarySacrifice"],"picked":"hexamod:GhostShield","floor":7},{"not_picked":["hexamod:ExtraCrispy","hexamod:Hexaguard"],"picked":"hexamod:RadiantFlame","floor":8},{"not_picked":["hexamod:FirstSeal","hexamod:FastForward"],"picked":"hexamod:ThermalTransfer","floor":10},{"not_picked":["hexamod:ShieldOfDarkness","hexamod:RecurringNightmare"],"picked":"hexamod:NightmareStrike","floor":11},{"not_picked":["hexamod:RecurringNightmare","hexamod:HeatCrush"],"picked":"hexamod:HeatMetal","floor":12},{"not_picked":["hexamod:GhostShield","hexamod:GhostflameBarrier"],"picked":"hexamod:Hexaguard","floor":13},{"not_picked":["hexamod:ApocalypticArmor","hexamod:SoulSteal"],"picked":"hexamod:DynamicBlow","floor":14},{"not_picked":["hexamod:SixthSeal","hexamod:ApocalypticArmor"],"picked":"hexamod:VolcanoVisage","floor":16},{"not_picked":["hexamod:GhostShield+1","hexamod:BurningTouch"],"picked":"hexamod:FlamesFromBeyond+1","floor":18},{"not_picked":["hexamod:BacktrackSmack","hexamod:SuperheatedStrike+1"],"picked":"hexamod:GhostOfSpirePresent","floor":21},{"not_picked":["hexamod:FastForward+1","hexamod:HauntingEcho"],"picked":"hexamod:PhantomFireball","floor":24},{"not_picked":["hexamod:Again","hexamod:GhostOfSpireFuture+1"],"picked":"hexamod:Rewind","floor":25},{"not_picked":["hexamod:HauntingEcho","hexamod:ChargedBarrage"],"picked":"hexamod:GhostLash","floor":29},{"not_picked":["hexamod:BacktrackSmack","hexamod:Hexaguard+1","hexamod:InspiringFlames"],"picked":"hexamod:HeatShield+1","floor":30},{"not_picked":["hexamod:UnleashSpirits","hexamod:TimeOfNeed","hexamod:UnlimitedPower"],"picked":"hexamod:ApocalypseNow","floor":33},{"not_picked":["hexamod:InspiringFlames","hexamod:PhantomCloak+1","hexamod:RetreatToShadows+1"],"picked":"hexamod:SpectralSpark+1","floor":35},{"not_picked":["infinitespire:Oblivion","ReplayTheSpireMod:Chaos Vortex"],"picked":"infinitespire:TheBestDefense","floor":37},{"not_picked":["hexamod:SwordOfDarkness+1","hexamod:BurningTouch+1","hexamod:Haunt"],"picked":"hexamod:PhantomCloak+1","floor":38},{"not_picked":["hexamod:CatchUp","hexamod:BacktrackSmack","hexamod:EtherealExpedition"],"picked":"hexamod:HexaLevel","floor":41}],"player_experience":254030,"relics_obtained":[{"floor":8,"key":"Meat on the Bone"},{"floor":9,"key":"Potion Belt"},{"floor":14,"key":"Guardian:PocketSentry"},{"floor":26,"key":"Golden Egg"},{"floor":29,"key":"Turnip"},{"floor":29,"key":"Question Card"},{"floor":31,"key":"ReplayTheSpireMod:Ring of Challenge"},{"floor":41,"key":"FossilizedHelix"}],"event_choices":[{"damage_healed":0,"gold_gain":75,"player_choice":"Gather Gold","damage_taken":11,"max_hp_gain":0,"max_hp_loss":0,"event_name":"World of Goop","floor":2,"gold_loss":0},{"cards_removed":["hexamod:Hexaguard"],"damage_healed":0,"gold_gain":0,"player_choice":"Give","damage_taken":0,"max_hp_gain":0,"max_hp_loss":0,"event_name":"betterNote:BetterNote","floor":20,"gold_loss":0,"cards_obtained":["Berserk"]},{"damage_healed":0,"gold_gain":0,"player_choice":"Gave Potion","damage_taken":0,"relics_obtained":["Shovel"],"max_hp_gain":0,"max_hp_loss":0,"event_name":"WeMeetAgain","floor":22,"gold_loss":0},{"damage_healed":0,"gold_gain":0,"player_choice":"Fight","damage_taken":0,"max_hp_gain":0,"max_hp_loss":0,"event_name":"Colosseum","floor":29,"gold_loss":0},{"damage_healed":0,"gold_gain":0,"player_choice":"Fought Nobs","damage_taken":0,"max_hp_gain":0,"max_hp_loss":0,"event_name":"Colosseum","floor":29,"gold_loss":0}],"is_beta":false,"boss_relics":[{"not_picked":["ChewingGum","Painkiller Herb"],"picked":"Runic Pyramid"},{"not_picked":["Replay:Drink Me","Replay:Grab Bag","ReplayTheSpireMod:DimensionalGlitch"]}],"items_purged_floors":[19,36],"is_endless":false,"potions_floor_spawned":[4,8,12,16,21,24,25,33,38],"killed_by":"3 Darklings","ascension_level":0}}