{"host":"ooe12lh8pgcirntb","time":1611803695,"event":{"mods":["AchievementEnabler","Act Like it!","BaseMod","Beaked The Cultist","Better Note","ChefMod","Colored Map","Colored Powertips","Downfall","Hallownest","Minty Spire (QoL Compilation)","StSLib","The Animator","The Bug Knight","The Disciple","The Hierophant","The Problem Sleuth"],"gold_per_floor":[117,117,135,135,154,179,179,211,286,286,304,322,322,334,334,334,334],"floor_reached":16,"language":"ENG","playtime":3598,"items_purged":[],"score":112,"play_id":"ceb7751f-7444-4e3f-add0-09f706ff845a","local_time":"20210127221455","is_ascension_mode":false,"campfire_choices":[{"data":"HollowMod:SoulSplash","floor":7,"key":"SMITH"},{"data":"HollowMod:SiblingsSouls","floor":10,"key":"SMITH"},{"data":"HollowMod:VengefulVoid","floor":15,"key":"SMITH"}],"circlet_count":1,"master_deck":["HollowMod:NailStrikeStart","HollowMod:NailStrikeStart","HollowMod:NailStrikeStart","HollowMod:NailStrikeStart","HollowMod:QuickDashStart","HollowMod:QuickDashStart","HollowMod:QuickDashStart","HollowMod:QuickDashStart","HollowMod:FocusHealStart","HollowMod:PogoStrike+1","HollowMod:SoulSplash+1","HollowMod:VengefulVoid","HollowMod:CloakDash","HollowMod:SiblingsSouls+1","HollowMod:SiblingsShadow","HollowMod:NewJinnsSoul","HollowMod:VengefulVoid+1","Hallownest:curseDreamersLament","HollowMod:DashSlash"],"relics":["HollowMod:VesselMask","Hallownest:DreamNailRelic","Circlet","FossilizedHelix","Guardian:PocketSentry","Meat on the Bone","Hallownest:TeacherSealRelic"],"acts_visited":["Exordium"],"potions_floor_usage":[14],"damage_taken":[{"damage":0,"enemies":"Hallownest:monsterHuskWarrior","floor":1,"turns":4},{"damage":2,"enemies":"2_ Uuma","floor":3,"turns":5},{"damage":2,"enemies":"Hallownest:2_MossCreeps","floor":5,"turns":4},{"damage":4,"enemies":"Hallownest:eliteVengeflyKing","floor":6,"turns":6},{"damage":13,"enemies":"Hallownest:eliteMossKnight","floor":8,"turns":10},{"damage":0,"enemies":"Hallownest:monsterFoolEater","floor":11,"turns":2},{"damage":0,"enemies":"Hallownest:Wandering_and_Horned","floor":12,"turns":4},{"damage":0,"enemies":"Hallownest:monsterMossCharger","floor":14,"turns":3},{"damage":69,"enemies":"Hallownest:BossBrokenVessel","floor":16,"turns":9}],"seed_played":"4705988799206978275","potions_obtained":[{"floor":1,"key":"SkillPotion"},{"floor":5,"key":"Slimebound:ThreeZeroPotion"},{"floor":14,"key":"SmokeBomb"}],"is_trial":false,"path_per_floor":["M","?","M","?","M","E","R","E","T","R","M","M","?","M","R","B"],"character_chosen":"THE_BUGKNIGHT","items_purchased":[],"campfire_rested":0,"item_purchase_floors":[],"current_hp_per_floor":[75,75,74,74,72,68,68,61,61,61,61,61,61,61,61,0,0],"gold":334,"neow_bonus":"UPGRADE_CARD","is_daily":false,"chose_seed":false,"campfire_upgraded":3,"win_rate":0.0,"timestamp":1611803695,"path_taken":["M","?","?","?","M","E","R","E","T","R","M","M","?","M","R","BOSS"],"items_purchased_type":[],"build_version":"2020-12-22","purchased_purges":0,"victory":false,"max_hp_per_floor":[75,75,75,75,75,75,75,75,75,75,75,75,75,75,75,75,75],"card_choices":[{"not_picked":["HollowMod:AbyssShriek","HollowMod:CloakDash"],"picked":"HollowMod:SoulSplash","floor":1},{"not_picked":["HollowMod:TaintedHusks","HollowMod:NewJinnsSoul"],"picked":"HollowMod:VengefulVoid","floor":3},{"not_picked":["HollowMod:NewJinnsSoul","HollowMod:ChannelNail"],"picked":"HollowMod:CloakDash","floor":5},{"not_picked":["HollowMod:PaleKingsBlessing","HollowMod:SoulEater"],"picked":"HollowMod:SiblingsSouls","floor":6},{"not_picked":["HollowMod:CornifersMapStart","HollowMod:PureNailStrike"],"picked":"HollowMod:SiblingsShadow","floor":8},{"not_picked":["HollowMod:DoubleDash","HollowMod:VengefulVoid"],"picked":"HollowMod:NewJinnsSoul","floor":11},{"not_picked":["HollowMod:SoulSplash","HollowMod:PureNailStrike"],"picked":"HollowMod:VengefulVoid","floor":12},{"not_picked":["HollowMod:SiblingsSouls","HollowMod:WraithStrike"],"picked":"HollowMod:DashSlash","floor":14}],"player_experience":792995,"relics_obtained":[{"floor":6,"key":"FossilizedHelix"},{"floor":8,"key":"Guardian:PocketSentry"},{"floor":9,"key":"Meat on the Bone"}],"event_choices":[],"is_beta":false,"boss_relics":[],"items_purged_floors":[],"is_endless":false,"potions_floor_spawned":[1,5,14],"killed_by":"Hallownest:BossBrokenVessel","ascension_level":0}}