{"host":"6bsan6hkua32tfq7","time":1611872255,"event":{"mods":["BaseMod","Better Third Choice","Colored Map","Highlight Path","Minty Spire (QoL Compilation)","StSLib"],"gold_per_floor":[117,117,117,117,134,134,165,165,165,165,198,123,157,157,157,252,252,267,282,282,282,305,305,318,233,233,233,247,247,247,271,271,271,271],"floor_reached":33,"language":"ENG","playtime":712,"items_purged":[],"score":572,"play_id":"2944f32d-a7d7-4788-86ba-04e751dcd6ec","local_time":"20210128231735","is_ascension_mode":true,"campfire_choices":[{"data":"Bash","floor":6.0,"key":"SMITH"},{"floor":8.0,"key":"DIG"},{"floor":10.0,"key":"DIG"},{"data":"Defend_R","floor":15,"key":"SMITH"},{"floor":23,"key":"DIG"},{"floor":27,"key":"REST"},{"data":"True Grit","floor":30,"key":"SMITH"},{"floor":32,"key":"DIG"}],"circlet_count":0,"master_deck":["AscendersBane","Strike_R","Strike_R","Strike_R","Strike_R","Defend_R+1","Defend_R","Bash+1","After Image+1","Headbutt","Hemokinesis","Rupture","Reckless Charge","Bludgeon+1","Power Through","RitualDagger","True Grit+1"],"relics":["Burning Blood","NeowsBlessing","Bag of Marbles","Shovel","Toy Ornithopter","Art of War","Paper Frog","FossilizedHelix","PreservedInsect","Golden Idol","Mark of Pain","Boot","Incense Burner","Meat on the Bone","Molten Egg 2"],"acts_visited":["Exordium","TheCity"],"potions_floor_usage":[13,13,16,33,33],"damage_taken":[{"damage":0.0,"enemies":"Small Slimes","floor":1.0,"turns":1.0},{"damage":0.0,"enemies":"2 Louse","floor":5.0,"turns":1.0},{"damage":0.0,"enemies":"Gremlin Nob","floor":7.0,"turns":1.0},{"damage":31.0,"enemies":"Lagavulin","floor":11.0,"turns":5.0},{"damage":50,"enemies":"3 Sentries","floor":13,"turns":9},{"damage":22,"enemies":"The Guardian","floor":16,"turns":11},{"damage":34,"enemies":"3 Byrds","floor":18,"turns":6},{"damage":0,"enemies":"Chosen","floor":19,"turns":3},{"damage":0,"enemies":"Snecko","floor":22,"turns":2},{"damage":24,"enemies":"Chosen and Byrds","floor":24,"turns":5},{"damage":8,"enemies":"3 Cultists","floor":28,"turns":4},{"damage":18,"enemies":"Snecko","floor":31,"turns":5},{"damage":65,"enemies":"Collector","floor":33,"turns":6}],"seed_played":"-6214851737955611063","potions_obtained":[{"floor":7.0,"key":"Swift Potion"},{"floor":11,"key":"BloodPotion"},{"floor":13,"key":"ElixirPotion"},{"floor":19,"key":"ElixirPotion"},{"floor":24,"key":"EssenceOfSteel"}],"is_trial":false,"path_per_floor":["M","?","?","?","M","R","E","R","T","R","E","?","E","?","R","B",null,"M","M","?","?","M","R","M","?","T","R","M","?","R","M","R","B"],"character_chosen":"IRONCLAD","items_purchased":[],"campfire_rested":1,"item_purchase_floors":[],"current_hp_per_floor":[74,74,57,50,56,56,62,62,62,62,37,37,18,18,18,7,53,25,31,25,25,31,31,13,13,13,33,43,43,43,43,43,0,0],"gold":271,"neow_bonus":"THREE_ENEMY_KILL","is_daily":false,"chose_seed":false,"campfire_upgraded":3,"win_rate":0.0,"timestamp":1611872255,"path_taken":["M","?","?","?","M","R","E","R","T","R","E","?","E","?","R","BOSS","M","M","?","?","?","R","M","?","T","R","M","?","R","M","R","BOSS"],"items_purchased_type":[],"build_version":"2020-12-22","purchased_purges":0,"victory":false,"max_hp_per_floor":[75,75,75,75,75,75,75,75,75,75,75,75,75,68,68,68,68,68,68,68,68,68,68,68,68,68,68,68,68,68,68,68,68,68],"card_choices":[{"not_picked":["Clash","Havoc","Thunderclap"],"picked":"SKIP","floor":1.0},{"not_picked":["Sword Boomerang","Entrench"],"picked":"Headbutt","floor":5.0},{"not_picked":["Dual Wield","Armaments"],"picked":"Hemokinesis","floor":7.0},{"not_picked":["Hemokinesis","Body Slam"],"picked":"Rupture","floor":11},{"not_picked":["Iron Wave","Headbutt"],"picked":"Reckless Charge","floor":13},{"not_picked":["Juggernaut","Berserk"],"picked":"Bludgeon","floor":16},{"not_picked":["Pommel Strike","Infernal Blade+1","Perfected Strike"],"picked":"SKIP","floor":18},{"not_picked":["Anger","Body Slam"],"picked":"Power Through","floor":19},{"not_picked":["Clothesline","Searing Blow","Heavy Blade"],"picked":"SKIP","floor":22},{"not_picked":["Pommel Strike","Clothesline+1","Havoc"],"picked":"SKIP","floor":24},{"not_picked":["Havoc","Corruption","Entrench"],"picked":"SKIP","floor":28},{"not_picked":["Whirlwind","Iron Wave","Anger"],"picked":"SKIP","floor":31}],"player_experience":5338693,"relics_obtained":[{"floor":7.0,"key":"Shovel"},{"floor":8.0,"key":"Toy Ornithopter"},{"floor":9.0,"key":"Art of War"},{"floor":10.0,"key":"Paper Frog"},{"floor":11,"key":"FossilizedHelix"},{"floor":13,"key":"PreservedInsect"},{"floor":23,"key":"Boot"},{"floor":26,"key":"Meat on the Bone"},{"floor":32,"key":"Molten Egg 2"}],"event_choices":[{"cards_removed":["Defend_R"],"damage_healed":0.0,"max_hp_gain":0.0,"max_hp_loss":0.0,"gold_gain":0.0,"event_name":"Living Wall","player_choice":"Forget","floor":2.0,"gold_loss":0.0,"damage_taken":0.0},{"cards_removed":["Defend_R"],"damage_healed":0.0,"max_hp_gain":0.0,"max_hp_loss":0.0,"gold_gain":0.0,"event_name":"Golden Wing","player_choice":"Card Removal","floor":4.0,"gold_loss":0.0,"damage_taken":7.0},{"cards_removed":["Strike_R"],"damage_healed":0,"gold_gain":0,"player_choice":"Card Removal","damage_taken":0,"max_hp_gain":0,"max_hp_loss":0,"event_name":"The Cleric","floor":12,"gold_loss":75},{"damage_healed":0,"gold_gain":0,"player_choice":"Lose Max HP","damage_taken":0,"relics_obtained":["Golden Idol"],"max_hp_gain":0,"max_hp_loss":7,"event_name":"Golden Idol","floor":14,"gold_loss":0},{"damage_healed":0,"gold_gain":0,"player_choice":"Dagger","damage_taken":6,"max_hp_gain":0,"max_hp_loss":0,"event_name":"betterThird:BetterNest","floor":20,"gold_loss":0,"cards_obtained":["RitualDagger"]},{"damage_healed":0,"gold_gain":0,"player_choice":"Upgraded","damage_taken":0,"max_hp_gain":0,"max_hp_loss":0,"event_name":"Upgrade Shrine","floor":21,"gold_loss":0,"cards_upgraded":["Bludgeon"]},{"damage_healed":0,"gold_gain":0,"player_choice":"Obtained Relic","damage_taken":0,"relics_obtained":["Incense Burner"],"max_hp_gain":0,"max_hp_loss":0,"event_name":"Addict","floor":25,"gold_loss":85},{"damage_healed":0,"gold_gain":0,"player_choice":"Read","damage_taken":0,"max_hp_gain":0,"max_hp_loss":0,"event_name":"The Library","floor":29,"gold_loss":0,"cards_obtained":["True Grit"]}],"is_beta":false,"boss_relics":[{"not_picked":["SacredBark","Snecko Eye"],"picked":"Mark of Pain"}],"items_purged_floors":[],"is_endless":false,"potions_floor_spawned":[7,11,13,19,24],"killed_by":"Collector","ascension_level":20}}