{"host":"y89x8uui45kcjy42","time":1611809657,"event":{"mods":["2.2 Compatiblity","BaseMod","CapriCore","Colored Map","Colored Powertips","Custom Start","Friendly Minions","Keyboard Shortcuts","Marisa£¨Ùöéë¡¡Øª×âÞÞ£©","Minty Spire (QoL Compilation)","Relic Stats","Slay the Relics Exporter","StSLib","SuperFastMode","Uncapped"],"gold_per_floor":[365,381,395,408,422,456,456,456,527,527,542,577,590,590,590,695,695,712,494,504,504,515,540,540,551,551,551,551,578,578,590,590,693,693,707,320,336,39,49,78,78,111,111,440,440,457,457,472,472,472,472,472,71,98,98],"floor_reached":56,"language":"KOR","playtime":1892,"items_purged":["Strike_MRS"],"score":2467,"play_id":"98785348-758c-493a-a0e5-577a8c2ef727","local_time":"20210128135417","is_ascension_mode":true,"campfire_choices":[{"data":"1","floor":7,"key":"LIFT"},{"data":"2","floor":8,"key":"LIFT"},{"data":"3","floor":10,"key":"LIFT"},{"data":"EscapeVelocity","floor":15,"key":"SMITH"},{"data":"AbsoluteMagnitude","floor":24,"key":"SMITH"},{"data":"StarBarrage","floor":28,"key":"SMITH"},{"data":"UltimateShortwave","floor":30,"key":"SMITH"},{"data":"MasterSpark","floor":32,"key":"SMITH"},{"floor":41,"key":"RECALL"},{"data":"EnergyFlow","floor":45,"key":"SMITH"},{"data":"MillisecondPulsars","floor":47,"key":"SMITH"},{"data":"PropBag","floor":49,"key":"SMITH"}],"circlet_count":0,"master_deck":["MasterSpark+1","UpSweep+1","StarBarrage+1","EscapeVelocity+1","AbsoluteMagnitude+1","EnergyRecoil+1","MillisecondPulsars+1","UltimateShortwave+1","ChargeUpSpray+1","EnergyFlow+1","PropBag+1"],"relics":["BewitchedHakkero","Vajra","Oddly Smooth Stone","Bag of Preparation","Mercury Hourglass","Question Card","Girya","TungstenRod","Torii","ClockworkSouvenir","Medical Kit","Sling","Coffee Dripper","Nloth\u0027s Gift","Necronomicon","Coffee Dripper","Ring of the Serpent","Bronze Scales","Dream Catcher","FaceOfCleric","StoneCalendar","Singing Bowl","SimpleLauncher","Mango","Smiling Mask","Ancient Tea Set","Old Coin","SproutingBranch","Unceasing Top"],"acts_visited":["Exordium","TheCity","TheBeyond","TheEnding"],"potions_floor_usage":[5,6,12,55,55],"damage_taken":[{"damage":0,"enemies":"Cultist","floor":1,"turns":2},{"damage":5,"enemies":"Jaw Worm","floor":2,"turns":2},{"damage":0,"enemies":"Small Slimes","floor":3,"turns":2},{"damage":0,"enemies":"Red Slaver","floor":4,"turns":1},{"damage":0,"enemies":"Looter","floor":5,"turns":2},{"damage":7,"enemies":"Lagavulin","floor":6,"turns":3},{"damage":0,"enemies":"Lots of Slimes","floor":11,"turns":2},{"damage":0,"enemies":"3 Sentries","floor":12,"turns":3},{"damage":10,"enemies":"Exordium Thugs","floor":13,"turns":2},{"damage":0,"enemies":"The Guardian","floor":16,"turns":5},{"damage":16,"enemies":"2 Thieves","floor":18,"turns":3},{"damage":0,"enemies":"Spheric Guardian","floor":20,"turns":2},{"damage":0,"enemies":"Centurion and Healer","floor":22,"turns":2},{"damage":0,"enemies":"Book of Stabbing","floor":23,"turns":2},{"damage":0,"enemies":"Chosen and Byrds","floor":25,"turns":2},{"damage":0,"enemies":"Gremlin Leader","floor":29,"turns":2},{"damage":0,"enemies":"Snecko","floor":31,"turns":3},{"damage":0,"enemies":"Automaton","floor":33,"turns":5},{"damage":0,"enemies":"Orb Walker","floor":35,"turns":2},{"damage":11,"enemies":"3 Shapes","floor":37,"turns":2},{"damage":0,"enemies":"Transient","floor":39,"turns":4},{"damage":0,"enemies":"Giant Head","floor":40,"turns":3},{"damage":6,"enemies":"Nemesis","floor":42,"turns":3},{"damage":0,"enemies":"Giant Head","floor":44,"turns":3},{"damage":16,"enemies":"4 Shapes","floor":46,"turns":3},{"damage":0,"enemies":"Sphere and 2 Shapes","floor":48,"turns":2},{"damage":54,"enemies":"Awakened One","floor":50,"turns":4},{"damage":19,"enemies":"Shield and Spear","floor":54,"turns":3},{"damage":66,"enemies":"The Heart","floor":55,"turns":5}],"seed_played":"4114405365539105017","potions_obtained":[{"floor":2,"key":"Fruit Juice"},{"floor":3,"key":"Fire Potion"},{"floor":5,"key":"Explosive Potion"},{"floor":11,"key":"GamblersBrew"},{"floor":18,"key":"Energy Potion"},{"floor":21,"key":"SpeedPotion"},{"floor":21,"key":"Swift Potion"},{"floor":54,"key":"Dexterity Potion"}],"is_trial":false,"path_per_floor":["M","M","M","M","M","E","R","R","T","R","M","E","M","?","R","B",null,"M","$","M","?","M","E","R","M","T","?","R","E","R","M","R","B",null,"M","$","M","$","M","E","R","E","T","E","R","M","R","M","R","B",null,"R","$","E","B",null],"character_chosen":"MARISA","items_purchased":["Bronze Scales","SimpleLauncher","EnergyFlow","Mango","SproutingBranch"],"campfire_rested":0,"item_purchase_floors":[19,36,36,38,53],"current_hp_per_floor":[83,81,84,87,95,89,89,89,89,89,90,91,82,62,62,63,95,82,82,85,85,88,91,91,94,94,94,94,95,95,96,96,99,119,122,122,114,128,131,134,134,131,131,132,132,119,119,122,122,69,139,139,139,165,105],"gold":98,"neow_bonus":"TWO_FIFTY_GOLD","is_daily":false,"chose_seed":false,"campfire_upgraded":8,"win_rate":0.0,"timestamp":1611809657,"path_taken":["M","M","?","M","?","E","R","R","T","R","M","E","?","?","R","BOSS","M","$","M","?","M","E","R","?","T","?","R","E","R","?","R","BOSS","M","$","M","$","M","E","R","E","T","E","R","M","R","M","R","BOSS","R","$","E","BOSS"],"items_purchased_type":["Relic","Relic","Card","Relic","Relic"],"build_version":"2020-12-22","purchased_purges":1,"victory":true,"max_hp_per_floor":[83,86,89,92,100,101,101,101,101,101,102,103,104,104,104,105,105,108,108,111,111,114,117,117,120,120,120,120,121,121,122,122,125,125,128,128,131,145,148,151,151,154,154,155,155,158,158,161,161,162,162,162,162,165,166],"relic_stats":{"Torii":50,"Singing Bowl":38,"counters":[29,79],"StoneCalendar":[0],"Bag of Preparation":[58],"Question Card":27,"Medical Kit":[45],"Smiling Mask":0,"Mercury Hourglass":[316],"Dream Catcher":0,"FaceOfCleric":29,"Bronze Scales":[141],"Nloth\u0027s Gift":8,"Necronomicon":[48],"obtain_stats":[{"Singing Bowl":0,"Torii":0,"Gremlin Horn":50,"Vajra":0,"StoneCalendar":12,"Mango":38,"Bag of Preparation":0,"Whetstone":6,"SproutingBranch":53,"Sling":0,"Smiling Mask":40,"Ancient Tea Set":42,"ClockworkSouvenir":0,"Old Coin":44,"Dream Catcher":23,"FaceOfCleric":0,"WingedGreaves":7,"Necronomicon":0,"BewitchedHakkero":0,"SimpleLauncher":36,"Girya":0,"Blue Candle":48,"Oddly Smooth Stone":0,"Omamori":0,"Letter Opener":46,"Question Card":0,"Medical Kit":0,"Mercury Hourglass":0,"Shuriken":55,"Bronze Scales":19,"Coffee Dripper":0,"Nloth\u0027s Gift":0,"MiniHakkero":0,"TungstenRod":0,"Ring of the Serpent":17,"Unceasing Top":54},{"Singing Bowl":0,"Torii":0,"Gremlin Horn":27,"Vajra":0,"StoneCalendar":8,"Mango":20,"Bag of Preparation":0,"Whetstone":6,"SproutingBranch":27,"Sling":0,"Smiling Mask":22,"Ancient Tea Set":23,"ClockworkSouvenir":0,"Old Coin":24,"Dream Catcher":14,"FaceOfCleric":0,"WingedGreaves":6,"Necronomicon":0,"BewitchedHakkero":0,"SimpleLauncher":19,"Girya":0,"Blue Candle":26,"Oddly Smooth Stone":0,"Omamori":0,"Letter Opener":25,"Question Card":0,"Medical Kit":0,"Mercury Hourglass":0,"Shuriken":29,"Bronze Scales":11,"Coffee Dripper":0,"Nloth\u0027s Gift":0,"MiniHakkero":0,"TungstenRod":0,"Ring of the Serpent":10,"Unceasing Top":28},{"Singing Bowl":0,"Torii":0,"Gremlin Horn":68,"Vajra":0,"StoneCalendar":17,"Mango":49,"Bag of Preparation":0,"Whetstone":12,"SproutingBranch":71,"Sling":0,"Smiling Mask":56,"Ancient Tea Set":59,"ClockworkSouvenir":0,"Old Coin":62,"Dream Catcher":33,"FaceOfCleric":0,"WingedGreaves":12,"Necronomicon":0,"BewitchedHakkero":0,"SimpleLauncher":47,"Girya":0,"Blue Candle":67,"Oddly Smooth Stone":0,"Omamori":0,"Letter Opener":63,"Question Card":0,"Medical Kit":0,"Mercury Hourglass":0,"Shuriken":75,"Bronze Scales":27,"Coffee Dripper":0,"Nloth\u0027s Gift":0,"MiniHakkero":0,"TungstenRod":0,"Ring of the Serpent":24,"Unceasing Top":74}],"TungstenRod":67,"Unceasing Top":[1]},"card_choices":[{"not_picked":["WitchOfGreed","ShootingEcho","PropBag","6A"],"picked":"Singing Bowl","floor":1},{"not_picked":["MilkyWay","NonDirectionalLaser","6A","ShootingEcho"],"picked":"Singing Bowl","floor":2},{"not_picked":["DC","GalacticHalo","MysteriousBeam","AsteroidBelt"],"picked":"Singing Bowl","floor":3},{"not_picked":["GrandCross","FairyDestructionRay","IllusionStar","Robbery"],"picked":"Singing Bowl","floor":4},{"not_picked":["OneTimeOff","WitchLeyline","UnstableBomb","Robbery"],"picked":"Singing Bowl","floor":5},{"not_picked":["WitchOfGreed","ShootingEcho","DC"],"picked":"StarBarrage","floor":6},{"not_picked":["FairyDestructionRay","PulseMagic","DoubleSpark"],"picked":"EscapeVelocity","floor":11},{"not_picked":["MilkyWay","ChargingUp","FairyDestructionRay"],"picked":"AbsoluteMagnitude","floor":12},{"not_picked":["Acceleration","ManaConvection","GalacticHalo"],"picked":"EnergyRecoil","floor":13},{"not_picked":["ManaRampage","BinaryStars","CollectingQuirk"],"picked":"MillisecondPulsars","floor":16},{"not_picked":["MagicChant","AbsoluteMagnitude","GravityBeat","Occultation"],"picked":"Singing Bowl","floor":18},{"not_picked":["MysteriousBeam","IllusionStar+1","Singularity","EscapeVelocity"],"picked":"Singing Bowl","floor":20},{"not_picked":["DarkSpark","PowerUp+1","WitchLeyline+1","ShootingEcho"],"picked":"Singing Bowl","floor":22},{"not_picked":["StarDustReverie","DoubleSpark","EarthLightRay","GravityBeat"],"picked":"Singing Bowl","floor":23},{"not_picked":["MillisecondPulsars","WitchOfGreed","NonDirectionalLaser","LuminesStrike"],"picked":"Singing Bowl","floor":25},{"not_picked":["TreasureHunter","StarBarrage","ChargingUp"],"picked":"UltimateShortwave","floor":29},{"not_picked":["WitchLeyline","6A","NonDirectionalLaser"],"picked":"ChargeUpSpray","floor":31},{"not_picked":["BlazingStar","CasketOfStar","MillisecondPulsars","StarDustReverie"],"picked":"Singing Bowl","floor":33},{"not_picked":["ManaConvection","StarlightTyphoon","ShootingEcho","EventHorizon"],"picked":"Singing Bowl","floor":35},{"not_picked":["MaximisePower","MeteoricShower","RefractionSpark","EarthLightRay"],"picked":"Singing Bowl","floor":37},{"not_picked":["FinalSpark","DC+1","SporeBomb","Singularity"],"picked":"Singing Bowl","floor":39},{"not_picked":["StarBarrage+1","Orbital","EscapeVelocity","MagicChant"],"picked":"Singing Bowl","floor":40},{"not_picked":["AsteroidBelt","Acceleration+1","ShootingEcho","SuperNova"],"picked":"Singing Bowl","floor":42},{"not_picked":["IllusionStar","Orbital+1","PulseMagic+1"],"picked":"PropBag","floor":44},{"not_picked":["SporeBomb","DoubleSpark","SuperPerseids","AsteroidBelt"],"picked":"Singing Bowl","floor":46},{"not_picked":["EventHorizon","GrandCross+1","UnstableBomb","LuminesStrike"],"picked":"Singing Bowl","floor":48},{"not_picked":["StarlightTyphoon+1","AbsoluteMagnitude","GalacticHalo","DC"],"picked":"Singing Bowl","floor":54}],"player_experience":726631,"relics_obtained":[{"floor":6,"key":"Whetstone"},{"floor":12,"key":"StoneCalendar"},{"floor":23,"key":"Dream Catcher"},{"floor":40,"key":"Smiling Mask"},{"floor":42,"key":"Ancient Tea Set"},{"floor":44,"key":"Old Coin"},{"floor":54,"key":"Unceasing Top"}],"event_choices":[{"damage_healed":0,"gold_gain":0,"player_choice":"Entered Light","damage_taken":21,"max_hp_gain":0,"max_hp_loss":0,"event_name":"Shining Light","floor":14,"gold_loss":0,"cards_upgraded":["Strike_MRS","Defend_MRS"]},{"damage_healed":0,"gold_gain":0,"player_choice":"Got Potions","damage_taken":0,"max_hp_gain":0,"max_hp_loss":0,"event_name":"Lab","floor":21,"gold_loss":0},{"damage_healed":0,"gold_gain":0,"player_choice":"Upgraded","damage_taken":0,"max_hp_gain":0,"max_hp_loss":0,"event_name":"Upgrade Shrine","floor":27,"gold_loss":0,"cards_upgraded":["EnergyRecoil"]}],"is_beta":false,"boss_relics":[{"not_picked":["Ectoplasm","Busted Crown"],"picked":"Coffee Dripper"},{"not_picked":["Philosopher\u0027s Stone","Calling Bell","Astrolabe"]}],"items_purged_floors":[19],"is_endless":false,"potions_floor_spawned":[2,3,5,11,18,22,25,29,37,39,40,44,54],"ascension_level":12}}