{"host":"i0avyit1s6jb1siw","time":1611832893,"event":{"mods":["BaseMod","DeckTracker","Dota2Spire","Highlight Path","Minty Spire (QoL Compilation)","Quick Restart","StSLib","SuperFastMode"],"gold_per_floor":[116,191,206,206,221,221,231,245,272,272,284,12,30,47,72,72,148,148,161,161,173,173,187,187,187,187],"floor_reached":25,"language":"ENG","playtime":432,"items_purged":[],"score":414,"play_id":"2d5d67ae-a423-41fd-97dd-c4b7e70d0d55","local_time":"20210128122133","is_ascension_mode":true,"campfire_choices":[{"data":"Inflame","floor":6,"key":"SMITH"},{"data":"Inflame","floor":10,"key":"SMITH"},{"data":"Apotheosis","floor":16,"key":"SMITH"},{"data":"Battle Trance","floor":24,"key":"SMITH"}],"circlet_count":0,"master_deck":["AscendersBane","Strike_R+1","Strike_R+1","Strike_R+1","Strike_R+1","Defend_R+1","Defend_R+1","Defend_R+1","Defend_R+1","Bash","Flame Barrier+1","Pummel","Inflame+1","Inflame+1","Twin Strike","Reaper","Apotheosis+1","Twin Strike","Bloodletting","Sword Boomerang","Feed","Evolve","Battle Trance+1"],"relics":["Burning Blood","NeowsBlessing","War Paint","Membership Card","Dota2Spire:LotusOrb","Empty Cage"],"acts_visited":["Exordium","TheCity"],"potions_floor_usage":[15,17,21,23],"damage_taken":[{"damage":0,"enemies":"Jaw Worm","floor":1,"turns":1},{"damage":0,"enemies":"Small Slimes","floor":3,"turns":1},{"damage":0,"enemies":"Cultist","floor":5,"turns":1},{"damage":6,"enemies":"Looter","floor":7,"turns":4},{"damage":9,"enemies":"Blue Slaver","floor":8,"turns":5},{"damage":7,"enemies":"3 Louse","floor":11,"turns":4},{"damage":22,"enemies":"Exordium Wildlife","floor":13,"turns":5},{"damage":11,"enemies":"Looter","floor":14,"turns":3},{"damage":25,"enemies":"3 Sentries","floor":15,"turns":7},{"damage":20,"enemies":"The Guardian","floor":17,"turns":9},{"damage":21,"enemies":"Chosen","floor":19,"turns":4},{"damage":44,"enemies":"2 Thieves","floor":21,"turns":5},{"damage":13,"enemies":"Chosen and Byrds","floor":23,"turns":7},{"damage":12,"enemies":"Shelled Parasite and Fungi","floor":25,"turns":2}],"seed_played":"4814825411602055138","potions_obtained":[{"floor":3,"key":"SteroidPotion"},{"floor":4,"key":"EntropicBrew"}],"is_trial":false,"path_per_floor":["M","?","M","?","M","R","M","M","T","R","M","$","M","M","E","R","B",null,"M","?","M","?","M","R","M"],"character_chosen":"IRONCLAD","items_purchased":["Membership Card","Apotheosis","Twin Strike"],"campfire_rested":0,"item_purchase_floors":[12,12,12],"current_hp_per_floor":[74,63,69,69,75,75,75,72,72,72,71,71,55,50,45,45,47,68,53,53,15,15,12,12,0,0],"gold":187,"neow_bonus":"THREE_ENEMY_KILL","is_daily":false,"chose_seed":false,"campfire_upgraded":4,"win_rate":0.0,"timestamp":1611832893,"path_taken":["M","?","M","?","?","R","M","M","T","R","M","$","M","M","E","R","BOSS","M","?","M","?","M","R","M"],"items_purchased_type":["Relic","Card","Card"],"build_version":"2020-12-22","purchased_purges":0,"victory":false,"max_hp_per_floor":[75,75,75,75,75,75,75,75,75,75,75,75,75,75,75,75,75,75,75,75,75,75,79,79,79,79],"card_choices":[{"not_picked":["Thunderclap","True Grit"],"picked":"Flame Barrier","floor":1},{"not_picked":["Intimidate","Warcry"],"picked":"Pummel","floor":3},{"not_picked":["Armaments","Evolve"],"picked":"Inflame","floor":5},{"not_picked":["Wild Strike","Sword Boomerang"],"picked":"Inflame","floor":7},{"not_picked":["Warcry","Wild Strike"],"picked":"Twin Strike","floor":8},{"not_picked":["Hemokinesis","Anger"],"picked":"Reaper","floor":11},{"not_picked":["Thunderclap","Flex"],"picked":"Bloodletting","floor":13},{"not_picked":["Twin Strike","Iron Wave"],"picked":"Sword Boomerang","floor":14},{"not_picked":["Clash","Carnage"],"picked":"Perfected Strike","floor":15},{"not_picked":["Offering","Exhume"],"picked":"Feed","floor":17},{"not_picked":["Combust+1","Iron Wave","Armaments"],"picked":"SKIP","floor":19},{"not_picked":["Body Slam","Whirlwind"],"picked":"Evolve","floor":21},{"not_picked":["True Grit","Rage"],"picked":"Battle Trance","floor":23}],"player_experience":2361869,"relics_obtained":[{"floor":9,"key":"War Paint"},{"floor":15,"key":"Dota2Spire:LotusOrb"}],"event_choices":[{"damage_healed":0,"gold_gain":75,"player_choice":"Gather Gold","damage_taken":11,"max_hp_gain":0,"max_hp_loss":0,"event_name":"World of Goop","floor":2,"gold_loss":0},{"damage_healed":0,"gold_gain":0,"player_choice":"Got Potions","damage_taken":0,"max_hp_gain":0,"max_hp_loss":0,"event_name":"Lab","floor":4,"gold_loss":0},{"damage_healed":0,"gold_gain":0,"player_choice":"Ignored","damage_taken":0,"max_hp_gain":0,"max_hp_loss":0,"event_name":"The Mausoleum","floor":20,"gold_loss":0},{"damage_healed":0,"gold_gain":0,"player_choice":"Simplicity","damage_taken":0,"max_hp_gain":0,"max_hp_loss":0,"event_name":"Back to Basics","floor":22,"gold_loss":0,"cards_upgraded":["Strike_R","Strike_R","Strike_R","Strike_R","Defend_R","Defend_R","Defend_R"]}],"is_beta":false,"boss_relics":[{"not_picked":["Busted Crown","Fusion Hammer"],"picked":"Empty Cage"}],"items_purged_floors":[],"is_endless":false,"potions_floor_spawned":[3,7,11,13,17,19],"killed_by":"Shelled Parasite and Fungi","ascension_level":20}}