{"host":"fr3ip57hl52y255p","time":1611822661,"event":{"mods":["Act Like it!","Arknights The Spire","BaseMod","Challenge The Spire","Colored Powertips","Downfall","Good Game Mod","Luminous","Mari Mod (Legacy)","Mari\u0027s V1 Patch","Minty Spire (QoL Compilation)","READ ME - Guardian Mod","Relic Filter Mod","Relic Stats","StSLib","The Cursed","The Hierophant","[GremlinLeader]The Maniac"],"gold_per_floor":[119,44,56,56,56,56,71,94,94,10,28,49,49,49,49,49,49],"floor_reached":16,"language":"ZHS","playtime":908,"items_purged":[],"score":95,"play_id":"cbf7ea31-66e2-4cff-a959-dc97a7769962","local_time":"20210128163101","is_ascension_mode":true,"campfire_choices":[{"data":"TheCursedMod:CursedSpellbook","floor":6,"key":"SMITH"},{"data":"TheCursedMod:CircleOfWindfury","floor":13,"key":"SMITH"},{"data":"TheCursedMod:LuckyCharm","floor":15,"key":"SMITH"}],"circlet_count":0,"master_deck":["TheCursedMod:Strike_TheCursed","TheCursedMod:Strike_TheCursed","TheCursedMod:Strike_TheCursed","TheCursedMod:Strike_TheCursed","TheCursedMod:Defend_TheCursed","TheCursedMod:Defend_TheCursed","TheCursedMod:Defend_TheCursed","TheCursedMod:Defend_TheCursed","TheCursedMod:CursedWand","TheCursedMod:CleanUpWorkshop+1","TheCursedMod:Dregs","TheCursedMod:CircleOfWindfury+1","TheCursedMod:CursedSpellbook+1","Regret","Injury","TheCursedMod:LuckyCharm+1","TheCursedMod:CursedShiv"],"relics":["TheCursedMod:BlackMagic101","REME:ComplimentaryCards","Pear","Golden Idol","Bag of Marbles","Singing Bowl"],"acts_visited":["Exordium"],"potions_floor_usage":[16],"damage_taken":[{"damage":0.0,"enemies":"Cultist","floor":1.0,"turns":3.0},{"damage":0.0,"enemies":"Jaw Worm","floor":3.0,"turns":4.0},{"damage":9,"enemies":"Small Slimes","floor":7,"turns":5},{"damage":0,"enemies":"Looter","floor":11,"turns":4},{"damage":5,"enemies":"Blue Slaver","floor":12,"turns":4},{"damage":43,"enemies":"Hexaghost","floor":16,"turns":13}],"seed_played":"-138110495721872226","potions_obtained":[{"floor":7,"key":"SteroidPotion"},{"floor":12,"key":"Weak Potion"}],"is_trial":false,"path_per_floor":["M","$","M","?","?","R","M","T","T","$","M","M","R","?","R","B"],"character_chosen":"THE_CURSED","items_purchased":["TheCursedMod:CursedSpellbook","TheCursedMod:LuckyCharm","TheCursedMod:CursedShiv"],"campfire_rested":0,"item_purchase_floors":[2,10,10],"current_hp_per_floor":[75,75,75,85,85,85,76,76,76,76,78,75,75,75,75,32,32],"gold":49,"neow_bonus":"UPGRADE_CARD","is_daily":false,"chose_seed":false,"campfire_upgraded":3,"win_rate":0.0,"timestamp":1611822661,"path_taken":["M","?","M","?","?","R","M","?","T","$","?","?","R","?","R","BOSS"],"items_purchased_type":["Card","Card","Card"],"build_version":"2020-12-22","purchased_purges":0,"victory":false,"max_hp_per_floor":[75,75,75,85,85,85,85,85,85,85,87,89,89,89,89,89,89],"relic_stats":{"Singing Bowl":4,"counters":[6,33],"Golden Idol":11,"obtain_stats":[{"TheCursedMod:BlackMagic101":0,"REME:ComplimentaryCards":0,"Pear":4,"Singing Bowl":9,"Golden Idol":5,"Bag of Marbles":8},{"TheCursedMod:BlackMagic101":0,"REME:ComplimentaryCards":0,"Pear":2,"Singing Bowl":3,"Golden Idol":2,"Bag of Marbles":3},{"TheCursedMod:BlackMagic101":0,"REME:ComplimentaryCards":0,"Pear":7,"Singing Bowl":12,"Golden Idol":7,"Bag of Marbles":12}]},"card_choices":[{"not_picked":["TheCursedMod:SmokeScreen","TheCursedMod:FleshFromBone"],"picked":"TheCursedMod:CircleOfWindfury","floor":1.0},{"not_picked":["TheCursedMod:AshesToAshes","TheCursedMod:CursedStaff","TheCursedMod:CursedMace"],"picked":"SKIP","floor":3.0},{"not_picked":["TheCursedMod:Stigma","TheCursedMod:CursedStaff","TheCursedMod:SaltUponWound"],"picked":"SKIP","floor":7},{"not_picked":["TheCursedMod:SaltUponWound","TheCursedMod:CircleOfAmplification","TheCursedMod:CursedShiv"],"picked":"Singing Bowl","floor":11},{"not_picked":["TheCursedMod:CursedAmulet","TheCursedMod:OutForBlood","TheCursedMod:Stigma"],"picked":"Singing Bowl","floor":12}],"player_experience":185269,"relics_obtained":[{"floor":8,"key":"Bag of Marbles"},{"floor":9,"key":"Singing Bowl"}],"event_choices":[{"damage_healed":0,"gold_gain":0,"player_choice":"Box","damage_taken":0,"relics_obtained":["Pear"],"max_hp_gain":0,"max_hp_loss":0,"event_name":"Big Fish","floor":4,"gold_loss":0,"cards_obtained":["Regret"]},{"damage_healed":0,"gold_gain":0,"player_choice":"Take Wound","damage_taken":0,"relics_obtained":["Golden Idol"],"max_hp_gain":0,"max_hp_loss":0,"event_name":"Golden Idol","floor":5,"gold_loss":0,"cards_obtained":["Injury"]},{"damage_healed":0,"gold_gain":0,"player_choice":"Leave","damage_taken":0,"max_hp_gain":0,"max_hp_loss":0,"event_name":"The Cleric","floor":14,"gold_loss":0}],"is_beta":false,"boss_relics":[],"items_purged_floors":[],"is_endless":false,"potions_floor_spawned":[7,12],"killed_by":"Hexaghost","ascension_level":1}}