{"host":"nnxvcju6x1qybncj","time":1611853021,"event":{"mods":["BaseMod","Block Reminder","Curses Come First","Custom Start","Dark Map","Displayed Cursed Tome","Downfall","Evolution","Jorbs\u0027s Wanderer Trilogy","Minty Spire (QoL Compilation)","Quick Restart","Relic Stats","StSLib"],"gold_per_floor":[113,113,113,127,127,160,178,202,202,214,249,92,92,92,92,191,191,206,206,221,33,33,33,67,67,67,78,78,78,89,115,115,190,190,206,221,232,232,61,88,88,120,120,148,159,159,176,176,176,176],"floor_reached":51,"language":"ENG","playtime":2170,"items_purged":[],"score":1634,"play_id":"17e77359-be71-4af4-a7e3-c5eff10c0e39","local_time":"20210128175701","is_ascension_mode":true,"campfire_choices":[{"data":"True Grit","floor":13.0,"key":"SMITH"},{"data":"Perfected Strike","floor":15.0,"key":"SMITH"},{"data":"Apotheosis","floor":23.0,"key":"SMITH"},{"data":"Corruption","floor":29.0,"key":"SMITH"},{"data":"Perfected Strike","floor":32.0,"key":"SMITH"},{"data":"Juggernaut","floor":41.0,"key":"SMITH"},{"data":"True Grit","floor":46.0,"key":"SMITH"},{"data":"Burning Pact","floor":49.0,"key":"SMITH"}],"circlet_count":0,"master_deck":["AscendersBane","Thunderclap","Wild Strike","Thunderclap","Wild Strike","Thunderclap","True Grit+1","Armaments+1","Defend_R","Defend_R","Bash","Shrug It Off","Intimidate","Pommel Strike","Immolate","Perfected Strike+1","Corruption+1","Body Slam","Twin Strike+1","Apotheosis+1","Shrug It Off","Rage+1","Anger","Perfected Strike+1","Juggernaut+1","True Grit+1","Ghostly Armor+1","Power Through+1","Cleave+1","Feel No Pain","Burning Pact+1"],"relics":["Burning Blood","EVO:Axolotl","NeowsBlessing","Letter Opener","Odd Mushroom","Happy Flower","Ancient Tea Set","Bag of Preparation","Bloody Idol","Cursed Key","MutagenicStrength","MealTicket","FossilizedHelix","Runic Pyramid","ClockworkSouvenir","Nunchaku","The Courier","Torii"],"acts_visited":["Exordium","TheCity","TheBeyond"],"potions_floor_usage":[50],"damage_taken":[{"damage":0.0,"enemies":"Small Slimes","floor":1.0,"turns":1.0},{"damage":0.0,"enemies":"2 Louse","floor":4.0,"turns":1.0},{"damage":0.0,"enemies":"3 Sentries","floor":6.0,"turns":1.0},{"damage":0.0,"enemies":"Cultist","floor":7.0,"turns":2.0},{"damage":2.0,"enemies":"The Mushroom Lair","floor":8.0,"turns":3.0},{"damage":0.0,"enemies":"Looter","floor":10.0,"turns":2.0},{"damage":11.0,"enemies":"Gremlin Nob","floor":11.0,"turns":3.0},{"damage":51.0,"enemies":"Hexaghost","floor":16.0,"turns":9.0},{"damage":0.0,"enemies":"Chosen","floor":18.0,"turns":5.0},{"damage":11.0,"enemies":"2 Thieves","floor":20.0,"turns":3.0},{"damage":10.0,"enemies":"Gremlin Leader","floor":24.0,"turns":3.0},{"damage":7.0,"enemies":"Centurion and Healer","floor":27.0,"turns":4.0},{"damage":0.0,"enemies":"3 Cultists","floor":30.0,"turns":3.0},{"damage":0.0,"enemies":"Book of Stabbing","floor":31.0,"turns":4.0},{"damage":17.0,"enemies":"Automaton","floor":33.0,"turns":9.0},{"damage":0.0,"enemies":"3 Shapes","floor":35.0,"turns":4.0},{"damage":0.0,"enemies":"3 Darklings","floor":36.0,"turns":4.0},{"damage":4.0,"enemies":"4 Shapes","floor":37.0,"turns":4.0},{"damage":0.0,"enemies":"Nemesis","floor":40.0,"turns":5.0},{"damage":0.0,"enemies":"Reptomancer","floor":42.0,"turns":5.0},{"damage":0.0,"enemies":"Giant Head","floor":44.0,"turns":7.0},{"damage":0.0,"enemies":"Sphere and 2 Shapes","floor":45.0,"turns":5.0},{"damage":0.0,"enemies":"3 Darklings","floor":47.0,"turns":2.0},{"damage":24,"enemies":"Awakened One","floor":50,"turns":9}],"seed_played":"678522549715550189","potions_obtained":[{"floor":4.0,"key":"PowerPotion"},{"floor":5.0,"key":"EssenceOfSteel"},{"floor":5.0,"key":"Fire Potion"},{"floor":8.0,"key":"ColorlessPotion"},{"floor":10.0,"key":"AttackPotion"},{"floor":30.0,"key":"SkillPotion"},{"floor":31.0,"key":"EssenceOfSteel"},{"floor":33.0,"key":"EssenceOfSteel"},{"floor":35.0,"key":"SteroidPotion"},{"floor":36.0,"key":"Fire Potion"},{"floor":42.0,"key":"Dexterity Potion"}],"is_trial":false,"path_per_floor":["M","$","?","M","?","E","M","?","T","M","E","$","R","?","R","B",null,"M","?","M","$","?","R","E","$","T","M","?","R","M","E","R","B",null,"M","M","M","?","$","E","R","E","T","E","M","R","M","T","R","B",null],"character_chosen":"IRONCLAD","items_purchased":["Bag of Preparation","Apotheosis","ClockworkSouvenir"],"campfire_rested":0,"item_purchase_floors":[12,21,39],"current_hp_per_floor":[74,74,74,75,75,75,75,75,75,75,70,70,70,68,68,23,57,63,63,58,58,58,58,59,68,68,68,68,68,68,68,68,62,67,68,68,68,68,68,68,68,68,68,68,68,68,68,68,68,50],"gold":176,"neow_bonus":"THREE_ENEMY_KILL","is_daily":false,"chose_seed":false,"campfire_upgraded":8,"win_rate":0.0,"timestamp":1611853021,"path_taken":["M","$","?","M","?","E","?","?","T","M","E","$","R","?","R","BOSS","M","?","M","$","?","R","E","?","T","M","?","R","?","E","R","BOSS","M","M","M","?","$","E","R","E","T","E","?","R","M","?","R","BOSS"],"items_purchased_type":["Relic","Card","Relic"],"build_version":"2020-12-22","purchased_purges":0,"victory":true,"max_hp_per_floor":[75,75,75,75,75,75,75,75,75,75,75,75,75,68,68,68,68,68,68,68,68,68,68,68,68,68,68,68,68,68,68,68,68,68,68,68,68,68,68,68,68,68,68,68,68,68,68,68,68,68],"relic_stats":{"Nunchaku":[6],"Happy Flower":[30],"Torii":0,"counters":[24,98],"Bloody Idol":11,"MealTicket":9,"Bag of Preparation":[34],"Letter Opener":[120],"Cursed Key":0,"obtain_stats":[{"NeowsBlessing":0,"Happy Flower":9,"Torii":44,"Golden Idol":14,"The Courier":42,"Bag of Preparation":12,"EVO:Axolotl":0,"Letter Opener":6,"Odd Mushroom":8,"Ancient Tea Set":11,"Cursed Key":17,"Burning Blood":0,"ClockworkSouvenir":39,"Nunchaku":40,"MutagenicStrength":19,"Bloody Idol":22,"MealTicket":24,"FossilizedHelix":31,"Runic Pyramid":34},{"NeowsBlessing":0,"Happy Flower":5,"Torii":21,"Golden Idol":7,"The Courier":20,"Bag of Preparation":7,"EVO:Axolotl":0,"Letter Opener":3,"Odd Mushroom":5,"Ancient Tea Set":7,"Cursed Key":8,"Burning Blood":0,"ClockworkSouvenir":18,"Nunchaku":19,"MutagenicStrength":9,"Bloody Idol":10,"MealTicket":11,"FossilizedHelix":14,"Runic Pyramid":15},{"NeowsBlessing":0,"Happy Flower":8,"Torii":82,"Golden Idol":13,"The Courier":75,"Bag of Preparation":13,"EVO:Axolotl":0,"Letter Opener":3,"Odd Mushroom":8,"Ancient Tea Set":13,"Cursed Key":22,"Burning Blood":0,"ClockworkSouvenir":65,"Nunchaku":70,"MutagenicStrength":27,"Bloody Idol":30,"MealTicket":33,"FossilizedHelix":44,"Runic Pyramid":53}],"Burning Blood":62},"card_choices":[{"not_picked":["Uppercut","Dropkick"],"picked":"Shrug It Off","floor":1.0},{"not_picked":["Anger","Body Slam","Warcry"],"picked":"SKIP","floor":4.0},{"not_picked":["Body Slam","Battle Trance"],"picked":"Intimidate","floor":6.0},{"not_picked":["Wild Strike","Twin Strike"],"picked":"Pommel Strike","floor":7.0},{"not_picked":["Rampage","Iron Wave"],"picked":"Immolate","floor":8.0},{"not_picked":["Cleave","Iron Wave","Wild Strike"],"picked":"SKIP","floor":10.0},{"not_picked":["Armaments","Shockwave"],"picked":"Perfected Strike","floor":11.0},{"not_picked":["Exhume","Bludgeon"],"picked":"Corruption","floor":16.0},{"not_picked":["Headbutt","Rampage"],"picked":"Body Slam","floor":18.0},{"not_picked":["Clash+1","Seeing Red"],"picked":"Twin Strike+1","floor":20.0},{"not_picked":["Blood for Blood+1","Combust+1"],"picked":"Shrug It Off","floor":24.0},{"not_picked":["Blood for Blood","Heavy Blade"],"picked":"Rage+1","floor":27.0},{"not_picked":["Uppercut","Cleave"],"picked":"Anger","floor":30.0},{"not_picked":["Heavy Blade","Immolate"],"picked":"Perfected Strike","floor":31.0},{"not_picked":["Corruption","Demon Form"],"picked":"Juggernaut","floor":33.0},{"not_picked":["Burning Pact","Whirlwind"],"picked":"True Grit","floor":35.0},{"not_picked":["Thunderclap","Twin Strike","Pummel"],"picked":"SKIP","floor":36.0},{"not_picked":["Fire Breathing","Clash"],"picked":"Ghostly Armor+1","floor":37.0},{"not_picked":["Dual Wield","Rage"],"picked":"Power Through+1","floor":40.0},{"not_picked":["Twin Strike","Anger"],"picked":"Cleave+1","floor":42.0},{"not_picked":["Immolate","Havoc"],"picked":"Feel No Pain","floor":44.0},{"not_picked":["True Grit","Seeing Red","Flex"],"picked":"SKIP","floor":45.0},{"not_picked":["True Grit","Perfected Strike"],"picked":"Burning Pact","floor":47.0}],"player_experience":710115,"relics_obtained":[{"floor":6.0,"key":"Letter Opener"},{"floor":8.0,"key":"Odd Mushroom"},{"floor":9.0,"key":"Happy Flower"},{"floor":11.0,"key":"Ancient Tea Set"},{"floor":24.0,"key":"MealTicket"},{"floor":31.0,"key":"FossilizedHelix"},{"floor":40.0,"key":"Nunchaku"},{"floor":42.0,"key":"The Courier"},{"floor":44.0,"key":"Torii"}],"event_choices":[{"damage_healed":0.0,"max_hp_gain":0.0,"max_hp_loss":0.0,"gold_gain":0.0,"event_name":"Living Wall","player_choice":"Grow","floor":3.0,"gold_loss":0.0,"damage_taken":0.0,"cards_upgraded":["Armaments"]},{"damage_healed":0.0,"max_hp_gain":0.0,"max_hp_loss":0.0,"gold_gain":0.0,"event_name":"Lab","player_choice":"Got Potions","floor":5.0,"gold_loss":0.0,"damage_taken":0.0},{"damage_healed":0.0,"max_hp_gain":0.0,"max_hp_loss":0.0,"gold_gain":0.0,"event_name":"Mushrooms","player_choice":"Fought Mushrooms","floor":8.0,"gold_loss":0.0,"damage_taken":0.0},{"damage_healed":0.0,"max_hp_gain":0.0,"max_hp_loss":7.0,"gold_gain":0.0,"event_name":"Golden Idol","player_choice":"Lose Max HP","floor":14.0,"gold_loss":0.0,"damage_taken":0.0,"relics_obtained":["Golden Idol"]},{"damage_healed":0.0,"max_hp_gain":0.0,"max_hp_loss":0.0,"gold_gain":0.0,"event_name":"Drug Dealer","player_choice":"Inject Mutagens","floor":19.0,"gold_loss":0.0,"damage_taken":0.0,"relics_obtained":["MutagenicStrength"]},{"damage_healed":0.0,"max_hp_gain":0.0,"max_hp_loss":0.0,"gold_gain":0.0,"event_name":"Forgotten Altar","player_choice":"Gave Idol","floor":22.0,"relics_lost":["Golden Idol"],"gold_loss":0.0,"damage_taken":0.0,"relics_obtained":["Bloody Idol"]},{"damage_healed":0.0,"max_hp_gain":0.0,"max_hp_loss":0.0,"gold_gain":0.0,"event_name":"The Mausoleum","player_choice":"Ignored","floor":28.0,"gold_loss":0.0,"damage_taken":0.0},{"damage_healed":0.0,"max_hp_gain":0.0,"max_hp_loss":0.0,"gold_gain":0.0,"event_name":"Match and Keep!","player_choice":"0 cards matched","floor":38.0,"gold_loss":0.0,"damage_taken":0.0,"cards_obtained":[]}],"is_beta":false,"boss_relics":[{"not_picked":["Ectoplasm","Astrolabe"],"picked":"Cursed Key"},{"not_picked":["SacredBark","SlaversCollar"],"picked":"Runic Pyramid"}],"items_purged_floors":[],"is_endless":false,"potions_floor_spawned":[4,8,10,30,31,33,35,36,42,47],"ascension_level":17}}