{"host":"jegehu1t82aiec5j","time":1611858610,"event":{"mods":["BaseMod","Colored Map","Minty Spire (QoL Compilation)","Relic Stats","StSLib"],"gold_per_floor":[118,118,118,129,129,129,129,129,152,170,203,203,231,231,231,302,302,315,247,257,105,116,149,149,166,166,166,113,146,146,157,157,233,233,248,248,262,315,325,325,325,28,28,43,43,74,74,74,74,74],"floor_reached":51,"language":"ENG","playtime":3215,"items_purged":["Strike_G"],"score":1440,"play_id":"09fc29cd-a4b8-4deb-97e6-6a79ca82fb3c","local_time":"20210128133010","is_ascension_mode":true,"campfire_choices":[{"data":"Neutralize","floor":6,"key":"SMITH"},{"data":"Flechettes","floor":8,"key":"SMITH"},{"data":"Footwork","floor":12,"key":"SMITH"},{"data":"Phantasmal Killer","floor":15,"key":"SMITH"},{"data":"Well Laid Plans","floor":24,"key":"SMITH"},{"floor":27,"key":"REST"},{"data":"Footwork","floor":32,"key":"SMITH"},{"data":"Envenom","floor":40,"key":"SMITH"},{"floor":47,"key":"DIG"},{"floor":49,"key":"DIG"}],"circlet_count":0,"master_deck":["AscendersBane","Strike_G","Strike_G","Defend_G","Defend_G","Defend_G","Defend_G","Defend_G","Survivor","Neutralize+1","Flash of Steel","Flechettes+1","Noxious Fumes+1","Footwork+1","Phantasmal Killer+1","Unload","Well Laid Plans+1","Footwork+1","Footwork+1","Deflect","Cloak And Dagger","Prepared","Crippling Poison+1","Acrobatics","Envenom+1","CurseOfTheBell","Leg Sweep","Cloak And Dagger+1","Dodge and Roll","Dodge and Roll","Quick Slash"],"relics":["Ring of the Snake","WarpedTongs","Bag of Marbles","Regal Pillow","Tough Bandages","Centennial Puzzle","Philosopher\u0027s Stone","Bird Faced Urn","Bottled Tornado","Pen Nib","Thread and Needle","Calling Bell","Akabeko","Ornamental Fan","Torii","Shovel","Oddly Smooth Stone","OrangePellets","Lizard Tail","Bronze Scales","White Beast Statue","Toy Ornithopter"],"acts_visited":["Exordium","TheCity","TheBeyond"],"potions_floor_usage":[11,50],"damage_taken":[{"damage":0,"enemies":"2 Louse","floor":1,"turns":3},{"damage":0,"enemies":"Jaw Worm","floor":4,"turns":4},{"damage":0,"enemies":"Small Slimes","floor":10,"turns":3},{"damage":5,"enemies":"Gremlin Nob","floor":11,"turns":3},{"damage":12,"enemies":"3 Sentries","floor":13,"turns":6},{"damage":0,"enemies":"Hexaghost","floor":16,"turns":9},{"damage":0,"enemies":"Spheric Guardian","floor":18,"turns":3},{"damage":8,"enemies":"3 Byrds","floor":20,"turns":5},{"damage":0,"enemies":"Centurion and Healer","floor":22,"turns":8},{"damage":19,"enemies":"Slavers","floor":23,"turns":6},{"damage":9,"enemies":"Snecko","floor":25,"turns":6},{"damage":6,"enemies":"Book of Stabbing","floor":29,"turns":7},{"damage":0,"enemies":"Snake Plant","floor":31,"turns":5},{"damage":0,"enemies":"Champ","floor":33,"turns":12},{"damage":0,"enemies":"3 Shapes","floor":35,"turns":5},{"damage":0,"enemies":"3 Darklings","floor":37,"turns":8},{"damage":21,"enemies":"2 Orb Walkers","floor":38,"turns":8},{"damage":0,"enemies":"Spire Growth","floor":39,"turns":6},{"damage":19,"enemies":"Transient","floor":44,"turns":5},{"damage":0,"enemies":"Giant Head","floor":46,"turns":9},{"damage":9,"enemies":"Donu and Deca","floor":50,"turns":10}],"seed_played":"-533075673328747359","potions_obtained":[{"floor":1,"key":"LiquidMemories"},{"floor":11,"key":"FairyPotion"},{"floor":13,"key":"FearPotion"},{"floor":18,"key":"GhostInAJar"},{"floor":44,"key":"SteroidPotion"}],"is_trial":false,"path_per_floor":["M","?","?","M","?","R","?","R","T","M","E","R","E","?","R","B",null,"M","$","M","$","M","E","R","M","T","R","$","E","T","M","R","B",null,"M","?","M","?","M","R","?","$","T","M","?","E","R","?","R","B",null],"character_chosen":"THE_SILENT","items_purchased":["Footwork","Deflect","Cloak And Dagger","Acrobatics","Oddly Smooth Stone","OrangePellets"],"campfire_rested":1,"item_purchase_floors":[19,21,21,28,42,42],"current_hp_per_floor":[59,64,53,53,53,53,53,53,53,53,48,48,36,36,36,36,62,62,62,54,54,54,35,35,36,36,71,71,70,70,71,71,71,71,71,71,71,57,69,69,69,69,69,56,56,68,68,58,58,66],"gold":74,"neow_bonus":"RANDOM_COLORLESS","is_daily":false,"chose_seed":false,"campfire_upgraded":7,"win_rate":0.0,"timestamp":1611858610,"path_taken":["M","?","?","M","?","R","?","R","T","?","E","R","E","?","R","BOSS","M","?","?","$","M","E","R","?","T","R","$","E","?","M","R","BOSS","M","?","M","?","M","R","?","$","T","?","?","E","R","?","R","BOSS"],"items_purchased_type":["Card","Card","Card","Card","Relic","Relic"],"build_version":"2020-12-22","purchased_purges":1,"victory":true,"max_hp_per_floor":[66,71,71,71,71,71,71,71,71,71,71,71,71,71,71,71,71,71,71,71,71,71,71,71,71,71,71,71,71,71,71,71,71,71,71,71,71,71,71,71,71,71,71,71,71,71,71,71,71,71],"relic_stats":{"Regal Pillow":14,"Torii":4,"counters":[21,131],"Pen Nib":[13],"WarpedTongs":[129],"OrangePellets":[2],"Tough Bandages":[237],"Centennial Puzzle":[21],"Lizard Tail":0,"Shovel":2,"Ornamental Fan":[68],"Bird Faced Urn":[65],"Bronze Scales":[30],"obtain_stats":[{"Regal Pillow":9,"Torii":34,"Oddly Smooth Stone":42,"Thread and Needle":30,"Pen Nib":29,"Bottled Tornado":26,"Akabeko":34,"White Beast Statue":47,"WarpedTongs":1,"Calling Bell":34,"OrangePellets":42,"Tough Bandages":11,"Centennial Puzzle":13,"Lizard Tail":43,"Shovel":38,"Ornamental Fan":34,"Bird Faced Urn":23,"Bronze Scales":46,"Philosopher\u0027s Stone":17,"Bag of Marbles":3,"Toy Ornithopter":49,"Ring of the Snake":0},{"Regal Pillow":2,"Torii":14,"Oddly Smooth Stone":18,"Thread and Needle":12,"Pen Nib":12,"Bottled Tornado":11,"Akabeko":14,"White Beast Statue":20,"WarpedTongs":1,"Calling Bell":14,"OrangePellets":18,"Tough Bandages":4,"Centennial Puzzle":5,"Lizard Tail":18,"Shovel":17,"Ornamental Fan":14,"Bird Faced Urn":10,"Bronze Scales":20,"Philosopher\u0027s Stone":6,"Bag of Marbles":1,"Toy Ornithopter":20,"Ring of the Snake":0},{"Regal Pillow":7,"Torii":80,"Oddly Smooth Stone":107,"Thread and Needle":63,"Pen Nib":63,"Bottled Tornado":56,"Akabeko":80,"White Beast Statue":121,"WarpedTongs":1,"Calling Bell":80,"OrangePellets":107,"Tough Bandages":13,"Centennial Puzzle":19,"Lizard Tail":107,"Shovel":101,"Ornamental Fan":80,"Bird Faced Urn":50,"Bronze Scales":121,"Philosopher\u0027s Stone":28,"Bag of Marbles":3,"Toy Ornithopter":121,"Ring of the Snake":0}],"Toy Ornithopter":5,"Ring of the Snake":[42]},"card_choices":[{"not_picked":["Deep Breath","Bandage Up"],"picked":"Flash of Steel","floor":0},{"not_picked":["Prepared","Tactician"],"picked":"Flechettes","floor":1},{"not_picked":["Poisoned Stab","Deflect"],"picked":"Noxious Fumes","floor":4},{"not_picked":["Cloak And Dagger","PiercingWail"],"picked":"Masterful Stab","floor":10},{"not_picked":["Tactician","Expertise"],"picked":"Footwork","floor":11},{"not_picked":["Bane","Deflect"],"picked":"Phantasmal Killer","floor":13},{"not_picked":["Phantasmal Killer","Bullet Time"],"picked":"Unload","floor":16},{"not_picked":["Prepared","Accuracy+1"],"picked":"Well Laid Plans","floor":18},{"not_picked":["Sucker Punch","Reflex+1"],"picked":"Footwork+1","floor":20},{"not_picked":["Slice","Eviscerate"],"picked":"Prepared","floor":22},{"not_picked":["Outmaneuver","Flying Knee"],"picked":"Crippling Poison+1","floor":23},{"not_picked":["PiercingWail","Tactician","Flying Knee"],"picked":"SKIP","floor":25},{"not_picked":["Expertise","Bane","Cloak And Dagger"],"picked":"SKIP","floor":29},{"not_picked":["Acrobatics","Sucker Punch+1","Skewer"],"picked":"SKIP","floor":31},{"not_picked":["Venomology","Adrenaline"],"picked":"Envenom","floor":33},{"not_picked":["Distraction","Slice+1"],"picked":"Leg Sweep","floor":35},{"not_picked":["All Out Attack","Deadly Poison"],"picked":"Cloak And Dagger+1","floor":37},{"not_picked":["Outmaneuver","Noxious Fumes"],"picked":"Dodge and Roll","floor":38},{"not_picked":["Dagger Throw+1","Quick Slash"],"picked":"Dodge and Roll","floor":39},{"not_picked":["Setup","Skewer","Riddle With Holes+1"],"picked":"SKIP","floor":44},{"not_picked":["Setup","Skewer","Riddle With Holes+1"],"picked":"SKIP","floor":44},{"not_picked":["Terror","Deflect","Endless Agony"],"picked":"SKIP","floor":46}],"player_experience":2553920,"relics_obtained":[{"floor":9,"key":"Regal Pillow"},{"floor":11,"key":"Tough Bandages"},{"floor":13,"key":"Centennial Puzzle"},{"floor":23,"key":"Bird Faced Urn"},{"floor":26,"key":"Bottled Tornado"},{"floor":29,"key":"Pen Nib"},{"floor":30,"key":"Thread and Needle"},{"floor":34,"key":"Akabeko"},{"floor":34,"key":"Ornamental Fan"},{"floor":34,"key":"Torii"},{"floor":38,"key":"Shovel"},{"floor":43,"key":"Lizard Tail"},{"floor":46,"key":"Bronze Scales"},{"floor":47,"key":"White Beast Statue"},{"floor":49,"key":"Toy Ornithopter"}],"event_choices":[{"damage_healed":0,"gold_gain":0,"player_choice":"Donut","damage_taken":0,"max_hp_gain":5,"max_hp_loss":0,"event_name":"Big Fish","floor":2,"gold_loss":0},{"damage_healed":0,"gold_gain":0,"player_choice":"Success","damage_taken":11,"relics_obtained":["Bag of Marbles"],"max_hp_gain":0,"max_hp_loss":0,"event_name":"Scrap Ooze","floor":3,"gold_loss":0},{"damage_healed":0,"gold_gain":0,"player_choice":"Grow","damage_taken":0,"max_hp_gain":0,"max_hp_loss":0,"event_name":"Living Wall","floor":5,"gold_loss":0,"cards_upgraded":["Noxious Fumes"]},{"cards_removed":["Strike_G"],"damage_healed":0,"gold_gain":0,"player_choice":"Offered Basic","damage_taken":0,"max_hp_gain":0,"max_hp_loss":0,"event_name":"Bonfire Elementals","floor":7,"gold_loss":0},{"cards_removed":["Strike_G"],"damage_healed":0,"gold_gain":0,"player_choice":"Purged","damage_taken":0,"max_hp_gain":0,"max_hp_loss":0,"event_name":"Purifier","floor":14,"gold_loss":0},{"damage_healed":0,"gold_gain":0,"player_choice":"Ignored","damage_taken":0,"max_hp_gain":0,"max_hp_loss":0,"event_name":"Tomb of Lord Red Mask","floor":36,"gold_loss":0},{"damage_healed":0,"gold_gain":0,"player_choice":"Fight","damage_taken":0,"max_hp_gain":0,"max_hp_loss":0,"event_name":"Mysterious Sphere","floor":38,"gold_loss":0},{"damage_healed":0,"gold_gain":0,"player_choice":"1 cards matched","damage_taken":0,"max_hp_gain":0,"max_hp_loss":0,"event_name":"Match and Keep!","floor":41,"gold_loss":0,"cards_obtained":["Quick Slash"]},{"cards_removed":["Masterful Stab"],"damage_healed":0,"gold_gain":0,"player_choice":"Removed Attack","damage_taken":0,"max_hp_gain":0,"max_hp_loss":0,"event_name":"Falling","floor":45,"gold_loss":0},{"damage_healed":0,"gold_gain":0,"player_choice":"Damaged","damage_taken":10,"max_hp_gain":0,"max_hp_loss":0,"event_name":"Wheel of Change","floor":48,"gold_loss":0}],"is_beta":false,"boss_relics":[{"not_picked":["Sozu","Ring of the Serpent"],"picked":"Philosopher\u0027s Stone"},{"not_picked":["Snecko Eye","Empty Cage"],"picked":"Calling Bell"}],"items_purged_floors":[21],"is_endless":false,"potions_floor_spawned":[1,11,13,16,18,29,38,39,44],"ascension_level":15}}