{"host":"49c2zf0lajbcs427","time":1611816211,"event":{"mods":["AchievementEnabler","BaseMod","Colored Map","Colored Powertips","Highlight Path","Key Reminder","Minty Spire (QoL Compilation)","Relic Stats","StSLib"],"gold_per_floor":[110,110,129,129,25,25,56,66,66,98,112,129,129,129,129,230,230,247,247,90,103,103,103,132,152,152,152,162,190,210,229,229,329,329,346,194,208,208,27,54,54,87,110,140,190,217,91,91,91,91,91,91,13,43,43],"floor_reached":56,"language":"ENG","playtime":4474,"items_purged":[],"score":1458,"play_id":"509a46fb-89be-41b6-81fd-d2bdf7732c36","local_time":"20210128194331","is_ascension_mode":true,"campfire_choices":[{"data":"Cold Snap","floor":6.0,"key":"SMITH"},{"floor":13.0,"key":"REST"},{"floor":15.0,"key":"REST"},{"data":"Defragment","floor":23.0,"key":"SMITH"},{"data":"Hologram","floor":27.0,"key":"SMITH"},{"floor":32.0,"key":"REST"},{"data":"Defragment","floor":41.0,"key":"SMITH"},{"floor":49,"key":"RECALL"},{"data":"Double Energy","floor":52,"key":"SMITH"}],"circlet_count":0,"master_deck":["Zap","Dualcast","Cold Snap+1","Leap","Glacier","Rip and Tear","Defragment+1","Core Surge","BootSequence","Meteor Strike","Stack","Sweeping Beam","Doom and Gloom","Core Surge","Reinforced Body","Ball Lightning","Glacier","Compile Driver+1","Hologram+1","Conserve Battery","Beam Cell+1","Echo Form","Turbo","White Noise","Seek","Defragment+1","Double Energy+1","Coolheaded"],"relics":["Busted Crown","Turnip","Ice Cream","Omamori","Pandora\u0027s Box","Orrery","Regal Pillow","Eternal Feather","Boot","SacredBark","WarpedTongs","Blue Candle","Vajra","Cables","Incense Burner","Emotion Chip","Pen Nib"],"acts_visited":["Exordium","TheCity","TheBeyond","TheEnding"],"potions_floor_usage":[46,50,55,55],"damage_taken":[{"damage":8.0,"enemies":"Small Slimes","floor":1.0,"turns":4.0},{"damage":0.0,"enemies":"2 Louse","floor":3.0,"turns":3.0},{"damage":21.0,"enemies":"Lagavulin","floor":7.0,"turns":7.0},{"damage":2.0,"enemies":"Jaw Worm","floor":8.0,"turns":2.0},{"damage":26.0,"enemies":"3 Sentries","floor":10.0,"turns":8.0},{"damage":7.0,"enemies":"2 Fungi Beasts","floor":11.0,"turns":2.0},{"damage":1.0,"enemies":"Exordium Thugs","floor":12.0,"turns":4.0},{"damage":1.0,"enemies":"Slime Boss","floor":16.0,"turns":8.0},{"damage":18.0,"enemies":"Shell Parasite","floor":18.0,"turns":3.0},{"damage":7.0,"enemies":"3 Byrds","floor":21.0,"turns":5.0},{"damage":5.0,"enemies":"Book of Stabbing","floor":24.0,"turns":5.0},{"damage":0.0,"enemies":"Snake Plant","floor":25.0,"turns":4.0},{"damage":9.0,"enemies":"Centurion and Healer","floor":28.0,"turns":5.0},{"damage":1.0,"enemies":"Gremlin Leader","floor":29.0,"turns":6.0},{"damage":0.0,"enemies":"Snecko","floor":30.0,"turns":3.0},{"damage":1.0,"enemies":"3 Cultists","floor":31.0,"turns":5.0},{"damage":6.0,"enemies":"Automaton","floor":33.0,"turns":8.0},{"damage":0.0,"enemies":"Orb Walker","floor":35.0,"turns":4.0},{"damage":2.0,"enemies":"3 Darklings","floor":37.0,"turns":5.0},{"damage":51.0,"enemies":"Reptomancer","floor":40.0,"turns":10.0},{"damage":19.0,"enemies":"Giant Head","floor":42.0,"turns":9.0},{"damage":21.0,"enemies":"Nemesis","floor":44.0,"turns":5.0},{"damage":0.0,"enemies":"Mind Bloom Boss Battle","floor":45.0,"turns":7.0},{"damage":1,"enemies":"Reptomancer","floor":46,"turns":7},{"damage":6,"enemies":"Donu and Deca","floor":50,"turns":7},{"damage":49,"enemies":"Shield and Spear","floor":54,"turns":8},{"damage":12,"enemies":"The Heart","floor":55,"turns":10}],"seed_played":"177589615371654514","potions_obtained":[{"floor":10.0,"key":"GamblersBrew"},{"floor":11.0,"key":"Swift Potion"},{"floor":12.0,"key":"Block Potion"},{"floor":24.0,"key":"Weak Potion"},{"floor":25.0,"key":"Weak Potion"},{"floor":29.0,"key":"GamblersBrew"},{"floor":30.0,"key":"PowerPotion"},{"floor":37.0,"key":"Fruit Juice"},{"floor":40.0,"key":"FearPotion"}],"is_trial":false,"path_per_floor":["M","?","M","?","$","R","E","M","T","E","M","M","R","?","R","B",null,"M","?","$","M","?","R","E","M","T","R","M","E","M","M","R","B",null,"M","$","M","?","$","E","R","E","T","E","?","E","$","?","R","B",null,"R","$","E","B",null],"character_chosen":"DEFECT","items_purchased":["Cold Snap","Fire Potion","Orrery","Defragment","Regen Potion","Double Energy","Coolheaded","DuplicationPotion","PowerPotion","EssenceOfSteel","PotionOfCapacity"],"campfire_rested":3,"item_purchase_floors":[5,5,20,36,36,39,39,39,47,47,53],"current_hp_per_floor":[67,67,67,67,67,67,46,44,44,18,11,10,32,32,54,53,75,57,57,57,50,36,36,31,31,31,43,34,33,33,32,80,74,80,80,80,88,88,88,86,90,71,71,50,50,49,49,49,64,58,90,90,90,41,29],"gold":43,"neow_bonus":"BOSS_RELIC","is_daily":false,"chose_seed":false,"campfire_upgraded":5,"win_rate":0.0,"timestamp":1611816211,"path_taken":["M","?","M","?","?","R","E","M","T","E","M","M","R","?","R","BOSS","M","?","$","M","?","R","E","M","T","R","?","E","M","M","R","BOSS","M","$","M","?","?","E","R","E","T","E","?","E","$","?","R","BOSS","R","$","E","BOSS"],"items_purchased_type":["Card","Potion","Relic","Card","Potion","Card","Card","Potion","Potion","Potion","Potion"],"build_version":"2020-12-22","purchased_purges":0,"victory":true,"max_hp_per_floor":[75,75,75,75,75,75,75,75,75,75,75,75,75,75,75,75,75,75,75,75,75,80,80,80,80,80,80,80,80,80,80,80,80,80,80,80,90,90,90,90,90,90,90,90,90,90,90,90,90,90,90,90,90,90,90],"relic_stats":{"Regal Pillow":9,"counters":[27,154],"Blue Candle":[0],"Eternal Feather":46,"Pen Nib":[2],"Boot":[31],"WarpedTongs":[63],"Cables":[39,12,19,1,7],"Emotion Chip":[23,3,12,2,6],"Busted Crown":60,"Pandora\u0027s Box":["BootSequence","Meteor Strike","Stack","Sweeping Beam","Doom and Gloom","Core Surge","Reinforced Body","Ball Lightning"],"Turnip":[13],"obtain_stats":[{"Ice Cream":9,"Regal Pillow":24,"SacredBark":34,"Blue Candle":40,"Vajra":42,"Eternal Feather":26,"Pen Nib":54,"Omamori":10,"Incense Burner":45,"Boot":29,"WarpedTongs":38,"Cables":44,"keyreminder:keyreminder":40,"Emotion Chip":46,"Busted Crown":0,"Orrery":20,"Pandora\u0027s Box":17,"Turnip":7,"Cracked Core":0},{"Ice Cream":4,"Regal Pillow":11,"SacredBark":17,"Blue Candle":20,"Vajra":21,"Eternal Feather":12,"Pen Nib":26,"Omamori":5,"Incense Burner":23,"Boot":14,"WarpedTongs":19,"Cables":22,"keyreminder:keyreminder":20,"Emotion Chip":24,"Busted Crown":0,"Orrery":9,"Pandora\u0027s Box":8,"Turnip":3,"Cracked Core":0},{"Ice Cream":16,"Regal Pillow":51,"SacredBark":82,"Blue Candle":101,"Vajra":110,"Eternal Feather":55,"Pen Nib":144,"Omamori":24,"Incense Burner":122,"Boot":66,"WarpedTongs":91,"Cables":115,"keyreminder:keyreminder":101,"Emotion Chip":129,"Busted Crown":0,"Orrery":41,"Pandora\u0027s Box":38,"Turnip":14,"Cracked Core":0}]},"card_choices":[{"not_picked":["Conserve Battery"],"picked":"SKIP","floor":1.0},{"not_picked":["Turbo"],"picked":"SKIP","floor":3.0},{"not_picked":[],"picked":"Ball Lightning","floor":7.0},{"not_picked":[],"picked":"Leap","floor":8.0},{"not_picked":[],"picked":"Glacier","floor":10.0},{"not_picked":[],"picked":"Rip and Tear","floor":11.0},{"not_picked":[],"picked":"Defragment","floor":12.0},{"not_picked":[],"picked":"Core Surge","floor":16.0},{"not_picked":[],"picked":"Glacier","floor":18.0},{"not_picked":[],"picked":"Compile Driver+1","floor":20.0},{"not_picked":[],"picked":"Hologram","floor":20.0},{"not_picked":[],"picked":"Conserve Battery","floor":20.0},{"not_picked":[],"picked":"Beam Cell+1","floor":21.0},{"not_picked":[],"picked":"Echo Form","floor":24.0},{"not_picked":["Ball Lightning"],"picked":"SKIP","floor":25.0},{"not_picked":["Hello World"],"picked":"SKIP","floor":28.0},{"not_picked":[],"picked":"Turbo","floor":29.0},{"not_picked":["Rebound"],"picked":"SKIP","floor":30.0},{"not_picked":[],"picked":"White Noise","floor":31.0},{"not_picked":[],"picked":"Seek","floor":33.0},{"not_picked":["Consume"],"picked":"SKIP","floor":35.0},{"not_picked":["Consume"],"picked":"SKIP","floor":37.0},{"not_picked":["Tempest"],"picked":"SKIP","floor":40.0},{"not_picked":["Scrape"],"picked":"SKIP","floor":42.0},{"not_picked":["Cold Snap"],"picked":"SKIP","floor":44.0},{"not_picked":["Stack"],"picked":"SKIP","floor":46},{"not_picked":["Heatsinks+1"],"picked":"SKIP","floor":54}],"player_experience":2372885,"relics_obtained":[{"floor":7.0,"key":"Turnip"},{"floor":9.0,"key":"Ice Cream"},{"floor":10.0,"key":"Omamori"},{"floor":24.0,"key":"Regal Pillow"},{"floor":26.0,"key":"Eternal Feather"},{"floor":29.0,"key":"Boot"},{"floor":40.0,"key":"Blue Candle"},{"floor":42.0,"key":"Vajra"},{"floor":44.0,"key":"Cables"},{"floor":45.0,"key":"Incense Burner"},{"floor":46,"key":"Emotion Chip"},{"floor":54,"key":"Pen Nib"}],"event_choices":[{"damage_healed":0.0,"max_hp_gain":0.0,"max_hp_loss":0.0,"gold_gain":0.0,"event_name":"Liars Game","player_choice":"Ignored","floor":2.0,"gold_loss":0.0,"damage_taken":0.0},{"damage_healed":0.0,"max_hp_gain":0.0,"max_hp_loss":0.0,"gold_gain":0.0,"event_name":"The Cleric","player_choice":"Leave","floor":4.0,"gold_loss":0.0,"damage_taken":0.0},{"damage_healed":0.0,"max_hp_gain":0.0,"max_hp_loss":0.0,"gold_gain":0.0,"event_name":"Golden Wing","player_choice":"Ignored","floor":14.0,"gold_loss":0.0,"damage_taken":0.0},{"damage_healed":0.0,"max_hp_gain":5.0,"max_hp_loss":0.0,"gold_gain":0.0,"event_name":"Forgotten Altar","player_choice":"Shed Blood","floor":22.0,"gold_loss":0.0,"damage_taken":19.0},{"damage_healed":0.0,"max_hp_gain":0.0,"max_hp_loss":0.0,"gold_gain":0.0,"event_name":"Accursed Blacksmith","player_choice":"Rummage","floor":38.0,"gold_loss":0.0,"damage_taken":0.0,"relics_obtained":["WarpedTongs"],"cards_obtained":["Pain"]},{"damage_healed":0.0,"max_hp_gain":0.0,"max_hp_loss":0.0,"gold_gain":0.0,"event_name":"MindBloom","player_choice":"Fight","floor":45.0,"gold_loss":0.0,"damage_taken":0.0},{"cards_removed":["Ball Lightning"],"damage_healed":0,"gold_gain":0,"player_choice":"Removed Attack","damage_taken":0,"max_hp_gain":0,"max_hp_loss":0,"event_name":"Falling","floor":48,"gold_loss":0}],"is_beta":false,"boss_relics":[{"not_picked":["Philosopher\u0027s Stone","Nuclear Battery"],"picked":"Pandora\u0027s Box"},{"not_picked":["Empty Cage","Velvet Choker"],"picked":"SacredBark"}],"items_purged_floors":[],"is_endless":false,"potions_floor_spawned":[10,11,12,24,25,29,30,37,40],"ascension_level":4}}