{"host":"gaqyve1328ta0etl","time":1611874312,"event":{"mods":["BaseMod","Colored Map","Colored Powertips","Googly Eyes","Minty Spire (QoL Compilation)","Shop Mod","StSLib","SuperFastMode","The Hierophant","The Runesmith"],"gold_per_floor":[18,31,31,31,31,31,50,50,50,60,93,93,113,127,127,232,232,247,22,22,35,51,51,62,62,62],"floor_reached":25,"language":"ENG","playtime":2047,"items_purged":[],"score":318,"play_id":"46310e22-b3b7-43e0-b6ff-df9c0b4c8012","local_time":"20210128145152","is_ascension_mode":true,"campfire_choices":[{"data":"Envenom","floor":6,"key":"SMITH"},{"floor":12,"key":"REST"},{"floor":15,"key":"REST"},{"floor":23,"key":"REST"}],"circlet_count":0,"master_deck":["AscendersBane","Strike_G","Strike_G","Defend_G","Defend_G","Defend_G","Defend_G","Defend_G","Survivor","Neutralize","Envenom+1","Well Laid Plans","Escape Plan","Dagger Spray","All Out Attack","Dagger Spray","Malaise","Tools of the Trade+1"],"relics":["Ring of the Snake","Letter Opener","Frozen Egg 2","HoveringKite","Membership Card","Nloth\u0027s Gift"],"acts_visited":["Exordium","TheCity"],"potions_floor_usage":[10,11,14],"damage_taken":[{"damage":5,"enemies":"2 Louse","floor":1,"turns":6},{"damage":8,"enemies":"Small Slimes","floor":2,"turns":8},{"damage":1,"enemies":"Jaw Worm","floor":7,"turns":5},{"damage":0,"enemies":"Large Slime","floor":10,"turns":5},{"damage":2,"enemies":"Lagavulin","floor":11,"turns":10},{"damage":7,"enemies":"Red Slaver","floor":13,"turns":4},{"damage":25,"enemies":"Gremlin Gang","floor":14,"turns":4},{"damage":25,"enemies":"Hexaghost","floor":16,"turns":14},{"damage":22,"enemies":"Chosen","floor":18,"turns":9},{"damage":18,"enemies":"Shell Parasite","floor":21,"turns":8},{"damage":14,"enemies":"Centurion and Healer","floor":22,"turns":11},{"damage":27,"enemies":"Snecko","floor":24,"turns":7},{"damage":14,"enemies":"Snake Plant","floor":25,"turns":1}],"seed_played":"-3001110370748531263","potions_obtained":[{"floor":1,"key":"Poison Potion"},{"floor":7,"key":"Dexterity Potion"},{"floor":11,"key":"LiquidMemories"},{"floor":21,"key":"SkillPotion"},{"floor":22,"key":"EssenceOfSteel"}],"is_trial":false,"path_per_floor":["M","M","?","?","?","R","M","$","T","M","E","R","M","M","R","B",null,"M","$","?","M","M","R","M","M"],"character_chosen":"THE_SILENT","items_purchased":["Membership Card","Blood Vial"],"campfire_rested":3,"item_purchase_floors":[19,19],"current_hp_per_floor":[58,50,50,50,55,55,54,54,54,54,52,74,67,42,64,39,66,44,44,44,26,12,34,7,0,0],"gold":62,"neow_bonus":"TRANSFORM_TWO_CARDS","is_daily":false,"chose_seed":false,"campfire_upgraded":1,"win_rate":0.0,"timestamp":1611874312,"path_taken":["M","M","?","?","?","R","M","$","T","M","E","R","M","?","R","BOSS","M","$","?","M","M","R","M","?"],"items_purchased_type":["Relic","Relic"],"build_version":"2020-12-22","purchased_purges":0,"victory":false,"max_hp_per_floor":[70,70,70,70,75,75,75,75,75,75,75,75,75,75,75,75,75,75,75,75,75,75,75,75,75,75],"card_choices":[{"not_picked":["Well Laid Plans","Slice","Cloak And Dagger"],"picked":"SKIP","floor":1},{"not_picked":["Blade Dance","Bouncing Flask"],"picked":"Escape Plan","floor":2},{"not_picked":["Outmaneuver","Cloak And Dagger"],"picked":"Dagger Spray","floor":7},{"not_picked":["Quick Slash","Heel Hook"],"picked":"All Out Attack","floor":10},{"not_picked":["Outmaneuver","Skewer"],"picked":"Dagger Spray","floor":11},{"not_picked":["Well Laid Plans+1","Choke","Riddle With Holes"],"picked":"SKIP","floor":13},{"not_picked":["Quick Slash","Riddle With Holes"],"picked":"Malaise","floor":14},{"not_picked":["Night Terror","Burst"],"picked":"Tools of the Trade+1","floor":16},{"not_picked":["Finisher+1","Expertise+1","Tactician"],"picked":"SKIP","floor":18},{"not_picked":["Heel Hook","Slice","Concentrate"],"picked":"SKIP","floor":21},{"not_picked":["Acrobatics","Skewer","Blade Dance"],"picked":"SKIP","floor":22},{"not_picked":["Distraction+1","Slice","Riddle With Holes"],"picked":"SKIP","floor":24}],"player_experience":2051835,"relics_obtained":[{"floor":9,"key":"Letter Opener"},{"floor":11,"key":"Frozen Egg 2"}],"event_choices":[{"cards_removed":["Strike_G"],"damage_healed":0,"gold_gain":0,"player_choice":"Forget","damage_taken":0,"max_hp_gain":0,"max_hp_loss":0,"event_name":"Living Wall","floor":3,"gold_loss":0},{"damage_healed":0,"gold_gain":0,"player_choice":"Ignored","damage_taken":0,"max_hp_gain":0,"max_hp_loss":0,"event_name":"Liars Game","floor":4,"gold_loss":0},{"damage_healed":0,"gold_gain":0,"player_choice":"Donut","damage_taken":0,"max_hp_gain":5,"max_hp_loss":0,"event_name":"Big Fish","floor":5,"gold_loss":0},{"damage_healed":0,"gold_gain":0,"player_choice":"Traded Relic","damage_taken":0,"relics_obtained":["Nloth\u0027s Gift"],"max_hp_gain":0,"max_hp_loss":0,"event_name":"N\u0027loth","floor":20,"relics_lost":["Blood Vial"],"gold_loss":0}],"is_beta":false,"boss_relics":[{"not_picked":["Calling Bell","Runic Pyramid"],"picked":"HoveringKite"}],"items_purged_floors":[],"is_endless":false,"potions_floor_spawned":[1,7,11,21,22],"killed_by":"Snake Plant","ascension_level":11}}