{"host":"56d873i5r3uhle0q","time":1611802837,"event":{"mods":["100% Spire Juice","Act Like it!","Aspiration","BaseMod","Block Reminder","Conspire","Dota2Spire","Downfall","Gensokyo","Hermit","Hubris","Infinite Spire","Jedi Mod","Lobotomy","LobotomyExtend","Marisa????????","Marked Mod","Minty Spire (QoL Compilation)","Reliquary","Replay The Spire","StSLib","The Animator","The Bug Knight","The Cursed","The Marked","The Servant 0.9.4","everything is the same but u backflip on backflip","??????REMEMod"],"gold_per_floor":[118,118,129,141,151,151,151,74,74,86,97,97,114,35,35,133,133,152,165,165,165],"floor_reached":20,"language":"ENG","playtime":1941,"items_purged":[],"score":168,"play_id":"e214ef15-1127-4b6c-aabd-b82b17a95b23","local_time":"20210127200037","is_ascension_mode":false,"campfire_choices":[{"floor":6.0,"key":"REST"},{"data":"Reflex","floor":15.0,"key":"SMITH"}],"circlet_count":0,"master_deck":["Strike_G","Strike_G","Strike_G","Strike_G","Strike_G","Defend_G","Defend_G","Defend_G","Defend_G","Defend_G","Survivor","Neutralize","Storm of Steel","OSAHOGD","QueenBee","MHz","DreamingCurrent","After Image","Laetitia","Wellcheers","Accuracy","UniverseFragment","Reflex+1","REME_GreenPollution"],"relics":["Ring of the Snake","REME_ComplimentaryCards","CogitoBucket","Mango","HollowMod:StagPassRelic","AdjustmentMirror","REME_LowDesire","Lantern","Replay:Wax Seal","LaetitiaHeart","infinitespire:Joker Card"],"acts_visited":["Gensokyo:Gensokyo","Gensokyo:Gensokyoer"],"potions_floor_usage":[],"damage_taken":[{"damage":0.0,"enemies":"Gensokyo:3_Fairies","floor":1.0,"turns":3.0},{"damage":9.0,"enemies":"Gensokyo:Gryphon","floor":3.0,"turns":4.0},{"damage":3.0,"enemies":"Gensokyo:2_Kodama","floor":4.0,"turns":4.0},{"damage":0.0,"enemies":"Gensokyo:LivingMonolith","floor":5.0,"turns":3.0},{"damage":20.0,"enemies":"Gensokyo:Kitsune","floor":10.0,"turns":4.0},{"damage":28.0,"enemies":"Gensokyo:5_Fairies","floor":11.0,"turns":6.0},{"damage":10.0,"enemies":"Gensokyo:3_Kodama","floor":13.0,"turns":5.0},{"damage":59.0,"enemies":"Gensokyo:Reimu","floor":16.0,"turns":20.0},{"damage":44.0,"enemies":"Gensokyo:3_Dogs","floor":18.0,"turns":10.0},{"damage":20.0,"enemies":"Gensokyo:2_Gloops","floor":19.0,"turns":7.0},{"damage":4,"enemies":"Gensokyo:2_Gloops","floor":20,"turns":2},{"damage":2,"enemies":"Gensokyo:2_Gloops","floor":20,"turns":3}],"seed_played":"-3442281188594339971","potions_obtained":[{"floor":3.0,"key":"SteroidPotion"},{"floor":10.0,"key":"SpeedPotion"},{"floor":13.0,"key":"CunningPotion"}],"is_trial":false,"path_per_floor":["M","?","M","M","M","R","?","$","T","M","M","$","M","COS","R","B",null,"M","M","?"],"character_chosen":"THE_SILENT","items_purchased":["After Image"],"campfire_rested":1,"item_purchase_floors":[8],"current_hp_per_floor":[70,63,54,51,51,76,76,76,76,62,52,52,60,60,60,69,84,79,76,82,82],"gold":165,"neow_bonus":"","is_daily":false,"chose_seed":false,"campfire_upgraded":1,"win_rate":0.0,"timestamp":1611802837,"path_taken":["M","?","?","M","M","R","?","$","T","?","M","?","M","COS","R","BOSS","M","M","?"],"items_purchased_type":["Card"],"build_version":"2020-12-22","purchased_purges":0,"victory":false,"max_hp_per_floor":[70,84,84,84,84,84,84,84,84,84,84,84,84,84,84,84,84,84,84,84,84],"card_choices":[{"not_picked":["CherryBlossoms","WallGazer"],"picked":"OSAHOGD","floor":1.0},{"not_picked":["Deflect","Backflip","jedi:pocketpoison"],"picked":"SKIP","floor":1.0},{"not_picked":["CherryBlossoms","HeroicMonk"],"picked":"QueenBee","floor":3.0},{"not_picked":["PiercingWail","Masterful Stab","Hidden Blade"],"picked":"SKIP","floor":3.0},{"not_picked":["WallGazer","VoidDream"],"picked":"MHz","floor":4.0},{"not_picked":["Bane","Blade Dance","Deflect"],"picked":"SKIP","floor":4.0},{"not_picked":["Mercenary","UniverseFragment"],"picked":"DreamingCurrent","floor":5.0},{"not_picked":["conspire:PoisonWeapons","Bane","Backflip"],"picked":"SKIP","floor":5.0},{"not_picked":["WallGazer","PunishingBird"],"picked":"Laetitia","floor":10.0},{"not_picked":["Riddle With Holes","Dodge and Roll","Endless Agony"],"picked":"SKIP","floor":10.0},{"not_picked":["Funeral","GalaxyChild"],"picked":"Wellcheers","floor":11.0},{"not_picked":["Prepared","Bouncing Flask"],"picked":"Accuracy","floor":11.0},{"not_picked":["Rudolta","BlackArmy"],"picked":"UniverseFragment","floor":13.0},{"not_picked":["Replay:Poison Smokescreen","Dodge and Roll"],"picked":"Reflex","floor":13.0},{"not_picked":["PiercingWail","Flying Knee","Master of Strategy"],"picked":"REME_GreenPollution","floor":18.0},{"not_picked":["Dagger Throw","Hidden Blade","jedi:pocketpoison","hubris:Ssssneak+1"],"picked":"SKIP","floor":19.0}],"player_experience":668842,"relics_obtained":[{"floor":9.0,"key":"HollowMod:StagPassRelic"},{"floor":17.0,"key":"Lantern"},{"floor":17.0,"key":"Replay:Wax Seal"}],"event_choices":[],"is_beta":false,"boss_relics":[{"not_picked":["ReplayTheSpireMod:DimensionalGlitch","Philosopher\u0027s Stone"],"picked":"REME_LowDesire"}],"items_purged_floors":[],"is_endless":false,"potions_floor_spawned":[3,10,13,18,20],"killed_by":"Gensokyo:2_Gloops","ascension_level":0}}