{"host":"7qqg3hyzrz6apiso","time":1611860964,"event":{"mods":["AchievementEnabler","BaseMod","Better Debug","Colored Map","Keyboard Shortcuts","Minty Spire (QoL Compilation)","Permanent Neow","Quick Restart","StSLib","SuperFastMode"],"gold_per_floor":[369,319,41,41,41,54,73,73,73,92,92,111,111,186,186,186,186],"floor_reached":16,"language":"KOR","playtime":622,"items_purged":[],"score":99,"play_id":"9a3af076-a169-491c-a559-00cca2285568","local_time":"20210129040924","is_ascension_mode":true,"campfire_choices":[{"data":"Flex","floor":13,"key":"SMITH"},{"data":"Shrug It Off","floor":15,"key":"SMITH"}],"circlet_count":0,"master_deck":["Strike_R","Strike_R","Strike_R","Strike_R","Strike_R","Defend_R","Defend_R","Defend_R","Bash","Sword Boomerang","Pommel Strike","Flex+1","Parasite","Shrug It Off+1"],"relics":["Burning Blood","Matryoshka","Frozen Egg 2","Bottled Flame","Blue Candle"],"acts_visited":["Exordium"],"potions_floor_usage":[16],"damage_taken":[{"damage":16,"enemies":"Jaw Worm","floor":1,"turns":5},{"damage":10,"enemies":"Small Slimes","floor":6,"turns":4},{"damage":0,"enemies":"Cultist","floor":7,"turns":2},{"damage":11,"enemies":"3 Louse","floor":10,"turns":4},{"damage":1,"enemies":"2 Fungi Beasts","floor":12,"turns":3},{"damage":53,"enemies":"Slime Boss","floor":16,"turns":9}],"seed_played":"-7221396824466603326","potions_obtained":[{"floor":6,"key":"LiquidMemories"}],"is_trial":false,"path_per_floor":["M","?","$","?","?","M","M","$","T","M","?","M","R","?","R","B"],"character_chosen":"IRONCLAD","items_purchased":["Matryoshka","Pommel Strike"],"campfire_rested":0,"item_purchase_floors":[3,3],"current_hp_per_floor":[46,46,46,46,46,42,48,48,48,43,63,68,68,57,57,4,4],"gold":186,"neow_bonus":"TWO_FIFTY_GOLD","is_daily":false,"chose_seed":false,"campfire_upgraded":2,"win_rate":0.0,"timestamp":1611860964,"path_taken":["M","?","$","?","?","?","M","$","T","M","?","M","R","?","R","BOSS"],"items_purchased_type":["Relic","Card"],"build_version":"2020-12-22","purchased_purges":0,"victory":false,"max_hp_per_floor":[80,80,80,80,80,80,80,80,80,80,80,80,80,80,80,80,80],"card_choices":[{"not_picked":["Havoc","Infernal Blade"],"picked":"Sword Boomerang","floor":1},{"not_picked":["Rage","Headbutt"],"picked":"Flex","floor":6},{"not_picked":["Body Slam","Clash","Carnage"],"picked":"SKIP","floor":7},{"not_picked":["Reckless Charge","Clothesline","Havoc"],"picked":"SKIP","floor":10},{"not_picked":["Rampage","Anger"],"picked":"Shrug It Off","floor":12}],"player_experience":165194,"relics_obtained":[{"floor":9,"key":"Bottled Flame"},{"floor":9,"key":"Blue Candle"}],"event_choices":[{"cards_removed":["Defend_R"],"damage_healed":0,"gold_gain":0,"player_choice":"Card Removal","damage_taken":0,"max_hp_gain":0,"max_hp_loss":0,"event_name":"The Cleric","floor":2,"gold_loss":50},{"damage_healed":0,"gold_gain":0,"player_choice":"Box","damage_taken":0,"relics_obtained":["Frozen Egg 2"],"max_hp_gain":0,"max_hp_loss":0,"event_name":"Big Fish","floor":4,"gold_loss":0,"cards_obtained":["Regret"]},{"cards_removed":["Regret"],"damage_healed":0,"gold_gain":0,"player_choice":"Removed Curses","damage_taken":0,"max_hp_gain":0,"max_hp_loss":0,"event_name":"Fountain of Cleansing","floor":5,"gold_loss":0},{"damage_healed":20,"gold_gain":0,"player_choice":"Healed and dodged fight","damage_taken":0,"max_hp_gain":0,"max_hp_loss":0,"event_name":"Mushrooms","floor":11,"gold_loss":0,"cards_obtained":["Parasite"]},{"damage_healed":0,"gold_gain":75,"player_choice":"Gather Gold","damage_taken":11,"max_hp_gain":0,"max_hp_loss":0,"event_name":"World of Goop","floor":14,"gold_loss":0}],"is_beta":false,"boss_relics":[],"items_purged_floors":[],"is_endless":false,"potions_floor_spawned":[6],"killed_by":"Slime Boss","ascension_level":2}}