{"host":"n45maixt3qrh0rsz","time":1611819313,"event":{"mods":["ATMod(°¢èªMod)","Act Like it!","Arknights The Spire","BaseMod","CapriCore","Dota2Spire","Downfall","Gensokyo","Minty Spire (QoL Compilation)","Quick Restart","Relic Stats","Replay The Spire","StSLib","¡¾ÒÅÎï¿¨ÅÆ¡¿REMEMod"],"gold_per_floor":[99,99,99,159,186,21,21,21,32,48,76,76,76,92,92,191,191,202,213,232,250,250,50,77,177,13,13,13,29,61,88,88,186,186,198,217,217,230,230,130,211,222,238,33,79,116,53,123,123,175,175,214,40,40,60,76],"floor_reached":57,"language":"ZHS","playtime":4651,"items_purged":["Regret","downfall:Aged"],"score":1347,"play_id":"6f38a3e9-5fc0-438a-91be-2b597fab4466","local_time":"20210128153513","is_ascension_mode":true,"campfire_choices":[{"floor":13,"key":"RECALL"},{"floor":15,"key":"REST"},{"floor":23,"key":"REST"},{"floor":27,"key":"REST"},{"floor":32,"key":"REST"},{"floor":40,"key":"REST"},{"floor":49,"key":"REST"},{"floor":54,"key":"REST"}],"circlet_count":0,"master_deck":["Guardian:Strike_Guardian","Guardian:Strike_Guardian","Guardian:Strike_Guardian","Guardian:Defend_Guardian","Guardian:Defend_Guardian","Guardian:Defend_Guardian","Guardian:CurlUp","Guardian:TwinSlam","Guardian:FierceBash","AT_ShrugMaster","Guardian:ArmoredProtocol","Guardian:ShieldCharger","Guardian:EvasiveProtocol+1","Guardian:TemporalStrike","Guardian:PiercingHide","Guardian:ChargeCore","Guardian:GatlingBeam","Guardian:ShieldCharger","Guardian:ExploitGems+1","Guardian:DecasProtection","Guardian:GemFinder+1","Guardian:Recover","Guardian:ChargeCore","Guardian:ExploitGems+1","Guardian:TemporalStrike","Guardian:CrystalBeam","Guardian:AncientConstruct+1","Guardian:Gem_Lightblue","Guardian:StasisEngine+1","Guardian:ChargeCore","Guardian:BronzeOrb+1","Guardian:SentryBeam+1","Guardian:RollAttack","Guardian:Suspension+1","expansioncontent:QuickStudy","Guardian:SphericShield","expansioncontent:QuickStudy","Guardian:Harden","Guardian:Gem_Cyan","Guardian:BodySlam+1"],"relics":["Guardian:ModeShifter","AT_ATBox","REME_ComplimentaryCards","downfall:HeartsMalice","White Beast Statue","hexamod:Sixitude","Tiny Chest","Pen Nib","Frozen Egg 2","bronze:MakeshiftBattery","InkBottle","downfall:HeartBlessingBlue","downfall:HeartBlessingGreen","War Paint","AT_RabadonDeathcap","Dota2Spire:Dagon","AT_ArcaneBoots","Red Mask","Boot","Dota2Spire:RefresherOrb","Guardian:StasisEgg","downfall:HeartBlessingRed","Replay:WaspNest","Replay:Bandana","hexamod:BolsterEngine","Dota2Spire:PhaseBoots","Prayer Wheel","Guardian:PocketSentry"],"acts_visited":["Exordium","TheCity","TheBeyond","TheEnding"],"potions_floor_usage":[10,11,11,16,16,25,25,33,33,33,44,50,50,50,55,55],"damage_taken":[{"damage":0,"enemies":"Small Slimes","floor":1,"turns":1},{"damage":0,"enemies":"Jaw Worm","floor":2,"turns":1},{"damage":0,"enemies":"3 Sentries","floor":4,"turns":1},{"damage":0,"enemies":"downfall:FleeingMerchant","floor":6,"turns":4},{"damage":4,"enemies":"2 Louse","floor":9,"turns":3},{"damage":9,"enemies":"Blue Slaver","floor":10,"turns":4},{"damage":17,"enemies":"3 Sentries","floor":11,"turns":6},{"damage":6,"enemies":"2 Fungi Beasts","floor":14,"turns":4},{"damage":11,"enemies":"SI_SHIV_ARCHETYPE","floor":16,"turns":10},{"damage":6,"enemies":"Shell Parasite","floor":18,"turns":5},{"damage":18,"enemies":"3 Cultists","floor":19,"turns":6},{"damage":20,"enemies":"Shelled Parasite and Fungi","floor":20,"turns":8},{"damage":21,"enemies":"Centurion and Healer","floor":21,"turns":9},{"damage":9,"enemies":"IC_STATUS_ARCHETYPE","floor":25,"turns":8},{"damage":18,"enemies":"downfall:FleeingMerchant","floor":26,"turns":4},{"damage":24,"enemies":"Snake Plant","floor":29,"turns":3},{"damage":12,"enemies":"Masked Bandits","floor":30,"turns":4},{"damage":7,"enemies":"WA_ARCHETYPE_CALM","floor":33,"turns":8},{"damage":18,"enemies":"3 Shapes","floor":35,"turns":4},{"damage":11,"enemies":"Orb Walker","floor":36,"turns":3},{"damage":8,"enemies":"3 Darklings","floor":38,"turns":4},{"damage":10,"enemies":"Jaw Worm Horde","floor":42,"turns":4},{"damage":35,"enemies":"4 Shapes","floor":43,"turns":4},{"damage":1,"enemies":"downfall:FleeingMerchant","floor":44,"turns":4},{"damage":7,"enemies":"Giant Head","floor":46,"turns":6},{"damage":2,"enemies":"downfall:FleeingMerchant","floor":47,"turns":2},{"damage":6,"enemies":"downfall:FleeingMerchant","floor":48,"turns":4},{"damage":26,"enemies":"IC_BLOCK_ARCHETYPE","floor":50,"turns":8},{"damage":25,"enemies":"downfall:CharBossMerchant","floor":52,"turns":8},{"damage":0,"enemies":"downfall:NeowBoss","floor":55,"turns":3},{"damage":34,"enemies":"downfall:NeowBossFinal","floor":56,"turns":11}],"seed_played":"7409930614479542240","potions_obtained":[{"floor":6,"key":"Dota2Spire:Clarity"},{"floor":9,"key":"bronze:BurnAndBuffPotion"},{"floor":10,"key":"REME_GoldPotion"},{"floor":11,"key":"Fire Potion"},{"floor":14,"key":"SteroidPotion"},{"floor":16,"key":"REME_GoldPotion"},{"floor":18,"key":"Dexterity Potion"},{"floor":19,"key":"GamblersBrew"},{"floor":20,"key":"champ:CounterPotion"},{"floor":21,"key":"LifebloodPotion"},{"floor":25,"key":"Adrenaline Potion"},{"floor":26,"key":"Weak Potion"},{"floor":29,"key":"BlessingOfTheForge"},{"floor":30,"key":"CultistPotion"},{"floor":33,"key":"Milkshake"},{"floor":35,"key":"Fire Potion"},{"floor":36,"key":"Dota2Spire:Clarity"},{"floor":38,"key":"Adrenaline Potion"},{"floor":44,"key":"Dexterity Potion"},{"floor":46,"key":"DistilledChaos"},{"floor":52,"key":"Fire Potion"}],"is_trial":false,"path_per_floor":["M","M","?","?","?","$","T","?","M","M","E","T","R","M","R","B",null,"M","M","M","M","T","R","T","?","$","R","?","M","?","T","R","B",null,"M","M","?","M","?","R","T","M","M","?","T","E","$","?","R","B",null,"E","$","R","B","B",null],"character_chosen":"GUARDIAN","items_purchased":["Guardian:GatlingBeam","AT_SpeedBoots","expansioncontent:QuickStudy","expansioncontent:QuickStudy","Dota2Spire:PhaseBoots","EssenceOfSteel"],"campfire_rested":7,"item_purchase_floors":[6,26,44,47,47,53],"current_hp_per_floor":[80,80,80,80,48,48,48,48,44,35,18,18,18,12,36,25,80,76,58,38,21,21,58,58,49,33,60,60,36,24,24,51,44,90,72,61,61,53,53,80,80,70,35,34,34,27,25,19,46,20,90,65,65,90,90,58],"gold":76,"neow_bonus":"THREE_ENEMY_KILL","is_daily":false,"chose_seed":false,"campfire_upgraded":0,"win_rate":0.0,"timestamp":1611819313,"path_taken":["M","M","?","?","?","?","T","?","M","M","E","?","R","?","R","BOSS","M","M","M","M","?","R","T","?","$","R","?","M","?","?","R","BOSS","M","M","?","M","?","R","T","M","M","?","?","E","$","?","R","BOSS","E","$","R","BOSS","BOSS"],"items_purchased_type":["Card","Relic","Card","Card","Relic","Potion"],"build_version":"2020-12-22","purchased_purges":2,"victory":true,"max_hp_per_floor":[80,80,80,80,80,80,80,80,80,80,80,80,80,80,80,80,80,80,80,80,80,80,90,90,90,90,90,90,90,90,90,90,90,90,90,90,90,90,90,90,90,90,90,90,90,90,90,90,90,90,90,90,90,90,90,90],"relic_stats":{"counters":[31,147],"Tiny Chest":3,"Prayer Wheel":0,"Pen Nib":[32],"War Paint":["Guardian:ExploitGems","Guardian:ExploitGems"],"Boot":[32],"obtain_stats":[{"AT_ATBox":0,"Guardian:StasisEgg":37,"downfall:HeartBlessingGreen":23,"Dota2Spire:RefresherOrb":34,"AT_ArcaneBoots":44,"Boot":31,"Replay:Bandana":45,"downfall:HeartBlessingBlue":23,"Tiny Chest":7,"Prayer Wheel":48,"Red Mask":30,"InkBottle":22,"AT_RabadonDeathcap":25,"downfall:HeartBlessingRed":40,"Dota2Spire:Dagon":25,"Guardian:ModeShifter":0,"hexamod:Sixitude":5,"downfall:HeartsMalice":0,"Pen Nib":8,"Replay:WaspNest":41,"Guardian:PocketSentry":52,"Frozen Egg 2":11,"War Paint":24,"White Beast Statue":4,"AT_SpeedBoots":26,"hexamod:BolsterEngine":46,"bronze:MakeshiftBattery":17,"REME_ComplimentaryCards":0,"Dota2Spire:PhaseBoots":47},{"AT_ATBox":0,"Guardian:StasisEgg":20,"downfall:HeartBlessingGreen":13,"Dota2Spire:RefresherOrb":18,"AT_ArcaneBoots":24,"Boot":17,"Replay:Bandana":24,"downfall:HeartBlessingBlue":13,"Tiny Chest":4,"Prayer Wheel":27,"Red Mask":17,"InkBottle":13,"AT_RabadonDeathcap":14,"downfall:HeartBlessingRed":21,"Dota2Spire:Dagon":14,"Guardian:ModeShifter":0,"hexamod:Sixitude":3,"downfall:HeartsMalice":0,"Pen Nib":4,"Replay:WaspNest":21,"Guardian:PocketSentry":29,"Frozen Egg 2":7,"War Paint":13,"White Beast Statue":3,"AT_SpeedBoots":15,"hexamod:BolsterEngine":25,"bronze:MakeshiftBattery":9,"REME_ComplimentaryCards":0,"Dota2Spire:PhaseBoots":26},{"AT_ATBox":0,"Guardian:StasisEgg":90,"downfall:HeartBlessingGreen":57,"Dota2Spire:RefresherOrb":84,"AT_ArcaneBoots":104,"Boot":76,"Replay:Bandana":106,"downfall:HeartBlessingBlue":57,"Tiny Chest":4,"Prayer Wheel":117,"Red Mask":76,"InkBottle":57,"AT_RabadonDeathcap":65,"downfall:HeartBlessingRed":94,"Dota2Spire:Dagon":65,"Guardian:ModeShifter":0,"hexamod:Sixitude":0,"downfall:HeartsMalice":0,"Pen Nib":4,"Replay:WaspNest":94,"Guardian:PocketSentry":133,"Frozen Egg 2":15,"War Paint":57,"White Beast Statue":0,"AT_SpeedBoots":69,"hexamod:BolsterEngine":112,"bronze:MakeshiftBattery":29,"REME_ComplimentaryCards":0,"Dota2Spire:PhaseBoots":114}],"InkBottle":[63]},"card_choices":[{"not_picked":["Guardian:Suspension","Guardian:Gem_Purple"],"picked":"Guardian:ArmoredProtocol","floor":1},{"not_picked":["Guardian:Gem_Crimson","Guardian:PrismaticBarrier"],"picked":"Guardian:ShieldCharger","floor":2},{"not_picked":["Guardian:DonusPower","Guardian:Gem_Cyan"],"picked":"Guardian:TemporalStrike","floor":4},{"not_picked":["Guardian:CrystalBeam","Guardian:Recover"],"picked":"Guardian:PiercingHide","floor":5},{"not_picked":["Guardian:Gem_Lightblue","Guardian:Recover"],"picked":"Guardian:ChargeCore","floor":6},{"not_picked":["Guardian:Gem_Fragmented","Guardian:Orbwalk"],"picked":"Guardian:ShieldCharger","floor":9},{"not_picked":["Guardian:TemporalStrike","Guardian:Gem_Cyan"],"picked":"Guardian:ExploitGems","floor":10},{"not_picked":["Guardian:Gem_Lightblue","Guardian:Incinerate"],"picked":"Guardian:DecasProtection","floor":11},{"not_picked":["Guardian:Clone","Guardian:PrismaticBarrier"],"picked":"Guardian:Gem_Lightblue","floor":14},{"not_picked":["Guardian:CompilePackage","Guardian:SphericShield"],"picked":"Guardian:GemFinder+1","floor":16},{"not_picked":["Guardian:Gem_Green","Guardian:Gem_Red"],"picked":"Guardian:Gem_Lightblue","floor":18},{"not_picked":["Guardian:Gem_Red","Guardian:Gem_Fragmented"],"picked":"Guardian:Recover","floor":18},{"not_picked":["Guardian:Gem_Red","Guardian:Gem_Green"],"picked":"Guardian:Gem_Cyan","floor":19},{"not_picked":["Guardian:Gem_Fragmented","Guardian:Planning"],"picked":"Guardian:Gem_Cyan","floor":19},{"not_picked":["Guardian:Gem_Red","Guardian:Gem_Green"],"picked":"Guardian:Gem_Lightblue","floor":20},{"not_picked":["Guardian:Gem_Cyan","Guardian:Recover"],"picked":"Guardian:ChargeCore","floor":20},{"not_picked":["Guardian:Gem_Green","Guardian:Gem_Red"],"picked":"Guardian:Gem_Lightblue","floor":21},{"not_picked":["Guardian:TemporalShield+1","Guardian:Gem_Green"],"picked":"Guardian:ExploitGems","floor":21},{"not_picked":["Guardian:Gem_Green","Guardian:Gem_Red"],"picked":"Guardian:Gem_Cyan","floor":25},{"not_picked":["Guardian:Gem_Green","Guardian:Recover"],"picked":"Guardian:TemporalStrike","floor":25},{"not_picked":["Guardian:VentSteam","Guardian:PrimingBeam"],"picked":"Guardian:CrystalBeam","floor":26},{"not_picked":["Guardian:FuturePlans+1","Guardian:BodySlam"],"picked":"Guardian:AncientConstruct+1","floor":29},{"not_picked":["Guardian:ShieldCharger+1","Guardian:TemporalStrike+1"],"picked":"Guardian:Gem_Yellow","floor":30},{"not_picked":["Guardian:Gem_Red","Guardian:Gem_Green"],"picked":"Guardian:Gem_Lightblue","floor":33},{"not_picked":["Guardian:FastForward","Guardian:Gem_Synthetic"],"picked":"Guardian:StasisEngine+1","floor":33},{"not_picked":["Guardian:Gem_Red","Guardian:Gem_Cyan"],"picked":"Guardian:Gem_Green","floor":35},{"not_picked":["Guardian:Gem_Green","Guardian:Gem_Lightblue"],"picked":"Guardian:ChargeCore","floor":35},{"not_picked":["Guardian:Gem_Cyan","Guardian:Gem_Green"],"picked":"Guardian:Gem_Red","floor":36},{"not_picked":["Guardian:ChargeUp+1","Guardian:Recover+1"],"picked":"Guardian:BronzeOrb+1","floor":36},{"not_picked":["Guardian:ChargeCore+1","Guardian:ShieldCharger","Guardian:Gem_Green"],"picked":"SKIP","floor":38},{"not_picked":["Guardian:Gem_Cyan","Guardian:Gem_Lightblue"],"picked":"Guardian:SentryBeam+1","floor":42},{"not_picked":["Guardian:Preprogram+1","Guardian:ChargeCore"],"picked":"Guardian:RollAttack","floor":43},{"not_picked":["Guardian:Gem_Cyan","Guardian:Gem_Red"],"picked":"Guardian:Gem_Lightblue","floor":43},{"not_picked":["Guardian:PiercingHide+1","Guardian:MultiBeam+1"],"picked":"Guardian:Suspension+1","floor":44},{"not_picked":["Guardian:Repulse+1","Guardian:Suspension+1"],"picked":"Guardian:Gem_Blue","floor":46},{"not_picked":["Guardian:GuardianWhirl","Guardian:WalkerClaw+1"],"picked":"Guardian:SphericShield","floor":47},{"not_picked":["Guardian:TemporalShield","Guardian:FuturePlans+1"],"picked":"Guardian:Harden","floor":48},{"not_picked":["Guardian:Gem_Red","Guardian:Gem_Lightblue"],"picked":"Guardian:Gem_Cyan","floor":52},{"not_picked":["Guardian:TemporalStrike+1","Guardian:Reroute"],"picked":"Guardian:BodySlam+1","floor":52}],"player_experience":51194,"relics_obtained":[{"floor":4,"key":"White Beast Statue"},{"floor":5,"key":"hexamod:Sixitude"},{"floor":7,"key":"Tiny Chest"},{"floor":11,"key":"Frozen Egg 2"},{"floor":22,"key":"InkBottle"},{"floor":24,"key":"War Paint"},{"floor":25,"key":"AT_RabadonDeathcap"},{"floor":25,"key":"Dota2Spire:Dagon"},{"floor":30,"key":"Red Mask"},{"floor":31,"key":"Boot"},{"floor":41,"key":"Replay:WaspNest"},{"floor":45,"key":"Replay:Bandana"},{"floor":46,"key":"hexamod:BolsterEngine"},{"floor":48,"key":"Prayer Wheel"},{"floor":52,"key":"Guardian:PocketSentry"}],"event_choices":[{"damage_healed":0,"gold_gain":0,"player_choice":"Box","damage_taken":0,"relics_obtained":["Pen Nib"],"max_hp_gain":0,"max_hp_loss":0,"event_name":"Big Fish","floor":8,"gold_loss":0,"cards_obtained":["Regret"]},{"damage_healed":0,"gold_gain":0,"player_choice":"Fought Bandits","damage_taken":0,"max_hp_gain":0,"max_hp_loss":0,"event_name":"Masked Bandits","floor":30,"gold_loss":0}],"is_beta":false,"boss_relics":[{"not_picked":["Runic Pyramid","Replay:Drink Me"],"picked":"bronze:MakeshiftBattery"},{"not_picked":["Fusion Hammer","Cursed Key"],"picked":"Dota2Spire:RefresherOrb"}],"items_purged_floors":[47,53],"is_endless":false,"potions_floor_spawned":[6,9,10,11,14,16,18,19,20,21,25,26,29,30,33,35,36,38,42,43,44,46,47,48,52],"ascension_level":1}}