{"host":"yx5rao87132cy5xq","time":1611808740,"event":{"mods":["2.2 Compatiblity","AchievementEnabler","BaseMod","Bestiary","Colored Map","Colored Powertips","Minty Spire (QoL Compilation)","Quick Restart","Relic Stats","Slay-I","SuperFastMode"],"gold_per_floor":[118,129,40,54,72,72,106,106,176,176,201,201,234,245,245,245,245],"floor_reached":16,"language":"ENG","playtime":1210,"items_purged":[],"score":192,"play_id":"b36fd667-392f-40dd-b21c-3012274462b5","local_time":"20210128053900","is_ascension_mode":true,"campfire_choices":[{"data":"Uppercut","floor":6,"key":"SMITH"},{"data":"Fiend Fire","floor":10,"key":"SMITH"},{"floor":12,"key":"REST"},{"data":"Bash","floor":15,"key":"SMITH"}],"circlet_count":0,"master_deck":["AscendersBane","Strike_R","Strike_R","Strike_R","Strike_R","Strike_R","Defend_R","Defend_R","Defend_R","Defend_R","Bash+1","Fiend Fire+1","Anger","Power Through","Shockwave","Uppercut+1","Feed","Spot Weakness","Shrug It Off"],"relics":["Burning Blood","WingedGreaves","Sundial","Mercury Hourglass","Mummified Hand","Thread and Needle","Pen Nib"],"acts_visited":["Exordium"],"potions_floor_usage":[16,16],"damage_taken":[{"damage":6,"enemies":"Cultist","floor":1,"turns":3},{"damage":2,"enemies":"Jaw Worm","floor":2,"turns":3},{"damage":0,"enemies":"Small Slimes","floor":4,"turns":3},{"damage":15,"enemies":"3 Louse","floor":5,"turns":4},{"damage":36,"enemies":"Lagavulin","floor":7,"turns":9},{"damage":20,"enemies":"3 Sentries","floor":11,"turns":5},{"damage":16,"enemies":"Lagavulin","floor":13,"turns":4},{"damage":1,"enemies":"Red Slaver","floor":14,"turns":2},{"damage":50,"enemies":"Slime Boss","floor":16,"turns":12}],"seed_played":"-8073840458016346155","potions_obtained":[{"floor":5,"key":"BlessingOfTheForge"},{"floor":11,"key":"FearPotion"},{"floor":14,"key":"AttackPotion"}],"is_trial":false,"path_per_floor":["M","M","?","M","M","R","E","T","T","R","E","R","E","M","R","B"],"character_chosen":"IRONCLAD","items_purchased":[],"campfire_rested":1,"item_purchase_floors":[],"current_hp_per_floor":[72,76,76,80,71,71,41,41,41,41,27,51,44,49,49,0,0],"gold":245,"neow_bonus":"ONE_RANDOM_RARE_CARD","is_daily":false,"chose_seed":false,"campfire_upgraded":3,"win_rate":0.0,"timestamp":1611808740,"path_taken":["M","M","?","M","?","R","E","?","T","R","E","R","E","M","R","BOSS"],"items_purchased_type":[],"build_version":"2020-12-22","purchased_purges":0,"victory":false,"max_hp_per_floor":[80,80,80,80,80,80,80,80,80,80,80,80,83,83,83,83,83],"relic_stats":{"counters":[9,45],"Sundial":[2],"Mummified Hand":[0],"Pen Nib":[2],"obtain_stats":[{"Sundial":7,"Mummified Hand":9,"Thread and Needle":11,"WingedGreaves":3,"Pen Nib":13,"Burning Blood":0,"Mercury Hourglass":8},{"Sundial":5,"Mummified Hand":5,"Thread and Needle":6,"WingedGreaves":2,"Pen Nib":7,"Burning Blood":0,"Mercury Hourglass":5},{"Sundial":22,"Mummified Hand":22,"Thread and Needle":27,"WingedGreaves":6,"Pen Nib":31,"Burning Blood":0,"Mercury Hourglass":22}],"Burning Blood":46,"Mercury Hourglass":[119]},"card_choices":[{"not_picked":["Havoc","Fire Breathing"],"picked":"Anger","floor":1},{"not_picked":["Body Slam","Ghostly Armor"],"picked":"Power Through","floor":2},{"not_picked":["Armaments","Clothesline"],"picked":"Shockwave","floor":4},{"not_picked":["Clash","Rupture"],"picked":"Uppercut","floor":5},{"not_picked":["Entrench","Searing Blow","Dark Embrace"],"picked":"SKIP","floor":7},{"not_picked":["Disarm","Intimidate"],"picked":"Feed","floor":11},{"not_picked":["Rampage","Berserk"],"picked":"Spot Weakness","floor":13},{"not_picked":["Searing Blow","Anger"],"picked":"Shrug It Off","floor":14}],"player_experience":870635,"relics_obtained":[{"floor":7,"key":"Sundial"},{"floor":8,"key":"Mercury Hourglass"},{"floor":9,"key":"Mummified Hand"},{"floor":11,"key":"Thread and Needle"},{"floor":13,"key":"Pen Nib"}],"event_choices":[{"damage_healed":0,"gold_gain":0,"player_choice":"Paid Gold","damage_taken":0,"relics_obtained":["WingedGreaves"],"max_hp_gain":0,"max_hp_loss":0,"event_name":"WeMeetAgain","floor":3,"gold_loss":89}],"is_beta":false,"boss_relics":[],"items_purged_floors":[],"is_endless":false,"potions_floor_spawned":[5,11,14],"killed_by":"Slime Boss","ascension_level":12}}