{"host":"kw4o7b3ro2ktmmbe","time":1611815023,"event":{"mods":["BaseMod","Evolution","Minty Spire (QoL Compilation)","Robot Space Explorer","StSLib"],"gold_per_floor":[118,118,138,138,138,138,167,167,167,167,180,180,31,65,65,167,167,187,187,112,127,146,146,174,174,174,174,174],"floor_reached":27,"language":"ENG","playtime":1578,"items_purged":["Decay"],"score":380,"play_id":"65cfc550-b475-44b4-a281-1e67f4451b86","local_time":"20210128192343","is_ascension_mode":true,"campfire_choices":[{"data":"RobotSpaceExplorer:MiniLasers","floor":6,"key":"SMITH"},{"data":"RobotSpaceExplorer:PowerGlove","floor":8,"key":"SMITH"},{"floor":10,"key":"REST"},{"data":"RobotSpaceExplorer:Scan","floor":12,"key":"SMITH"},{"data":"RobotSpaceExplorer:Accelerator","floor":15,"key":"SMITH"},{"data":"RobotSpaceExplorer:MiniBoosters","floor":23,"key":"SMITH"},{"floor":25,"key":"REST"}],"circlet_count":0,"master_deck":["RobotSpaceExplorer:Strike","RobotSpaceExplorer:Strike","RobotSpaceExplorer:Strike","RobotSpaceExplorer:Strike","RobotSpaceExplorer:Defend","RobotSpaceExplorer:Defend+1","RobotSpaceExplorer:Defend","RobotSpaceExplorer:Defend+1","RobotSpaceExplorer:Scan+1","RobotSpaceExplorer:MiniLasers+1","RobotSpaceExplorer:ScrapMissile+1","RobotSpaceExplorer:Pulsar+1","RobotSpaceExplorer:PowerGlove+1","RobotSpaceExplorer:Accelerator+1","RobotSpaceExplorer:MiniBoosters+1"],"relics":["EVO:Axolotl","Sozu","War Paint","RobotSpaceExplorer:PlasmaHourglass","Dead Branch","RobotSpaceExplorer:SlideRule","Regal Pillow","Busted Crown","Eternal Feather","Tiny Chest","RobotSpaceExplorer:RingOfTheNewt"],"acts_visited":["Exordium","TheCity"],"potions_floor_usage":[],"damage_taken":[{"damage":3,"enemies":"Jaw Worm","floor":1,"turns":5},{"damage":0,"enemies":"Small Slimes","floor":3,"turns":3},{"damage":31,"enemies":"3 Sentries","floor":7,"turns":9},{"damage":0,"enemies":"2 Louse","floor":11,"turns":2},{"damage":0,"enemies":"Lagavulin","floor":14,"turns":4},{"damage":34,"enemies":"The Guardian","floor":16,"turns":10},{"damage":4,"enemies":"Chosen","floor":18,"turns":5},{"damage":10,"enemies":"2 Thieves","floor":21,"turns":5},{"damage":17,"enemies":"Snake Plant","floor":22,"turns":4},{"damage":18,"enemies":"Book of Stabbing","floor":24,"turns":5},{"damage":68,"enemies":"Slavers","floor":27,"turns":5}],"seed_played":"-7384452752030528882","potions_obtained":[],"is_trial":false,"path_per_floor":["M","?","M","?","?","R","E","R","T","R","M","R","$","E","R","B",null,"M","?","$","M","M","R","E","R","T","E"],"character_chosen":"RobotSpaceExplorer","items_purchased":["RobotSpaceExplorer:SlideRule"],"campfire_rested":2,"item_purchase_floors":[13],"current_hp_per_floor":[65,50,50,47,47,47,16,16,16,38,38,38,38,38,38,4,57,53,53,53,43,26,35,17,63,63,0,0],"gold":174,"neow_bonus":"BOSS_RELIC","is_daily":false,"chose_seed":false,"campfire_upgraded":5,"win_rate":0.0,"timestamp":1611815023,"path_taken":["M","?","M","?","?","R","E","R","T","R","M","R","$","E","R","BOSS","M","?","?","?","M","R","E","R","T","E"],"items_purchased_type":["Relic"],"build_version":"2020-12-22","purchased_purges":1,"victory":false,"max_hp_per_floor":[75,75,75,75,75,75,75,75,75,75,75,75,75,75,75,75,75,75,75,75,75,75,75,75,75,75,75,75],"card_choices":[{"not_picked":["RobotSpaceExplorer:SwiftStep","RobotSpaceExplorer:ShovelStrike"],"picked":"RobotSpaceExplorer:ScrapMissile","floor":1},{"not_picked":["RobotSpaceExplorer:MetalStrike","RobotSpaceExplorer:FranticSearch"],"picked":"RobotSpaceExplorer:Pulsar","floor":3},{"not_picked":["RobotSpaceExplorer:SwiftStep","RobotSpaceExplorer:FrostMissile"],"picked":"RobotSpaceExplorer:PowerGlove","floor":7},{"not_picked":["RobotSpaceExplorer:GlueShot","RobotSpaceExplorer:DoubleFind","RobotSpaceExplorer:Ammunition"],"picked":"SKIP","floor":11},{"not_picked":["RobotSpaceExplorer:ScrapMissile","RobotSpaceExplorer:Ammunition"],"picked":"RobotSpaceExplorer:Accelerator","floor":14},{"not_picked":["RobotSpaceExplorer:ShockMissile","RobotSpaceExplorer:Autoloader"],"picked":"RobotSpaceExplorer:Exploration","floor":16},{"not_picked":[],"picked":"RobotSpaceExplorer:MiniBoosters","floor":18},{"not_picked":["RobotSpaceExplorer:SurgingShield"],"picked":"SKIP","floor":21},{"not_picked":["RobotSpaceExplorer:ShovelStrike"],"picked":"SKIP","floor":22},{"not_picked":["RobotSpaceExplorer:ImprovisedAttack"],"picked":"SKIP","floor":24}],"player_experience":1898400,"relics_obtained":[{"floor":7,"key":"RobotSpaceExplorer:PlasmaHourglass"},{"floor":9,"key":"Dead Branch"},{"floor":14,"key":"Regal Pillow"},{"floor":18,"key":"Eternal Feather"},{"floor":24,"key":"Tiny Chest"},{"floor":26,"key":"RobotSpaceExplorer:RingOfTheNewt"}],"event_choices":[{"damage_healed":0,"gold_gain":0,"player_choice":"Entered Light","damage_taken":15,"max_hp_gain":0,"max_hp_loss":0,"event_name":"Shining Light","floor":2,"gold_loss":0,"cards_upgraded":["RobotSpaceExplorer:Defend","RobotSpaceExplorer:ScrapMissile"]},{"damage_healed":0,"gold_gain":0,"player_choice":"Success","damage_taken":3,"relics_obtained":["War Paint"],"max_hp_gain":0,"max_hp_loss":0,"event_name":"Scrap Ooze","floor":4,"gold_loss":0},{"damage_healed":0,"gold_gain":0,"player_choice":"Ignored","damage_taken":0,"max_hp_gain":0,"max_hp_loss":0,"event_name":"Liars Game","floor":5,"gold_loss":0},{"damage_healed":0,"gold_gain":0,"player_choice":"Cursed","damage_taken":0,"max_hp_gain":0,"max_hp_loss":0,"event_name":"Wheel of Change","floor":19,"gold_loss":0,"cards_obtained":["Decay"]}],"is_beta":false,"boss_relics":[{"not_picked":["SacredBark","Empty Cage"],"picked":"Busted Crown"}],"items_purged_floors":[20],"is_endless":false,"potions_floor_spawned":[21,24],"killed_by":"Slavers","ascension_level":9}}