{"host":"y4sghvfd0ewtcchd","time":1611876662,"event":{"mods":["A Penny For Your Troubles","Aspiration","BaseMod","Better Altar","Better Debug","Better Note","Better Third Choice","BetterRewards","Block Reminder","Colored Map","Colored Powertips","Highlight Path","Hubris","Infinite Spire","Minty Spire (QoL Compilation)","Relic Sorter","Relic Stats","Replay The Spire","Robot Space Explorer","Shop Mod","Spicy Shops","StSLib","The Jungle","The Saiyan","Wide Potions"],"gold_per_floor":[116,27,215,158,76,76,88,88,114,114,114,45,45,55,55,131,131,145,56,56,71,88,88,98,98,98,130,149,149,67,86,86,171,171,92,92,111,31,51,51,51,82,106,145,169,169,192,220,220,235,235,235,535,603,603],"floor_reached":56,"language":"ENG","playtime":3540,"items_purged":[],"score":3568,"play_id":"119f172f-1ffc-45c5-9ce8-b98043cdb212","local_time":"20210129023102","is_ascension_mode":true,"campfire_choices":[{"data":"Mind Blast","floor":6.0,"key":"SMITH"},{"data":"hubris:EnhanceAbility","floor":8.0,"key":"SMITH"},{"data":"Tools of the Trade","floor":10.0,"key":"SMITH"},{"data":"Skewer","floor":15.0,"key":"SMITH"},{"data":"Replay:BasicMightCard","floor":23.0,"key":"SMITH"},{"data":"Skewer","floor":25.0,"key":"SMITH"},{"data":"Doppelganger","floor":29.0,"key":"SMITH"},{"floor":32.0,"key":"RECALL"},{"data":"Prepared","floor":40.0,"key":"SMITH"},{"data":"Caltrops","floor":46.0,"key":"SMITH"},{"data":"ReplayTheSpireMod:Private Reserves","floor":49.0,"key":"SMITH"},{"data":"Leg Sweep","floor":52.0,"key":"SMITH"}],"circlet_count":0,"master_deck":["AscendersBane","Strike_G","Strike_G","Strike_G","Strike_G","Strike_G","Defend_G","Defend_G+1","Defend_G","Defend_G","Defend_G+1","Survivor","Neutralize+1","Replay:BasicMightCard+1","Footwork+1","ReplayTheSpireMod:Private Reserves+1","Prepared+1","hubris:EnhanceAbility+1","Replay:Bootleg Shield Generator","Caltrops+1","Deflect","Skewer+1","Leg Sweep+1","ReplayTheSpireMod:Tripwire","Doppelganger+1","Mind Blast+1","Tools of the Trade+1","Prepared+1","Deflect","Die Die Die+1","Backstab+1","Corpse Explosion","Skewer+1","Dagger Throw+1","Dagger Throw","Dodge and Roll+1","Deflect","ReplayTheSpireMod:Tripwire","Heel Hook","PiercingWail","Envenom","Underhanded Strike"],"relics":["Ring of the Snake","Replay:Accelerometer","Replay:Wax Seal","infinitespire:Satchel","Chemical X","TwistedFunnel","Toy Ornithopter","Pen Nib","Happy Flower","hubris:OldNail","Meat on the Bone","Lantern","ReplayTheSpireMod:CursedCoin","CaptainsWheel","Lee\u0027s Waffle","PreservedInsect","Paper Crane","ReplayTheSpireMod:TigerMarble","infinitespire:FocusingShard","Orrery","Tough Bandages","Omamori","infinitespire:Lucky Rock","Bag of Preparation","Busted Crown","Bag of Marbles","hubris:SphereOfDissonance","infinitespire:EvilPickle","hubris:Backtick","aspiration:VileToxins","Centennial Puzzle","Replay:Baseball","hubris:NiceRug","Frozen Eye","hubris:TenFootPole","Whetstone","BargainBundle","Pet Ghost","Bottled Flame","Simple Rune"],"acts_visited":["Exordium","TheCity","TheBeyond","TheEnding"],"potions_floor_usage":[55,55],"damage_taken":[{"damage":0.0,"enemies":"2 Louse","floor":1.0,"turns":1.0},{"damage":0.0,"enemies":"Cultist","floor":2.0,"turns":3.0},{"damage":0.0,"enemies":"Jaw Worm","floor":5.0,"turns":1.0},{"damage":0.0,"enemies":"Looter","floor":7.0,"turns":1.0},{"damage":0.0,"enemies":"3 Sentries","floor":12.0,"turns":6.0},{"damage":0.0,"enemies":"Gremlin Gang","floor":14.0,"turns":1.0},{"damage":0.0,"enemies":"Fading Forest","floor":16.0,"turns":11.0},{"damage":0.0,"enemies":"Spheric Guardian","floor":18.0,"turns":1.0},{"damage":0.0,"enemies":"Chosen","floor":19.0,"turns":3.0},{"damage":0.0,"enemies":"Centurion and Healer","floor":21.0,"turns":1.0},{"damage":0.0,"enemies":"Sentry and Sphere","floor":22.0,"turns":1.0},{"damage":0.0,"enemies":"Shelled Parasite and Fungi","floor":24.0,"turns":1.0},{"damage":0.0,"enemies":"Replay:Snechameleon","floor":27.0,"turns":1.0},{"damage":0.0,"enemies":"Snecko","floor":28.0,"turns":1.0},{"damage":0.0,"enemies":"Chosen and Byrds","floor":30.0,"turns":4.0},{"damage":0.0,"enemies":"3 Cultists","floor":31.0,"turns":1.0},{"damage":0.0,"enemies":"Pondfish","floor":33.0,"turns":7.0},{"damage":0.0,"enemies":"3 Shapes","floor":35.0,"turns":1.0},{"damage":0.0,"enemies":"Orb Walker","floor":37.0,"turns":1.0},{"damage":0.0,"enemies":"Maw","floor":38.0,"turns":5.0},{"damage":0.0,"enemies":"Sphere and 2 Shapes","floor":39.0,"turns":1.0},{"damage":0.0,"enemies":"Giant Head","floor":42.0,"turns":4.0},{"damage":0.0,"enemies":"R_Hoarder","floor":44.0,"turns":5.0},{"damage":0.0,"enemies":"Jaw Worm Horde","floor":45.0,"turns":3.0},{"damage":0.0,"enemies":"Maw","floor":47.0,"turns":5.0},{"damage":0.0,"enemies":"Writhing Mass","floor":48.0,"turns":4.0},{"damage":0.0,"enemies":"Donu and Deca","floor":50.0,"turns":4.0},{"damage":0.0,"enemies":"hubris:Merchant","floor":53.0,"turns":6.0},{"damage":0.0,"enemies":"Shield and Spear","floor":54.0,"turns":2.0},{"damage":3,"enemies":"The Heart","floor":55,"turns":7}],"seed_played":"6266055836109592434","potions_obtained":[{"floor":2.0,"key":"SkillPotion"},{"floor":12.0,"key":"Toxic Potion"},{"floor":19.0,"key":"Block Potion"},{"floor":22.0,"key":"PowerPotion"},{"floor":37.0,"key":"Regen Potion"},{"floor":45.0,"key":"Adrenaline Potion"},{"floor":53.0,"key":"Weak Potion"},{"floor":54.0,"key":"Cursed Concoction"}],"is_trial":false,"path_per_floor":["M","M","?","$","M","R","M","R","T","R","$","E","?","M","R","B",null,"M","M","?","M","M","R","M","R","T","E","M","R","M","M","R","B",null,"M","NS","M","M","M","R","$","E","T","E","M","R","M","M","R","B",null,"R","$","E","B",null],"character_chosen":"THE_SILENT","items_purchased":["infinitespire:Satchel","Chemical X","Replay:BasicMightCard","TwistedFunnel","Toy Ornithopter","Footwork+1","ReplayTheSpireMod:Private Reserves","Prepared","Pen Nib","Happy Flower","hubris:OldNail","Meat on the Bone","hubris:EnhanceAbility","Lantern","ReplayTheSpireMod:CursedCoin","CaptainsWheel","Lee\u0027s Waffle","PreservedInsect","Paper Crane","ReplayTheSpireMod:TigerMarble","infinitespire:FocusingShard","Replay:Bootleg Shield Generator","Replay:Wax Seal","Orrery","Doppelganger","Mind Blast","Tough Bandages","Tools of the Trade","Prepared","Omamori"],"campfire_rested":0,"item_purchase_floors":[0,0,0,0,0,0,0,0,0,0,0,0,0,0,0,0,0,0,0,0,0,0,0,0,0,0,0,0,0,4],"current_hp_per_floor":[73,73,73,73,73,73,73,73,73,73,73,73,51,51,51,59,70,70,70,70,70,70,70,70,70,70,70,70,70,70,70,70,73,73,73,73,73,73,73,73,73,73,73,73,73,73,73,73,73,73,73,73,73,73,70],"gold":603,"neow_bonus":"","is_daily":false,"chose_seed":false,"campfire_upgraded":11,"win_rate":0.0,"timestamp":1611876662,"path_taken":["M","M","?","$","M","R","?","R","T","R","$","E","?","M","R","BOSS","M","M","?","M","?","R","M","R","T","E","M","R","M","M","R","BOSS","M","NS","M","M","M","R","$","E","T","E","M","R","M","M","R","BOSS","R","$","E","BOSS"],"items_purchased_type":["Relic","Relic","Card","Relic","Relic","Card","Card","Card","Relic","Relic","Relic","Relic","Card","Relic","Relic","Relic","Relic","Relic","Relic","Relic","Relic","Card","Relic","Relic","Card","Card","Relic","Card","Card","Relic"],"build_version":"2020-12-22","purchased_purges":0,"victory":true,"max_hp_per_floor":[73,73,73,73,73,73,73,73,73,73,73,73,73,73,73,73,73,73,73,73,73,73,73,73,73,73,73,73,73,73,73,73,73,73,73,73,73,73,73,73,73,73,73,73,73,73,73,73,73,73,73,73,73,73,73],"relic_stats":{"Lee\u0027s Waffle":55,"Happy Flower":[31],"counters":[637,2496],"Pen Nib":[20],"PreservedInsect":373,"Bag of Preparation":[106],"Whetstone":["Dagger Throw","Die Die Die"],"Tough Bandages":[357],"Centennial Puzzle":[9],"Busted Crown":104,"Chemical X":[102],"obtain_stats":[{"Replay:Accelerometer":30,"aspiration:SneckoTail":38,"Vampiric Spirits":46,"downfall:HeartBlessingGreen":10,"aspiration:PoetsPen_weak":17,"hubris:MysteriousPyramids":9,"Sling":55,"Ring of Searing":38,"Blood Vial":43,"Replay:Wanted Poster":34,"infinitespire:ShieldingShard":13,"hubris:HerbalPaste":0,"hubris:AstralHammer":40,"Replay:Bronze Core":34,"Fusion Hammer":34,"Replay:Bottled Flurry":46,"Replay:Bottled Steam":53,"hubris:MobiusCoin":6,"MerchantsRug":53,"Velvet Choker":34,"Eternal Feather":53,"Pen Nib":25,"ReplayTheSpireMod:SealedPack":17,"infinitespire:Magic Flask":9,"infinitespire:EvilPickle":33,"infinitespire:Broken Mirror":54,"infinitespire:Lychee Nut":27,"Bird Faced Urn":39,"Unceasing Top":14,"hubris:Reverence":23,"Regal Pillow":29,"Torii":7,"Singing Bowl":25,"hubris:EmptyBottle":29,"Ancient Tea Set":5,"Pet Ghost":41,"Ring of Fangs":46,"hubris:Backtick":34,"infinitespire:Bottled Soul":43,"aspiration:AnachronicSnailShell":41,"Toolbox":53,"hubris:CuriousFeather":38,"Chemical X":27,"Replay:Bottled Eggs":53,"infinitespire:Eraser":23,"InkBottle":25,"aspiration:ChemicalBlood":24,"Ring of the Snake":0,"Potion Belt":44,"Lee\u0027s Waffle":53,"Replay:M_StaffOfTheSnake":0,"Replay:Fungal Core":29,"NeowsBlessing":0,"hubris:64BitClover":0,"Golden Idol":10,"PreservedInsect":26,"infinitespire:Lucky Rock":26,"hubris:Towel":30,"Replay:Arrowhead":0,"Ornamental Fan":6,"hubris:Spice":42,"Art of War":37,"Garlic":11,"Durian":0,"infinitespire:Midas Blood":0,"hubris:BottledRain":17,"Ice Cream":44,"Calipers":23,"Gremlin Horn":38,"aspiration:Stabinomicon":22,"hubris:TerracottaHorce":48,"Sozu":17,"Centennial Puzzle":48,"Prayer Wheel":11,"Philosopher\u0027s Stone":17,"Iron Hammer":54,"hubris:DuctTape":34,"ReplayTheSpireMod:CursedCoin":53,"Replay:Grab Bag":34,"Ring of Chaos":34,"SaiyanHeart":0,"aspiration:HiddenCompartment":29,"hubris:Zylophone":53,"hubris:PeanutButter":9,"Onion Ring":0,"infinitespire:EmpoweringShard":0,"aspiration:HatOfInfinitePower":37,"Mirror":9,"Pocketwatch":36,"aspiration:TomeofQuesting":38,"Snake Skull":7,"Juzu Bracelet":44,"Sizzling Blood":53,"hubris:RunicObelisk":17,"aspiration:StickyExplosives_weak":24,"Tough Bandages":9,"Dream Catcher":23,"Nunchaku":25,"hubris:Icosahedron":47,"TheAbacus":53,"Chameleon Ring":25,"aspiration:DefectSkillbook":34,"downfall:HeartBlessingBlue":18,"Red Mask":31,"Runic Pyramid":21,"hubris:KleinBottle":37,"Guide Book":0,"Replay:WaspNest":53,"infinitespire:FocusingShard":53,"Odd Mushroom":13,"Medical Kit":0,"Mercury Hourglass":6,"Calling Bell":47,"Strange Spoon":53,"Cauldron":53,"Pondfish Scales":29,"infinitespire:DarkRift":0,"infinitespire:Satchel":31,"SaiyanSoul":0,"Bag of Marbles":6,"Membership Card":20,"hubris:AncientText":36,"FossilizedHelix":36,"hubris:OldNail":0,"ReplayTheSpireMod:ShopPack":0,"TwistedFunnel":0,"infinitespire:BottledMercury":46,"Golden Egg":53,"Ginger":25,"Whetstone":29,"Bottled Tornado":0,"Boot":52,"aspiration:RitualStick":25,"Old Coin":24,"Replay:Ringing Soul":43,"Sundial":24,"MealTicket":48,"hubris:DeckOfHolding":28,"infinitespire:Golems Mask":48,"Kunai":47,"Replay:Wax Seal":18,"hubris:TinFlute":53,"Pear":20,"Counterbalance":38,"ReplayTheSpireMod:Ring of Addiction":46,"hubris:SphereOfDissonance":0,"Replay:Ancient Bell":34,"Paper Crane":22,"aspiration:IroncladSkillbook":17,"aspiration:FrozenJewel":9,"SlaversCollar":17,"Pandora\u0027s Box":34,"hubris:TenFootPole":2,"infinitespire:PuzzleCube":24,"Abe\u0027s Treasure":17,"aspiration:Lifesprig":0,"Lantern":40,"hubris:Metronome":41,"Blue Doll":52,"Bag of Preparation":42,"Replay:Multitool":20,"Cursed Key":34,"Replay:Rubber Ducky":36,"Shovel":3,"Ninja Scroll":53,"Ring of Peace":38,"WingedGreaves":36,"Replay:Lucky Slots":54,"Ring of Panic":10,"hubris:GlazedTorus":46,"aspiration:VileToxins":42,"downfall:HeartBlessingRed":10,"Basket Of Snakes":31,"Damaru":6,"Thread and Needle":53,"The Courier":41,"infinitespire:Joker Card":0,"Omamori":45,"infinitespire:CheckeredPen":43,"MawBank":41,"Busted Crown":17,"Orrery":0,"Turnip":19,"Bottled Lightning":52,"ReplayTheSpireMod:Onyx Gauntlets":34,"ReplayTheSpireMod:Lightbulb":0,"Toy Ornithopter":46,"hubris:CrystalStatue":41,"Vajra":12,"Lizard Tail":13,"HornCleat":0,"DollysMirror":20,"Strawberry":49,"aspiration:ArtOfWarUpgrade":49,"Toxic Egg 2":0,"Byrd Skull":41,"Happy Flower":43,"aspiration:Nostalgia":53,"Astrolabe":17,"Oddly Smooth Stone":10,"infinitespire:Beetle Shell":53,"aspiration:SeaSaltIceCream":41,"Letter Opener":31,"Replay:Kaleidoscope":53,"War Paint":9,"Question Card":25,"Replay:Baseball":29,"Bottled Flame":8,"ReplayTheSpireMod:Shallot":36,"Shuriken":0,"Bronze Scales":54,"Molten Egg 2":23,"Simple Rune":54,"ReplayTheSpireMod:TigerMarble":43,"Black Star":17,"hubris:ToyBattleship":53,"Grinning Jar":17,"Meat on the Bone":4,"ReplayFunnel":36,"Darkstone Periapt":24,"ReplayTheSpireMod:Ring of Exchange":3,"Replay:PocketPolymizer":31,"SacredBark":46,"Mango":20,"hubris:SlimyHat":36,"ClockworkSouvenir":53,"Frozen Eye":53,"Replay:Bandana":0,"Mummified Hand":19,"Gambling Chip":0,"Pantograph":0,"Tiny Chest":0,"infinitespire:Chaos":0,"Gremlin Food":21,"BargainBundle":0,"ReplayTheSpireMod:Ninjato":41,"infinitespire:CursedDice":8,"aspiration:FetidBarrel":9,"Quantum Egg":43,"ReplayTheSpireMod:Ring of Sloth":10,"infinitespire:EmptyRelic":0,"aspiration:HummingbirdHeart":0,"Orichalcum":47,"Anchor":37,"CaptainsWheel":17,"infinitespire:WardingShard":12,"ChewingGum":17,"Ring of Fury":19,"Snack Pack":0,"PureWater":0,"TungstenRod":29,"hubris:Potato":0,"hubris:NiceRug":53},{"Replay:Accelerometer":567,"aspiration:SneckoTail":478,"Vampiric Spirits":144,"downfall:HeartBlessingGreen":6,"aspiration:PoetsPen_weak":187,"hubris:MysteriousPyramids":97,"Sling":207,"Ring of Searing":83,"Blood Vial":85,"Replay:Wanted Poster":168,"infinitespire:ShieldingShard":70,"hubris:HerbalPaste":92,"hubris:AstralHammer":24,"Replay:Bronze Core":51,"Fusion Hammer":196,"Replay:Bottled Flurry":116,"Replay:Bottled Steam":321,"hubris:MobiusCoin":4,"MerchantsRug":32,"Velvet Choker":569,"Eternal Feather":262,"Pen Nib":16,"ReplayTheSpireMod:SealedPack":244,"infinitespire:Magic Flask":37,"infinitespire:EvilPickle":51,"infinitespire:Broken Mirror":120,"infinitespire:Lychee Nut":473,"Bird Faced Urn":113,"Unceasing Top":186,"hubris:Reverence":223,"Regal Pillow":18,"Torii":4,"Singing Bowl":386,"hubris:EmptyBottle":18,"Ancient Tea Set":4,"Pet Ghost":24,"Ring of Fangs":27,"hubris:Backtick":196,"infinitespire:Bottled Soul":26,"aspiration:AnachronicSnailShell":114,"Toolbox":353,"hubris:CuriousFeather":54,"Chemical X":566,"Replay:Bottled Eggs":32,"infinitespire:Eraser":249,"InkBottle":107,"aspiration:ChemicalBlood":15,"Ring of the Snake":0,"Potion Belt":86,"Lee\u0027s Waffle":177,"Replay:M_StaffOfTheSnake":371,"Replay:Fungal Core":165,"NeowsBlessing":371,"hubris:64BitClover":323,"Golden Idol":463,"PreservedInsect":223,"infinitespire:Lucky Rock":276,"hubris:Towel":136,"Replay:Arrowhead":371,"Ornamental Fan":151,"hubris:Spice":480,"Art of War":23,"Garlic":98,"Durian":487,"infinitespire:Midas Blood":92,"hubris:BottledRain":158,"Ice Cream":144,"Calipers":105,"Gremlin Horn":392,"aspiration:Stabinomicon":470,"hubris:TerracottaHorce":232,"Sozu":244,"Centennial Puzzle":29,"Prayer Wheel":329,"Philosopher\u0027s Stone":588,"Iron Hammer":146,"hubris:DuctTape":196,"ReplayTheSpireMod:CursedCoin":60,"Replay:Grab Bag":196,"Ring of Chaos":22,"SaiyanHeart":0,"aspiration:HiddenCompartment":78,"hubris:Zylophone":401,"hubris:PeanutButter":153,"Onion Ring":487,"infinitespire:EmpoweringShard":323,"aspiration:HatOfInfinitePower":23,"Mirror":127,"Pocketwatch":112,"aspiration:TomeofQuesting":24,"Snake Skull":184,"Juzu Bracelet":481,"Sizzling Blood":517,"hubris:RunicObelisk":362,"aspiration:StickyExplosives_weak":191,"Tough Bandages":359,"Dream Catcher":384,"Nunchaku":472,"hubris:Icosahedron":144,"TheAbacus":401,"Chameleon Ring":445,"aspiration:DefectSkillbook":225,"downfall:HeartBlessingBlue":11,"Red Mask":279,"Runic Pyramid":74,"hubris:KleinBottle":23,"Guide Book":147,"Replay:WaspNest":60,"infinitespire:FocusingShard":517,"Odd Mushroom":156,"Medical Kit":553,"Mercury Hourglass":295,"Calling Bell":88,"Strange Spoon":262,"Cauldron":321,"Pondfish Scales":18,"infinitespire:DarkRift":519,"infinitespire:Satchel":80,"SaiyanSoul":0,"Bag of Marbles":36,"Membership Card":13,"hubris:AncientText":112,"FossilizedHelix":169,"hubris:OldNail":264,"ReplayTheSpireMod:ShopPack":553,"TwistedFunnel":121,"infinitespire:BottledMercury":58,"Golden Egg":401,"Ginger":250,"Whetstone":369,"Bottled Tornado":236,"Boot":32,"aspiration:RitualStick":367,"Old Coin":565,"Replay:Ringing Soul":257,"Sundial":502,"MealTicket":59,"hubris:DeckOfHolding":77,"infinitespire:Golems Mask":144,"Kunai":88,"Replay:Wax Seal":11,"hubris:TinFlute":353,"Pear":189,"Counterbalance":24,"ReplayTheSpireMod:Ring of Addiction":27,"hubris:SphereOfDissonance":121,"Replay:Ancient Bell":253,"Paper Crane":530,"aspiration:IroncladSkillbook":42,"aspiration:FrozenJewel":67,"SlaversCollar":11,"Pandora\u0027s Box":137,"hubris:TenFootPole":180,"infinitespire:PuzzleCube":45,"Abe\u0027s Treasure":272,"aspiration:Lifesprig":62,"Lantern":171,"hubris:Metronome":200,"Blue Doll":32,"Bag of Preparation":85,"Replay:Multitool":335,"Cursed Key":111,"Replay:Rubber Ducky":23,"Shovel":2,"Ninja Scroll":577,"Ring of Peace":83,"WingedGreaves":140,"Replay:Lucky Slots":605,"Ring of Panic":97,"hubris:GlazedTorus":88,"aspiration:VileToxins":257,"downfall:HeartBlessingRed":6,"Basket Of Snakes":224,"Damaru":67,"Thread and Needle":321,"The Courier":229,"infinitespire:Joker Card":323,"Omamori":27,"infinitespire:CheckeredPen":284,"MawBank":427,"Busted Crown":131,"Orrery":236,"Turnip":381,"Bottled Lightning":400,"ReplayTheSpireMod:Onyx Gauntlets":196,"ReplayTheSpireMod:Lightbulb":264,"Toy Ornithopter":27,"hubris:CrystalStatue":114,"Vajra":155,"Lizard Tail":216,"HornCleat":487,"DollysMirror":13,"Strawberry":30,"aspiration:ArtOfWarUpgrade":175,"Toxic Egg 2":291,"Byrd Skull":257,"Happy Flower":114,"aspiration:Nostalgia":517,"Astrolabe":380,"Oddly Smooth Stone":6,"infinitespire:Beetle Shell":32,"aspiration:SeaSaltIceCream":24,"Letter Opener":447,"Replay:Kaleidoscope":517,"War Paint":6,"Question Card":107,"Replay:Baseball":18,"Bottled Flame":127,"ReplayTheSpireMod:Shallot":112,"Shuriken":264,"Bronze Scales":120,"Molten Egg 2":105,"Simple Rune":636,"ReplayTheSpireMod:TigerMarble":26,"Black Star":100,"hubris:ToyBattleship":517,"Grinning Jar":158,"Meat on the Bone":94,"ReplayFunnel":169,"Darkstone Periapt":305,"ReplayTheSpireMod:Ring of Exchange":266,"Replay:PocketPolymizer":422,"SacredBark":27,"Mango":13,"hubris:SlimyHat":23,"ClockworkSouvenir":32,"Frozen Eye":635,"Replay:Bandana":147,"Mummified Hand":43,"Gambling Chip":33,"Pantograph":403,"Tiny Chest":579,"infinitespire:Chaos":371,"Gremlin Food":74,"BargainBundle":62,"ReplayTheSpireMod:Ninjato":143,"infinitespire:CursedDice":269,"aspiration:FetidBarrel":491,"Quantum Egg":56,"ReplayTheSpireMod:Ring of Sloth":97,"infinitespire:EmptyRelic":371,"aspiration:HummingbirdHeart":236,"Orichalcum":88,"Anchor":83,"CaptainsWheel":158,"infinitespire:WardingShard":243,"ChewingGum":333,"Ring of Fury":468,"Snack Pack":62,"PureWater":0,"TungstenRod":109,"hubris:Potato":179,"hubris:NiceRug":177},{"Replay:Accelerometer":2258,"aspiration:SneckoTail":2014,"Vampiric Spirits":705,"downfall:HeartBlessingGreen":31,"aspiration:PoetsPen_weak":930,"hubris:MysteriousPyramids":480,"Sling":992,"Ring of Searing":418,"Blood Vial":426,"Replay:Wanted Poster":818,"infinitespire:ShieldingShard":356,"hubris:HerbalPaste":462,"hubris:AstralHammer":137,"Replay:Bronze Core":277,"Fusion Hammer":971,"Replay:Bottled Flurry":563,"Replay:Bottled Steam":1446,"hubris:MobiusCoin":22,"MerchantsRug":214,"Velvet Choker":2265,"Eternal Feather":1236,"Pen Nib":78,"ReplayTheSpireMod:SealedPack":1150,"infinitespire:Magic Flask":235,"infinitespire:EvilPickle":277,"infinitespire:Broken Mirror":585,"infinitespire:Lychee Nut":2002,"Bird Faced Urn":547,"Unceasing Top":919,"hubris:Reverence":1056,"Regal Pillow":94,"Torii":22,"Singing Bowl":1669,"hubris:EmptyBottle":94,"Ancient Tea Set":22,"Pet Ghost":137,"Ring of Fangs":167,"hubris:Backtick":971,"infinitespire:Bottled Soul":154,"aspiration:AnachronicSnailShell":555,"Toolbox":1548,"hubris:CuriousFeather":289,"Chemical X":2255,"Replay:Bottled Eggs":214,"infinitespire:Eraser":1173,"InkBottle":523,"aspiration:ChemicalBlood":72,"Ring of the Snake":0,"Potion Belt":431,"Lee\u0027s Waffle":867,"Replay:M_StaffOfTheSnake":1620,"Replay:Fungal Core":804,"NeowsBlessing":1620,"hubris:64BitClover":1452,"Golden Idol":1960,"PreservedInsect":1056,"infinitespire:Lucky Rock":1305,"hubris:Towel":656,"Replay:Arrowhead":1620,"Ornamental Fan":742,"hubris:Spice":2020,"Art of War":126,"Garlic":487,"Durian":2044,"infinitespire:Midas Blood":462,"hubris:BottledRain":773,"Ice Cream":705,"Calipers":517,"Gremlin Horn":1693,"aspiration:Stabinomicon":1993,"hubris:TerracottaHorce":1095,"Sozu":1150,"Centennial Puzzle":181,"Prayer Wheel":1463,"Philosopher\u0027s Stone":2330,"Iron Hammer":718,"hubris:DuctTape":971,"ReplayTheSpireMod:CursedCoin":314,"Replay:Grab Bag":971,"Ring of Chaos":116,"SaiyanHeart":0,"aspiration:HiddenCompartment":394,"hubris:Zylophone":1742,"hubris:PeanutButter":749,"Onion Ring":2044,"infinitespire:EmpoweringShard":1452,"aspiration:HatOfInfinitePower":126,"Mirror":610,"Pocketwatch":545,"aspiration:TomeofQuesting":137,"Snake Skull":909,"Juzu Bracelet":2023,"Sizzling Blood":2118,"hubris:RunicObelisk":1580,"aspiration:StickyExplosives_weak":948,"Tough Bandages":1565,"Dream Catcher":1660,"Nunchaku":1999,"hubris:Icosahedron":705,"TheAbacus":1742,"Chameleon Ring":1903,"aspiration:DefectSkillbook":1067,"downfall:HeartBlessingBlue":49,"Red Mask":1318,"Runic Pyramid":381,"hubris:KleinBottle":126,"Guide Book":725,"Replay:WaspNest":314,"infinitespire:FocusingShard":2118,"Odd Mushroom":763,"Medical Kit":2194,"Mercury Hourglass":1373,"Calling Bell":441,"Strange Spoon":1236,"Cauldron":1446,"Pondfish Scales":94,"infinitespire:DarkRift":2125,"infinitespire:Satchel":402,"SaiyanSoul":0,"Bag of Marbles":233,"Membership Card":56,"hubris:AncientText":545,"FossilizedHelix":823,"hubris:OldNail":1248,"ReplayTheSpireMod:ShopPack":2194,"TwistedFunnel":591,"infinitespire:BottledMercury":304,"Golden Egg":1742,"Ginger":1178,"Whetstone":1608,"Bottled Tornado":1121,"Boot":214,"aspiration:RitualStick":1599,"Old Coin":2251,"Replay:Ringing Soul":1209,"Sundial":2079,"MealTicket":307,"hubris:DeckOfHolding":389,"infinitespire:Golems Mask":705,"Kunai":441,"Replay:Wax Seal":49,"hubris:TinFlute":1548,"Pear":941,"Counterbalance":137,"ReplayTheSpireMod:Ring of Addiction":167,"hubris:SphereOfDissonance":591,"Replay:Ancient Bell":1192,"Paper Crane":2143,"aspiration:IroncladSkillbook":246,"aspiration:FrozenJewel":343,"SlaversCollar":49,"Pandora\u0027s Box":666,"hubris:TenFootPole":883,"infinitespire:PuzzleCube":255,"Abe\u0027s Treasure":1290,"aspiration:Lifesprig":323,"Lantern":832,"hubris:Metronome":978,"Blue Doll":214,"Bag of Preparation":426,"Replay:Multitool":1485,"Cursed Key":542,"Replay:Rubber Ducky":126,"Shovel":12,"Ninja Scroll":2296,"Ring of Peace":418,"WingedGreaves":683,"Replay:Lucky Slots":2395,"Ring of Panic":480,"hubris:GlazedTorus":441,"aspiration:VileToxins":1209,"downfall:HeartBlessingRed":31,"Basket Of Snakes":1060,"Damaru":343,"Thread and Needle":1446,"The Courier":1082,"infinitespire:Joker Card":1452,"Omamori":167,"infinitespire:CheckeredPen":1337,"MawBank":1833,"Busted Crown":632,"Orrery":1121,"Turnip":1651,"Bottled Lightning":1735,"ReplayTheSpireMod:Onyx Gauntlets":971,"ReplayTheSpireMod:Lightbulb":1248,"Toy Ornithopter":167,"hubris:CrystalStatue":555,"Vajra":761,"Lizard Tail":1021,"HornCleat":2044,"DollysMirror":56,"Strawberry":193,"aspiration:ArtOfWarUpgrade":853,"Toxic Egg 2":1362,"Byrd Skull":1209,"Happy Flower":555,"aspiration:Nostalgia":2118,"Astrolabe":1649,"Oddly Smooth Stone":31,"infinitespire:Beetle Shell":214,"aspiration:SeaSaltIceCream":137,"Letter Opener":1909,"Replay:Kaleidoscope":2118,"War Paint":31,"Question Card":523,"Replay:Baseball":94,"Bottled Flame":610,"ReplayTheSpireMod:Shallot":545,"Shuriken":1248,"Bronze Scales":585,"Molten Egg 2":517,"Simple Rune":2489,"ReplayTheSpireMod:TigerMarble":154,"Black Star":500,"hubris:ToyBattleship":2118,"Grinning Jar":773,"Meat on the Bone":467,"ReplayFunnel":823,"Darkstone Periapt":1403,"ReplayTheSpireMod:Ring of Exchange":1257,"Replay:PocketPolymizer":1813,"SacredBark":167,"Mango":56,"hubris:SlimyHat":126,"ClockworkSouvenir":214,"Frozen Eye":2487,"Replay:Bandana":725,"Mummified Hand":249,"Gambling Chip":226,"Pantograph":1757,"Tiny Chest":2303,"infinitespire:Chaos":1620,"Gremlin Food":381,"BargainBundle":323,"ReplayTheSpireMod:Ninjato":699,"infinitespire:CursedDice":1272,"aspiration:FetidBarrel":2050,"Quantum Egg":297,"ReplayTheSpireMod:Ring of Sloth":480,"infinitespire:EmptyRelic":1620,"aspiration:HummingbirdHeart":1121,"Orichalcum":441,"Anchor":418,"CaptainsWheel":773,"infinitespire:WardingShard":1143,"ChewingGum":1480,"Ring of Fury":1986,"Snack Pack":323,"PureWater":0,"TungstenRod":530,"hubris:Potato":879,"hubris:NiceRug":867}],"Toy Ornithopter":0,"Ring of the Snake":[528],"Meat on the Bone":0},"card_choices":[{"not_picked":["PiercingWail","Heel Hook"],"picked":"Caltrops","floor":0.0},{"not_picked":["Hidden Blade","Deadly Poison"],"picked":"Deflect","floor":0.0},{"not_picked":["hubris:TrickCloak","ReplayTheSpireMod:Shiv Toss"],"picked":"Skewer","floor":0.0},{"not_picked":["Acrobatics","Slice"],"picked":"Leg Sweep","floor":0.0},{"not_picked":["Fluid Movement","Distraction"],"picked":"ReplayTheSpireMod:Tripwire","floor":0.0},{"not_picked":["ReplayTheSpireMod:Shiv Toss","Sucker Punch"],"picked":"Deflect","floor":1.0},{"not_picked":["Endless Agony","Poisoned Stab","Dagger Spray"],"picked":"SKIP","floor":2.0},{"not_picked":["Catalyst","Heel Hook"],"picked":"Die Die Die","floor":3.0},{"not_picked":["Prepared","Blade Dance"],"picked":"Backstab","floor":5.0},{"not_picked":["Endless Agony","Eviscerate","Sucker Punch"],"picked":"SKIP","floor":7.0},{"not_picked":["Deflect","hubris:SlightOfHand","Well Laid Plans"],"picked":"SKIP","floor":12.0},{"not_picked":["PiercingWail","Deadly Poison","Blade Dance"],"picked":"SKIP","floor":14.0},{"not_picked":["Venomology","aspiration:Lunge"],"picked":"Corpse Explosion","floor":16.0},{"not_picked":["Sucker Punch"],"picked":"SKIP","floor":18.0},{"not_picked":[],"picked":"Skewer","floor":19.0},{"not_picked":[],"picked":"Dagger Throw","floor":21.0},{"not_picked":["ReplayTheSpireMod:Shiv Toss"],"picked":"SKIP","floor":22.0},{"not_picked":["Toxin Wave"],"picked":"SKIP","floor":24.0},{"not_picked":["Acrobatics"],"picked":"SKIP","floor":27.0},{"not_picked":["Cloak And Dagger"],"picked":"SKIP","floor":28.0},{"not_picked":["Calculated Gamble"],"picked":"SKIP","floor":30.0},{"not_picked":["Bane"],"picked":"SKIP","floor":31.0},{"not_picked":[],"picked":"Dagger Throw","floor":35.0},{"not_picked":[],"picked":"Dodge and Roll+1","floor":37.0},{"not_picked":["Underhanded Strike"],"picked":"SKIP","floor":38.0},{"not_picked":["Dagger Spray"],"picked":"SKIP","floor":39.0},{"not_picked":[],"picked":"Deflect","floor":42.0},{"not_picked":[],"picked":"ReplayTheSpireMod:Tripwire","floor":44.0},{"not_picked":[],"picked":"Heel Hook","floor":45.0},{"not_picked":[],"picked":"PiercingWail","floor":47.0},{"not_picked":["Cloak And Dagger"],"picked":"SKIP","floor":48.0},{"not_picked":[],"picked":"Envenom","floor":53.0},{"not_picked":[],"picked":"Underhanded Strike","floor":53.0},{"not_picked":["Flying Knee"],"picked":"SKIP","floor":53.0},{"not_picked":["Distraction"],"picked":"SKIP","floor":53.0},{"not_picked":["Malaise"],"picked":"SKIP","floor":53.0},{"not_picked":["hubris:Ssssneak"],"picked":"SKIP","floor":53.0},{"not_picked":["Apotheosis"],"picked":"SKIP","floor":53.0},{"not_picked":["Acrobatics"],"picked":"SKIP","floor":54.0}],"player_experience":709558,"relics_obtained":[{"floor":9.0,"key":"infinitespire:Lucky Rock"},{"floor":12.0,"key":"Bag of Preparation"},{"floor":26.0,"key":"hubris:SphereOfDissonance"},{"floor":27.0,"key":"Replay:Accelerometer"},{"floor":42.0,"key":"Centennial Puzzle"},{"floor":44.0,"key":"Replay:Baseball"},{"floor":53.0,"key":"Frozen Eye"},{"floor":53.0,"key":"hubris:TenFootPole"},{"floor":53.0,"key":"Whetstone"},{"floor":53.0,"key":"BargainBundle"},{"floor":53.0,"key":"Pet Ghost"},{"floor":53.0,"key":"Bottled Flame"},{"floor":54.0,"key":"Simple Rune"}],"event_choices":[{"damage_healed":73.0,"max_hp_gain":0.0,"max_hp_loss":73.0,"gold_gain":0.0,"event_name":"betterThird:BetterShining","player_choice":"Upgrade","floor":13.0,"gold_loss":0.0,"damage_taken":22.0,"cards_upgraded":["Backstab","Neutralize"]},{"damage_healed":0.0,"max_hp_gain":0.0,"max_hp_loss":0.0,"gold_gain":0.0,"event_name":"WeMeetAgain","player_choice":"Gave Potion","floor":20.0,"gold_loss":0.0,"damage_taken":0.0,"relics_obtained":["Bag of Marbles"]}],"is_beta":false,"boss_relics":[{"not_picked":["Replay:Fungal Core","Painkiller Herb"],"picked":"Busted Crown"},{"not_picked":["Honey Jar","Calling Bell"],"picked":"hubris:Backtick"}],"items_purged_floors":[],"is_endless":false,"potions_floor_spawned":[2,12,16,19,22,24,27,28,35,37,39,45,54],"ascension_level":15}}