{"host":"r4aerl4ckfvw1dw3","time":1611867570,"event":{"mods":["BaseMod","BetterRewards","Minty Spire (QoL Compilation)","Quick Restart","StSLib"],"gold_per_floor":[111,127,145,145,220,220,249,266,266,266,285,0,0,33,33,131,131,146,146,161,161,161,191,191,191,191,191,137,163,163,41,41,41,41],"floor_reached":33,"language":"ENG","playtime":2053,"items_purged":[],"score":408,"play_id":"fbdc9eb4-d2ac-4ec5-bb90-3e7469120321","local_time":"20210128125930","is_ascension_mode":true,"campfire_choices":[{"floor":6,"key":"RECALL"},{"data":"Metallicize","floor":10,"key":"SMITH"},{"floor":13,"key":"REST"},{"floor":15,"key":"REST"},{"floor":25,"key":"REST"},{"floor":30,"key":"REST"},{"floor":32,"key":"REST"}],"circlet_count":0,"master_deck":["Strike_R+1","Strike_R+1","Strike_R+1","Strike_R+1","Strike_R+1","Defend_R+1","Defend_R+1","Defend_R+1","Defend_R+1","Bash+1","Headbutt","Metallicize+1","Rage","Rampage","Headbutt","Flex","Barricade","Limit Break","CurseOfTheBell","Armaments","Thunderclap","Seeing Red+1","Shrug It Off","Disarm","Cleave+1","Double Tap","Entrench"],"relics":["Burning Blood","ClockworkSouvenir","Centennial Puzzle","Vajra","Mercury Hourglass","Calling Bell","Dream Catcher","Matryoshka","Shovel","Juzu Bracelet","Nunchaku","The Courier","Oddly Smooth Stone","Lantern"],"acts_visited":["Exordium","TheCity"],"potions_floor_usage":[20,23,33],"damage_taken":[{"damage":15,"enemies":"Jaw Worm","floor":1,"turns":4},{"damage":3,"enemies":"Small Slimes","floor":2,"turns":3},{"damage":1,"enemies":"2 Louse","floor":3,"turns":3},{"damage":11,"enemies":"3 Sentries","floor":7,"turns":11},{"damage":12,"enemies":"Blue Slaver","floor":8,"turns":3},{"damage":0,"enemies":"Looter","floor":11,"turns":3},{"damage":18,"enemies":"Gremlin Nob","floor":14,"turns":5},{"damage":47,"enemies":"The Guardian","floor":16,"turns":10},{"damage":8,"enemies":"Chosen","floor":18,"turns":4},{"damage":18,"enemies":"Spheric Guardian","floor":20,"turns":4},{"damage":54,"enemies":"Gremlin Leader","floor":23,"turns":8},{"damage":31,"enemies":"Book of Stabbing","floor":29,"turns":7},{"damage":110,"enemies":"Automaton","floor":33,"turns":12}],"seed_played":"-8334175122918737561","potions_obtained":[{"floor":3,"key":"EssenceOfSteel"},{"floor":7,"key":"Dexterity Potion"},{"floor":11,"key":"Swift Potion"},{"floor":20,"key":"Ancient Potion"},{"floor":29,"key":"ColorlessPotion"}],"is_trial":false,"path_per_floor":["M","M","M","?","?","R","E","M","T","R","M","$","R","E","R","B",null,"M","?","M","?","?","E","?","R","T","?","$","E","R","$","R","B"],"character_chosen":"IRONCLAD","items_purchased":["ClockworkSouvenir","Vajra","Barricade","Disarm","Lantern"],"campfire_rested":5,"item_purchase_floors":[0,12,12,28,31],"current_hp_per_floor":[71,74,79,63,52,52,47,41,41,41,47,47,71,59,80,39,80,78,78,66,66,71,23,23,47,47,47,47,22,46,46,70,0,0],"gold":41,"neow_bonus":"","is_daily":false,"chose_seed":false,"campfire_upgraded":1,"win_rate":0.0,"timestamp":1611867570,"path_taken":["M","M","M","?","?","R","E","M","T","R","M","$","R","E","R","BOSS","M","?","M","?","?","E","?","R","T","?","$","E","R","$","R","BOSS"],"items_purchased_type":["Relic","Relic","Card","Card","Relic"],"build_version":"2020-12-22","purchased_purges":0,"victory":false,"max_hp_per_floor":[80,80,80,80,80,80,80,80,80,80,80,80,80,80,80,80,80,80,80,80,80,80,80,80,80,80,80,80,80,80,80,80,80,80],"card_choices":[{"not_picked":["Dark Embrace","Blood for Blood"],"picked":"Headbutt","floor":1},{"not_picked":["Spot Weakness","Combust"],"picked":"Metallicize","floor":2},{"not_picked":["Armaments","Warcry"],"picked":"Rage","floor":3},{"not_picked":["Carnage","Clothesline"],"picked":"Rampage","floor":7},{"not_picked":["Havoc","Evolve"],"picked":"Headbutt","floor":8},{"not_picked":["Warcry","Anger"],"picked":"Flex","floor":11},{"not_picked":["Sword Boomerang","Carnage"],"picked":"Flex","floor":14},{"not_picked":["Immolate","Barricade"],"picked":"Limit Break","floor":16},{"not_picked":["Entrench","Flex"],"picked":"Armaments","floor":18},{"not_picked":["Flex","Shrug It Off"],"picked":"Thunderclap","floor":20},{"not_picked":["Fire Breathing+1","Burning Pact"],"picked":"Seeing Red+1","floor":23},{"not_picked":["Power Through","Fire Breathing+1"],"picked":"Shrug It Off","floor":25},{"not_picked":["Power Through","Feel No Pain"],"picked":"Cleave+1","floor":29},{"not_picked":["Reckless Charge","Cleave+1"],"picked":"Double Tap","floor":30},{"not_picked":["Anger","Cleave"],"picked":"Entrench","floor":32}],"player_experience":428729,"relics_obtained":[{"floor":7,"key":"Centennial Puzzle"},{"floor":14,"key":"Mercury Hourglass"},{"floor":17,"key":"Dream Catcher"},{"floor":17,"key":"Matryoshka"},{"floor":17,"key":"Shovel"},{"floor":23,"key":"Juzu Bracelet"},{"floor":26,"key":"Nunchaku"},{"floor":26,"key":"The Courier"},{"floor":29,"key":"Oddly Smooth Stone"}],"event_choices":[{"damage_healed":0,"gold_gain":0,"player_choice":"Entered Light","damage_taken":16,"max_hp_gain":0,"max_hp_loss":0,"event_name":"Shining Light","floor":4,"gold_loss":0,"cards_upgraded":["Bash","Defend_R"]},{"damage_healed":0,"gold_gain":75,"player_choice":"Gather Gold","damage_taken":11,"max_hp_gain":0,"max_hp_loss":0,"event_name":"World of Goop","floor":5,"gold_loss":0},{"damage_healed":0,"gold_gain":0,"player_choice":"Simplicity","damage_taken":0,"max_hp_gain":0,"max_hp_loss":0,"event_name":"Back to Basics","floor":19,"gold_loss":0,"cards_upgraded":["Strike_R","Strike_R","Strike_R","Strike_R","Strike_R","Defend_R","Defend_R","Defend_R"]},{"damage_healed":0,"gold_gain":0,"player_choice":"Ignored","damage_taken":0,"max_hp_gain":0,"max_hp_loss":0,"event_name":"Ghosts","floor":21,"gold_loss":0},{"cards_removed":["Flex"],"damage_healed":5,"gold_gain":0,"player_choice":"Offered Common","damage_taken":0,"max_hp_gain":0,"max_hp_loss":0,"event_name":"Bonfire Elementals","floor":22,"gold_loss":0},{"cards_removed":["Flex"],"damage_healed":5,"gold_gain":0,"player_choice":"Offered Special","damage_taken":0,"max_hp_gain":0,"max_hp_loss":0,"event_name":"Bonfire Elementals","floor":22,"gold_loss":0},{"damage_healed":0,"gold_gain":0,"player_choice":"Ignored","damage_taken":0,"max_hp_gain":0,"max_hp_loss":0,"event_name":"Beggar","floor":24,"gold_loss":0},{"damage_healed":0,"gold_gain":0,"player_choice":"Bought 0 Potions","damage_taken":0,"max_hp_gain":0,"max_hp_loss":0,"event_name":"The Woman in Blue","floor":27,"gold_loss":0}],"is_beta":false,"boss_relics":[{"not_picked":["Coffee Dripper","Empty Cage"],"picked":"Calling Bell"}],"items_purged_floors":[],"is_endless":false,"potions_floor_spawned":[3,7,11,14,16,20,29],"killed_by":"Automaton","ascension_level":1}}