{"host":"agbyy69nq62afhwx","time":1611856086,"event":{"mods":["BaseMod","Colored Map","DeckTracker","Highlight Path","Keyboard Shortcuts","Minty Spire (QoL Compilation)","Quick Restart","StSLib","SuperFastMode","everything is the same but u backflip on backflip"],"gold_per_floor":[118,118,128,53,53,53,78,78,127,162,162,179,179,194,194,271,271,284,284,304,304,304],"floor_reached":21,"language":"KOR","playtime":352,"items_purged":["Strike_P"],"score":413,"play_id":"d11b8ce0-720a-4e2f-8c51-8982b4b3812d","local_time":"20210129024806","is_ascension_mode":true,"campfire_choices":[{"data":"FlyingSleeves","floor":6.0,"key":"SMITH"},{"data":"Halt","floor":8.0,"key":"SMITH"},{"data":"FlurryOfBlows","floor":11.0,"key":"SMITH"},{"data":"Vigilance","floor":13.0,"key":"SMITH"},{"data":"FollowUp","floor":15.0,"key":"SMITH"}],"circlet_count":0,"master_deck":["AscendersBane","Strike_P","Strike_P","Strike_P","Defend_P","Defend_P","Defend_P","Defend_P","Eruption+1","Vigilance+1","FlyingSleeves+1","Halt+1","ReachHeaven","FlurryOfBlows+1","Perseverance+1","FollowUp+1","Alpha+1","CurseOfTheBell","Evaluate+1","Writhe","EmptyBody+1"],"relics":["PureWater","NeowsBlessing","Happy Flower","PreservedInsect","Toxic Egg 2","Calling Bell","Ancient Tea Set","TeardropLocket","Du-Vu Doll","Regal Pillow"],"acts_visited":["Exordium","TheCity"],"potions_floor_usage":[21],"damage_taken":[{"damage":0.0,"enemies":"2 Louse","floor":1.0,"turns":1.0},{"damage":0.0,"enemies":"Cultist","floor":3.0,"turns":1.0},{"damage":0.0,"enemies":"Gremlin Nob","floor":7.0,"turns":1.0},{"damage":12.0,"enemies":"Lagavulin","floor":10.0,"turns":3.0},{"damage":7.0,"enemies":"Small Slimes","floor":12.0,"turns":3.0},{"damage":2.0,"enemies":"3 Louse","floor":14.0,"turns":4.0},{"damage":15.0,"enemies":"Hexaghost","floor":16.0,"turns":5.0},{"damage":17,"enemies":"Chosen","floor":18,"turns":5},{"damage":26,"enemies":"Shell Parasite","floor":20,"turns":3},{"damage":0,"enemies":"Snake Plant","floor":21,"turns":2}],"seed_played":"410070545706864722","potions_obtained":[{"floor":1.0,"key":"LiquidBronze"},{"floor":7.0,"key":"Swift Potion"},{"floor":12.0,"key":"AttackPotion"},{"floor":14.0,"key":"DistilledChaos"},{"floor":20,"key":"DistilledChaos"}],"is_trial":false,"path_per_floor":["M","?","M","$","?","R","E","R","T","E","R","M","R","M","R","B",null,"M","?","M","M"],"character_chosen":"WATCHER","items_purchased":[],"campfire_rested":0,"item_purchase_floors":[],"current_hp_per_floor":[61,61,61,61,61,61,61,61,61,49,49,42,42,40,40,25,57,40,40,14,14,14],"gold":304,"neow_bonus":"THREE_ENEMY_KILL","is_daily":false,"chose_seed":false,"campfire_upgraded":5,"win_rate":0.0,"timestamp":1611856086,"path_taken":["M","?","?","?","?","R","E","R","T","E","R","M","R","M","R","BOSS","M","?","M","M"],"items_purchased_type":[],"build_version":"2020-12-22","purchased_purges":1,"victory":false,"max_hp_per_floor":[68,68,68,68,68,68,68,68,68,68,68,68,68,68,68,68,68,68,68,68,68,68],"card_choices":[{"not_picked":["SandsOfTime","EmptyMind"],"picked":"FlyingSleeves","floor":1.0},{"not_picked":["ThirdEye","ClearTheMind"],"picked":"Halt","floor":3.0},{"not_picked":["Protect","BowlingBash"],"picked":"ReachHeaven","floor":7.0},{"not_picked":["JustLucky","PathToVictory+1"],"picked":"FlurryOfBlows","floor":10.0},{"not_picked":["CrushJoints","Halt+1"],"picked":"Perseverance+1","floor":12.0},{"not_picked":["ReachHeaven","Conclude"],"picked":"FollowUp","floor":14.0},{"not_picked":["ConjureBlade+1","Brilliance"],"picked":"Alpha+1","floor":16.0},{"not_picked":["SignatureMove","TalkToTheHand+1"],"picked":"Evaluate+1","floor":18},{"not_picked":["BowlingBash","Halt+1"],"picked":"EmptyBody+1","floor":20}],"player_experience":492545,"relics_obtained":[{"floor":7.0,"key":"Happy Flower"},{"floor":9.0,"key":"PreservedInsect"},{"floor":10.0,"key":"Toxic Egg 2"},{"floor":17.0,"key":"Ancient Tea Set"},{"floor":17.0,"key":"TeardropLocket"},{"floor":17.0,"key":"Du-Vu Doll"}],"event_choices":[{"damage_healed":0.0,"max_hp_gain":0.0,"max_hp_loss":0.0,"gold_gain":0.0,"event_name":"Accursed Blacksmith","player_choice":"Forge","floor":2.0,"gold_loss":0.0,"damage_taken":0.0,"cards_upgraded":["Eruption"]},{"damage_healed":0.0,"max_hp_gain":0.0,"max_hp_loss":0.0,"gold_gain":0.0,"event_name":"Shining Light","player_choice":"Ignored","floor":5.0,"gold_loss":0.0,"damage_taken":0.0},{"damage_healed":0,"gold_gain":0,"player_choice":"Opened","damage_taken":0,"relics_obtained":["Regal Pillow"],"max_hp_gain":0,"max_hp_loss":0,"event_name":"The Mausoleum","floor":19,"gold_loss":0,"cards_obtained":["Writhe"]}],"is_beta":false,"boss_relics":[{"not_picked":["Velvet Choker","Black Star"],"picked":"Calling Bell"}],"items_purged_floors":[4],"is_endless":false,"potions_floor_spawned":[1,7,12,14,20],"killed_by":"Snake Plant","ascension_level":19}}