{"host":"h2977v3ax51ohsow","time":1611814611,"event":{"mods":["Act Like it!","BaseMod","Colored Powertips","Koishi","Marisa£®ÏF”Í°°ƒß¿Ì…≥£©","Minty Spire (QoL Compilation)","Remilia£®¿Ÿ√◊¿Ú—«£©","StSLib","The Bug Knight","The Servant 0.9.4","Yakumo Yukari mod"],"gold_per_floor":[135,60,77,88,99,134,134,134,158,173,248,267,267,287,287,391,391,411,428,448,448,465,465,564,34,81,111,130,157,10,10,10,10,10],"floor_reached":33,"language":"ZHS","playtime":4529,"items_purged":["AT_purpleEX"],"score":314,"play_id":"284ad3d5-dc45-4385-9105-55c57b83e277","local_time":"20210128141651","is_ascension_mode":false,"campfire_choices":[{"floor":8.0,"key":"REST"},{"data":"WorldDissolvedintheRealm_purple","floor":15.0,"key":"SMITH"},{"data":"ProofOfUnderstanding_purple","floor":23.0,"key":"SMITH"},{"floor":32,"key":"REST"}],"circlet_count":0,"master_deck":["AT_purpleEX+1","AT_purpleEX","Defend_purpleEX","Defend_purpleEX","Defend_purpleEX","Observe_purple_1","Observe_purple_2","StateErode_purple+1","OmniscientAndOmnipotent_Monster_purple","OmniscientAndOmnipotent_Monster_purple","StateErode_purple","WorldDissolvedintheRealm_purple+1","CommonSense_AntiCommonSense_purple","Boundary_DynamicStaticEquilibrium_purple","WangLiang_OokamiKakushi_purple","StateErode_purple+1","StretchesForeverDream_purple","ProofOfUnderstanding_purple+1","UniverseChoice_purple","Mirror_FourBoundary_purple","Boundary_of_Extermination_purpleEX","PurpleNeedle_purple","ContainerChange_purple","OmniscientAndOmnipotent_Monster_purple","Photoelasticity_Doppler_Effect_purple+1","Charmbait_purple","Boundary_LifeAndDeath_purple","Boundary_DreamRealityDamnation_purple+1","DimensionStaggered_purple","Mirror_TwoAndThreeElementRealm_purple","Bite"],"relics":["Boundary_crack","Memoryfragments_purpleEX","NlothsMask","Oddly Smooth Stone","Matryoshka","SacredBark","HollowMod:StagPassRelic","Dream Catcher","Blood Vial","Gambling Chip","Centennial Puzzle","Orrery"],"acts_visited":["Exordium","TheCity"],"potions_floor_usage":[29,33],"damage_taken":[{"damage":2.0,"enemies":"Small Slimes","floor":1.0,"turns":4.0},{"damage":1.0,"enemies":"Cultist","floor":3.0,"turns":3.0},{"damage":3.0,"enemies":"Jaw Worm","floor":4.0,"turns":3.0},{"damage":11.0,"enemies":"2 Fungi Beasts","floor":5.0,"turns":4.0},{"damage":29.0,"enemies":"Gremlin Nob","floor":6.0,"turns":3.0},{"damage":2.0,"enemies":"Blue Slaver","floor":10.0,"turns":2.0},{"damage":0.0,"enemies":"Looter","floor":12.0,"turns":2.0},{"damage":5.0,"enemies":"2 Fungi Beasts","floor":14.0,"turns":3.0},{"damage":18.0,"enemies":"Hexaghost","floor":16.0,"turns":7.0},{"damage":0.0,"enemies":"Spheric Guardian","floor":18.0,"turns":3.0},{"damage":0.0,"enemies":"3 Byrds","floor":19.0,"turns":3.0},{"damage":0.0,"enemies":"Sentry and Sphere","floor":20.0,"turns":2.0},{"damage":24.0,"enemies":"Centurion and Healer","floor":22.0,"turns":6.0},{"damage":37.0,"enemies":"Gremlin Leader","floor":27.0,"turns":4.0},{"damage":16,"enemies":"Snecko","floor":28,"turns":4},{"damage":10,"enemies":"Book of Stabbing","floor":29,"turns":2},{"damage":76,"enemies":"Automaton","floor":33,"turns":6}],"seed_played":"-8881363634012651577","potions_obtained":[{"floor":5.0,"key":"Ancient Potion"},{"floor":10.0,"key":"Swift Potion"},{"floor":14.0,"key":"Energy Potion"},{"floor":16.0,"key":"Dexterity Potion"},{"floor":22.0,"key":"SkillPotion"},{"floor":29,"key":"Weak Potion"}],"is_trial":false,"path_per_floor":["M","?","M","M","M","E","?","R","T","M","?","M","T","M","R","B",null,"M","M","M","?","M","R","?","$","T","E","M","E","$","?","R","B"],"character_chosen":"Youkari","items_purchased":["HollowMod:StagPassRelic","Boundary_of_Extermination_purpleEX","PurpleNeedle_purple","Boundary_LightAndDark_purple","Orrery"],"campfire_rested":2,"item_purchase_floors":[25,25,25,25,30],"current_hp_per_floor":[77,77,77,75,65,36,21,44,44,43,32,33,33,30,30,17,77,77,77,77,77,58,58,58,58,58,25,13,6,6,6,29,0,0],"gold":10,"neow_bonus":"TEN_PERCENT_HP_BONUS","is_daily":false,"chose_seed":false,"campfire_upgraded":2,"win_rate":0.0,"timestamp":1611814611,"path_taken":["M","?","M","?","M","E","?","R","T","M","?","M","?","M","R","BOSS","M","M","M","?","M","R","?","$","T","E","M","E","?","?","R","BOSS"],"items_purchased_type":["Relic","Card","Card","Card","Relic"],"build_version":"2020-12-22","purchased_purges":1,"victory":false,"max_hp_per_floor":[77,77,77,77,77,77,77,77,77,77,77,77,77,77,77,77,77,77,77,77,77,77,77,77,77,77,77,77,77,77,77,77,77,77],"card_choices":[{"not_picked":["Umbrella_purple","RuleDissolution_purple"],"picked":"StateErode_purple","floor":1.0},{"not_picked":["Shallow_ocean_purpleEX","MeetDecomposer_purple"],"picked":"OmniscientAndOmnipotent_Monster_purple","floor":3.0},{"not_picked":["Boundary_ObjectiveBoundary_purple","Shallow_ocean_purpleEX"],"picked":"OmniscientAndOmnipotent_Monster_purple","floor":4.0},{"not_picked":["Worldmountain_purple","Line_surface_state_purple"],"picked":"StateErode_purple","floor":5.0},{"not_picked":["RuptureOfTimeAndSpace_purple","Umbrella_purple","Realm_recovery_purpleEX"],"picked":"SKIP","floor":6.0},{"not_picked":["Umbrella_purple","Nest_LightFlightworm_purple"],"picked":"WorldDissolvedintheRealm_purple","floor":10.0},{"not_picked":["StateDuplicate_purple","Boundary_LifeAndDeath_purple"],"picked":"CommonSense_AntiCommonSense_purple","floor":12.0},{"not_picked":["Boundary_LightAndDark_purple","ExistenceContinue_purple"],"picked":"Boundary_DynamicStaticEquilibrium_purple","floor":14.0},{"not_picked":["BarrageBoundary_PipeDream_purple","Price_of_realm_purpleEX"],"picked":"WangLiang_OokamiKakushi_purple","floor":16.0},{"not_picked":["DimensionStaggered_purple","WingOfChimera_purple"],"picked":"StateErode_purple+1","floor":18.0},{"not_picked":["Anti_communist_purple+1","StateDuplicate_purple"],"picked":"StretchesForeverDream_purple","floor":19.0},{"not_picked":["Mirror_Drifter_purple","RuptureOfTimeAndSpace_purple","StateErode_purple"],"picked":"SKIP","floor":20.0},{"not_picked":["ExistenceContinue_purple","StateDuplicate_purple"],"picked":"Mirror_FourBoundary_purple","floor":22.0},{"not_picked":["Fantasy_PerpetualMotionMachine_purple","MeetDecomposer_purple"],"picked":"ContainerChange_purple","floor":27.0},{"not_picked":["Realm_recovery_purpleEX","Boundary_ObjectiveBoundary_purple"],"picked":"OmniscientAndOmnipotent_Monster_purple","floor":28},{"not_picked":["Realm_recovery_purpleEX","StateDuplicate_purple"],"picked":"Photoelasticity_Doppler_Effect_purple+1","floor":29},{"not_picked":["SfantasyHide_purple","AdvanceAttack_purple"],"picked":"Charmbait_purple","floor":30},{"not_picked":["ButterflyHabitatTemple_purple","SfantasyHide_purple"],"picked":"Boundary_LifeAndDeath_purple","floor":30},{"not_picked":["WeekHit_purple","OpenedBox_purple"],"picked":"Boundary_DreamRealityDamnation_purple+1","floor":30},{"not_picked":["StateDuplicate_purple+1","Mirror_FourBoundary_purple"],"picked":"DimensionStaggered_purple","floor":30},{"not_picked":["Realm_recovery_purpleEX","SfantasyHide_purple"],"picked":"Mirror_TwoAndThreeElementRealm_purple","floor":30}],"player_experience":102374,"relics_obtained":[{"floor":6.0,"key":"Oddly Smooth Stone"},{"floor":13.0,"key":"Matryoshka"},{"floor":26.0,"key":"Dream Catcher"},{"floor":26.0,"key":"Blood Vial"},{"floor":27.0,"key":"Gambling Chip"},{"floor":29,"key":"Centennial Puzzle"}],"event_choices":[{"damage_healed":0.0,"max_hp_gain":0.0,"max_hp_loss":0.0,"gold_gain":0.0,"event_name":"FaceTrader","player_choice":"Trade","floor":2.0,"gold_loss":0.0,"damage_taken":0.0,"relics_obtained":["NlothsMask"]},{"damage_healed":0.0,"max_hp_gain":0.0,"max_hp_loss":0.0,"gold_gain":0.0,"event_name":"Shining Light","player_choice":"Entered Light","floor":7.0,"gold_loss":0.0,"damage_taken":15.0,"cards_upgraded":["StateErode_purple","AT_purpleEX"]},{"damage_healed":0.0,"max_hp_gain":0.0,"max_hp_loss":0.0,"gold_gain":75.0,"event_name":"World of Goop","player_choice":"Gather Gold","floor":11.0,"gold_loss":0.0,"damage_taken":11.0},{"damage_healed":0.0,"max_hp_gain":0.0,"max_hp_loss":0.0,"gold_gain":0.0,"cards_transformed":["Defend_purpleEX","AT_purpleEX"],"event_name":"Drug Dealer","player_choice":"Became Test Subject","floor":21.0,"gold_loss":0.0,"damage_taken":0.0,"cards_obtained":["ProofOfUnderstanding_purple","UniverseChoice_purple"]},{"damage_healed":0.0,"max_hp_gain":0.0,"max_hp_loss":0.0,"gold_gain":99.0,"event_name":"Nest","player_choice":"Stole From Cult","floor":24.0,"gold_loss":0.0,"damage_taken":0.0},{"cards_removed":["Boundary_LightAndDark_purple"],"damage_healed":0,"gold_gain":0,"player_choice":"Took Card","damage_taken":0,"max_hp_gain":0,"max_hp_loss":0,"event_name":"NoteForYourself","floor":31,"gold_loss":0,"cards_obtained":["Bite"]}],"is_beta":false,"boss_relics":[{"not_picked":["Sozu","Coffee Dripper"],"picked":"SacredBark"}],"items_purged_floors":[25],"is_endless":false,"potions_floor_spawned":[5,10,14,16,19,22,29],"killed_by":"Automaton","ascension_level":0}}