{"host":"sc0o2qwpf9j16a4i","time":1611831956,"event":{"mods":["AchievementEnabler","BaseMod","BetterRewards","Block Reminder","Colored Map","Colored Powertips","Custom Start","Highlight Path","Minty Spire (QoL Compilation)","Relic Stats"],"gold_per_floor":[109,109,184,201,220,255,255,265,290,290,323,342,360,392,392,490,490,508,527,527,442,455,455,482,482,507,517,542,574,574,588,588,684,684,694,714,12,28,43,77,77,104,127,153,172,172,188,37,37,37],"floor_reached":51,"language":"ENG","playtime":2055,"items_purged":["Feed"],"score":1164,"play_id":"89cf2452-9ae2-4dd4-a1b3-0d807f05af10","local_time":"20210128130556","daily_mods":["Insanity","ControlledChaos","DeadlyEvents"],"is_ascension_mode":false,"campfire_choices":[{"data":"Armaments","floor":7.0,"key":"SMITH"},{"data":"Battle Trance","floor":15.0,"key":"SMITH"},{"data":"True Grit","floor":23.0,"key":"SMITH"},{"data":"Pommel Strike","floor":25.0,"key":"SMITH"},{"floor":30.0,"key":"REST"},{"floor":32.0,"key":"REST"},{"floor":41,"key":"REST"},{"floor":49,"key":"REST"}],"circlet_count":0,"master_deck":["Cleave","Heavy Blade","Anger","Body Slam","Wild Strike","Flex","Sword Boomerang","Twin Strike","Thunderclap","Flex","Perfected Strike","Warcry","Pommel Strike","Clash","Intimidate","Thunderclap","Body Slam","Carnage","Clothesline","Thunderclap","Twin Strike","Anger","Rampage+1","Armaments+1","Power Through","Anger","True Grit","Infernal Blade","Shrug It Off","Heavy Blade","Reckless Charge","Blood for Blood","Dark Embrace","Clothesline","Cleave","Shrug It Off","Heavy Blade","Thunderclap+1","Shrug It Off","Warcry","True Grit+1","Hemokinesis","Carnage","Body Slam","Iron Wave","Shrug It Off","Second Wind","Clothesline","Clothesline","Pommel Strike","Spot Weakness","Pommel Strike+1","Shockwave","Battle Trance+1","Flex","Flex","Cleave","True Grit","Heavy Blade+1","Dual Wield+1","Warcry","True Grit+1","Twin Strike","Intimidate","Evolve","Sword Boomerang","Discovery","Dark Embrace+1","Body Slam+1","Shockwave","Sword Boomerang+1","Feel No Pain","Writhe","Uppercut","Headbutt","Twin Strike","Headbutt","Cleave","Anger"],"relics":["Burning Blood","Frozen Eye","Self Forming Clay","Ancient Tea Set","Omamori","StrikeDummy","Mark of Pain","HornCleat","Boot","Bottled Flame","Smiling Mask","Potion Belt","Akabeko","Cursed Key","OrangePellets","Vajra","Letter Opener","Nunchaku","Strawberry","Bottled Tornado","Lizard Tail","Orrery"],"acts_visited":["Exordium","TheCity","TheBeyond"],"potions_floor_usage":[50,50,50,50,50],"damage_taken":[{"damage":0.0,"enemies":"Cultist","floor":1.0,"turns":2.0},{"damage":0.0,"enemies":"Jaw Worm","floor":4.0,"turns":2.0},{"damage":0.0,"enemies":"2 Louse","floor":5.0,"turns":2.0},{"damage":10.0,"enemies":"Gremlin Nob","floor":6.0,"turns":3.0},{"damage":0.0,"enemies":"Lots of Slimes","floor":8.0,"turns":1.0},{"damage":18.0,"enemies":"Lagavulin","floor":11.0,"turns":4.0},{"damage":13.0,"enemies":"Red Slaver","floor":12.0,"turns":2.0},{"damage":12.0,"enemies":"Blue Slaver","floor":13.0,"turns":3.0},{"damage":7.0,"enemies":"3 Sentries","floor":14.0,"turns":4.0},{"damage":14.0,"enemies":"Slime Boss","floor":16.0,"turns":8.0},{"damage":5.0,"enemies":"Shell Parasite","floor":18.0,"turns":5.0},{"damage":0.0,"enemies":"Spheric Guardian","floor":19.0,"turns":1.0},{"damage":0.0,"enemies":"Snecko","floor":22.0,"turns":3.0},{"damage":19.0,"enemies":"Slavers","floor":24.0,"turns":5.0},{"damage":15.0,"enemies":"Snake Plant","floor":27.0,"turns":2.0},{"damage":28.0,"enemies":"Book of Stabbing","floor":28.0,"turns":6.0},{"damage":25.0,"enemies":"Slavers","floor":29.0,"turns":10.0},{"damage":6.0,"enemies":"Shelled Parasite and Fungi","floor":31.0,"turns":3.0},{"damage":47.0,"enemies":"Champ","floor":33.0,"turns":12.0},{"damage":14.0,"enemies":"3 Shapes","floor":35.0,"turns":3.0},{"damage":4.0,"enemies":"3 Darklings","floor":36.0,"turns":5.0},{"damage":1.0,"enemies":"Jaw Worm Horde","floor":38.0,"turns":3.0},{"damage":0.0,"enemies":"Sphere and 2 Shapes","floor":39.0,"turns":3.0},{"damage":31,"enemies":"Reptomancer","floor":40,"turns":4},{"damage":23,"enemies":"Giant Head","floor":44,"turns":7},{"damage":29,"enemies":"Writhing Mass","floor":45,"turns":5},{"damage":7,"enemies":"3 Darklings","floor":47,"turns":3},{"damage":45,"enemies":"Time Eater","floor":50,"turns":8}],"seed_played":"-9081021038318302695","potions_obtained":[{"floor":11.0,"key":"Block Potion"},{"floor":12.0,"key":"GamblersBrew"},{"floor":13.0,"key":"Explosive Potion"},{"floor":24.0,"key":"PowerPotion"},{"floor":28.0,"key":"AttackPotion"},{"floor":29.0,"key":"Weak Potion"},{"floor":33.0,"key":"Energy Potion"},{"floor":38.0,"key":"PowerPotion"}],"is_trial":true,"path_per_floor":["M","?","?","M","M","E","R","M","T","?","E","M","M","E","R","B",null,"M","M","T","?","M","R","E","R","T","M","E","E","R","M","R","B",null,"M","M","$","M","M","E","R","T","T","E","M","T","M","$","R","B",null],"character_chosen":"IRONCLAD","items_purchased":["OrangePellets","Vajra","Evolve","Sword Boomerang","Discovery","ColorlessPotion","BlessingOfTheForge","GamblersBrew","Orrery"],"campfire_rested":4,"item_purchase_floors":[37,37,37,37,37,37,37,37,48],"current_hp_per_floor":[80,64,53,59,65,61,61,67,67,67,55,48,42,41,41,36,83,83,83,83,83,86,86,73,73,73,64,45,29,56,59,87,46,95,87,89,89,94,95,70,95,95,102,85,62,62,61,61,91,52],"gold":37,"neow_bonus":"","is_daily":false,"chose_seed":false,"campfire_upgraded":4,"win_rate":0.0,"timestamp":1611831956,"path_taken":["M","?","?","M","M","E","R","M","T","?","?","M","M","E","R","BOSS","M","M","?","?","M","R","E","R","T","?","?","E","R","M","R","BOSS","M","?","$","M","M","E","R","?","T","E","M","?","?","$","R","BOSS"],"items_purchased_type":["Relic","Relic","Card","Card","Card","Potion","Potion","Potion","Relic"],"build_version":"2020-12-22","purchased_purges":1,"victory":true,"max_hp_per_floor":[80,80,80,80,80,80,80,80,80,80,80,80,80,80,80,83,83,83,83,83,83,86,86,86,86,86,86,89,92,92,95,95,95,95,95,95,95,95,95,95,95,95,102,102,102,102,102,102,102,102],"relic_stats":{"OrangePellets":[3],"Nunchaku":[5],"Lizard Tail":0,"counters":[28,119],"Self Forming Clay":[174],"Letter Opener":[37],"Boot":[42],"Smiling Mask":25,"Cursed Key":3,"obtain_stats":[{"Potion Belt":28,"Self Forming Clay":6,"Vajra":37,"Omamori":11,"Letter Opener":40,"Bottled Tornado":44,"Ancient Tea Set":9,"Boot":21,"Smiling Mask":26,"Cursed Key":34,"Burning Blood":0,"Akabeko":29,"Frozen Eye":0,"OrangePellets":37,"Bottled Flame":24,"Nunchaku":42,"Lizard Tail":46,"HornCleat":20,"Strawberry":43,"Orrery":48,"Mark of Pain":17,"StrikeDummy":14},{"Potion Belt":16,"Self Forming Clay":4,"Vajra":21,"Omamori":6,"Letter Opener":24,"Bottled Tornado":25,"Ancient Tea Set":5,"Boot":12,"Smiling Mask":14,"Cursed Key":19,"Burning Blood":0,"Akabeko":17,"Frozen Eye":0,"OrangePellets":21,"Bottled Flame":14,"Nunchaku":24,"Lizard Tail":26,"HornCleat":12,"Strawberry":24,"Orrery":27,"Mark of Pain":10,"StrikeDummy":9},{"Potion Belt":53,"Self Forming Clay":9,"Vajra":86,"Omamori":14,"Letter Opener":96,"Bottled Tornado":103,"Ancient Tea Set":10,"Boot":37,"Smiling Mask":45,"Cursed Key":78,"Burning Blood":0,"Akabeko":63,"Frozen Eye":0,"OrangePellets":86,"Bottled Flame":45,"Nunchaku":96,"Lizard Tail":108,"HornCleat":37,"Strawberry":96,"Orrery":111,"Mark of Pain":31,"StrikeDummy":23}],"Burning Blood":144},"card_choices":[{"not_picked":["Sword Boomerang","Clothesline"],"picked":"Spot Weakness","floor":1.0},{"not_picked":["Clothesline","True Grit","Armaments"],"picked":"SKIP","floor":4.0},{"not_picked":["Armaments","Havoc","Rupture"],"picked":"SKIP","floor":5.0},{"not_picked":["Impervious","Wild Strike"],"picked":"Pommel Strike","floor":6.0},{"not_picked":["Cleave","Rupture"],"picked":"Shockwave","floor":8.0},{"not_picked":["Havoc","Rampage"],"picked":"Battle Trance","floor":11.0},{"not_picked":["Shrug It Off","Sword Boomerang"],"picked":"Flex","floor":12.0},{"not_picked":["Intimidate","Havoc"],"picked":"Flex","floor":13.0},{"not_picked":["Rupture","Havoc"],"picked":"Feed","floor":14.0},{"not_picked":["Infernal Blade+1","Armaments"],"picked":"Cleave","floor":18.0},{"not_picked":["Bloodletting","Iron Wave"],"picked":"True Grit","floor":19.0},{"not_picked":["Flex","Intimidate"],"picked":"Heavy Blade+1","floor":22.0},{"not_picked":["Clash","Hemokinesis+1","Dropkick"],"picked":"SKIP","floor":24.0},{"not_picked":["Clothesline","Cleave"],"picked":"Dual Wield+1","floor":27.0},{"not_picked":["Searing Blow","Headbutt+1","Sentinel"],"picked":"SKIP","floor":28.0},{"not_picked":["Hemokinesis","Metallicize"],"picked":"Warcry","floor":29.0},{"not_picked":["Pummel","Flex"],"picked":"True Grit+1","floor":31.0},{"not_picked":["Havoc","Rampage"],"picked":"Twin Strike","floor":35.0},{"not_picked":["Rampage+1","Entrench+1"],"picked":"Intimidate","floor":36.0},{"not_picked":["Heavy Blade","Shrug It Off"],"picked":"Dark Embrace+1","floor":38.0},{"not_picked":["Clash+1","Headbutt"],"picked":"Body Slam+1","floor":39},{"not_picked":["Reckless Charge+1","Havoc+1"],"picked":"Shockwave","floor":40},{"not_picked":["Iron Wave+1","Shrug It Off"],"picked":"Sword Boomerang+1","floor":44},{"not_picked":["Armaments","Seeing Red+1"],"picked":"Feel No Pain","floor":45},{"not_picked":["Thunderclap","True Grit+1"],"picked":"Uppercut","floor":47},{"not_picked":["Heavy Blade","Immolate"],"picked":"Headbutt","floor":48},{"not_picked":["Clothesline+1","Clash"],"picked":"Twin Strike","floor":48},{"not_picked":["Armaments","Searing Blow"],"picked":"Headbutt","floor":48},{"not_picked":["Immolate","Rupture"],"picked":"Cleave","floor":48},{"not_picked":["Dark Embrace+1","Twin Strike+1"],"picked":"Anger","floor":48}],"player_experience":1010525,"relics_obtained":[{"floor":6.0,"key":"Self Forming Clay"},{"floor":9.0,"key":"Ancient Tea Set"},{"floor":11.0,"key":"Omamori"},{"floor":14.0,"key":"StrikeDummy"},{"floor":20.0,"key":"HornCleat"},{"floor":24.0,"key":"Bottled Flame"},{"floor":26.0,"key":"Smiling Mask"},{"floor":28.0,"key":"Potion Belt"},{"floor":29.0,"key":"Akabeko"},{"floor":40,"key":"Letter Opener"},{"floor":42,"key":"Nunchaku"},{"floor":43,"key":"Strawberry"},{"floor":44,"key":"Bottled Tornado"},{"floor":46,"key":"Lizard Tail"}],"event_choices":[{"damage_healed":0.0,"max_hp_gain":0.0,"max_hp_loss":0.0,"gold_gain":0.0,"event_name":"Shining Light","player_choice":"Entered Light","floor":2.0,"gold_loss":0.0,"damage_taken":16.0,"cards_upgraded":["Thunderclap","Rampage"]},{"damage_healed":0.0,"max_hp_gain":0.0,"max_hp_loss":0.0,"gold_gain":75.0,"event_name":"World of Goop","player_choice":"Gather Gold","floor":3.0,"gold_loss":0.0,"damage_taken":11.0},{"damage_healed":0.0,"max_hp_gain":0.0,"max_hp_loss":0.0,"gold_gain":0.0,"event_name":"The Cleric","player_choice":"Leave","floor":10.0,"gold_loss":0.0,"damage_taken":0.0},{"damage_healed":0.0,"max_hp_gain":0.0,"max_hp_loss":0.0,"gold_gain":0.0,"event_name":"Addict","player_choice":"Obtained Relic","floor":21.0,"gold_loss":85.0,"damage_taken":0.0,"relics_obtained":["Boot"]}],"is_beta":false,"boss_relics":[{"not_picked":["SlaversCollar","Runic Cube"],"picked":"Mark of Pain"},{"not_picked":["Coffee Dripper","Calling Bell"],"picked":"Cursed Key"}],"items_purged_floors":[37],"is_endless":false,"potions_floor_spawned":[11,12,13,24,28,29,33,38,40,45,47],"ascension_level":0}}