{"host":"9qk11wtevf51xvhl","time":1611865140,"event":{"mods":["BaseMod","Minty Spire (QoL Compilation)"],"gold_per_floor":[109,125,125,140,90,120,120,152,204,55,90,90,15,48,48,148,148,159,159,170,180,190,221,221,249,249,249,282,131,142,177,177,273,273,293,303,303,303,603,629,51,77,102,137,154,179,179,29,29,29],"floor_reached":51,"language":"ENG","playtime":4526,"items_purged":["Strike_R","Flex","Strike_R","Strike_R"],"score":1549,"play_id":"d2c79c03-02f5-4226-bc36-21ce5f50a9b1","local_time":"20210128211900","is_ascension_mode":true,"campfire_choices":[{"data":"Fire Breathing","floor":7,"key":"SMITH"},{"data":"Metallicize","floor":12,"key":"SMITH"},{"data":"Demon Form","floor":15,"key":"SMITH"},{"data":"Barricade","floor":24,"key":"SMITH"},{"data":"Shockwave","floor":27,"key":"SMITH"},{"data":"Entrench","floor":32,"key":"SMITH"},{"data":"Feel No Pain","floor":47,"key":"SMITH"},{"data":"Infernal Blade","floor":49,"key":"SMITH"}],"circlet_count":0,"master_deck":["AscendersBane","Defend_R","Defend_R","Defend_R","Defend_R","Bash","Demon Form+1","Infernal Blade+1","Fire Breathing+1","Reckless Charge","Feel No Pain+1","Metallicize+1","Dropkick","Barricade+1","Shrug It Off+1","Fire Breathing+1","True Grit+1","Shockwave+1","Entrench+1","Shrug It Off+1","Immolate+1","Entrench+1","Warcry+1","Reaper+1","Warcry+1","Body Slam+1"],"relics":["Black Blood","Mummified Hand","Red Skull","Vajra","Anchor","Calipers","Bird Faced Urn","Mark of Pain","MealTicket","Bag of Marbles","Molten Egg 2","InkBottle","Art of War","Mango","Ice Cream","Frozen Eye","Bag of Preparation","Bronze Scales","Orichalcum","Gambling Chip"],"acts_visited":["Exordium","TheCity","TheBeyond"],"potions_floor_usage":[6,8,21,28,31,50],"damage_taken":[{"damage":13,"enemies":"Cultist","floor":1,"turns":6},{"damage":2,"enemies":"Jaw Worm","floor":2,"turns":3},{"damage":13,"enemies":"Small Slimes","floor":4,"turns":4},{"damage":35,"enemies":"3 Sentries","floor":6,"turns":6},{"damage":20,"enemies":"Lagavulin","floor":8,"turns":7},{"damage":0,"enemies":"3 Sentries","floor":11,"turns":4},{"damage":11,"enemies":"Lagavulin","floor":14,"turns":7},{"damage":20,"enemies":"Hexaghost","floor":16,"turns":8},{"damage":12,"enemies":"Shell Parasite","floor":18,"turns":5},{"damage":12,"enemies":"Spheric Guardian","floor":20,"turns":5},{"damage":14,"enemies":"Snecko","floor":21,"turns":7},{"damage":0,"enemies":"Cultist and Chosen","floor":22,"turns":5},{"damage":7,"enemies":"Slavers","floor":23,"turns":5},{"damage":17,"enemies":"Book of Stabbing","floor":25,"turns":5},{"damage":13,"enemies":"Slavers","floor":28,"turns":4},{"damage":0,"enemies":"3 Cultists","floor":30,"turns":5},{"damage":36,"enemies":"Gremlin Leader","floor":31,"turns":8},{"damage":3,"enemies":"Champ","floor":33,"turns":9},{"damage":2,"enemies":"3 Shapes","floor":35,"turns":3},{"damage":0,"enemies":"Orb Walker","floor":36,"turns":3},{"damage":7,"enemies":"Nemesis","floor":40,"turns":9},{"damage":0,"enemies":"Reptomancer","floor":42,"turns":6},{"damage":0,"enemies":"Giant Head","floor":44,"turns":8},{"damage":0,"enemies":"4 Shapes","floor":45,"turns":3},{"damage":12,"enemies":"Nemesis","floor":46,"turns":7},{"damage":0,"enemies":"Time Eater","floor":50,"turns":9}],"seed_played":"-2581840417074143015","potions_obtained":[{"floor":2,"key":"Fire Potion"},{"floor":6,"key":"EntropicBrew"},{"floor":8,"key":"BloodPotion"},{"floor":11,"key":"ElixirPotion"},{"floor":21,"key":"Regen Potion"},{"floor":31,"key":"EssenceOfSteel"},{"floor":46,"key":"Energy Potion"}],"is_trial":false,"path_per_floor":["M","M","?","M","?","E","R","E","T","$","E","R","$","E","R","B",null,"M","?","M","M","M","E","R","E","T","R","E","$","M","E","R","B",null,"M","M","?","?","?","E","$","E","T","E","M","E","R","$","R","B",null],"character_chosen":"IRONCLAD","items_purchased":["Anchor","BloodPotion","Ice Cream","Frozen Eye"],"campfire_rested":0,"item_purchase_floors":[10,29,41,41],"current_hp_per_floor":[73,77,77,70,70,41,41,44,44,44,50,50,50,45,45,39,76,80,80,86,82,88,88,88,83,83,83,88,88,88,85,85,88,88,88,88,84,84,84,98,98,98,98,98,98,98,98,98,98,98],"gold":29,"neow_bonus":"TEN_PERCENT_HP_BONUS","is_daily":false,"chose_seed":false,"campfire_upgraded":8,"win_rate":0.0,"timestamp":1611865140,"path_taken":["M","?","?","M","?","E","R","E","T","$","E","R","$","E","R","BOSS","M","?","M","M","?","E","R","E","T","R","E","$","M","E","R","BOSS","M","M","?","?","?","E","$","E","T","E","?","E","R","?","R","BOSS"],"items_purchased_type":["Relic","Potion","Relic","Relic"],"build_version":"2020-12-22","purchased_purges":4,"victory":true,"max_hp_per_floor":[88,88,88,88,88,88,88,88,88,88,88,88,88,88,88,88,88,88,88,88,88,88,88,88,88,88,88,88,88,88,88,88,88,88,88,88,84,84,84,98,98,98,98,98,98,98,98,98,98,98],"card_choices":[{"not_picked":["Iron Wave","Pommel Strike"],"picked":"Flex","floor":1},{"not_picked":["Clash","Body Slam"],"picked":"Demon Form","floor":2},{"not_picked":["Wild Strike","Clothesline"],"picked":"Fire Breathing","floor":4},{"not_picked":["Fire Breathing","Anger"],"picked":"Reckless Charge","floor":6},{"not_picked":["Dark Embrace","Reckless Charge"],"picked":"Feel No Pain","floor":8},{"not_picked":["Warcry","Clash"],"picked":"Metallicize","floor":11},{"not_picked":["Warcry","Havoc"],"picked":"Dropkick","floor":14},{"not_picked":["Limit Break","Bludgeon"],"picked":"Barricade","floor":16},{"not_picked":["Burning Pact","Wild Strike"],"picked":"Shrug It Off+1","floor":18},{"not_picked":["Shrug It Off","Twin Strike"],"picked":"True Grit+1","floor":20},{"not_picked":["True Grit+1","Clothesline","Rage"],"picked":"SKIP","floor":21},{"not_picked":["Bloodletting","Heavy Blade"],"picked":"Shockwave","floor":22},{"not_picked":["Battle Trance","Anger+1","True Grit"],"picked":"SKIP","floor":23},{"not_picked":["Iron Wave","Hemokinesis+1","Pommel Strike"],"picked":"SKIP","floor":25},{"not_picked":["Evolve+1","Flame Barrier"],"picked":"Entrench","floor":28},{"not_picked":["Reckless Charge+1","Armaments"],"picked":"Shrug It Off+1","floor":30},{"not_picked":["Second Wind","Iron Wave+1","Twin Strike+1"],"picked":"SKIP","floor":31},{"not_picked":["Corruption","Limit Break"],"picked":"Immolate+1","floor":33},{"not_picked":["Rampage+1","Disarm+1","Sentinel"],"picked":"SKIP","floor":35},{"not_picked":["Rampage+1","Disarm+1","Sentinel"],"picked":"SKIP","floor":35},{"not_picked":["Inflame","Burning Pact+1"],"picked":"Entrench+1","floor":36},{"not_picked":["Twin Strike+1","Thunderclap+1","Whirlwind+1"],"picked":"SKIP","floor":40},{"not_picked":["True Grit+1","Sword Boomerang+1"],"picked":"Warcry+1","floor":42},{"not_picked":["Iron Wave+1","Burning Pact+1"],"picked":"Reaper+1","floor":44},{"not_picked":["Sentinel+1","Pommel Strike+1"],"picked":"Warcry+1","floor":45},{"not_picked":["Anger+1","Shrug It Off+1"],"picked":"Body Slam+1","floor":46}],"player_experience":532997,"relics_obtained":[{"floor":6,"key":"Mummified Hand"},{"floor":8,"key":"Red Skull"},{"floor":9,"key":"Vajra"},{"floor":11,"key":"Calipers"},{"floor":14,"key":"Bird Faced Urn"},{"floor":23,"key":"MealTicket"},{"floor":25,"key":"Bag of Marbles"},{"floor":26,"key":"Molten Egg 2"},{"floor":28,"key":"InkBottle"},{"floor":31,"key":"Art of War"},{"floor":40,"key":"Mango"},{"floor":42,"key":"Bag of Preparation"},{"floor":43,"key":"Bronze Scales"},{"floor":44,"key":"Orichalcum"},{"floor":46,"key":"Gambling Chip"}],"event_choices":[{"damage_healed":0,"gold_gain":0,"cards_transformed":["Strike_R"],"player_choice":"Change","damage_taken":0,"max_hp_gain":0,"max_hp_loss":0,"event_name":"Living Wall","floor":3,"gold_loss":0,"cards_obtained":["Infernal Blade"]},{"cards_removed":["Strike_R"],"damage_healed":0,"gold_gain":0,"player_choice":"Card Removal","damage_taken":0,"max_hp_gain":0,"max_hp_loss":0,"event_name":"The Cleric","floor":5,"gold_loss":50},{"damage_healed":0,"gold_gain":0,"player_choice":"Copied","damage_taken":0,"max_hp_gain":0,"max_hp_loss":0,"event_name":"Duplicator","floor":19,"gold_loss":0,"cards_obtained":["Fire Breathing"]},{"damage_healed":0,"gold_gain":0,"player_choice":"Max HP","damage_taken":0,"max_hp_gain":0,"max_hp_loss":4,"event_name":"Winding Halls","floor":37,"gold_loss":0},{"damage_healed":0,"gold_gain":0,"player_choice":"Ignored","damage_taken":0,"max_hp_gain":0,"max_hp_loss":0,"event_name":"Tomb of Lord Red Mask","floor":38,"gold_loss":0},{"damage_healed":0,"gold_gain":300,"player_choice":"Gold","damage_taken":0,"max_hp_gain":0,"max_hp_loss":0,"event_name":"Wheel of Change","floor":39,"gold_loss":0}],"is_beta":false,"boss_relics":[{"not_picked":["Ectoplasm","SacredBark"],"picked":"Mark of Pain"},{"not_picked":["Tiny House","Pandora\u0027s Box"],"picked":"Black Blood"}],"items_purged_floors":[13,29,41,48],"is_endless":false,"potions_floor_spawned":[2,6,8,11,14,20,21,23,31,44,46],"ascension_level":11}}