{"host":"tr12w2fixbnujl15","time":1611849072,"event":{"mods":["100% Spire Juice","2.2 Compatiblity","A Penny For Your Troubles","Arknights The Spire","BaseMod","Better Skull","Better Vampires","BetterRewards","CapriCore","Clockwork Mod","Colored Powertips","Evolution","Gremlin Skip","Hermit","Hubris","Infinite Spire","JesterMod","Kalas","KinomotoSakuraMod(????)","Koishi","Mad Scientist","Magitek Elite","Mathematician","Minty Spire (QoL Compilation)","Permanent Neow","Quick Restart","Reimu??????","Relic Filter","Remilia_Scarlet Moed?????·?????3.3.5","Replay The Spire","Shop Mod","StSLib","SuperFastMode","The Accelerator","The Animator","The Bug Knight","The Construct","The Cursed","The Hayseed","The Hierophant","The Immortal","The Mystic","The Necromancer","The Runesmith","The Sage","The Senshi","The Servant 0.9.4","The Spell Scribe","The Vixen","TheFirefly","TheSwordswoman","TheVelvet","Transform Curses","WarShipGirlsR/????R mod","Yakumo Yukari mod","[IsaacMod]????"],"gold_per_floor":[118,118,218,67,81,92,120,120,120,137,155,155,168,168,168,263,263,281,281,381,340,351,351,362,362,387,387,387,407,435,435,435,435,435],"floor_reached":33,"language":"ENG","playtime":1117,"items_purged":[],"score":265,"play_id":"3c5325c1-a3ce-4bc0-9d1b-cb6b00c3aab1","local_time":"20210128105112","is_ascension_mode":false,"campfire_choices":[{"floor":8,"key":"RECALL"},{"floor":12,"key":"REST"},{"floor":15,"key":"REST"},{"floor":23,"key":"REST"},{"data":"hubris:Fate","floor":28,"key":"SMITH"}],"circlet_count":0,"master_deck":["SakuraCardTheWave+","ClowCardTheErase","ClowCardTheErase","ClowCardTheErase","ClowCardTheSword","ClowCardTheShield","ClowCardTheShield","ClowCardTheShield","ClowCardTheShield","SpellCardSeal","SpellCardRelease","DoctorFetus","Mayhem+1","ClowCardTheDream","ClowCardTheSand","ClowCardTheShadow","ClowCardTheShot","ClowCardTheMist","ClowCardTheShot","ClowCardTheDash","ClowCardTheRain","hubris:Fate+1","ClowCardTheSleep","ClowCardTheIllusion+1","ClowCardTheMist","Enlightenment","ClowCardTheFreeze","ClowCardTheLibra","ReplayUltimateDefense"],"relics":["KSMOD_SealedBook","KSMOD_SealedWand","EVO:Axolotl","HushsDoor","YumHeart","MerchantsRug","KSMOD_TeddyBear","Quantum Egg","KSMOD_TouyasBicycle","hubris:Towel","Membership Card","hubris:TinFlute","Runesmith:UraniumAnvil","KSMOD_SwordJade","Strange Spoon","Simple Rune","infinitespire:WardingShard","hubris:Icosahedron"],"acts_visited":["Exordium","TheCity"],"potions_floor_usage":[7,22,22,22,33,33],"damage_taken":[{"damage":0,"enemies":"Small Slimes","floor":1,"turns":2},{"damage":4,"enemies":"2 Louse","floor":5,"turns":3},{"damage":3,"enemies":"Jaw Worm","floor":6,"turns":2},{"damage":23,"enemies":"Gremlin Nob","floor":7,"turns":6},{"damage":24,"enemies":"Lots of Slimes","floor":10,"turns":4},{"damage":35,"enemies":"Exordium Thugs","floor":11,"turns":6},{"damage":12,"enemies":"3 Louse","floor":13,"turns":2},{"damage":32,"enemies":"Slime Boss","floor":16,"turns":6},{"damage":5,"enemies":"Spheric Guardian","floor":18,"turns":3},{"damage":5,"enemies":"2 Thieves","floor":22,"turns":4},{"damage":38,"enemies":"Centurion and Healer","floor":24,"turns":7},{"damage":12,"enemies":"3 Cultists","floor":29,"turns":5},{"damage":7,"enemies":"Replay:Snechameleon","floor":30,"turns":6}],"seed_played":"-542186870139004797","potions_obtained":[{"floor":1,"key":"PowerPotion"},{"floor":11,"key":"LifebloodPotion"},{"floor":13,"key":"ZuzhouPotion:ReiMu"},{"floor":16,"key":"Weak Potion"},{"floor":22,"key":"Swift Potion"},{"floor":29,"key":"Weak Potion"},{"floor":30,"key":"Strength Potion"}],"is_trial":false,"path_per_floor":["M","?","?","$","M","M","E","R","T","M","M","R","M","?","R","B",null,"M","?","?","$","M","R","M","AVR","T","?","R","M","E","?","R","B"],"character_chosen":"KINOMOTOSAKURA","items_purchased":["MerchantsRug","ReplayTheSpireMod:ShopPack","KSMOD_TeddyBear","DoctorFetus","Quantum Egg","Membership Card","KSMOD_SwordJade"],"campfire_rested":3,"item_purchase_floors":[0,0,0,0,0,4,21],"current_hp_per_floor":[70,70,70,70,70,70,70,70,70,46,15,36,24,10,31,28,70,69,52,52,52,51,70,56,56,56,56,56,44,62,62,62,54,54],"gold":435,"neow_bonus":"","is_daily":false,"chose_seed":false,"campfire_upgraded":1,"win_rate":0.0,"timestamp":1611849072,"path_taken":["M","?","?","?","?","M","E","R","T","M","M","R","?","?","R","BOSS","M","?","?","$","M","R","M","AVR","T","?","R","M","E","?","R","BOSS"],"items_purchased_type":["Relic","Relic","Relic","Card","Relic","Relic","Relic"],"build_version":"2020-12-22","purchased_purges":0,"victory":false,"max_hp_per_floor":[70,70,70,70,70,70,70,70,70,70,70,70,70,70,70,70,70,70,70,70,70,70,70,70,70,70,70,70,70,70,70,70,70,70],"card_choices":[{"not_picked":[],"picked":"Bomb","floor":0},{"not_picked":["ReplayUltimateDefense","SuicideKing"],"picked":"Mayhem","floor":0},{"not_picked":["Trip","Replay:Sssssssssstrike"],"picked":"Poisoned Strike","floor":0},{"not_picked":["Finesse","Specialist"],"picked":"Bandage Up","floor":0},{"not_picked":["ClowCardTheLock","ClowCardTheFly"],"picked":"ClowCardTheDream","floor":1},{"not_picked":["ClowCardTheMaze","ClowCardTheSilent"],"picked":"ClowCardTheSand","floor":3},{"not_picked":["ClowCardTheSnow","ClowCardTheStorm"],"picked":"ClowCardTheShadow","floor":5},{"not_picked":["ClowCardTheLittle","ClowCardTheSleep"],"picked":"ClowCardTheWave","floor":6},{"not_picked":["ClowCardTheArrow","ClowCardTheStorm"],"picked":"ClowCardTheShot","floor":7},{"not_picked":["ClowCardTheSleep","ClowCardTheTwin"],"picked":"ClowCardTheMist","floor":10},{"not_picked":["ClowCardTheMirror","ClowCardTheArrow"],"picked":"ClowCardTheShot","floor":11},{"not_picked":["ClowCardTheThunder","ClowCardTheSweet"],"picked":"Bomb","floor":13},{"not_picked":["ClowCardTheReturn","ClowCardTheFight"],"picked":"ClowCardTheDash","floor":16},{"not_picked":["ClowCardTheShadow","ClowCardTheFloat"],"picked":"ClowCardTheRain","floor":18},{"not_picked":["infinitespire:Gouge","infinitespire:Punishment"],"picked":"hubris:Fate","floor":19},{"not_picked":["ClowCardTheChange","ClowCardTheArrow"],"picked":"ClowCardTheSleep","floor":20},{"not_picked":["ClowCardTheSweet+1","ClowCardTheLoop"],"picked":"ClowCardTheIllusion+1","floor":22},{"not_picked":["ClowCardTheLock+1","ClowCardThePower+1"],"picked":"ClowCardTheMist","floor":24},{"not_picked":["ClowCardThePower","ClowCardTheLock"],"picked":"ClowCardTheFreeze","floor":29},{"not_picked":["ClowCardTheFloat","ClowCardTheThunder"],"picked":"ClowCardTheLibra","floor":30}],"player_experience":88909,"relics_obtained":[{"floor":7,"key":"hubris:TinFlute"},{"floor":26,"key":"Simple Rune"},{"floor":30,"key":"infinitespire:WardingShard"}],"event_choices":[{"damage_healed":0,"gold_gain":0,"player_choice":"Entered Light","damage_taken":14,"max_hp_gain":0,"max_hp_loss":0,"event_name":"Shining Light","floor":14,"gold_loss":0,"cards_upgraded":["ClowCardTheSword","Mayhem"]},{"damage_healed":0,"gold_gain":0,"cards_transformed":["Poisoned Strike","Bandage Up"],"player_choice":"Became Test Subject","damage_taken":0,"max_hp_gain":0,"max_hp_loss":0,"event_name":"Drug Dealer","floor":27,"gold_loss":0,"cards_obtained":["sagemod:Refine","Enlightenment"]}],"is_beta":false,"boss_relics":[{"not_picked":["ReplayTheSpireMod:Onyx Gauntlets","ReplayTheSpireMod:DimensionalGlitch"],"picked":"Runesmith:UraniumAnvil"},{"not_picked":[]}],"items_purged_floors":[],"is_endless":false,"potions_floor_spawned":[1,11,13,16,22,29,30],"killed_by":"Pondfish","ascension_level":0}}