{"host":"ugys05tpep779cl6","time":1611843898,"event":{"mods":["AchievementEnabler","Aspiration","BaseMod","Beaked The Cultist","CatGirl Mod","Colored Powertips","HololiveMod","Lobotomy","Minty Spire (QoL Compilation)","Quick Restart","Replay The Spire","Spicy Shops","StSLib","The Druid"],"gold_per_floor":[115,115,115,127,141,141,168,168,168,201,59,69,98,55,55,131,131,149,169,169,169,188,215,232,267,267,292,292,292,309,335,335,414,414,429,429,439,459,470,497,497,532,532,566,332,361,414,414,414,432,432,432,57,111,127],"floor_reached":56,"language":"ENG","playtime":4130,"items_purged":["Strike_G","Defend_G+1","Replay:Poison Smokescreen"],"score":2284,"play_id":"43c32302-bdfd-4a1f-93c7-cd9085fbb3fe","local_time":"20210128152458","is_ascension_mode":true,"campfire_choices":[{"data":"Bouncing Flask","floor":6.0,"key":"SMITH"},{"data":"Neutralize","floor":8.0,"key":"SMITH"},{"data":"Burst","floor":28.0,"key":"SMITH"},{"floor":32.0,"key":"DIG"},{"floor":49.0,"key":"RECALL"},{"data":"Demon Form","floor":52,"key":"SMITH"}],"circlet_count":0,"master_deck":["AscendersBane","Strike_G+1","Strike_G+1","Strike_G+1","Strike_G+1","Defend_G+1","Defend_G+1","Defend_G+1","Defend_G+1","Survivor","Neutralize+1","Bouncing Flask+1","PiercingWail+1","Demon Form+1","Noxious Fumes+1","beaked:FeelMyPain","Riddle With Holes","Burst+1","Catalyst+1","Escape Plan+1","Hemogenesis","Escape Plan+1","Dagger Spray+1"],"relics":["Ring of the Snake","aspiration:Nostalgia","m_ByrdBlood","beaked:ShinyBauble","ReplayFunnel","Torii","Philosopher\u0027s Stone","ReplayTheSpireMod:TigerMarble","Darkstone Periapt","Shovel","aspiration:HatOfInfinitePower","Meat on the Bone","Ninja Scroll","aspiration:RitualDagger","Paper Crane","aspiration:ChemicalBlood","CaptainsWheel","Quantum Egg","Replay:Bottled Eggs","Replay:Bandana","Calipers","Vajra","Oddly Smooth Stone"],"acts_visited":["Exordium","TheCity","TheBeyond","TheEnding"],"potions_floor_usage":[55,55,55,55,55,55],"damage_taken":[{"damage":8.0,"enemies":"Small Slimes","floor":1.0,"turns":3.0},{"damage":12.0,"enemies":"Jaw Worm","floor":4.0,"turns":5.0},{"damage":0.0,"enemies":"Cultist","floor":5.0,"turns":5.0},{"damage":30.0,"enemies":"Lagavulin","floor":7.0,"turns":9.0},{"damage":28.0,"enemies":"Gremlin Nob","floor":10.0,"turns":4.0},{"damage":0.0,"enemies":"Blue Slaver","floor":12.0,"turns":5.0},{"damage":47.0,"enemies":"Lagavulin","floor":13.0,"turns":6.0},{"damage":26.0,"enemies":"Hexaghost","floor":16.0,"turns":7.0},{"damage":57.0,"enemies":"Shell Parasite","floor":18.0,"turns":4.0},{"damage":32.0,"enemies":"2 Thieves","floor":19.0,"turns":4.0},{"damage":8.0,"enemies":"Centurion and Healer","floor":22.0,"turns":4.0},{"damage":36.0,"enemies":"Book of Stabbing","floor":23.0,"turns":5.0},{"damage":10.0,"enemies":"Snake Plant","floor":24.0,"turns":3.0},{"damage":13.0,"enemies":"Gremlin Leader","floor":25.0,"turns":5.0},{"damage":12.0,"enemies":"Book of Stabbing","floor":27.0,"turns":5.0},{"damage":8.0,"enemies":"3 Cultists","floor":30.0,"turns":4.0},{"damage":42.0,"enemies":"Gremlin Leader","floor":31.0,"turns":7.0},{"damage":23.0,"enemies":"Collector","floor":33.0,"turns":5.0},{"damage":97.0,"enemies":"3 Darklings","floor":35.0,"turns":7.0},{"damage":42.0,"enemies":"Orb Walker","floor":37.0,"turns":2.0},{"damage":90.0,"enemies":"Jaw Worm Horde","floor":38.0,"turns":6.0},{"damage":27.0,"enemies":"4 Shapes","floor":39.0,"turns":7.0},{"damage":110.0,"enemies":"beaked:SuperParasite","floor":40.0,"turns":8.0},{"damage":39.0,"enemies":"R_Hoarder","floor":42.0,"turns":6.0},{"damage":73.0,"enemies":"Reptomancer","floor":44.0,"turns":6.0},{"damage":61.0,"enemies":"Giant Head","floor":46.0,"turns":7.0},{"damage":64.0,"enemies":"Mind Bloom Boss Battle","floor":47.0,"turns":5.0},{"damage":158.0,"enemies":"Awakened One","floor":50.0,"turns":9.0},{"damage":71,"enemies":"Shield and Spear","floor":54,"turns":7},{"damage":123,"enemies":"The Heart","floor":55,"turns":7}],"seed_played":"-6862025038430090703","potions_obtained":[{"floor":4.0,"key":"DistilledChaos"},{"floor":13.0,"key":"Regen Potion"},{"floor":16.0,"key":"Elixir"},{"floor":19.0,"key":"PowerPotion"},{"floor":27.0,"key":"Block Potion"},{"floor":35.0,"key":"Swift Potion"},{"floor":38.0,"key":"Strength Potion"},{"floor":44.0,"key":"Block Potion"},{"floor":44.0,"key":"Explosive Potion"},{"floor":44.0,"key":"Flashbang"},{"floor":46.0,"key":"Fruit Juice"},{"floor":46.0,"key":"Dexterity Potion"},{"floor":47.0,"key":"FearPotion"},{"floor":47.0,"key":"PowerPotion"},{"floor":50.0,"key":"PowerPotion"},{"floor":50.0,"key":"PowerPotion"},{"floor":50.0,"key":"Block Potion"},{"floor":54,"key":"DuplicationPotion"},{"floor":55,"key":"Elixir"},{"floor":55,"key":"Swift Potion"}],"is_trial":false,"path_per_floor":["M","?","?","M","M","R","E","R","T","E","$","M","E","$","R","B",null,"M","M","?","?","M","E","M","E","T","E","R","?","M","E","R","B",null,"M","?","M","M","M","E","?","E","T","E","$","E","?","?","R","B",null,"R","$","E","B",null],"character_chosen":"THE_SILENT","items_purchased":["Noxious Fumes+1","Riddle With Holes","Replay:Bottled Eggs","Vajra","Oddly Smooth Stone"],"campfire_rested":0,"item_purchase_floors":[11,14,45,53,53],"current_hp_per_floor":[57,62,62,56,62,62,38,38,38,22,22,28,20,20,41,56,67,34,17,17,17,24,21,26,37,37,37,37,17,39,33,33,56,71,76,76,76,12,58,69,69,80,80,80,80,85,85,85,85,85,85,85,85,73,85],"gold":127,"neow_bonus":"NOSTALGIA","is_daily":false,"chose_seed":false,"campfire_upgraded":4,"win_rate":0.0,"timestamp":1611843898,"path_taken":["M","?","?","M","?","R","E","R","T","E","$","M","E","$","R","BOSS","M","M","?","?","M","E","M","E","T","E","R","?","M","E","R","BOSS","M","?","?","M","?","E","?","E","T","E","$","E","?","?","R","BOSS","R","$","E","BOSS"],"items_purchased_type":["Card","Card","Relic","Relic","Relic"],"build_version":"2020-12-22","purchased_purges":3,"victory":true,"max_hp_per_floor":[66,71,71,71,71,71,71,71,71,71,71,71,71,71,71,71,71,71,71,71,71,71,71,71,71,71,71,71,76,76,76,76,76,76,76,76,76,80,80,80,80,80,80,80,80,85,85,85,85,85,85,85,85,85,85],"card_choices":[{"not_picked":["Flying Knee","beaked:WarriorEssence","Dodge and Roll"],"picked":"SKIP","floor":1.0},{"not_picked":["Acrobatics","Dodge and Roll","Slice"],"picked":"SKIP","floor":4.0},{"not_picked":["Dagger Spray","Underhanded Strike"],"picked":"PiercingWail","floor":5.0},{"not_picked":["Burst","Storm of Steel"],"picked":"Demon Form","floor":7.0},{"not_picked":["Poisoned Stab","PiercingWail","beaked:WarriorEssence"],"picked":"SKIP","floor":10.0},{"not_picked":["Flechettes","Quick Slash"],"picked":"beaked:FeelMyPain","floor":12.0},{"not_picked":["Flying Knee","Predator","Quick Slash"],"picked":"SKIP","floor":13.0},{"not_picked":["Night Terror","Phantasmal Killer"],"picked":"Burst","floor":16.0},{"not_picked":["ReplayTheSpireMod:Speed Training","Dodge and Roll","Choke"],"picked":"SKIP","floor":18.0},{"not_picked":["Sneak Up","Predator","Outmaneuver"],"picked":"SKIP","floor":19.0},{"not_picked":["Acrobatics+1","ReplayTheSpireMod:The Works+1","Sneak Up"],"picked":"SKIP","floor":22.0},{"not_picked":["Reflex+1","Dodge and Roll","Quick Slash"],"picked":"SKIP","floor":23.0},{"not_picked":["Heavy Blade","Finisher","Underhanded Strike+1"],"picked":"SKIP","floor":24.0},{"not_picked":["Dagger Throw","A Thousand Cuts","Blade Dance"],"picked":"SKIP","floor":25.0},{"not_picked":["beaked:FeelMyPain","Underhanded Strike"],"picked":"Catalyst+1","floor":27.0},{"not_picked":["Acrobatics","PiercingWail","Tactician"],"picked":"SKIP","floor":30.0},{"not_picked":["Dagger Spray+1","Backflip"],"picked":"Escape Plan","floor":31.0},{"not_picked":["Venomology","Bullet Time"],"picked":"Hemogenesis","floor":33.0},{"not_picked":["Cloak And Dagger","PiercingWail","Backstab"],"picked":"SKIP","floor":35.0},{"not_picked":["Outmaneuver+1","Dagger Throw+1","Dagger Spray+1"],"picked":"SKIP","floor":37.0},{"not_picked":["Sneak Up","Poisoned Stab+1","Fluid Movement"],"picked":"SKIP","floor":38.0},{"not_picked":["Underhanded Strike","Slice+1","Bane"],"picked":"SKIP","floor":39.0},{"not_picked":["Infinite Blades","Doppelganger","Acrobatics"],"picked":"SKIP","floor":40.0},{"not_picked":["Infinite Blades","Doppelganger","Acrobatics"],"picked":"SKIP","floor":40.0},{"not_picked":["Underhanded Strike","Bullet Time"],"picked":"Replay:Poison Smokescreen","floor":42.0},{"not_picked":["Well Laid Plans","Bane"],"picked":"Dagger Spray+1","floor":44.0},{"not_picked":["Replay:Poison Smokescreen","ReplayTheSpireMod:Shiv Toss","Dagger Spray"],"picked":"SKIP","floor":46.0},{"not_picked":["ReplayTheSpireMod:The Works+1","Spot Weakness","Reflex+1"],"picked":"SKIP","floor":54}],"player_experience":1174155,"relics_obtained":[{"floor":7.0,"key":"beaked:ShinyBauble"},{"floor":10.0,"key":"ReplayFunnel"},{"floor":13.0,"key":"Torii"},{"floor":23.0,"key":"ReplayTheSpireMod:TigerMarble"},{"floor":25.0,"key":"Darkstone Periapt"},{"floor":26.0,"key":"Shovel"},{"floor":27.0,"key":"aspiration:HatOfInfinitePower"},{"floor":31.0,"key":"Meat on the Bone"},{"floor":32.0,"key":"Ninja Scroll"},{"floor":40.0,"key":"Paper Crane"},{"floor":42.0,"key":"aspiration:ChemicalBlood"},{"floor":43.0,"key":"CaptainsWheel"},{"floor":44.0,"key":"Quantum Egg"},{"floor":46.0,"key":"Replay:Bandana"},{"floor":47.0,"key":"Calipers"}],"event_choices":[{"damage_healed":0.0,"max_hp_gain":5.0,"max_hp_loss":0.0,"gold_gain":0.0,"event_name":"Big Fish","player_choice":"Donut","floor":2.0,"gold_loss":0.0,"damage_taken":0.0},{"damage_healed":0.0,"max_hp_gain":0.0,"max_hp_loss":0.0,"gold_gain":0.0,"event_name":"Match and Keep!","player_choice":"1 cards matched","floor":3.0,"gold_loss":0.0,"damage_taken":0.0,"cards_obtained":["Bouncing Flask"]},{"damage_healed":0.0,"max_hp_gain":0.0,"max_hp_loss":0.0,"gold_gain":0.0,"event_name":"Back to Basics","player_choice":"Simplicity","floor":20.0,"gold_loss":0.0,"damage_taken":0.0,"cards_upgraded":["Strike_G","Strike_G","Strike_G","Strike_G","Defend_G","Defend_G","Defend_G","Defend_G","Defend_G"]},{"damage_healed":0.0,"max_hp_gain":0.0,"max_hp_loss":0.0,"gold_gain":0.0,"event_name":"Cursed Tome","player_choice":"Ignored","floor":21.0,"gold_loss":0.0,"damage_taken":0.0},{"damage_healed":0.0,"max_hp_gain":5.0,"max_hp_loss":0.0,"gold_gain":0.0,"event_name":"Forgotten Altar","player_choice":"Shed Blood","floor":29.0,"gold_loss":0.0,"damage_taken":25.0},{"damage_healed":0.0,"max_hp_gain":0.0,"max_hp_loss":0.0,"gold_gain":0.0,"event_name":"Duplicator","player_choice":"Copied","floor":36.0,"gold_loss":0.0,"damage_taken":0.0,"cards_obtained":["Escape Plan"]},{"damage_healed":0.0,"max_hp_gain":0.0,"max_hp_loss":0.0,"gold_gain":0.0,"event_name":"SensoryStone","player_choice":"Memory 1","floor":41.0,"gold_loss":0.0,"damage_taken":0.0},{"damage_healed":0.0,"max_hp_gain":0.0,"max_hp_loss":0.0,"gold_gain":0.0,"event_name":"MindBloom","player_choice":"Fight","floor":47.0,"gold_loss":0.0,"damage_taken":0.0},{"damage_healed":0.0,"max_hp_gain":0.0,"max_hp_loss":0.0,"gold_gain":0.0,"event_name":"Match and Keep!","player_choice":"0 cards matched","floor":48.0,"gold_loss":0.0,"damage_taken":0.0,"cards_obtained":[]}],"is_beta":false,"boss_relics":[{"not_picked":["Calling Bell","Velvet Choker"],"picked":"Philosopher\u0027s Stone"},{"not_picked":["aspiration:DefectSkillbook","Cursed Key"],"picked":"aspiration:RitualDagger"}],"items_purged_floors":[11,45,53],"is_endless":false,"potions_floor_spawned":[4,13,16,19,22,27,30,35,38,39,44,46,54],"ascension_level":17}}