{"host":"dlqcqir7p8cpkknl","time":1611860949,"event":{"mods":["BaseMod","Colored Map","Downfall","Minty Spire (QoL Compilation)","StSLib"],"gold_per_floor":[99,113,263,263,275,175,175,5,5,20,20,48,67,101,111,208,208,108,121,136,146,66,266,347,364,464,364,364,364,387,387,405,507,507,507,525,539,585,585,585,585],"floor_reached":39,"language":"ENG","playtime":3157,"items_purged":[],"score":491,"play_id":"ab6c375e-f0ce-4372-8c1c-282797b33e63","local_time":"20210128190909","is_ascension_mode":false,"campfire_choices":[{"floor":1,"key":"RECALL"},{"data":"hexamod:StepThrough","floor":6,"key":"SMITH"},{"data":"hexamod:ForkedFlame","floor":9,"key":"SMITH"},{"data":"hexamod:Sear","floor":11,"key":"SMITH"},{"data":"hexamod:CatchUp","floor":18,"key":"SMITH"},{"data":"hexamod:Strike","floor":27,"key":"PURGE"},{"data":"hexamod:UnleashSpirits","floor":29,"key":"SMITH"},{"data":"hexamod:Strike","floor":35,"key":"PURGE"}],"circlet_count":0,"master_deck":["hexamod:Strike","hexamod:Strike","hexamod:Defend+1","hexamod:Defend","hexamod:Defend+1","hexamod:Sear+1","hexamod:Float","hexamod:AdvancingGuard","downfall:Icky","hexamod:StepThrough+1","hexamod:TimeWarp","hexamod:ForkedFlame+1","hexamod:CatchUp+1","hexamod:SpectersWail+1","hexamod:HauntingEcho","hexamod:EmpoweredFlame","hexamod:SpectersWail+1","hexamod:UnleashSpirits+1","Doubt","Shame","hexamod:TurnItUp","hexamod:NightmareStrike","hexamod:TurnItUp","hexamod:EmpoweredFlame","hexamod:RainOfEmbers+1","hexamod:PhantomCloak+1"],"relics":["hexamod:UnbrokenSoul","downfall:HeartBlessingRed","Bottled Lightning","Omamori","Peace Pipe","Calling Bell","MealTicket","Gremlin Horn","Du-Vu Doll","downfall:HeartBlessingGreen","downfall:ExtraCursedKey","downfall:HeartBlessingBlue","hexamod:TheBrokenSeal","Incense Burner"],"acts_visited":["Exordium","TheCity","TheBeyond"],"potions_floor_usage":[14,30,33,38],"damage_taken":[{"damage":0,"enemies":"2 Louse","floor":2,"turns":3},{"damage":0,"enemies":"Small Slimes","floor":5,"turns":4},{"damage":5,"enemies":"downfall:FleeingMerchant","floor":8,"turns":4},{"damage":0,"enemies":"Cultist","floor":10,"turns":3},{"damage":0,"enemies":"Gremlin Nob","floor":12,"turns":3},{"damage":0,"enemies":"2 Fungi Beasts","floor":13,"turns":3},{"damage":14,"enemies":"Lagavulin","floor":14,"turns":5},{"damage":0,"enemies":"Large Slime","floor":15,"turns":5},{"damage":37,"enemies":"SI_SHIV_ARCHETYPE","floor":16,"turns":9},{"damage":13,"enemies":"3 Byrds","floor":19,"turns":5},{"damage":11,"enemies":"Snake Plant","floor":20,"turns":5},{"damage":35,"enemies":"Sentry and Sphere","floor":21,"turns":6},{"damage":15,"enemies":"downfall:FleeingMerchant","floor":22,"turns":4},{"damage":3,"enemies":"Snecko","floor":25,"turns":5},{"damage":1,"enemies":"Centurion and Healer","floor":30,"turns":7},{"damage":17,"enemies":"Shelled Parasite and Fungi","floor":32,"turns":5},{"damage":43,"enemies":"DF_ARCHETYPE_CLAW","floor":33,"turns":8},{"damage":11,"enemies":"3 Shapes","floor":36,"turns":5},{"damage":0,"enemies":"Orb Walker","floor":37,"turns":2},{"damage":43,"enemies":"2 Orb Walkers","floor":38,"turns":4},{"damage":55,"enemies":"3 Darklings","floor":39,"turns":3}],"seed_played":"-2676453160306488080","potions_obtained":[{"floor":10,"key":"ColorlessPotion"},{"floor":13,"key":"FearPotion"},{"floor":14,"key":"Dexterity Potion"},{"floor":16,"key":"Guardian:BlockOnCardUsePotion"},{"floor":25,"key":"Strength Potion"},{"floor":32,"key":"hexamod:SoulburnPotion"},{"floor":33,"key":"GamblersBrew"}],"is_trial":false,"path_per_floor":["R","M","?","?","M","R","T","$","R","M","R","E","M","E","M","B",null,"R","M","M","M","$","?","T","M","?","R","?","R","M","?","M","B",null,"R","M","M","?","M"],"character_chosen":"THE_SPIRIT","items_purchased":["hexamod:ForkedFlame","hexamod:EmpoweredFlame"],"campfire_rested":0,"item_purchase_floors":[8,22],"current_hp_per_floor":[77,77,77,82,82,82,82,77,77,77,77,77,77,70,70,33,82,82,69,65,37,44,44,44,41,46,56,56,56,62,62,107,64,107,107,96,96,53,0,0,0],"gold":585,"neow_bonus":"TEN_PERCENT_HP_BONUS","is_daily":false,"chose_seed":false,"campfire_upgraded":5,"win_rate":0.0,"timestamp":1611860949,"path_taken":["R","M","?","?","M","R","T","$","R","M","R","E","M","E","M","BOSS","R","M","M","M","$","?","T","?","?","R","?","R","M","?","M","BOSS","R","?","M","?","M"],"items_purchased_type":["Card","Card"],"build_version":"2020-12-22","purchased_purges":0,"victory":false,"max_hp_per_floor":[77,77,77,82,82,82,82,82,82,82,82,82,82,82,82,82,82,82,82,82,82,82,82,82,82,87,97,97,97,97,97,107,107,107,107,107,107,107,107,107,107],"card_choices":[{"not_picked":["hexamod:InspiringFlames","hexamod:SpectersWail"],"picked":"hexamod:AdvancingGuard","floor":2},{"not_picked":["hexamod:Hexaguard","hexamod:EtherealExpedition"],"picked":"hexamod:StepThrough","floor":5},{"not_picked":["hexamod:SpectersWail","hexamod:CatchUp"],"picked":"hexamod:TimeWarp","floor":8},{"not_picked":["hexamod:SwordOfDarkness","hexamod:BacktrackSmack","hexamod:BurningTouch"],"picked":"SKIP","floor":10},{"not_picked":["hexamod:Firestarter","hexamod:NightmareStrike"],"picked":"hexamod:CatchUp","floor":12},{"not_picked":["hexamod:GhostflameBarrier","hexamod:BacktrackSmack"],"picked":"hexamod:FirstSeal","floor":13},{"not_picked":["hexamod:PhantomFireball","hexamod:SwordOfDarkness","hexamod:GhostLash"],"picked":"SKIP","floor":14},{"not_picked":["hexamod:ThermalTransfer","hexamod:HeatCrush","hexamod:HeatShield"],"picked":"SKIP","floor":15},{"not_picked":["hexamod:SearingWound","hexamod:WildfireWeapon"],"picked":"hexamod:FifthSeal","floor":16},{"not_picked":["hexamod:FourthSeal","hexamod:FirstSeal"],"picked":"hexamod:SixthSeal","floor":19},{"not_picked":["hexamod:GhostShield","hexamod:SwordOfDarkness"],"picked":"hexamod:SpectersWail","floor":19},{"not_picked":["hexamod:CatchUp","hexamod:ThermalTransfer","hexamod:NightmareStrike"],"picked":"SKIP","floor":20},{"not_picked":["hexamod:ThirdSeal","hexamod:FourthSeal"],"picked":"hexamod:SecondSeal","floor":21},{"not_picked":["hexamod:HeatMetal","hexamod:ShieldOfDarkness","hexamod:SixthSeal"],"picked":"SKIP","floor":21},{"not_picked":["hexamod:ShieldOfDarkness","hexamod:BurningTouch"],"picked":"hexamod:HauntingEcho","floor":22},{"not_picked":["hexamod:FirstSeal","hexamod:SecondSeal"],"picked":"hexamod:ThirdSeal","floor":25},{"not_picked":["hexamod:RetreatToShadows","hexamod:GhostOfSpirePast"],"picked":"hexamod:SpectersWail","floor":25},{"not_picked":["hexamod:FirstSeal","hexamod:ThirdSeal"],"picked":"hexamod:FourthSeal","floor":30},{"not_picked":["hexamod:SoulSteal","hexamod:ThermalTransfer+1","hexamod:NightmareStrike"],"picked":"SKIP","floor":30},{"not_picked":["hexamod:GhostLash","hexamod:HauntingEcho","hexamod:HeatMetal"],"picked":"SKIP","floor":30},{"not_picked":["hexamod:GhostLash+1","hexamod:GhostflameBarrier+1"],"picked":"hexamod:NightmareStrike","floor":32},{"not_picked":["hexamod:NecessarySacrifice","hexamod:SwordOfDarkness"],"picked":"hexamod:TurnItUp","floor":32},{"not_picked":["hexamod:NightmareStrike+1","hexamod:PhantomFireball"],"picked":"hexamod:EmpoweredFlame","floor":36},{"not_picked":["hexamod:GhostShield+1","hexamod:HeatMetal"],"picked":"hexamod:RainOfEmbers+1","floor":37},{"not_picked":["hexamod:NightmareStrike+1","hexamod:StepThrough+1"],"picked":"hexamod:PhantomCloak+1","floor":38}],"player_experience":291867,"relics_obtained":[{"floor":7,"key":"Bottled Lightning"},{"floor":12,"key":"Omamori"},{"floor":14,"key":"Peace Pipe"},{"floor":17,"key":"MealTicket"},{"floor":17,"key":"Gremlin Horn"},{"floor":17,"key":"Du-Vu Doll"},{"floor":38,"key":"Incense Burner"}],"event_choices":[{"damage_healed":0,"gold_gain":0,"player_choice":"Donut","damage_taken":0,"max_hp_gain":5,"max_hp_loss":0,"event_name":"Big Fish","floor":4,"gold_loss":0},{"damage_healed":0,"gold_gain":0,"player_choice":"Fight","damage_taken":0,"max_hp_gain":0,"max_hp_loss":0,"event_name":"Mysterious Sphere","floor":38,"gold_loss":0}],"is_beta":false,"boss_relics":[{"not_picked":["Sozu","Fusion Hammer"],"picked":"Calling Bell"},{"not_picked":["Pandora\u0027s Box","Runic Dome"],"picked":"hexamod:UnbrokenSoul"}],"items_purged_floors":[],"is_endless":false,"potions_floor_spawned":[10,13,14,16,21,25,32,33],"killed_by":"3 Darklings","ascension_level":0}}