{"host":"zekcc3vicrep0och","time":1611828321,"event":{"mods":["AchievementEnabler","BaseMod","Colored Map","Colored Powertips","Displayed Cursed Tome","Highlight Path","Minty Spire (QoL Compilation)","Quick Restart","Relic Stats","StSLib","The Cursed"],"gold_per_floor":[112,187,187,15,35,35,61,75,75,107,107,139,153,73,73,145,145,155,155,175,200,213,213,241,241,292,320,320,330,21,21,21,99,99,111,111,126,140,153,181,181,181],"floor_reached":41,"language":"ENG","playtime":1871,"items_purged":["Rip and Tear"],"score":1008,"play_id":"f0a85b24-b32a-4908-beee-3147ab484d7d","local_time":"20210128130521","is_ascension_mode":true,"campfire_choices":[{"data":"Beam Cell","floor":6.0,"key":"SMITH"},{"floor":11.0,"key":"REST"},{"data":"Go for the Eyes","floor":15.0,"key":"SMITH"},{"floor":23.0,"key":"REST"},{"data":"Buffer","floor":25.0,"key":"SMITH"},{"floor":28.0,"key":"REST"},{"floor":32.0,"key":"REST"}],"circlet_count":0,"master_deck":["AscendersBane","Zap","Dualcast","Beam Cell+1","Glacier","Doom and Gloom","Core Surge","Chaos","Loop","Lockon","Compile Driver","Go for the Eyes+1","Coolheaded+1","Buffer+1","Rainbow+1","Hyperbeam","Steam+1","Undo+1","Melter","Multi-Cast+1","Conserve Battery+1","Bite","Bite","Bite","Bite","Bite","Redo+1","Skim+1","Steam+1","Defragment","Amplify+1","Ball Lightning","Electrodynamics","Conserve Battery+1","Doom and Gloom+1","Defragment+1","Hologram+1","Hologram+1","Consume+1"],"relics":["Cracked Core","Regal Pillow","Cables","Bag of Marbles","Shuriken","Gremlin Horn","Toxic Egg 2","Pandora\u0027s Box","Red Mask","Orichalcum","Ancient Tea Set","Potion Belt","Nilry\u0027s Codex","Astrolabe","Vajra"],"acts_visited":["TheCity","TheBeyond"],"potions_floor_usage":[],"damage_taken":[{"damage":1.0,"enemies":"Small Slimes","floor":1.0,"turns":3.0},{"damage":1.0,"enemies":"Jaw Worm","floor":5.0,"turns":3.0},{"damage":11.0,"enemies":"3 Sentries","floor":7.0,"turns":3.0},{"damage":0.0,"enemies":"2 Louse","floor":8.0,"turns":1.0},{"damage":3.0,"enemies":"Lagavulin","floor":10.0,"turns":5.0},{"damage":2.0,"enemies":"3 Sentries","floor":12.0,"turns":7.0},{"damage":1.0,"enemies":"2 Fungi Beasts","floor":13.0,"turns":3.0},{"damage":26.0,"enemies":"Hexaghost","floor":16.0,"turns":9.0},{"damage":0.0,"enemies":"Chosen","floor":18.0,"turns":3.0},{"damage":23.0,"enemies":"Shell Parasite","floor":20.0,"turns":3.0},{"damage":2.0,"enemies":"Masked Bandits","floor":21.0,"turns":3.0},{"damage":18.0,"enemies":"Snecko","floor":22.0,"turns":3.0},{"damage":10.0,"enemies":"Gremlin Leader","floor":24.0,"turns":6.0},{"damage":32.0,"enemies":"Slavers","floor":27.0,"turns":4.0},{"damage":0.0,"enemies":"Chosen and Byrds","floor":29.0,"turns":5.0},{"damage":18.0,"enemies":"Automaton","floor":33.0,"turns":9.0},{"damage":9.0,"enemies":"Orb Walker","floor":35.0,"turns":4.0},{"damage":4.0,"enemies":"3 Shapes","floor":37.0,"turns":3.0},{"damage":0.0,"enemies":"Maw","floor":38.0,"turns":8.0},{"damage":10.0,"enemies":"3 Darklings","floor":39.0,"turns":4.0},{"damage":20.0,"enemies":"Reptomancer","floor":40.0,"turns":5.0},{"damage":43,"enemies":"Transient","floor":41,"turns":4}],"seed_played":"6271709989221040833","potions_obtained":[{"floor":5.0,"key":"LiquidMemories"},{"floor":7.0,"key":"Ancient Potion"},{"floor":13.0,"key":"SteroidPotion"},{"floor":16.0,"key":"ColorlessPotion"},{"floor":18.0,"key":"Strength Potion"},{"floor":22.0,"key":"Ancient Potion"},{"floor":29.0,"key":"SkillPotion"},{"floor":35.0,"key":"EssenceOfSteel"},{"floor":39.0,"key":"EssenceOfSteel"},{"floor":40.0,"key":"SteroidPotion"}],"is_trial":false,"path_per_floor":["M","?","?","$","M","R","E","M","T","E","R","E","M","$","R","B",null,"M","?","M","?","M","R","E","R","T","E","R","M","$","?","R","B",null,"M","?","M","M","M","E","M"],"character_chosen":"DEFECT","items_purchased":["Glacier","Coolheaded","Doom and Gloom","Go for the Eyes","Coolheaded+1","Amplify+1","Ball Lightning"],"campfire_rested":4,"item_purchase_floors":[4,4,4,14,14,30,30],"current_hp_per_floor":[63,52,34,34,33,33,22,22,22,19,55,53,52,52,52,26,60,60,49,30,34,22,49,41,41,41,15,44,49,49,28,49,33,45,44,44,44,48,40,28,0,0],"gold":181,"neow_bonus":"RANDOM_COMMON_RELIC","is_daily":false,"chose_seed":false,"campfire_upgraded":3,"win_rate":0.0,"timestamp":1611828321,"path_taken":["M","?","?","$","M","R","E","M","T","E","R","E","M","?","R","BOSS","M","?","M","?","M","R","E","R","T","E","R","M","$","?","R","BOSS","M","?","M","M","?","E","?"],"items_purchased_type":["Card","Card","Card","Card","Card","Card","Card"],"build_version":"2020-12-22","purchased_purges":1,"victory":false,"max_hp_per_floor":[71,71,71,71,71,71,71,71,71,71,71,71,71,71,71,71,71,71,49,49,49,49,49,49,49,49,49,49,49,49,49,49,49,49,49,49,49,49,49,49,49,49],"relic_stats":{"Regal Pillow":50,"Gremlin Horn":[28,28],"counters":[22,97],"Shuriken":[22],"Astrolabe":["Conserve Battery","Doom and Gloom","Defragment"],"Pandora\u0027s Box":["Rainbow","Hyperbeam","Rip and Tear","Steam","Streamline","Undo","Melter","Multi-Cast"],"Orichalcum":[72],"obtain_stats":[{"Potion Belt":27,"Regal Pillow":0,"Gremlin Horn":10,"Nilry\u0027s Codex":31,"Astrolabe":34,"Vajra":40,"Orichalcum":24,"Ancient Tea Set":26,"Cables":3,"Shuriken":9,"Pandora\u0027s Box":17,"Bag of Marbles":7,"Red Mask":21,"Toxic Egg 2":12,"Cracked Core":0},{"Potion Belt":14,"Regal Pillow":0,"Gremlin Horn":5,"Nilry\u0027s Codex":15,"Astrolabe":16,"Vajra":21,"Orichalcum":13,"Ancient Tea Set":13,"Cables":1,"Shuriken":4,"Pandora\u0027s Box":8,"Bag of Marbles":3,"Red Mask":11,"Toxic Egg 2":6,"Cracked Core":0},{"Potion Belt":56,"Regal Pillow":0,"Gremlin Horn":15,"Nilry\u0027s Codex":61,"Astrolabe":70,"Vajra":93,"Orichalcum":52,"Ancient Tea Set":52,"Cables":3,"Shuriken":10,"Pandora\u0027s Box":34,"Bag of Marbles":9,"Red Mask":43,"Toxic Egg 2":22,"Cracked Core":0}],"Cables":[73,38,25,10,0]},"card_choices":[{"not_picked":["Gash","Sweeping Beam"],"picked":"Beam Cell","floor":1.0},{"not_picked":["Sweeping Beam","Steam"],"picked":"Rip and Tear","floor":5.0},{"not_picked":["Loop","Redo"],"picked":"Core Surge","floor":7.0},{"not_picked":["Hologram","Beam Cell"],"picked":"Chaos","floor":8.0},{"not_picked":["Redo","Sweeping Beam"],"picked":"Loop","floor":10.0},{"not_picked":["Redo+1","Scrape"],"picked":"Lockon","floor":12.0},{"not_picked":["Creative AI","Tempest+1"],"picked":"Compile Driver","floor":13.0},{"not_picked":["Core Surge","Creative AI"],"picked":"Buffer","floor":16.0},{"not_picked":["Blizzard","FTL"],"picked":"Conserve Battery+1","floor":18.0},{"not_picked":["Turbo+1","Aggregate+1"],"picked":"Redo+1","floor":20.0},{"not_picked":["Turbo+1","Gash"],"picked":"Skim+1","floor":21.0},{"not_picked":["Coolheaded+1","Streamline","Turbo+1"],"picked":"SKIP","floor":22.0},{"not_picked":["Rebound+1","Melter"],"picked":"Steam+1","floor":24.0},{"not_picked":["Streamline","Leap+1"],"picked":"Defragment","floor":27.0},{"not_picked":["Go for the Eyes","Streamline","Turbo+1"],"picked":"SKIP","floor":29.0},{"not_picked":["Fission+1","Seek+1"],"picked":"Electrodynamics","floor":33.0},{"not_picked":["Heatsinks","Genetic Algorithm+1","Barrage+1"],"picked":"SKIP","floor":35.0},{"not_picked":["Static Discharge+1","Rebound+1"],"picked":"Hologram+1","floor":37.0},{"not_picked":["Steam+1","Streamline+1"],"picked":"Hologram+1","floor":38.0},{"not_picked":["Double Energy+1","Redo+1","Turbo+1"],"picked":"SKIP","floor":39.0},{"not_picked":["Rebound","Coolheaded+1"],"picked":"Consume+1","floor":40.0}],"player_experience":557976,"relics_obtained":[{"floor":7.0,"key":"Bag of Marbles"},{"floor":9.0,"key":"Shuriken"},{"floor":10.0,"key":"Gremlin Horn"},{"floor":12.0,"key":"Toxic Egg 2"},{"floor":21.0,"key":"Red Mask"},{"floor":24.0,"key":"Orichalcum"},{"floor":26.0,"key":"Ancient Tea Set"},{"floor":27.0,"key":"Potion Belt"},{"floor":40.0,"key":"Vajra"}],"event_choices":[{"damage_healed":0.0,"max_hp_gain":0.0,"max_hp_loss":0.0,"gold_gain":75.0,"event_name":"World of Goop","player_choice":"Gather Gold","floor":2.0,"gold_loss":0.0,"damage_taken":11.0},{"damage_healed":0.0,"max_hp_gain":0.0,"max_hp_loss":0.0,"gold_gain":0.0,"event_name":"Scrap Ooze","player_choice":"Success","floor":3.0,"gold_loss":0.0,"damage_taken":18.0,"relics_obtained":["Cables"]},{"damage_healed":0.0,"max_hp_gain":0.0,"max_hp_loss":22.0,"gold_gain":0.0,"event_name":"Vampires","player_choice":"Became a vampire","floor":19.0,"gold_loss":0.0,"damage_taken":0.0,"cards_obtained":["Bite","Bite","Bite","Bite","Bite"]},{"damage_healed":0.0,"max_hp_gain":0.0,"max_hp_loss":0.0,"gold_gain":0.0,"event_name":"Masked Bandits","player_choice":"Fought Bandits","floor":21.0,"gold_loss":0.0,"damage_taken":0.0},{"damage_healed":0.0,"max_hp_gain":0.0,"max_hp_loss":0.0,"gold_gain":0.0,"event_name":"Cursed Tome","player_choice":"Obtained Book","floor":31.0,"gold_loss":0.0,"damage_taken":21.0},{"damage_healed":0.0,"max_hp_gain":0.0,"max_hp_loss":0.0,"gold_gain":0.0,"event_name":"SecretPortal","player_choice":"Ignored","floor":36.0,"gold_loss":0.0,"damage_taken":0.0}],"is_beta":false,"boss_relics":[{"not_picked":["Inserter","Sozu"],"picked":"Pandora\u0027s Box"},{"not_picked":["Coffee Dripper","Nuclear Battery"],"picked":"Astrolabe"}],"items_purged_floors":[30],"is_endless":false,"potions_floor_spawned":[5,7,13,16,18,22,29,35,39,40],"killed_by":"Transient","ascension_level":18}}