{"host":"w8jq41i5zn1fudf9","time":1611815036,"event":{"mods":["AchievementEnabler","BaseMod","Colored Map","Colored Powertips","Curses Come First","GifTheSpireLib","Googly Eyes","Minty Spire (QoL Compilation)","Quick Restart","Rare Cards Sparkle","Relic Stats","StSLib","The Awakened One except there are too many feathers","egg","everything is the same but u backflip on backflip","slay the spire mod where everything is the same but ironclad has a cowboy hat"],"gold_per_floor":[118,193,193,213,66,66,94,113,191,191,26,58,58,76,76,179,179,193,193,193,193,209,243,296,296,296,309,123,157,157,171,171,267,267,283,283,283,156,171,171,205,224,292,292,292,310,310,338,338,338],"floor_reached":51,"language":"ENG","playtime":1556,"items_purged":["Writhe","Strike_B"],"score":965,"play_id":"0ce25fc3-db76-4190-b65b-585e1d5abe80","local_time":"20210127232356","is_ascension_mode":true,"campfire_choices":[{"data":"Zap","floor":6,"key":"SMITH"},{"data":"Buffer","floor":13,"key":"SMITH"},{"floor":15,"key":"REST"},{"floor":25,"key":"REST"},{"floor":30,"key":"REST"},{"floor":32,"key":"REST"},{"data":"Echo Form","floor":40,"key":"SMITH"},{"data":"Electrodynamics","floor":44,"key":"SMITH"},{"data":"Dualcast","floor":47,"key":"SMITH"},{"floor":49,"key":"REST"}],"circlet_count":0,"master_deck":["Strike_B","Strike_B","Defend_B+1","Defend_B","Defend_B","Zap+1","Dualcast+1","Gash","All For One","Melter","Cold Snap","Sweeping Beam+1","Buffer+1","Rip and Tear+1","Electrodynamics+1","Tempest+1","Thunder Strike+1","Ball Lightning+1","Gash+1","Chaos+1","Echo Form+1","Discovery+1","Tempest+1","Skim+1","Double Energy+1"],"relics":["Cracked Core","Membership Card","Pen Nib","Molten Egg 2","Lee\u0027s Waffle","DataDisk","Omamori","Calling Bell","Tiny Chest","Toxic Egg 2","Ice Cream","Matryoshka","Vajra","Mercury Hourglass","War Paint","Ancient Tea Set","Nunchaku","FossilizedHelix","Anchor","ClockworkSouvenir","HornCleat","Sozu","Regal Pillow","Symbiotic Virus","Pantograph","Cables"],"acts_visited":["Exordium","TheCity","TheBeyond"],"potions_floor_usage":[16,16,27,29,39],"damage_taken":[{"damage":6,"enemies":"2 Louse","floor":1,"turns":3},{"damage":6,"enemies":"Jaw Worm","floor":4,"turns":2},{"damage":29,"enemies":"3 Sentries","floor":7,"turns":5},{"damage":0,"enemies":"Cultist","floor":8,"turns":2},{"damage":7,"enemies":"Gremlin Nob","floor":12,"turns":3},{"damage":8,"enemies":"Red Slaver","floor":14,"turns":3},{"damage":38,"enemies":"The Guardian","floor":16,"turns":7},{"damage":0,"enemies":"Spheric Guardian","floor":18,"turns":2},{"damage":27,"enemies":"2 Thieves","floor":22,"turns":3},{"damage":34,"enemies":"Slavers","floor":23,"turns":3},{"damage":7,"enemies":"Snake Plant","floor":27,"turns":2},{"damage":0,"enemies":"Book of Stabbing","floor":29,"turns":4},{"damage":0,"enemies":"Centurion and Healer","floor":31,"turns":4},{"damage":0,"enemies":"Champ","floor":33,"turns":7},{"damage":0,"enemies":"Orb Walker","floor":35,"turns":3},{"damage":9,"enemies":"3 Darklings","floor":39,"turns":2},{"damage":0,"enemies":"Nemesis","floor":41,"turns":3},{"damage":13,"enemies":"Jaw Worm Horde","floor":42,"turns":3},{"damage":0,"enemies":"4 Shapes","floor":46,"turns":1},{"damage":0,"enemies":"Giant Head","floor":48,"turns":6},{"damage":73,"enemies":"Awakened One","floor":50,"turns":7}],"seed_played":"8947507156860604807","potions_obtained":[{"floor":1,"key":"Swift Potion"},{"floor":7,"key":"ColorlessPotion"},{"floor":23,"key":"Swift Potion"},{"floor":27,"key":"LiquidBronze"},{"floor":33,"key":"Swift Potion"}],"is_trial":false,"path_per_floor":["M","?","?","M","$","R","E","M","T","?","$","E","R","M","R","B",null,"M","?","?","?","M","E","T","R","T","M","$","E","R","M","R","B",null,"M","?","?","$","M","R","E","M","T","R","T","M","R","E","R","B",null],"character_chosen":"DEFECT","items_purchased":["Membership Card","Lee\u0027s Waffle","DataDisk","Sweeping Beam+1","Anchor","ClockworkSouvenir","Discovery+1","Tempest+1"],"campfire_rested":5,"item_purchase_floors":[5,11,11,11,28,28,38,38],"current_hp_per_floor":[69,58,58,52,52,52,23,23,23,48,82,75,75,67,82,44,82,82,82,66,66,39,5,5,31,31,24,24,24,50,50,76,76,87,87,87,87,87,78,78,78,65,65,65,65,65,65,65,87,14],"gold":338,"neow_bonus":"REMOVE_CARD","is_daily":false,"chose_seed":false,"campfire_upgraded":5,"win_rate":0.0,"timestamp":1611815036,"path_taken":["M","?","?","?","?","R","E","M","T","?","?","E","R","M","R","BOSS","M","?","?","?","M","E","?","R","T","M","$","E","R","M","R","BOSS","M","?","?","$","M","R","E","?","T","R","?","M","R","E","R","BOSS"],"items_purchased_type":["Relic","Relic","Relic","Card","Relic","Relic","Card","Card"],"build_version":"2020-12-22","purchased_purges":2,"victory":true,"max_hp_per_floor":[75,75,75,75,75,75,75,75,75,75,82,82,82,82,82,82,82,82,82,87,87,87,87,87,87,87,87,87,87,87,87,87,87,87,87,87,87,87,87,87,87,87,87,87,87,87,87,87,87,87],"relic_stats":{"Sozu":2,"Lee\u0027s Waffle":34,"Nunchaku":[8],"Regal Pillow":0,"counters":[21,75],"Pantograph":0,"Tiny Chest":2,"Pen Nib":[13],"War Paint":["Defend_B","Defend_B"],"obtain_stats":[{"Ice Cream":17,"Regal Pillow":41,"Vajra":21,"Ancient Tea Set":24,"ClockworkSouvenir":28,"Sozu":34,"Nunchaku":26,"Matryoshka":19,"HornCleat":29,"Pantograph":45,"Tiny Chest":17,"Toxic Egg 2":17,"Cracked Core":0,"Lee\u0027s Waffle":11,"Pen Nib":7,"Omamori":12,"War Paint":24,"Mercury Hourglass":23,"Cables":48,"Calling Bell":17,"DataDisk":11,"Anchor":28,"Molten Egg 2":9,"Membership Card":5,"Symbiotic Virus":43,"FossilizedHelix":26},{"Ice Cream":7,"Regal Pillow":17,"Vajra":8,"Ancient Tea Set":10,"ClockworkSouvenir":11,"Sozu":14,"Nunchaku":10,"Matryoshka":8,"HornCleat":12,"Pantograph":18,"Tiny Chest":7,"Toxic Egg 2":7,"Cracked Core":0,"Lee\u0027s Waffle":4,"Pen Nib":3,"Omamori":5,"War Paint":10,"Mercury Hourglass":10,"Cables":20,"Calling Bell":7,"DataDisk":4,"Anchor":11,"Molten Egg 2":4,"Membership Card":2,"Symbiotic Virus":18,"FossilizedHelix":10},{"Ice Cream":25,"Regal Pillow":58,"Vajra":27,"Ancient Tea Set":33,"ClockworkSouvenir":35,"Sozu":50,"Nunchaku":33,"Matryoshka":27,"HornCleat":39,"Pantograph":61,"Tiny Chest":25,"Toxic Egg 2":25,"Cracked Core":0,"Lee\u0027s Waffle":12,"Pen Nib":10,"Omamori":15,"War Paint":33,"Mercury Hourglass":33,"Cables":68,"Calling Bell":25,"DataDisk":12,"Anchor":35,"Molten Egg 2":12,"Membership Card":5,"Symbiotic Virus":61,"FossilizedHelix":33}],"Mercury Hourglass":[133],"Cables":[6,4,0,2,0]},"card_choices":[{"not_picked":["White Noise","Storm"],"picked":"Gash","floor":1},{"not_picked":["Undo","Rebound"],"picked":"Melter","floor":4},{"not_picked":["Streamline","Recycle"],"picked":"Cold Snap","floor":7},{"not_picked":["Aggregate","Double Energy","Rip and Tear"],"picked":"SKIP","floor":8},{"not_picked":["Capacitor","Skim"],"picked":"Buffer","floor":12},{"not_picked":["Tempest","Hello World"],"picked":"Rip and Tear+1","floor":14},{"not_picked":["Multi-Cast","Seek"],"picked":"Electrodynamics","floor":16},{"not_picked":["Go for the Eyes+1","Steam+1"],"picked":"Tempest+1","floor":18},{"not_picked":["Chill+1","Hologram+1"],"picked":"Thunder Strike+1","floor":22},{"not_picked":["Loop","Fusion+1"],"picked":"Ball Lightning+1","floor":23},{"not_picked":["Beam Cell+1","Lockon+1"],"picked":"Gash+1","floor":27},{"not_picked":["Stack+1","Redo+1","Steam+1"],"picked":"SKIP","floor":29},{"not_picked":["Ball Lightning+1","Conserve Battery+1"],"picked":"Chaos+1","floor":31},{"not_picked":["Biased Cognition","Reboot+1"],"picked":"Echo Form","floor":33},{"not_picked":["FTL+1","Turbo+1","Leap+1"],"picked":"SKIP","floor":35},{"not_picked":["Leap+1","Tempest+1"],"picked":"Skim+1","floor":39},{"not_picked":["Redo+1","Streamline+1","Reprogram+1"],"picked":"SKIP","floor":41},{"not_picked":["BootSequence+1","Double Energy+1","Redo+1"],"picked":"SKIP","floor":42},{"not_picked":["Streamline+1","Melter+1","Steam Power+1"],"picked":"SKIP","floor":46},{"not_picked":["Recycle+1","Heatsinks+1"],"picked":"Double Energy+1","floor":48}],"player_experience":68637,"relics_obtained":[{"floor":7,"key":"Pen Nib"},{"floor":9,"key":"Molten Egg 2"},{"floor":12,"key":"Omamori"},{"floor":17,"key":"Tiny Chest"},{"floor":17,"key":"Toxic Egg 2"},{"floor":17,"key":"Ice Cream"},{"floor":23,"key":"Mercury Hourglass"},{"floor":24,"key":"War Paint"},{"floor":24,"key":"Ancient Tea Set"},{"floor":26,"key":"Nunchaku"},{"floor":26,"key":"FossilizedHelix"},{"floor":29,"key":"HornCleat"},{"floor":41,"key":"Regal Pillow"},{"floor":43,"key":"Symbiotic Virus"},{"floor":45,"key":"Pantograph"},{"floor":48,"key":"Cables"}],"event_choices":[{"damage_healed":0,"gold_gain":75,"player_choice":"Gather Gold","damage_taken":11,"max_hp_gain":0,"max_hp_loss":0,"event_name":"World of Goop","floor":2,"gold_loss":0},{"damage_healed":0,"gold_gain":0,"player_choice":"1 cards matched","damage_taken":0,"max_hp_gain":0,"max_hp_loss":0,"event_name":"Match and Keep!","floor":3,"gold_loss":0,"cards_obtained":["All For One"]},{"damage_healed":25,"gold_gain":0,"player_choice":"Banana","damage_taken":0,"max_hp_gain":0,"max_hp_loss":0,"event_name":"Big Fish","floor":10,"gold_loss":0},{"damage_healed":0,"gold_gain":0,"player_choice":"Stole Relic","damage_taken":0,"relics_obtained":["Matryoshka"],"max_hp_gain":0,"max_hp_loss":0,"event_name":"Addict","floor":19,"gold_loss":0,"cards_obtained":["Shame"]},{"damage_healed":0,"gold_gain":0,"player_choice":"Shed Blood","damage_taken":21,"max_hp_gain":5,"max_hp_loss":0,"event_name":"Forgotten Altar","floor":20,"gold_loss":0},{"damage_healed":0,"gold_gain":0,"player_choice":"Opened","damage_taken":0,"relics_obtained":["Vajra"],"max_hp_gain":0,"max_hp_loss":0,"event_name":"The Mausoleum","floor":21,"gold_loss":0,"cards_obtained":["Writhe"]},{"cards_removed":["Defend_B"],"damage_healed":0,"gold_gain":0,"player_choice":"Removed Skill","damage_taken":0,"max_hp_gain":0,"max_hp_loss":0,"event_name":"Falling","floor":36,"gold_loss":0},{"damage_healed":0,"gold_gain":0,"player_choice":"Memory 1","damage_taken":0,"max_hp_gain":0,"max_hp_loss":0,"event_name":"SensoryStone","floor":37,"gold_loss":0}],"is_beta":false,"boss_relics":[{"not_picked":["Philosopher\u0027s Stone","Tiny House"],"picked":"Calling Bell"},{"not_picked":["Runic Pyramid","Velvet Choker"],"picked":"Sozu"}],"items_purged_floors":[28,38],"is_endless":false,"potions_floor_spawned":[1,7,23,27,33,39,41],"ascension_level":1}}