{"host":"vyjryxuuuxkt43k4","time":1611799059,"event":{"mods":["AchievementEnabler","BaseMod","Colored Map","DeckTracker","Keyboard Shortcuts","Minty Spire (QoL Compilation)","Permanent Neow","Quick Restart","Rare Cards Sparkle","StSLib","SuperFastMode","everything is the same but u backflip on backflip"],"gold_per_floor":[117,117,267,318,340,352,364,364],"floor_reached":7,"language":"KOR","playtime":208,"items_purged":[],"score":78,"play_id":"391f1ef3-10e5-4980-abd8-512abd8e176f","local_time":"20210128105739","is_ascension_mode":true,"campfire_choices":[{"data":"Barricade","floor":6,"key":"SMITH"}],"circlet_count":0,"master_deck":["AscendersBane","Strike_R","Strike_R","Strike_R","Defend_R","Defend_R","Defend_R","Defend_R","Bash","Metallicize","Barricade+1","Bloodletting","Doubt","Shrug It Off"],"relics":["Burning Blood","MawBank"],"acts_visited":["Exordium"],"potions_floor_usage":[7],"damage_taken":[{"damage":4.0,"enemies":"Small Slimes","floor":1.0,"turns":8.0},{"damage":18,"enemies":"Jaw Worm","floor":5,"turns":7},{"damage":73,"enemies":"Gremlin Nob","floor":7,"turns":4}],"seed_played":"-1520166860783740574","potions_obtained":[{"floor":1.0,"key":"Ancient Potion"},{"floor":5,"key":"Energy Potion"}],"is_trial":false,"path_per_floor":["M","?","?","T","M","R","E"],"character_chosen":"IRONCLAD","items_purchased":[],"campfire_rested":0,"item_purchase_floors":[],"current_hp_per_floor":[68,68,68,68,56,56,0,0],"gold":364,"neow_bonus":"TRANSFORM_TWO_CARDS","is_daily":false,"chose_seed":false,"campfire_upgraded":1,"win_rate":0.0,"timestamp":1611799059,"path_taken":["M","?","?","?","M","R","E"],"items_purchased_type":[],"build_version":"2020-12-22","purchased_purges":0,"victory":false,"max_hp_per_floor":[68,68,68,68,68,68,68,68],"card_choices":[{"not_picked":["Inflame","Sword Boomerang"],"picked":"Bloodletting","floor":1.0},{"not_picked":["Pummel","Dual Wield"],"picked":"Shrug It Off","floor":5}],"player_experience":432522,"relics_obtained":[{"floor":4,"key":"MawBank"}],"event_choices":[{"damage_healed":0,"gold_gain":0,"player_choice":"Ignored","damage_taken":0,"max_hp_gain":0,"max_hp_loss":0,"event_name":"Shining Light","floor":2,"gold_loss":0},{"damage_healed":0,"gold_gain":150,"player_choice":"AGREE","damage_taken":0,"max_hp_gain":0,"max_hp_loss":0,"event_name":"Liars Game","floor":3,"gold_loss":0,"cards_obtained":["Doubt"]}],"is_beta":false,"boss_relics":[],"items_purged_floors":[],"is_endless":false,"potions_floor_spawned":[1,5],"killed_by":"Gremlin Nob","ascension_level":20}}