{"host":"m6e09adb7fik7oct","time":1611870309,"event":{"mods":["AchievementEnabler","BaseMod","Better Altar","Better Note","Better Sensory Stone","Better Third Choice","BetterRewards","Block Reminder","Colored Map","Displayed Cursed Tome","Energized Spire","Evolution","Infinite Spire","Ironclad Rager","Key Reminder","Mad Scientist","Minty Spire (QoL Compilation)","Quick Restart","RNG Fix","Relic Stats","Reorder Act Four","Replay The Spire","StSLib","The Construct","The Jungle","The Marked","Trackpad","Transform Curses","Unceasing Turn Reminder","Wandering Minibosses","everything is the same but u backflip on backflip"],"gold_per_floor":[116,116,132,112,26,26,58,70,70,1,1,0,27,43,43,141,141,152,170,170,170,190,218,229,229,253,269,269,295,295,295,295,394,394,406,424,424,443,454,454,454,454],"floor_reached":41,"language":"ENG","playtime":4095,"items_purged":["Languid"],"score":591,"play_id":"059690f3-5aa5-4b7e-a1be-85e8ed732674","local_time":"20210128164509","is_ascension_mode":true,"campfire_choices":[{"data":"Eruption","floor":6.0,"key":"SMITH"},{"floor":30.0,"key":"REST"},{"floor":32.0,"key":"REST"},{"floor":40.0,"key":"REST"}],"circlet_count":0,"master_deck":["Strike_P","Strike_P","Strike_P","Defend_P","Defend_P","Defend_P","Eruption+1","Vigilance","SignatureMove","Consecrate+1","Evaluate","Evaluate","ReachHeaven","Replay:Cycle","FlyingSleeves","Protect","ForeignInfluence","Steam","CutThroughFate","Wireheading","Establishment","FlyingSleeves","Replay:ManipulateFuture","Replay:Anticipation","Fasting2+1","Evaluate","theJungle:PetSnecko","ClearTheMind+1","WreathOfFlame+1","WindmillStrike","ReachHeaven","PathToVictory","TalkToTheHand","Halt","Weave","Replay:DivineShield","Collect","Prostrate","Crescendo","infinitespire:FinalStrike","infinitespire:Gouge","EmptyMind","WreathOfFlame","EmptyFist","Ragnarok","Brilliance","Wish","EmptyBody","CutThroughFate","Prostrate+1","LikeWater+1","Indignation","PathToVictory","Injury","Regret","infinitespire:Menacing","infinitespire:Oblivion","ReplayTheSpireMod:Echoes of Time","ClearTheMind","SandsOfTime","Replay:ManipulateFuture+1","JustLucky","Perseverance","Evaluate"],"relics":["EVO:Axolotl","energizedSpire:OgreHead","Replay:Multitool","trackpad:ByrdBGone","betterThird:SlimedRelic","trackpad:WindUpAutoDealer","energizedSpire:StickyHand","Orichalcum","Ring of Fury","infinitespire:Satchel","trackpad:ToughGloves","infinitespire:Eraser","theJungle:WildMango","energizedSpire:DeadBattery"],"acts_visited":["Exordium","Exordium","TheBeyond"],"potions_floor_usage":[],"damage_taken":[{"damage":1.0,"enemies":"Jaw Worm","floor":1.0,"turns":2.0},{"damage":2.0,"enemies":"2 Louse","floor":3.0,"turns":2.0},{"damage":10.0,"enemies":"Lagavulin","floor":7.0,"turns":5.0},{"damage":0.0,"enemies":"Cultist","floor":8.0,"turns":2.0},{"damage":18.0,"enemies":"3 Sentries","floor":13.0,"turns":3.0},{"damage":5.0,"enemies":"Looter","floor":14.0,"turns":4.0},{"damage":0.0,"enemies":"Slime Boss","floor":16.0,"turns":4.0},{"damage":0.0,"enemies":"theJungle:GiantWrat","floor":18.0,"turns":2.0},{"damage":10.0,"enemies":"Shell Parasite","floor":19.0,"turns":3.0},{"damage":0.0,"enemies":"theJungle:2_Snecko_Cultists","floor":22.0,"turns":2.0},{"damage":31.0,"enemies":"theJungle:MamaSnecko","floor":23.0,"turns":6.0},{"damage":5.0,"enemies":"theJungle:SlimyTreeVines","floor":24.0,"turns":3.0},{"damage":9.0,"enemies":"Snake Plant","floor":27.0,"turns":3.0},{"damage":5.0,"enemies":"Nightmare","floor":29.0,"turns":5.0},{"damage":25.0,"enemies":"theJungle:QueenSpyder","floor":33.0,"turns":8.0},{"damage":38.0,"enemies":"3 Shapes","floor":35.0,"turns":3.0},{"damage":16.0,"enemies":"Orb Walker","floor":36.0,"turns":2.0},{"damage":28.0,"enemies":"Spire Growth","floor":38.0,"turns":3.0},{"damage":0.0,"enemies":"Sphere and 2 Shapes","floor":39.0,"turns":2.0},{"damage":47,"enemies":"Transient","floor":41,"turns":3}],"seed_played":"-8522293217537648549","potions_obtained":[{"floor":1.0,"key":"construct:ShiftPotion"},{"floor":3.0,"key":"SkillPotion"},{"floor":4.0,"key":"Weak Potion"},{"floor":22.0,"key":"Toxic Potion"},{"floor":39.0,"key":"Ancient Potion"}],"is_trial":false,"path_per_floor":["M","?","M","?","$","R","E","M","T","$","?","?","E","M","R","B",null,"M","M","?","?","M","E","M","?","T","M","AVR","NM","R","?","R","B",null,"M","M","?","M","M","R","M"],"character_chosen":"WATCHER","items_purchased":["Evaluate","Adrenaline Potion","FlyingSleeves","Protect"],"campfire_rested":3,"item_purchase_floors":[5,5,10,10],"current_hp_per_floor":[71,71,69,69,69,69,59,59,59,59,59,48,30,25,46,46,72,72,62,52,52,52,21,19,19,19,10,10,5,26,40,65,40,86,48,32,32,4,4,29,0,0],"gold":454,"neow_bonus":"BOSS_RELIC","is_daily":false,"chose_seed":false,"campfire_upgraded":1,"win_rate":0.0,"timestamp":1611870309,"path_taken":["M","?","M","?","$","R","E","M","T","$","?","?","E","M","R","BOSS","M","M","?","?","?","E","M","?","T","M","AVR","NM","R","?","R","BOSS","M","M","?","M","?","R","M"],"items_purchased_type":["Card","Potion","Card","Card"],"build_version":"2020-12-22","purchased_purges":1,"victory":false,"max_hp_per_floor":[72,72,72,72,72,72,72,72,72,72,72,72,72,72,72,72,72,72,72,72,72,72,72,72,72,72,72,72,72,72,86,86,86,86,86,86,86,86,86,86,86,86],"relic_stats":{"counters":[20,67],"Orichalcum":[42],"obtain_stats":[{"trackpad:ByrdBGone":9,"energizedSpire:OgreHead":0,"Replay:Multitool":7,"EVO:Axolotl":0,"energizedSpire:StickyHand":17,"Orichalcum":23,"energizedSpire:DeadBattery":34,"trackpad:ToughGloves":28,"betterThird:SlimedRelic":12,"infinitespire:Satchel":26,"Ring of Fury":25,"PureWater":0,"infinitespire:Eraser":29,"theJungle:WildMango":31,"trackpad:WindUpAutoDealer":13},{"trackpad:ByrdBGone":4,"energizedSpire:OgreHead":0,"Replay:Multitool":3,"EVO:Axolotl":0,"energizedSpire:StickyHand":7,"Orichalcum":11,"energizedSpire:DeadBattery":15,"trackpad:ToughGloves":13,"betterThird:SlimedRelic":4,"infinitespire:Satchel":12,"Ring of Fury":12,"PureWater":0,"infinitespire:Eraser":14,"theJungle:WildMango":14,"trackpad:WindUpAutoDealer":5},{"trackpad:ByrdBGone":11,"energizedSpire:OgreHead":0,"Replay:Multitool":9,"EVO:Axolotl":0,"energizedSpire:StickyHand":22,"Orichalcum":35,"energizedSpire:DeadBattery":54,"trackpad:ToughGloves":41,"betterThird:SlimedRelic":11,"infinitespire:Satchel":38,"Ring of Fury":38,"PureWater":0,"infinitespire:Eraser":46,"theJungle:WildMango":46,"trackpad:WindUpAutoDealer":14}]},"card_choices":[{"not_picked":["Replay:BluntJabs","MentalFortress"],"picked":"SignatureMove","floor":1.0},{"not_picked":["EmptyFist","CutThroughFate"],"picked":"Consecrate","floor":3.0},{"not_picked":["ClearTheMind","EmptyBody"],"picked":"ReachHeaven","floor":7.0},{"not_picked":["LikeWater","Wireheading"],"picked":"Replay:Cycle","floor":8.0},{"not_picked":["SignatureMove","Protect"],"picked":"CutThroughFate","floor":13.0},{"not_picked":["Perseverance","ThirdEye"],"picked":"Wireheading","floor":14.0},{"not_picked":["Replay:LoomingThreat","Replay:AllIn"],"picked":"Establishment","floor":16.0},{"not_picked":["FlyingSleeves","Replay:Anticipation"],"picked":"Replay:ManipulateFuture","floor":18.0},{"not_picked":["Worship","Evaluate"],"picked":"Fasting2+1","floor":19.0},{"not_picked":["ClearTheMind+1","WreathOfFlame+1"],"picked":"WindmillStrike","floor":22.0},{"not_picked":["ReachHeaven","TalkToTheHand"],"picked":"PathToVictory","floor":23.0},{"not_picked":["Halt","Weave"],"picked":"Replay:DivineShield","floor":24.0},{"not_picked":["Prostrate","Crescendo"],"picked":"Collect","floor":27.0},{"not_picked":["WreathOfFlame","EmptyFist"],"picked":"EmptyMind","floor":29.0},{"not_picked":["Brilliance","Wish"],"picked":"Ragnarok","floor":33.0},{"not_picked":["CutThroughFate","Prostrate+1"],"picked":"EmptyBody","floor":35.0},{"not_picked":["LikeWater+1","PathToVictory"],"picked":"Indignation","floor":36.0},{"not_picked":["infinitespire:Oblivion","ReplayTheSpireMod:Echoes of Time"],"picked":"infinitespire:Menacing","floor":37.0},{"not_picked":["ClearTheMind","SandsOfTime"],"picked":"Replay:ManipulateFuture+1","floor":38.0},{"not_picked":["Perseverance","Evaluate"],"picked":"JustLucky","floor":39.0}],"player_experience":335608,"relics_obtained":[{"floor":7.0,"key":"Replay:Multitool"},{"floor":9.0,"key":"trackpad:ByrdBGone"},{"floor":13.0,"key":"trackpad:WindUpAutoDealer"},{"floor":23.0,"key":"Orichalcum"},{"floor":25.0,"key":"Ring of Fury"},{"floor":26.0,"key":"infinitespire:Satchel"},{"floor":29.0,"key":"infinitespire:Eraser"}],"event_choices":[{"damage_healed":0.0,"max_hp_gain":0.0,"max_hp_loss":0.0,"gold_gain":0.0,"event_name":"The Cleric","player_choice":"Leave","floor":2.0,"gold_loss":0.0,"damage_taken":0.0},{"damage_healed":0.0,"max_hp_gain":0.0,"max_hp_loss":0.0,"gold_gain":0.0,"event_name":"The Woman in Blue","player_choice":"Bought 1 Potion","floor":4.0,"gold_loss":0.0,"damage_taken":0.0},{"damage_healed":0.0,"max_hp_gain":0.0,"max_hp_loss":0.0,"gold_gain":0.0,"event_name":"betterThird:BetterGoop","player_choice":"Slimed","floor":12.0,"gold_loss":1.0,"damage_taken":11.0}],"is_beta":false,"boss_relics":[{"not_picked":["ReplayTheSpireMod:SealedPack","Honey Jar"],"picked":"energizedSpire:StickyHand"},{"not_picked":["Busted Crown","Coffee Dripper"],"picked":"energizedSpire:DeadBattery"}],"items_purged_floors":[28],"is_endless":true,"potions_floor_spawned":[1,3,18,22,24,27,29,38,39],"killed_by":"Transient","ascension_level":1}}