{"host":"fjaupvxe7fzqrf4j","time":1611825813,"event":{"mods":["ATMod(°¢èªMod)","BaseMod","Minty Spire (QoL Compilation)","StSLib"],"gold_per_floor":[111,111,130,130,55,82,82,108,108,138,171,199,199,233,233,308,308,323,323,15,15,15,43,71,99,99,426,454,454,34,59,59,136,136,149,149,12,23,48,78,105,145,157,196,234,280,326,56,56,56,56,56,56,25,52,52],"floor_reached":57,"language":"ZHS","playtime":1166,"items_purged":["Dagger Throw","Dagger Throw","Outmaneuver"],"score":4820,"play_id":"0c7df59a-eb15-4ec8-a28a-f5531ba2a072","local_time":"20210128172333","daily_mods":["SealedDeck","Heirloom","Time Dilation","Flight","Elite Swarm"],"is_ascension_mode":true,"campfire_choices":[{"data":"Reflex","floor":7.0,"key":"SMITH"},{"data":"AT_WindFlip","floor":15.0,"key":"SMITH"},{"data":"Expertise","floor":29.0,"key":"SMITH"},{"data":"Well Laid Plans","floor":32.0,"key":"SMITH"},{"floor":49.0,"key":"RECALL"},{"data":"Backflip","floor":53.0,"key":"SMITH"}],"circlet_count":0,"master_deck":["AscendersBane","AT_TinkerSharpsword+1","AT_WindFlip+1","Backflip+1","Expertise+1","Reflex+1","Acrobatics","Tactician+1","Adrenaline","AT_KingSlayer","Tools of the Trade+1","After Image+1","Terror","Malaise","AT_KneejerkReflex+1"],"relics":["Ring of the Snake","AT_ATBox","Peace Pipe","TungstenRod","Art of War","Shuriken","The Courier","Calipers","Snake Skull","MealTicket","Nunchaku","Coffee Dripper","Gremlin Horn","MutagenicStrength","AT_RedTearstoneRing","AT_RedNoBalance","PreservedInsect","Old Coin","AT_DeathDance","Strawberry","Bag of Marbles","Frozen Egg 2","SacredBark","Mummified Hand","Mango","Anchor","MawBank","AT_Manta","StrikeDummy","Pen Nib","Bottled Lightning","FossilizedHelix","Membership Card","AT_ChloranthyRing","CaptainsWheel"],"acts_visited":["Exordium","TheCity","TheBeyond","TheEnding"],"potions_floor_usage":[56,56],"damage_taken":[{"damage":0.0,"enemies":"Small Slimes","floor":1.0,"turns":1.0},{"damage":0.0,"enemies":"Cultist","floor":3.0,"turns":1.0},{"damage":0.0,"enemies":"Gremlin Nob","floor":6.0,"turns":1.0},{"damage":0.0,"enemies":"3 Sentries","floor":8.0,"turns":1.0},{"damage":0.0,"enemies":"Lagavulin","floor":10.0,"turns":1.0},{"damage":0.0,"enemies":"3 Sentries","floor":11.0,"turns":1.0},{"damage":0.0,"enemies":"Lagavulin","floor":12.0,"turns":1.0},{"damage":0.0,"enemies":"Gremlin Nob","floor":14.0,"turns":1.0},{"damage":0.0,"enemies":"Slime Boss","floor":16.0,"turns":1.0},{"damage":0.0,"enemies":"3 Byrds","floor":18.0,"turns":1.0},{"damage":0.0,"enemies":"Slavers","floor":23.0,"turns":1.0},{"damage":0.0,"enemies":"Book of Stabbing","floor":24.0,"turns":1.0},{"damage":0.0,"enemies":"Gremlin Leader","floor":25.0,"turns":1.0},{"damage":0.0,"enemies":"Book of Stabbing","floor":27.0,"turns":1.0},{"damage":0.0,"enemies":"Slavers","floor":28.0,"turns":1.0},{"damage":0.0,"enemies":"Book of Stabbing","floor":31.0,"turns":1.0},{"damage":0.0,"enemies":"Champ","floor":33.0,"turns":1.0},{"damage":0.0,"enemies":"Orb Walker","floor":35.0,"turns":1.0},{"damage":2.0,"enemies":"3 Shapes","floor":38.0,"turns":1.0},{"damage":0.0,"enemies":"Mind Bloom Boss Battle","floor":39.0,"turns":1.0},{"damage":0.0,"enemies":"Reptomancer","floor":40.0,"turns":1.0},{"damage":0.0,"enemies":"Giant Head","floor":41.0,"turns":1.0},{"damage":0.0,"enemies":"Reptomancer","floor":42.0,"turns":1.0},{"damage":0.0,"enemies":"Nemesis","floor":44.0,"turns":1.0},{"damage":0.0,"enemies":"Reptomancer","floor":45.0,"turns":1.0},{"damage":0.0,"enemies":"Nemesis","floor":46.0,"turns":3.0},{"damage":0.0,"enemies":"Reptomancer","floor":47.0,"turns":1.0},{"damage":0.0,"enemies":"Time Eater","floor":50.0,"turns":1.0},{"damage":0.0,"enemies":"Donu and Deca","floor":51.0,"turns":1.0},{"damage":0.0,"enemies":"Shield and Spear","floor":55.0,"turns":1.0},{"damage":0,"enemies":"The Heart","floor":56,"turns":4}],"seed_played":"1819796574417621100","potions_obtained":[{"floor":6.0,"key":"Block Potion"},{"floor":10.0,"key":"GamblersBrew"},{"floor":16.0,"key":"SkillPotion"},{"floor":40.0,"key":"Fruit Juice"},{"floor":41.0,"key":"FearPotion"}],"is_trial":true,"path_per_floor":["M","?","M","?","$","E","R","E","T","E","E","E","?","E","R","B",null,"M","?","$","?","?","E","E","E","T","E","E","R","$","E","R","B",null,"M","?","?","M","?","E","E","E","T","E","E","E","E","$","R","B","B",null,"R","$","E","B",null],"character_chosen":"THE_SILENT","items_purchased":["Gremlin Horn","Strawberry","Bag of Marbles","Well Laid Plans","Membership Card","DuplicationPotion","GhostInAJar","AT_ChloranthyRing","AT_KneejerkReflex+1"],"campfire_rested":0,"item_purchase_floors":[20,30,30,30,48,48,48,48,54],"current_hp_per_floor":[59,59,59,48,48,48,48,48,48,48,48,48,48,48,48,48,62,62,62,66,66,66,66,66,33,33,33,33,33,55,36,36,36,64,64,64,64,62,76,86,86,86,86,86,86,86,86,97,97,97,97,97,97,97,97,97],"gold":52,"neow_bonus":"","is_daily":false,"chose_seed":false,"campfire_upgraded":5,"win_rate":0.0,"timestamp":1611825813,"path_taken":["M","?","?","?","$","E","R","E","T","E","E","E","?","E","R","BOSS","M","?","$","?","?","E","E","E","T","E","E","R","?","E","R","BOSS","M","?","?","?","?","E","E","E","T","E","E","E","E","$","R","BOSS","BOSS","R","$","E","BOSS"],"items_purchased_type":["Relic","Relic","Relic","Card","Relic","Potion","Potion","Relic","Card"],"build_version":"2020-12-22","purchased_purges":3,"victory":true,"max_hp_per_floor":[66,66,66,66,66,66,66,66,66,66,66,66,66,66,66,66,66,66,66,66,66,66,66,66,66,66,66,66,66,73,73,73,73,73,73,73,73,73,87,97,97,97,97,97,97,97,97,97,97,97,97,97,97,97,97,97],"card_choices":[{"not_picked":["Poisoned Stab","AT_WindFlip","PiercingWail"],"picked":"SKIP","floor":1.0},{"not_picked":["Cloak And Dagger","Riddle With Holes","Dodge and Roll"],"picked":"SKIP","floor":3.0},{"not_picked":["A Thousand Cuts","Storm of Steel","AT_KingSlayer"],"picked":"SKIP","floor":6.0},{"not_picked":["A Thousand Cuts","Storm of Steel","AT_KingSlayer"],"picked":"SKIP","floor":6.0},{"not_picked":["Night Terror","Venomology"],"picked":"Adrenaline","floor":8.0},{"not_picked":["Tools of the Trade","AT_KingSlayer","Phantasmal Killer"],"picked":"SKIP","floor":10.0},{"not_picked":["Tools of the Trade","Venomology","Unload"],"picked":"SKIP","floor":11.0},{"not_picked":["AT_EssenceShift","Malaise","Grand Finale"],"picked":"SKIP","floor":12.0},{"not_picked":["AT_EssenceShift","Grand Finale","Die Die Die"],"picked":"SKIP","floor":14.0},{"not_picked":["Cloak And Dagger","Quick Slash","Poisoned Stab"],"picked":"SKIP","floor":18.0},{"not_picked":["Grand Finale","Unload","Die Die Die"],"picked":"SKIP","floor":23.0},{"not_picked":["Malaise","Glass Knife","Night Terror"],"picked":"SKIP","floor":24.0},{"not_picked":["A Thousand Cuts","Glass Knife","Unload"],"picked":"SKIP","floor":25.0},{"not_picked":["Malaise","AT_EssenceShift"],"picked":"AT_KingSlayer","floor":27.0},{"not_picked":["Adrenaline","Corpse Explosion","Storm of Steel"],"picked":"SKIP","floor":28.0},{"not_picked":["Tools of the Trade+1","A Thousand Cuts+1","Malaise"],"picked":"SKIP","floor":31.0},{"not_picked":["A Thousand Cuts+1","Malaise"],"picked":"Tools of the Trade+1","floor":31.0},{"not_picked":["Adrenaline","AT_KingSlayer"],"picked":"After Image+1","floor":33.0},{"not_picked":["Blade Dance","Cloak And Dagger"],"picked":"Terror","floor":35.0},{"not_picked":["Deflect","Deadly Poison","Dagger Throw"],"picked":"SKIP","floor":38.0},{"not_picked":["Corpse Explosion","Venomology","Adrenaline"],"picked":"SKIP","floor":40.0},{"not_picked":["Unload","Night Terror","Die Die Die"],"picked":"SKIP","floor":41.0},{"not_picked":["AT_MyraUnstableElement","Venomology","Malaise"],"picked":"SKIP","floor":42.0},{"not_picked":["Adrenaline","A Thousand Cuts+1","Venomology"],"picked":"SKIP","floor":44.0},{"not_picked":["Envenom+1","Glass Knife"],"picked":"Malaise","floor":45.0},{"not_picked":["Envenom+1","Corpse Explosion","AT_EssenceShift+1"],"picked":"SKIP","floor":46.0},{"not_picked":["Wraith Form v2+1","Glass Knife","Venomology"],"picked":"SKIP","floor":47.0},{"not_picked":["Storm of Steel","Glass Knife","Phantasmal Killer"],"picked":"SKIP","floor":55.0}],"player_experience":554458,"relics_obtained":[{"floor":6.0,"key":"Art of War"},{"floor":8.0,"key":"Shuriken"},{"floor":9.0,"key":"The Courier"},{"floor":10.0,"key":"Calipers"},{"floor":11.0,"key":"Snake Skull"},{"floor":12.0,"key":"MealTicket"},{"floor":14.0,"key":"Nunchaku"},{"floor":23.0,"key":"AT_RedTearstoneRing"},{"floor":24.0,"key":"AT_SilverBalance"},{"floor":25.0,"key":"PreservedInsect"},{"floor":27.0,"key":"Old Coin"},{"floor":28.0,"key":"AT_DeathDance"},{"floor":31.0,"key":"Frozen Egg 2"},{"floor":39.0,"key":"Mango"},{"floor":40.0,"key":"Anchor"},{"floor":41.0,"key":"MawBank"},{"floor":42.0,"key":"AT_Manta"},{"floor":44.0,"key":"StrikeDummy"},{"floor":45.0,"key":"Pen Nib"},{"floor":46.0,"key":"Bottled Lightning"},{"floor":47.0,"key":"FossilizedHelix"},{"floor":55.0,"key":"CaptainsWheel"}],"event_choices":[{"damage_healed":0.0,"max_hp_gain":0.0,"max_hp_loss":0.0,"gold_gain":0.0,"event_name":"Accursed Blacksmith","player_choice":"Forge","floor":2.0,"gold_loss":0.0,"damage_taken":0.0,"cards_upgraded":["Tactician"]},{"damage_healed":0.0,"max_hp_gain":0.0,"max_hp_loss":0.0,"gold_gain":0.0,"event_name":"Scrap Ooze","player_choice":"Success","floor":4.0,"gold_loss":0.0,"damage_taken":11.0,"relics_obtained":["TungstenRod"]},{"damage_healed":0.0,"max_hp_gain":0.0,"max_hp_loss":0.0,"gold_gain":0.0,"event_name":"Living Wall","player_choice":"Grow","floor":13.0,"gold_loss":0.0,"damage_taken":0.0,"cards_upgraded":["AT_TinkerSharpsword"]},{"damage_healed":0.0,"max_hp_gain":0.0,"max_hp_loss":0.0,"gold_gain":0.0,"event_name":"Ghosts","player_choice":"Ignored","floor":19.0,"gold_loss":0.0,"damage_taken":0.0},{"damage_healed":0.0,"max_hp_gain":0.0,"max_hp_loss":0.0,"gold_gain":0.0,"event_name":"Cursed Tome","player_choice":"Ignored","floor":21.0,"gold_loss":0.0,"damage_taken":0.0},{"damage_healed":0.0,"max_hp_gain":0.0,"max_hp_loss":0.0,"gold_gain":0.0,"event_name":"Drug Dealer","player_choice":"Inject Mutagens","floor":22.0,"gold_loss":0.0,"damage_taken":0.0,"relics_obtained":["MutagenicStrength"]},{"cards_removed":["Well Laid Plans"],"damage_healed":0.0,"max_hp_gain":0.0,"max_hp_loss":0.0,"gold_gain":0.0,"event_name":"Falling","player_choice":"Removed Power","floor":36.0,"gold_loss":0.0,"damage_taken":0.0},{"damage_healed":0.0,"max_hp_gain":0.0,"max_hp_loss":0.0,"gold_gain":0.0,"event_name":"WeMeetAgain","player_choice":"Paid Gold","floor":37.0,"gold_loss":137.0,"damage_taken":0.0,"relics_obtained":["Mummified Hand"]},{"damage_healed":0.0,"max_hp_gain":0.0,"max_hp_loss":0.0,"gold_gain":0.0,"event_name":"MindBloom","player_choice":"Fight","floor":39.0,"gold_loss":0.0,"damage_taken":0.0}],"is_beta":false,"boss_relics":[{"not_picked":["WristBlade","Ring of the Serpent"],"picked":"Coffee Dripper"},{"not_picked":["Cursed Key","Velvet Choker"],"picked":"SacredBark"}],"items_purged_floors":[5,20,30],"is_endless":false,"potions_floor_spawned":[6,10,11,16,24,28,33,38,40,41,44,45,55],"ascension_level":20}}