{"host":"6xsbn6ynqlzwllfm","time":1611870734,"event":{"mods":["2.2 Compatiblity","BaseMod","Bestiary","Colored Map","Colored Powertips","Curses Come First","Highlight Path","Keyboard Shortcuts","Minty Spire (QoL Compilation)","Relic Stats","Slay the Relics Exporter","StSLib","SuperFastMode"],"gold_per_floor":[110,110,30,30,41,71,1,30,30,65,65,85,102,112,112,112,112],"floor_reached":16,"language":"ENG","playtime":632,"items_purged":[],"score":290,"play_id":"1b97f130-0224-4393-990a-6e9f17bbe7bd","local_time":"20210128165214","is_ascension_mode":true,"campfire_choices":[{"data":"Neutralize","floor":11,"key":"SMITH"},{"data":"Poisoned Stab","floor":15,"key":"SMITH"}],"circlet_count":0,"master_deck":["AscendersBane","Strike_G","Strike_G","Strike_G","Strike_G","Defend_G","Defend_G","Defend_G","Defend_G","Defend_G","Survivor","Neutralize+1","Deadly Poison+1","Bane","Wraith Form v2+1","Poisoned Stab+1","Slice","Backflip+1","Reflex+1","Escape Plan+1"],"relics":["Ring of the Snake","NeowsBlessing","Frozen Egg 2","Ornamental Fan","Meat on the Bone","Toxic Egg 2","Shuriken"],"acts_visited":["Exordium"],"potions_floor_usage":[8,8,10],"damage_taken":[{"damage":0,"enemies":"Small Slimes","floor":1,"turns":2},{"damage":0,"enemies":"Jaw Worm","floor":5,"turns":1},{"damage":0,"enemies":"3 Sentries","floor":6,"turns":2},{"damage":1,"enemies":"Lagavulin","floor":8,"turns":6},{"damage":3,"enemies":"Gremlin Nob","floor":10,"turns":5},{"damage":1,"enemies":"Cultist","floor":12,"turns":3},{"damage":12,"enemies":"Exordium Wildlife","floor":13,"turns":5},{"damage":8,"enemies":"Gremlin Gang","floor":14,"turns":6},{"damage":39,"enemies":"Hexaghost","floor":16,"turns":9}],"seed_played":"8316748985012037113","potions_obtained":[{"floor":6,"key":"Explosive Potion"},{"floor":8,"key":"AttackPotion"}],"is_trial":false,"path_per_floor":["M","?","$","?","M","E","?","E","T","E","R","M","M","M","R","B"],"character_chosen":"THE_SILENT","items_purchased":["CunningPotion"],"campfire_rested":0,"item_purchase_floors":[3],"current_hp_per_floor":[59,52,52,52,52,52,52,51,51,48,48,47,35,39,39,0,0],"gold":112,"neow_bonus":"THREE_ENEMY_KILL","is_daily":false,"chose_seed":false,"campfire_upgraded":2,"win_rate":0.0,"timestamp":1611870734,"path_taken":["M","?","$","?","?","E","?","E","T","E","R","M","?","M","R","BOSS"],"items_purchased_type":["Potion"],"build_version":"2020-12-22","purchased_purges":0,"victory":false,"max_hp_per_floor":[66,66,66,66,66,66,66,66,66,66,66,66,66,66,66,66,66],"relic_stats":{"counters":[9,39],"Ornamental Fan":[44],"Shuriken":[7],"obtain_stats":[{"NeowsBlessing":0,"Ornamental Fan":7,"Shuriken":10,"Frozen Egg 2":6,"Toxic Egg 2":9,"Ring of the Snake":0,"Meat on the Bone":8},{"NeowsBlessing":0,"Ornamental Fan":3,"Shuriken":5,"Frozen Egg 2":3,"Toxic Egg 2":4,"Ring of the Snake":0,"Meat on the Bone":4},{"NeowsBlessing":0,"Ornamental Fan":5,"Shuriken":16,"Frozen Egg 2":5,"Toxic Egg 2":11,"Ring of the Snake":0,"Meat on the Bone":11}],"Ring of the Snake":[18],"Meat on the Bone":12},"card_choices":[{"not_picked":["Backflip","Quick Slash"],"picked":"Deadly Poison","floor":1},{"not_picked":["Heel Hook","Prepared"],"picked":"Bane","floor":5},{"not_picked":["Outmaneuver","Dagger Throw"],"picked":"Wraith Form v2+1","floor":6},{"not_picked":["Distraction","Night Terror"],"picked":"Poisoned Stab","floor":8},{"not_picked":["Heel Hook","Acrobatics+1"],"picked":"Slice","floor":10},{"not_picked":["Underhanded Strike","Acrobatics+1"],"picked":"Backflip+1","floor":12},{"not_picked":["Prepared+1","Poisoned Stab"],"picked":"Reflex+1","floor":13},{"not_picked":["Quick Slash","Sucker Punch"],"picked":"Escape Plan+1","floor":14}],"player_experience":1197997,"relics_obtained":[{"floor":6,"key":"Frozen Egg 2"},{"floor":8,"key":"Meat on the Bone"},{"floor":9,"key":"Toxic Egg 2"},{"floor":10,"key":"Shuriken"}],"event_choices":[{"cards_removed":["Strike_G"],"damage_healed":0,"gold_gain":0,"player_choice":"Card Removal","damage_taken":7,"max_hp_gain":0,"max_hp_loss":0,"event_name":"Golden Wing","floor":2,"gold_loss":0},{"damage_healed":0,"gold_gain":0,"player_choice":"Upgraded","damage_taken":0,"max_hp_gain":0,"max_hp_loss":0,"event_name":"Upgrade Shrine","floor":4,"gold_loss":0,"cards_upgraded":["Deadly Poison"]},{"damage_healed":0,"gold_gain":0,"player_choice":"Paid Gold","damage_taken":0,"relics_obtained":["Ornamental Fan"],"max_hp_gain":0,"max_hp_loss":0,"event_name":"WeMeetAgain","floor":7,"gold_loss":70}],"is_beta":false,"boss_relics":[],"items_purged_floors":[],"is_endless":false,"potions_floor_spawned":[6,8],"killed_by":"Hexaghost","ascension_level":20}}