{"host":"pmq2bjxo3k17mhrw","time":1611835969,"event":{"mods":["BaseMod","Minty Spire (QoL Compilation)","Replay The Spire","StSLib"],"gold_per_floor":[109,172,172,188,188,188,216,216,285,295,311,323,352,363,363,461,511,527,527,545,394,394,422,441,453,453,470,470,470],"floor_reached":28,"language":"ZHS","playtime":1462,"items_purged":["Strike_G"],"score":418,"play_id":"d13a3ff9-54ee-4c9f-a709-20b75e48abc6","local_time":"20210128201249","is_ascension_mode":true,"campfire_choices":[{"data":"Prepared","floor":6,"key":"SMITH"},{"data":"ReplayTheSpireMod:Scrap Shanks","floor":8,"key":"SMITH"},{"data":"Reflex","floor":15,"key":"SMITH"}],"circlet_count":0,"master_deck":["Strike_G","Defend_G","Defend_G+1","Defend_G","Defend_G","Defend_G+1","Survivor","Neutralize+1","Leg Sweep","Prepared+1","ReplayTheSpireMod:Scrap Shanks+1","Corpse Explosion","ReplayTheSpireMod:Speed Training","Reflex+1","Hidden Blade","Blade Dance","Storm of Steel","Footwork","Tactician","Blur","Backflip","Crippling Poison+1"],"relics":["Ring of the Snake","NeowsBlessing","Gremlin Horn","Paper Crane","Mummified Hand","Simple Rune","Tiny House","Replay:Arrowhead","Pear"],"acts_visited":["Exordium","TheCity"],"potions_floor_usage":[13,20,20,23,28],"damage_taken":[{"damage":0,"enemies":"Jaw Worm","floor":1,"turns":1},{"damage":0,"enemies":"2 Louse","floor":4,"turns":1},{"damage":0,"enemies":"3 Sentries","floor":7,"turns":1},{"damage":0,"enemies":"Small Slimes","floor":10,"turns":4},{"damage":6,"enemies":"Exordium Wildlife","floor":11,"turns":5},{"damage":14,"enemies":"Gremlin Gang","floor":12,"turns":3},{"damage":8,"enemies":"Gremlin Nob","floor":13,"turns":4},{"damage":8,"enemies":"Exordium Thugs","floor":14,"turns":4},{"damage":10,"enemies":"Hexaghost","floor":16,"turns":13},{"damage":23,"enemies":"2 Thieves","floor":18,"turns":3},{"damage":12,"enemies":"3 Byrds","floor":20,"turns":3},{"damage":9,"enemies":"Gremlin Leader","floor":23,"turns":7},{"damage":18,"enemies":"Snake Plant","floor":24,"turns":6},{"damage":0,"enemies":"3 Cultists","floor":25,"turns":3},{"damage":0,"enemies":"Centurion and Healer","floor":27,"turns":5},{"damage":0,"enemies":"Slavers","floor":28,"turns":1}],"seed_played":"9038894050919583622","potions_obtained":[{"floor":2,"key":"CunningPotion"},{"floor":4,"key":"Doom Potion"},{"floor":11,"key":"Fire Potion"},{"floor":16,"key":"LiquidBronze"},{"floor":18,"key":"AttackPotion"},{"floor":27,"key":"Fire Potion"}],"is_trial":false,"path_per_floor":["M","?","?","M","?","R","E","R","T","M","M","M","E","M","R","B",null,"M","?","M","$","?","E","M","M","T","M","E"],"character_chosen":"THE_SILENT","items_purchased":["Blur"],"campfire_rested":0,"item_purchase_floors":[21],"current_hp_per_floor":[63,63,68,68,68,68,68,68,68,68,62,48,40,32,32,22,67,44,44,32,32,32,23,5,5,15,15,15,15],"gold":470,"neow_bonus":"THREE_ENEMY_KILL","is_daily":false,"chose_seed":false,"campfire_upgraded":3,"win_rate":0.0,"timestamp":1611835969,"path_taken":["M","?","?","M","?","R","E","R","T","M","M","M","E","M","R","BOSS","M","?","?","$","?","E","M","?","T","M","E"],"items_purchased_type":["Card"],"build_version":"2020-12-22","purchased_purges":1,"victory":false,"max_hp_per_floor":[70,70,75,75,75,75,75,75,75,75,75,75,75,75,75,75,80,80,80,80,80,80,80,80,80,90,90,90,90],"card_choices":[{"not_picked":["PiercingWail","Skewer"],"picked":"Leg Sweep","floor":1},{"not_picked":["Sucker Punch","Deflect"],"picked":"Prepared","floor":2},{"not_picked":["Expertise","Choke"],"picked":"ReplayTheSpireMod:Scrap Shanks","floor":4},{"not_picked":["Toxin Wave","Underhanded Strike"],"picked":"ReplayTheSpireMod:Speed Training","floor":7},{"not_picked":["Dagger Spray","Dagger Throw","Deflect"],"picked":"SKIP","floor":10},{"not_picked":["Infinite Blades","Prepared"],"picked":"Reflex","floor":11},{"not_picked":["All Out Attack","Quick Slash"],"picked":"Hidden Blade","floor":12},{"not_picked":["PiercingWail","Outmaneuver"],"picked":"Blade Dance","floor":13},{"not_picked":["Corpse Explosion","Flying Knee","Bane"],"picked":"SKIP","floor":14},{"not_picked":["Unload","Corpse Explosion"],"picked":"Storm of Steel","floor":16},{"not_picked":["ReplayTheSpireMod:Scrap Shanks","Dagger Throw"],"picked":"Footwork","floor":17},{"not_picked":["ReplayTheSpireMod:Scrap Shanks","Crippling Poison"],"picked":"Tactician","floor":18},{"not_picked":["Flechettes","Endless Agony","Sneak Up+1"],"picked":"SKIP","floor":20},{"not_picked":["Noxious Fumes","PiercingWail","Poisoned Stab"],"picked":"SKIP","floor":23},{"not_picked":["Bane","Flying Knee"],"picked":"Backflip","floor":24},{"not_picked":["Toxin Wave+1","Prepared"],"picked":"Crippling Poison+1","floor":25},{"not_picked":["Poisoned Stab","Quick Slash","Bullet Time"],"picked":"SKIP","floor":27}],"player_experience":227204,"relics_obtained":[{"floor":2,"key":"Gremlin Horn"},{"floor":7,"key":"Paper Crane"},{"floor":9,"key":"Mummified Hand"},{"floor":13,"key":"Simple Rune"},{"floor":23,"key":"Replay:Arrowhead"},{"floor":26,"key":"Pear"}],"event_choices":[{"damage_healed":0,"gold_gain":0,"player_choice":"Donut","damage_taken":0,"max_hp_gain":5,"max_hp_loss":0,"event_name":"Big Fish","floor":3,"gold_loss":0},{"damage_healed":0,"gold_gain":0,"cards_transformed":["Strike_G"],"player_choice":"Change","damage_taken":0,"max_hp_gain":0,"max_hp_loss":0,"event_name":"Living Wall","floor":5,"gold_loss":0,"cards_obtained":["Corpse Explosion"]},{"cards_removed":["Strike_G"],"damage_healed":0,"gold_gain":0,"player_choice":"Card Removal","damage_taken":0,"max_hp_gain":0,"max_hp_loss":0,"event_name":"Wheel of Change","floor":19,"gold_loss":0},{"cards_removed":["Strike_G"],"damage_healed":0,"gold_gain":0,"player_choice":"Purged","damage_taken":0,"max_hp_gain":0,"max_hp_loss":0,"event_name":"Purifier","floor":22,"gold_loss":0}],"is_beta":false,"boss_relics":[{"not_picked":["SacredBark","Ring of Chaos"],"picked":"Tiny House"}],"items_purged_floors":[21],"is_endless":false,"potions_floor_spawned":[4,11,16,18,27],"killed_by":"Slavers","ascension_level":6}}