{"host":"06e3yyzgn8o619wl","time":1611856814,"event":{"mods":["BaseMod","Block Reminder","Colored Map","Colored Powertips","DeckTracker","Minty Spire (QoL Compilation)","Relic Stats","StSLib"],"gold_per_floor":[110,120,70,70,147,178,178,195,242,276,296,296,331,349,349,349,349],"floor_reached":16,"language":"JPN","playtime":712,"items_purged":[],"score":181,"play_id":"d4468a05-e5a5-49db-b2f1-52368ce61c52","local_time":"20210129030014","is_ascension_mode":true,"campfire_choices":[{"data":"Vigilance","floor":7,"key":"SMITH"},{"data":"Establishment","floor":12,"key":"SMITH"},{"data":"TalkToTheHand","floor":15,"key":"SMITH"}],"circlet_count":0,"master_deck":["Strike_P","Strike_P","Strike_P","Defend_P","Defend_P","Defend_P","Defend_P","Eruption","Vigilance+1","DeceiveReality","ClearTheMind","FlurryOfBlows","EmptyBody","BowlingBash","Establishment+1","TalkToTheHand+1","ThirdEye"],"relics":["PureWater","NeowsBlessing","Anchor","TeardropLocket","Ice Cream","Nunchaku","The Courier","Vajra"],"acts_visited":["Exordium"],"potions_floor_usage":[13,13],"damage_taken":[{"damage":0,"enemies":"Cultist","floor":1,"turns":1},{"damage":0,"enemies":"Small Slimes","floor":2,"turns":1},{"damage":0,"enemies":"Gremlin Nob","floor":6,"turns":1},{"damage":0,"enemies":"Jaw Worm","floor":8,"turns":5},{"damage":10,"enemies":"3 Sentries","floor":10,"turns":13},{"damage":0,"enemies":"Blue Slaver","floor":11,"turns":4},{"damage":24,"enemies":"Gremlin Nob","floor":13,"turns":5},{"damage":0,"enemies":"Large Slime","floor":14,"turns":4},{"damage":33,"enemies":"Slime Boss","floor":16,"turns":8}],"seed_played":"7488275787847900937","potions_obtained":[{"floor":2,"key":"StancePotion"},{"floor":6,"key":"Fire Potion"},{"floor":10,"key":"Swift Potion"}],"is_trial":false,"path_per_floor":["M","M","?","?","T","E","R","M","T","E","M","R","E","M","R","B"],"character_chosen":"WATCHER","items_purchased":[],"campfire_rested":0,"item_purchase_floors":[],"current_hp_per_floor":[72,72,72,60,60,60,60,60,60,50,50,50,26,26,26,0,0],"gold":349,"neow_bonus":"THREE_ENEMY_KILL","is_daily":false,"chose_seed":false,"campfire_upgraded":3,"win_rate":0.0,"timestamp":1611856814,"path_taken":["M","?","?","?","?","E","R","M","T","E","M","R","E","M","R","BOSS"],"items_purchased_type":[],"build_version":"2020-12-22","purchased_purges":0,"victory":false,"max_hp_per_floor":[72,72,72,72,72,72,72,72,72,72,72,72,72,72,72,72,72],"relic_stats":{"Nunchaku":[6],"counters":[9,42],"obtain_stats":[{"Ice Cream":6,"Anchor":4,"Nunchaku":9,"NeowsBlessing":0,"Vajra":13,"The Courier":10,"TeardropLocket":5,"PureWater":0},{"Ice Cream":3,"Anchor":2,"Nunchaku":4,"NeowsBlessing":0,"Vajra":7,"The Courier":5,"TeardropLocket":2,"PureWater":0},{"Ice Cream":3,"Anchor":2,"Nunchaku":8,"NeowsBlessing":0,"Vajra":30,"The Courier":21,"TeardropLocket":2,"PureWater":0}]},"card_choices":[{"not_picked":["CutThroughFate","JustLucky"],"picked":"DeceiveReality","floor":1},{"not_picked":["ReachHeaven","EmptyMind"],"picked":"ClearTheMind","floor":2},{"not_picked":["JustLucky","Protect"],"picked":"FlurryOfBlows","floor":6},{"not_picked":["Study","Swivel"],"picked":"EmptyBody","floor":8},{"not_picked":["Conclude","Crescendo"],"picked":"BowlingBash","floor":10},{"not_picked":["PathToVictory","Protect"],"picked":"Establishment","floor":11},{"not_picked":["JustLucky","ClearTheMind"],"picked":"TalkToTheHand","floor":13},{"not_picked":["Wallop","FlyingSleeves"],"picked":"ThirdEye","floor":14}],"player_experience":115995,"relics_obtained":[{"floor":5,"key":"TeardropLocket"},{"floor":6,"key":"Ice Cream"},{"floor":9,"key":"Nunchaku"},{"floor":10,"key":"The Courier"},{"floor":13,"key":"Vajra"}],"event_choices":[{"cards_removed":["Strike_P"],"damage_healed":0,"gold_gain":0,"player_choice":"Card Removal","damage_taken":0,"max_hp_gain":0,"max_hp_loss":0,"event_name":"The Cleric","floor":3,"gold_loss":50},{"damage_healed":0,"gold_gain":0,"player_choice":"Success","damage_taken":12,"relics_obtained":["Anchor"],"max_hp_gain":0,"max_hp_loss":0,"event_name":"Scrap Ooze","floor":4,"gold_loss":0}],"is_beta":false,"boss_relics":[],"items_purged_floors":[],"is_endless":false,"potions_floor_spawned":[2,6,10],"killed_by":"Slime Boss","ascension_level":5}}