{"host":"j0tja808rg8hkg8v","time":1611859245,"event":{"mods":["Aspiration","BaseMod","Colored Powertips","Downfall","Energized Spire","Hermit","Infinite Spire","Ironclad Rager","Magitek Elite","Minty Spire (QoL Compilation)","Relic Stats","Replay The Spire","StSLib","The Bladedancer","The Cursed","The Disciple","The Runesmith"],"gold_per_floor":[109,284,284,303,303,339,355,355,355,355,154,170,170,210,210,329,329,323,223,223,223,138,138,156,171,197,209,235,235,235,235,235,332,332,342,342,342,358,139,139,139],"floor_reached":40,"language":"ENG","playtime":4249,"items_purged":["Runesmith:Strike_RS","Doubt"],"score":435,"play_id":"92eb88fe-41c7-4769-88fa-51742e32d7cf","local_time":"20210128184045","is_ascension_mode":false,"campfire_choices":[{"floor":8.0,"key":"REST"},{"floor":10.0,"key":"REST"},{"data":"Runesmith:Defend_RS","floor":15.0,"key":"PURGE"},{"data":"Runesmith:Fortify","floor":23.0,"key":"SMITH"},{"floor":32.0,"key":"REST"}],"circlet_count":0,"master_deck":["Runesmith:Defend_RS+1","Runesmith:CraftFirestone","Runesmith:Fortify+1","Runesmith:BackupBattery","Runesmith:RunicBlueprint+1","Runesmith:ChiselStab","Runesmith:Firewall","Runesmith:CraftProtectio","Runesmith:PoweredAnvil","Runesmith:HeatedChisel","Runesmith:EarthShield","Runesmith:Duplicate","Hallucinations","Runesmith:LithiumIon","Pot Of Greed","Pot Of Greed","Runesmith:ShiftingStrike","Runesmith:CraftSpiculum","Runesmith:HeatedChisel+1","Runesmith:Repurpose","Injury","downfall:Haunted","infinitespire:Oblivion","Runesmith:RunicBlueprint+1","Runesmith:Discharge+1","Pot Of Greed","Runesmith:MetallurgicalResearch"],"relics":["Runesmith:BrokenRuby","Bloody Idol","Matryoshka","Pear","ReplayTheSpireMod:Shallot","infinitespire:Golems Mask","Kintsugi","Grinning Jar","Bottled Lightning","Oddly Smooth Stone","ReplayTheSpireMod:TigerMarble","Snack Pack","ReplayFunnel"],"acts_visited":["Exordium","TheCity","TheBeyond"],"potions_floor_usage":[],"damage_taken":[{"damage":0.0,"enemies":"Small Slimes","floor":1.0,"turns":3.0},{"damage":11.0,"enemies":"Jaw Worm","floor":4.0,"turns":5.0},{"damage":26.0,"enemies":"Replay:BlueRogue","floor":6.0,"turns":6.0},{"damage":1.0,"enemies":"2 Louse","floor":7.0,"turns":3.0},{"damage":0.0,"enemies":"Exordium Wildlife","floor":12.0,"turns":6.0},{"damage":6.0,"enemies":"3 Sentries","floor":14.0,"turns":9.0},{"damage":29.0,"enemies":"The Guardian","floor":16.0,"turns":9.0},{"damage":1.0,"enemies":"2 Thieves","floor":18.0,"turns":5.0},{"damage":13.0,"enemies":"3 Byrds","floor":24.0,"turns":6.0},{"damage":12.0,"enemies":"Centurion and Healer","floor":25.0,"turns":6.0},{"damage":23.0,"enemies":"Snecko","floor":27.0,"turns":8.0},{"damage":15.0,"enemies":"Nightmare","floor":28.0,"turns":8.0},{"damage":65.0,"enemies":"Collector","floor":33.0,"turns":10.0},{"damage":38.0,"enemies":"3 Shapes","floor":35.0,"turns":6.0},{"damage":27,"enemies":"3 Darklings","floor":38,"turns":10},{"damage":48,"enemies":"Nightmare","floor":40,"turns":7}],"seed_played":"-776823080674088391","potions_obtained":[{"floor":4.0,"key":"Doom Potion"},{"floor":6.0,"key":"Doom Potion"},{"floor":16.0,"key":"SteroidPotion"},{"floor":24.0,"key":"Elixir"},{"floor":27.0,"key":"hexamod:SoulburnPotion"},{"floor":38,"key":"EntropicBrew"}],"is_trial":false,"path_per_floor":["M","?","?","M","?","E","M","R","T","R","$","M","?","E","R","B",null,"M","$","?","?","?","R","M","M","T","M","NM","?","T","?","R","B",null,"M","?","?","M","$","NM"],"character_chosen":"RUNESMITH_CLASS","items_purchased":["Runesmith:CraftProtectio","Runesmith:PoweredAnvil","ReplayFunnel","Runesmith:MetallurgicalResearch"],"campfire_rested":3,"item_purchase_floors":[11,11,39,39],"current_hp_per_floor":[77,77,77,66,47,21,20,43,53,79,79,79,62,56,56,27,87,86,86,86,86,86,86,78,71,76,58,48,48,48,48,74,18,87,58,58,58,36,36,0,0],"gold":139,"neow_bonus":"TEN_PERCENT_HP_BONUS","is_daily":false,"chose_seed":false,"campfire_upgraded":1,"win_rate":0.0,"timestamp":1611859245,"path_taken":["M","?","?","M","?","E","M","R","T","R","$","M","?","E","R","BOSS","M","$","?","?","?","R","M","M","T","M","NM","?","?","?","R","BOSS","M","?","?","M","$","NM"],"items_purchased_type":["Card","Card","Relic","Card"],"build_version":"2020-12-22","purchased_purges":2,"victory":false,"max_hp_per_floor":[77,77,77,77,77,77,77,77,87,87,87,87,87,87,87,87,87,87,87,87,87,87,87,87,87,87,87,87,87,87,87,87,87,87,87,87,87,87,87,87,87],"relic_stats":{"counters":[16,107],"Bloody Idol":40,"obtain_stats":[{"ReplayFunnel":39,"Runesmith:BrokenRuby":0,"Pear":9,"Golden Idol":5,"Oddly Smooth Stone":26,"Matryoshka":6,"ReplayTheSpireMod:Shallot":9,"Bloody Idol":20,"infinitespire:Golems Mask":14,"ReplayTheSpireMod:TigerMarble":28,"Snack Pack":30,"Bottled Lightning":26,"Kintsugi":17,"Grinning Jar":22},{"ReplayFunnel":15,"Runesmith:BrokenRuby":0,"Pear":4,"Golden Idol":2,"Oddly Smooth Stone":10,"Matryoshka":3,"ReplayTheSpireMod:Shallot":4,"Bloody Idol":8,"infinitespire:Golems Mask":6,"ReplayTheSpireMod:TigerMarble":12,"Snack Pack":12,"Bottled Lightning":10,"Kintsugi":7,"Grinning Jar":8},{"ReplayFunnel":100,"Runesmith:BrokenRuby":0,"Pear":17,"Golden Idol":8,"Oddly Smooth Stone":58,"Matryoshka":14,"ReplayTheSpireMod:Shallot":17,"Bloody Idol":46,"infinitespire:Golems Mask":32,"ReplayTheSpireMod:TigerMarble":74,"Snack Pack":74,"Bottled Lightning":58,"Kintsugi":41,"Grinning Jar":46}]},"card_choices":[{"not_picked":["Runesmith:Malloc","Runesmith:Grindstone"],"picked":"Runesmith:BackupBattery","floor":1.0},{"not_picked":["Runesmith:RuneHurl","Runesmith:DoubleUp"],"picked":"Runesmith:RunicBlueprint","floor":4.0},{"not_picked":["Runesmith:ChaoticBlast","Runesmith:Prism"],"picked":"Runesmith:ChiselStab","floor":6.0},{"not_picked":["Runesmith:FieryHammer","Runesmith:FrozenChisel"],"picked":"Runesmith:Firewall","floor":7.0},{"not_picked":["Runesmith:ChiselStab","Runesmith:RuneHurl"],"picked":"Runesmith:HeatedChisel","floor":12.0},{"not_picked":["Runesmith:Repurpose","Runesmith:HeatExchange"],"picked":"Runesmith:EarthShield","floor":14.0},{"not_picked":["Runesmith:ReplicatingBarrier","Runesmith:LastStand"],"picked":"Runesmith:Duplicate","floor":16.0},{"not_picked":["Runesmith:Overpower","Runesmith:UnstableHammer+1"],"picked":"Runesmith:LithiumIon","floor":18.0},{"not_picked":["Runesmith:HammerThrow","Runesmith:Firewall"],"picked":"Runesmith:ShiftingStrike","floor":24.0},{"not_picked":["Runesmith:HammerTime","Runesmith:BackupBattery"],"picked":"Runesmith:CraftSpiculum","floor":25.0},{"not_picked":["Runesmith:ShiftingStrike","Runesmith:HammerThrow"],"picked":"Runesmith:HeatedChisel+1","floor":27.0},{"not_picked":["Runesmith:HeatExchange","Runesmith:MakeshiftArmor"],"picked":"Runesmith:Repurpose","floor":28.0},{"not_picked":["infinitespire:Execution","infinitespire:TheBestDefense"],"picked":"infinitespire:Oblivion","floor":29.0},{"not_picked":["Runesmith:CraftIncendium","Runesmith:Overpower+1"],"picked":"Runesmith:RunicBlueprint+1","floor":35.0},{"not_picked":["Runesmith:Terraform+1","Runesmith:EarthShield+1"],"picked":"Runesmith:Discharge+1","floor":38}],"player_experience":53882,"relics_obtained":[{"floor":6.0,"key":"Matryoshka"},{"floor":9.0,"key":"Pear"},{"floor":9.0,"key":"ReplayTheSpireMod:Shallot"},{"floor":14.0,"key":"infinitespire:Golems Mask"},{"floor":26.0,"key":"Bottled Lightning"},{"floor":26.0,"key":"Oddly Smooth Stone"},{"floor":28.0,"key":"ReplayTheSpireMod:TigerMarble"},{"floor":30.0,"key":"Snack Pack"}],"event_choices":[{"damage_healed":0.0,"max_hp_gain":0.0,"max_hp_loss":0.0,"gold_gain":175.0,"event_name":"Liars Game","player_choice":"AGREE","floor":2.0,"gold_loss":0.0,"damage_taken":0.0,"cards_obtained":["Doubt"]},{"damage_healed":0.0,"max_hp_gain":0.0,"max_hp_loss":0.0,"gold_gain":0.0,"event_name":"Golden Idol","player_choice":"Take Damage","floor":5.0,"gold_loss":0.0,"damage_taken":19.0,"relics_obtained":["Golden Idol"]},{"damage_healed":0.0,"max_hp_gain":0.0,"max_hp_loss":0.0,"gold_gain":0.0,"event_name":"Shining Light","player_choice":"Entered Light","floor":13.0,"gold_loss":0.0,"damage_taken":17.0,"cards_upgraded":["Runesmith:Defend_RS","Runesmith:RunicBlueprint"]},{"damage_healed":0.0,"max_hp_gain":0.0,"max_hp_loss":0.0,"gold_gain":0.0,"event_name":"Forgotten Altar","player_choice":"Gave Idol","floor":20.0,"relics_lost":["Golden Idol"],"gold_loss":0.0,"damage_taken":0.0,"relics_obtained":["Bloody Idol"]},{"damage_healed":0.0,"max_hp_gain":0.0,"max_hp_loss":0.0,"gold_gain":0.0,"event_name":"Ghosts","player_choice":"Ignored","floor":21.0,"gold_loss":0.0,"damage_taken":0.0},{"damage_healed":0.0,"max_hp_gain":0.0,"max_hp_loss":0.0,"gold_gain":0.0,"event_name":"Addict","player_choice":"Obtained Relic","floor":22.0,"gold_loss":85.0,"damage_taken":0.0,"relics_obtained":["Grinning Jar"]},{"cards_removed":["Languid"],"damage_healed":0.0,"max_hp_gain":0.0,"max_hp_loss":0.0,"gold_gain":0.0,"event_name":"Back to Basics","player_choice":"Elegance","floor":31.0,"gold_loss":0.0,"damage_taken":0.0},{"damage_healed":0,"gold_gain":0,"player_choice":"Ignored","damage_taken":0,"max_hp_gain":0,"max_hp_loss":0,"event_name":"Mysterious Sphere","floor":36,"gold_loss":0},{"damage_healed":0,"gold_gain":0,"player_choice":"Ignored","damage_taken":0,"max_hp_gain":0,"max_hp_loss":0,"event_name":"Tomb of Lord Red Mask","floor":37,"gold_loss":0}],"is_beta":false,"boss_relics":[{"not_picked":["Ring of Chaos","Replay:Grab Bag"],"picked":"Kintsugi"},{"not_picked":["Runesmith:UraniumAnvil","Velvet Choker","Fusion Hammer"]}],"items_purged_floors":[11,19],"is_endless":false,"potions_floor_spawned":[4,6,16,24,27,35,38],"killed_by":"Nightmare","ascension_level":0}}