{"host":"x6165drukuu8ns9f","time":1611865606,"event":{"mods":["100% Spire Juice","2.2 Compatiblity","Act Like it!","Aspiration","BaseMod","CapriCore","Colored Map","Colored Powertips","Conspire","Duelist Mod","GifTheSpireLib","Hubris","Minty Spire (QoL Compilation)","Pale of the Ancients","Spicy Shops","Spire Birthday Party","StSLib","SuperFastMode","The Blue Laboratory","WarShipGirlsR/????R mod","??????REMEMod"],"gold_per_floor":[153,90,27,72,105,105,45,84,108,108,153,240,345,396,396,702,462,516,546,588,621,85,175,184,193,193,250,31,91,196,253,262,571,571,601,652,703,703,862,970,1015,611,665,263,365,374,479,509,518,578,644,731,731,461,470,515,524,413,413,413],"floor_reached":61,"language":"ENG","playtime":1902,"items_purged":[],"score":1723,"play_id":"93065118-9c51-4cfb-ac91-e74bb9aa0db1","local_time":"20210128212646","daily_mods":["Vintage","Flight","DeadlyEvents","Midas"],"is_ascension_mode":false,"campfire_choices":[{"floor":6,"key":"REST"},{"floor":10,"key":"REST"},{"floor":15,"key":"REST"},{"floor":24,"key":"REST"},{"floor":25,"key":"REST"},{"floor":32,"key":"REST"},{"floor":49,"key":"REST"},{"floor":55,"key":"REST"},{"floor":57,"key":"REST"}],"circlet_count":0,"master_deck":["Moonworks:Strike+1","Moonworks:Strike","Moonworks:Strike","Moonworks:Strike+1","Moonworks:Defend+1","Moonworks:Defend+1","Moonworks:Defend","Moonworks:Defend","Moonworks:Ambush","Moonworks:LongDistanceShot","Moonworks:RocketCannon","Moonworks:JonathanRush","Moonworks:HolyNight+1","Moonworks:Blazing+1","Moonworks:JonathanRush","Moonworks:EvilSpyWorkPreparation","Moonworks:NicePresent","Moonworks:SakisCookie+1","Moonworks:SinkOrSwim+1","Moonworks:Dinner","Moonworks:CloudOfSeagulls+1","Moonworks:Accelerator+1","Moonworks:JonathanRush+1","Moonworks:SakisCookie","Moonworks:RagingMadness+1","Moonworks:JonathanRush","Moonworks:RagingMadness+1","Moonworks:Dash","Moonworks:NicePresent","Moonworks:JonathanRush+1","Moonworks:ExtendedPhotonRifle","Moonworks:CloudOfSeagulls+1","Moonworks:EvilSpyWorkPreparation","Sadistic Nature+1","Moonworks:NicePresent","Moonworks:JonathanRush+1"],"relics":["Moonworks:BrokenBomb","Moonworks:Homemark","REME_ComplimentaryCards","Whetstone","Kunai","Incense Burner","Oddly Smooth Stone","aspiration:SeaSaltIceCream","conspire:DecoderRing","hubris:CrystalStatue","Frozen Egg 2","Smiling Mask","War Paint","Mummified Hand","REME_HandOfSuture","Bag of Preparation","Sozu","Potion Belt","Anchor","Dream Catcher","CeramicFish","StrikeDummy","Gremlin Horn","Sundial","Darkstone Periapt","Strawberry","Centennial Puzzle","Peace Pipe","Bottled Lightning","InkBottle","HornCleat","aspiration:PoetsPen_weak","hubris:Metronome","Omamori","Bird Faced Urn","hubris:Towel","Turnip","Regal Pillow","Ancient Tea Set","Vajra","ClockworkSouvenir","aspiration:ChemicalBlood","aspiration:AnachronicSnailShell","Lee\u0027s Waffle","hubris:SlimyHat","Lantern","REME_ArchaeologicalTools","paleoftheancients:Timepiece","Bronze Scales","REME_PuzzleBoxRelic","paleoftheancients:SoulOfTheWatcher","aspiration:Lifesprig","WarpedTongs","Membership Card","conspire:TopHat","aspiration:FetidBarrel","Happy Flower","Sling"],"acts_visited":["Exordium","TheCity","TheBeyond","paleoftheancients:PaleOfTheAncients"],"potions_floor_usage":[8,13,16,16],"damage_taken":[{"damage":9,"enemies":"conspire:RoseBush","floor":1,"turns":2},{"damage":1,"enemies":"Jaw Worm","floor":2,"turns":3},{"damage":6,"enemies":"Cultist","floor":3,"turns":3},{"damage":7,"enemies":"Looter","floor":4,"turns":3},{"damage":13,"enemies":"Red Slaver","floor":5,"turns":3},{"damage":11,"enemies":"conspire:2 RoseBushes","floor":7,"turns":4},{"damage":5,"enemies":"Exordium Wildlife","floor":8,"turns":3},{"damage":7,"enemies":"Large Slime","floor":11,"turns":3},{"damage":0,"enemies":"3 Sentries","floor":12,"turns":4},{"damage":4,"enemies":"Gremlin Nob","floor":13,"turns":3},{"damage":0,"enemies":"Blue Slaver","floor":14,"turns":3},{"damage":29,"enemies":"The Guardian","floor":16,"turns":7},{"damage":13,"enemies":"3 Byrds","floor":18,"turns":3},{"damage":20,"enemies":"Shell Parasite","floor":19,"turns":3},{"damage":4,"enemies":"Cultist and Chosen","floor":20,"turns":5},{"damage":8,"enemies":"Snecko","floor":21,"turns":4},{"damage":1,"enemies":"conspire:SneckoGhost","floor":23,"turns":4},{"damage":0,"enemies":"Centurion and Healer","floor":27,"turns":4},{"damage":0,"enemies":"3 Cultists","floor":29,"turns":3},{"damage":2,"enemies":"theDuelist:KaibaA2","floor":30,"turns":4},{"damage":7,"enemies":"conspire:HollyBat","floor":31,"turns":4},{"damage":18,"enemies":"Collector","floor":33,"turns":5},{"damage":0,"enemies":"Orb Walker","floor":35,"turns":2},{"damage":0,"enemies":"3 Darklings","floor":36,"turns":3},{"damage":5,"enemies":"Maw","floor":37,"turns":3},{"damage":31,"enemies":"Mind Bloom Boss Battle","floor":39,"turns":3},{"damage":0,"enemies":"Reptomancer","floor":40,"turns":2},{"damage":10,"enemies":"Sphere and 2 Shapes","floor":41,"turns":2},{"damage":0,"enemies":"Giant Head","floor":45,"turns":3},{"damage":5,"enemies":"Nemesis","floor":47,"turns":3},{"damage":0,"enemies":"Jaw Worm Horde","floor":48,"turns":2},{"damage":5,"enemies":"hubris:GrandSnecko","floor":50,"turns":2},{"damage":0,"enemies":"hubris:GrandSnecko","floor":51,"turns":2},{"damage":6,"enemies":"hubris:GrandSnecko","floor":52,"turns":3},{"damage":0,"enemies":"hubris:GrandSnecko","floor":56,"turns":2},{"damage":8,"enemies":"paleoftheancients:N","floor":60,"turns":3}],"seed_played":"-2149081527477896593","potions_obtained":[{"floor":3,"key":"blueLaboratory:BottleOfVodka"},{"floor":5,"key":"PowerPotion"},{"floor":7,"key":"Fruit Juice"},{"floor":8,"key":"blueLaboratory:StoneskinPotion"},{"floor":12,"key":"blueLaboratory:BottleOfRum"}],"is_trial":true,"path_per_floor":["M","M","M","M","M","R","M","M","T","R","M","E","E","M","R","B",null,"M","M","M","M","$","E","R","R","T","M","$","M","E","M","R","B",null,"M","M","M","?","?","E","M","$","T","$","E","?","E","M","R","B","M","M","?","$","R","M","R","$","?","B",null],"character_chosen":"THE_STARBREAKER","items_purchased":["Moonworks:JonathanRush","StrikeDummy","Gremlin Horn","Moonworks:SinkOrSwim+1","Centennial Puzzle","Peace Pipe","Vajra","Moonworks:RagingMadness+1","Moonworks:JonathanRush","ClockworkSouvenir","aspiration:AnachronicSnailShell","Lee\u0027s Waffle","Moonworks:RagingMadness+1","Moonworks:Dash","Moonworks:NicePresent","Membership Card","conspire:TopHat","Sadistic Nature+1","Happy Flower","Sling"],"campfire_rested":9,"item_purchase_floors":[22,22,22,28,28,28,42,42,42,42,44,44,44,44,44,54,54,54,58,58],"current_hp_per_floor":[51,50,44,37,24,42,31,31,31,50,43,43,39,39,58,29,65,52,32,28,20,20,19,38,57,57,67,67,70,70,68,72,59,72,72,72,67,67,41,52,58,58,58,79,79,79,74,79,79,82,82,82,82,82,82,82,82,82,82,82],"gold":413,"neow_bonus":"","is_daily":false,"chose_seed":false,"campfire_upgraded":0,"win_rate":0.0,"timestamp":1611865606,"path_taken":["M","M","M","M","M","R","M","M","T","R","M","E","E","M","R","BOSS","M","M","M","M","$","E","R","R","T","M","$","M","E","M","R","BOSS","M","M","M","?","?","E","M","$","T","$","?","?","E","M","R","BOSS","M","M","?","$","R","M","R","$","?","BOSS"],"items_purchased_type":["Card","Relic","Relic","Card","Relic","Relic","Relic","Card","Card","Relic","Relic","Relic","Card","Card","Card","Relic","Relic","Card","Relic","Relic"],"build_version":"2020-12-22","purchased_purges":0,"victory":true,"max_hp_per_floor":[60,60,60,60,60,60,60,65,65,65,65,65,65,65,65,65,65,65,65,65,65,65,65,65,65,65,72,72,72,72,72,72,72,72,72,72,72,72,72,72,72,72,72,79,79,79,79,79,79,82,82,82,82,82,82,82,82,82,82,82],"card_choices":[{"not_picked":["Moonworks:BigMagnum","Moonworks:WindyEnchantment"],"picked":"Moonworks:JonathanRush","floor":12},{"not_picked":["Moonworks:CloudOfSeagulls","Moonworks:NicePresent"],"picked":"Moonworks:HolyNight+1","floor":13},{"not_picked":["Moonworks:WeAreWaruda","Moonworks:StarBlastingFuse"],"picked":"Moonworks:Blazing+1","floor":16},{"not_picked":["Moonworks:Poppoformation+1","Moonworks:ImmovableObject+1"],"picked":"Moonworks:EvilSpyWorkPreparation","floor":23},{"not_picked":["Moonworks:ImOnFire","Moonworks:Assault"],"picked":"Moonworks:NicePresent","floor":24},{"not_picked":["Moonworks:BigMagnum","Moonworks:ImOnFire"],"picked":"Moonworks:SakisCookie+1","floor":25},{"not_picked":["Moonworks:CookingTime","Moonworks:BackdoorTrade"],"picked":"Moonworks:Dinner","floor":30},{"not_picked":["Moonworks:SweetBattle+1","Moonworks:Assault"],"picked":"Moonworks:CloudOfSeagulls+1","floor":32},{"not_picked":["Moonworks:MetallicMonocoque+1","Moonworks:PlushieMaster"],"picked":"Moonworks:Accelerator+1","floor":33},{"not_picked":["Moonworks:Dash+1","Moonworks:ImOnFire+1"],"picked":"Moonworks:JonathanRush+1","floor":39},{"not_picked":["Moonworks:Poppoformation","Moonworks:StiffCrystal+1"],"picked":"Moonworks:SakisCookie","floor":40},{"not_picked":["Moonworks:SakisCookie","Moonworks:LulusLuckyEgg+1"],"picked":"Moonworks:JonathanRush+1","floor":45},{"not_picked":[],"picked":"Moonworks:ExtendedPhotonRifle","floor":46},{"not_picked":["Moonworks:NicePresent","Moonworks:FinalSurgery"],"picked":"Moonworks:CloudOfSeagulls+1","floor":47},{"not_picked":["Moonworks:DeployBits","Moonworks:Wanted"],"picked":"Moonworks:EvilSpyWorkPreparation","floor":49},{"not_picked":["Moonworks:IndiscriminateFireSupport+1","Moonworks:Dash"],"picked":"Moonworks:NicePresent","floor":55},{"not_picked":["Moonworks:ImmovableObject+1","Moonworks:AwakeningOfTalent+1"],"picked":"Moonworks:JonathanRush+1","floor":57}],"player_experience":94148,"relics_obtained":[{"floor":1,"key":"Whetstone"},{"floor":2,"key":"Kunai"},{"floor":3,"key":"Incense Burner"},{"floor":4,"key":"Oddly Smooth Stone"},{"floor":5,"key":"aspiration:SeaSaltIceCream"},{"floor":7,"key":"hubris:CrystalStatue"},{"floor":8,"key":"Frozen Egg 2"},{"floor":9,"key":"Smiling Mask"},{"floor":11,"key":"War Paint"},{"floor":12,"key":"Mummified Hand"},{"floor":13,"key":"REME_HandOfSuture"},{"floor":14,"key":"Bag of Preparation"},{"floor":18,"key":"Potion Belt"},{"floor":19,"key":"Anchor"},{"floor":20,"key":"Dream Catcher"},{"floor":21,"key":"CeramicFish"},{"floor":23,"key":"Sundial"},{"floor":26,"key":"Darkstone Periapt"},{"floor":27,"key":"Strawberry"},{"floor":29,"key":"Bottled Lightning"},{"floor":30,"key":"InkBottle"},{"floor":31,"key":"HornCleat"},{"floor":35,"key":"hubris:Metronome"},{"floor":36,"key":"Omamori"},{"floor":37,"key":"Bird Faced Urn"},{"floor":39,"key":"Turnip"},{"floor":40,"key":"Regal Pillow"},{"floor":41,"key":"Ancient Tea Set"},{"floor":43,"key":"aspiration:ChemicalBlood"},{"floor":45,"key":"hubris:SlimyHat"},{"floor":47,"key":"Lantern"},{"floor":48,"key":"REME_ArchaeologicalTools"},{"floor":51,"key":"REME_PuzzleBoxRelic"},{"floor":52,"key":"paleoftheancients:SoulOfTheWatcher"},{"floor":52,"key":"aspiration:Lifesprig"},{"floor":56,"key":"aspiration:FetidBarrel"}],"event_choices":[{"damage_healed":0,"gold_gain":0,"player_choice":"Fight","damage_taken":0,"max_hp_gain":0,"max_hp_loss":0,"event_name":"MindBloom","floor":39,"gold_loss":0},{"damage_healed":0,"gold_gain":0,"player_choice":"Rummage","damage_taken":0,"relics_obtained":["WarpedTongs"],"max_hp_gain":0,"max_hp_loss":0,"event_name":"Accursed Blacksmith","floor":53,"gold_loss":0,"cards_obtained":["Pain"]}],"is_beta":false,"boss_relics":[{"not_picked":["hubris:Stopwatch","hubris:HollowSoul"],"picked":"Sozu"},{"not_picked":["REME_ChargedStone","Calling Bell"],"picked":"aspiration:PoetsPen_weak"}],"items_purged_floors":[],"is_endless":false,"potions_floor_spawned":[3,5,7,8,11,12,19,20,31,33,35,40,41,47,48,51],"ascension_level":0}}