{"host":"tpbmol9dayg75a5s","time":1611794857,"event":{"mods":["BaseMod","Bestiary","Block Reminder","Colored Powertips","Dark Map","Downfall","Minty Spire (QoL Compilation)","Relic Stats","Spire Arcade","StSLib"],"gold_per_floor":[99,113,127,146,165,182,208,208,238,138,156,156,182,195,211,211,211,211],"floor_reached":16,"language":"ENG","playtime":4753,"items_purged":[],"score":174,"play_id":"ba8be6ee-6b55-487a-bf29-7137c71bac7f","local_time":"20210127214737","is_ascension_mode":true,"campfire_choices":[{"floor":1,"key":"RECALL"},{"data":"hexamod:Float","floor":10,"key":"SMITH"},{"data":"hexamod:ThermalTransfer","floor":12,"key":"SMITH"}],"circlet_count":0,"master_deck":["AscendersBane","hexamod:Strike+1","hexamod:Strike","hexamod:Strike","hexamod:Strike+1","hexamod:Defend","hexamod:Defend","hexamod:Defend","hexamod:Defend","hexamod:Sear","hexamod:Float+1","hexamod:ChargedBarrage","hexamod:Toasty","hexamod:ThermalTransfer+1","hexamod:ExtraCrispy","hexamod:AdvancingGuard","hexamod:RainOfEmbers","hexamod:ExtraCrispy","hexamod:Rewind","hexamod:NightmareGuise"],"relics":["hexamod:SpiritBrand","Regal Pillow","Whetstone","downfall:HeartBlessingRed","Orichalcum"],"acts_visited":["Exordium"],"potions_floor_usage":[6,16,16],"damage_taken":[{"damage":0,"enemies":"Small Slimes","floor":2,"turns":4},{"damage":3,"enemies":"2 Louse","floor":3,"turns":3},{"damage":1,"enemies":"Cultist","floor":4,"turns":3},{"damage":9,"enemies":"Red Slaver","floor":5,"turns":4},{"damage":4,"enemies":"3 Louse","floor":6,"turns":3},{"damage":25,"enemies":"Lagavulin","floor":9,"turns":6},{"damage":5,"enemies":"Large Slime","floor":11,"turns":3},{"damage":12,"enemies":"Gremlin Nob","floor":13,"turns":3},{"damage":4,"enemies":"Red Slaver","floor":14,"turns":3},{"damage":0,"enemies":"Blue Slaver","floor":15,"turns":4},{"damage":28,"enemies":"SI_SHIV_ARCHETYPE","floor":16,"turns":7}],"seed_played":"7335886123024761943","potions_obtained":[{"floor":0,"key":"BlessingOfTheForge"},{"floor":0,"key":"Ancient Potion"},{"floor":0,"key":"SneckoOil"},{"floor":9,"key":"BlessingOfTheForge"}],"is_trial":false,"path_per_floor":["R","M","M","M","M","M","T","?","E","R","M","R","E","M","M","B"],"character_chosen":"THE_SPIRIT","items_purchased":[],"campfire_rested":0,"item_purchase_floors":[],"current_hp_per_floor":[63,63,60,59,50,46,46,69,44,44,39,39,27,23,23,0,0,0],"gold":211,"neow_bonus":"THREE_SMALL_POTIONS","is_daily":false,"chose_seed":false,"campfire_upgraded":2,"win_rate":0.0,"timestamp":1611794857,"path_taken":["R","M","M","M","M","M","T","?","E","R","M","R","E","M","M","BOSS"],"items_purchased_type":[],"build_version":"2020-12-22","purchased_purges":0,"victory":false,"max_hp_per_floor":[70,70,70,70,70,70,70,70,70,70,70,70,70,70,70,70,70,70],"relic_stats":{"Regal Pillow":0,"counters":[11,43],"Whetstone":["hexamod:Strike","hexamod:Strike"],"Orichalcum":[6],"obtain_stats":[{"Regal Pillow":7,"downfall:HeartBlessingRed":10,"Whetstone":9,"Orichalcum":13,"hexamod:SpiritBrand":0},{"Regal Pillow":5,"downfall:HeartBlessingRed":6,"Whetstone":6,"Orichalcum":8,"hexamod:SpiritBrand":0},{"Regal Pillow":17,"downfall:HeartBlessingRed":23,"Whetstone":23,"Orichalcum":29,"hexamod:SpiritBrand":0}]},"card_choices":[{"not_picked":["hexamod:NightmareGuise","hexamod:FastForward"],"picked":"hexamod:ChargedBarrage","floor":2},{"not_picked":["hexamod:NightmareStrike","hexamod:SoulSteal"],"picked":"hexamod:Toasty","floor":3},{"not_picked":["hexamod:NightmareStrike","hexamod:GhostflameBarrier"],"picked":"hexamod:ThermalTransfer","floor":4},{"not_picked":["hexamod:Incineration","hexamod:NightmareGuise"],"picked":"hexamod:ExtraCrispy","floor":5},{"not_picked":["hexamod:SkipABeat","hexamod:HeatCrush"],"picked":"hexamod:AdvancingGuard","floor":6},{"not_picked":["hexamod:ThermalTransfer","hexamod:NecessarySacrifice"],"picked":"hexamod:RainOfEmbers","floor":9},{"not_picked":["hexamod:FlamesFromBeyond","hexamod:SwordOfDarkness"],"picked":"hexamod:ExtraCrispy","floor":11},{"not_picked":["hexamod:FourthSeal","hexamod:SwordOfDarkness","hexamod:Haunt"],"picked":"SKIP","floor":13},{"not_picked":["hexamod:GhostShield","hexamod:GhostLash"],"picked":"hexamod:Rewind","floor":14},{"not_picked":["hexamod:EmpoweredFlame","hexamod:SkipABeat"],"picked":"hexamod:NightmareGuise","floor":15}],"player_experience":1069522,"relics_obtained":[{"floor":7,"key":"Regal Pillow"},{"floor":9,"key":"Whetstone"},{"floor":13,"key":"Orichalcum"}],"event_choices":[{"damage_healed":23,"gold_gain":0,"player_choice":"Banana","damage_taken":0,"max_hp_gain":0,"max_hp_loss":0,"event_name":"Big Fish","floor":8,"gold_loss":0}],"is_beta":false,"boss_relics":[],"items_purged_floors":[],"is_endless":false,"potions_floor_spawned":[3,4,9],"killed_by":"SI_SHIV_ARCHETYPE","ascension_level":10}}