{"host":"gzk4gkgy3zij1c51","time":1611854437,"event":{"mods":["BaseMod","Colored Map","Downfall","Highlight Path","Marked Mod","Minty Spire (QoL Compilation)","Relic Stats","StSLib","everything is the same but u backflip on backflip"],"gold_per_floor":[99,112,112,126,42,42,42,42,67,67,98,114,14,0,15,15,15,15],"floor_reached":16,"language":"ENG","playtime":1181,"items_purged":[],"score":135,"play_id":"7690ffa9-9a79-4dc7-a403-7df29694ae09","local_time":"20210128172037","is_ascension_mode":true,"campfire_choices":[{"data":"hexamod:Float","floor":1,"key":"SMITH"},{"floor":6,"key":"RECALL"},{"data":"hexamod:StepThrough","floor":8,"key":"SMITH"},{"floor":13,"key":"REST"}],"circlet_count":0,"master_deck":["hexamod:Strike","hexamod:Strike","hexamod:Strike","hexamod:Strike","hexamod:Defend+1","hexamod:Defend","hexamod:Defend","hexamod:Defend","hexamod:Sear","hexamod:Float+1","hexamod:HeatMetal","hexamod:InspiringFlames","hexamod:StepThrough+1","hexamod:ThirdSeal","hexamod:SoulSteal","hexamod:GhostShield","hexamod:FifthSeal","Deep Breath","hexamod:FastForward","hexamod:SpectralSpark","hexamod:FirstSeal","hexamod:ThermalTransfer","hexamod:SixthSeal","hexamod:Rewind","hexamod:SpectersWail","hexamod:FirstSeal"],"relics":["hexamod:SpiritBrand","Eternal Feather","FossilizedHelix","Regal Pillow","downfall:HeartBlessingBlue"],"acts_visited":["Exordium"],"potions_floor_usage":[4,11,14,16,16],"damage_taken":[{"damage":0,"enemies":"Small Slimes","floor":2,"turns":3},{"damage":0,"enemies":"Cultist","floor":4,"turns":3},{"damage":0,"enemies":"downfall:FleeingMerchant","floor":5,"turns":4},{"damage":46,"enemies":"Lagavulin","floor":9,"turns":7},{"damage":21,"enemies":"3 Sentries","floor":11,"turns":7},{"damage":0,"enemies":"Jaw Worm","floor":12,"turns":2},{"damage":9,"enemies":"downfall:FleeingMerchant","floor":14,"turns":4},{"damage":7,"enemies":"Large Slime","floor":15,"turns":8},{"damage":77,"enemies":"SI_SHIV_ARCHETYPE","floor":16,"turns":10}],"seed_played":"-592527363517628066","potions_obtained":[{"floor":0,"key":"Strength Potion"},{"floor":0,"key":"GamblersBrew"},{"floor":0,"key":"SpeedPotion"},{"floor":4,"key":"Ancient Potion"},{"floor":9,"key":"Regen Potion"},{"floor":11,"key":"Explosive Potion"},{"floor":12,"key":"hexamod:DoubleChargePotion"}],"is_trial":false,"path_per_floor":["R","M","?","M","$","R","T","R","E","?","E","M","R","$","M","B"],"character_chosen":"THE_SPIRIT","items_purchased":["hexamod:ThirdSeal"],"campfire_rested":1,"item_purchase_floors":[5],"current_hp_per_floor":[70,70,63,63,63,69,69,70,24,24,18,18,79,77,70,0,0,0],"gold":15,"neow_bonus":"THREE_SMALL_POTIONS","is_daily":false,"chose_seed":false,"campfire_upgraded":2,"win_rate":0.0,"timestamp":1611854437,"path_taken":["R","M","?","M","$","R","T","R","E","?","E","?","R","$","M","BOSS"],"items_purchased_type":["Card"],"build_version":"2020-12-22","purchased_purges":0,"victory":false,"max_hp_per_floor":[70,70,70,70,70,70,70,70,70,70,70,70,80,80,80,80,80,80],"relic_stats":{"Regal Pillow":15,"counters":[9,48],"Eternal Feather":19,"obtain_stats":[{"Regal Pillow":11,"downfall:HeartBlessingBlue":13,"Eternal Feather":3,"hexamod:SpiritBrand":0,"FossilizedHelix":9},{"Regal Pillow":5,"downfall:HeartBlessingBlue":6,"Eternal Feather":1,"hexamod:SpiritBrand":0,"FossilizedHelix":4},{"Regal Pillow":24,"downfall:HeartBlessingBlue":26,"Eternal Feather":3,"hexamod:SpiritBrand":0,"FossilizedHelix":17}]},"card_choices":[{"not_picked":["hexamod:ThermalTransfer","hexamod:SpectralSpark"],"picked":"hexamod:HeatMetal","floor":2},{"not_picked":["hexamod:ShieldOfDarkness","hexamod:Firestarter"],"picked":"hexamod:InspiringFlames","floor":4},{"not_picked":["hexamod:PhantomCloak","hexamod:Hexaguard"],"picked":"hexamod:StepThrough","floor":5},{"not_picked":["hexamod:SpectersWail","hexamod:SkipABeat"],"picked":"hexamod:SoulSteal","floor":9},{"not_picked":["hexamod:HeatMetal","hexamod:ApocalypseNow"],"picked":"hexamod:GhostShield","floor":9},{"not_picked":["hexamod:Hexaguard","hexamod:DynamicBlow"],"picked":"hexamod:FastForward","floor":11},{"not_picked":["hexamod:Incineration","hexamod:InspiringFlames"],"picked":"hexamod:SpectralSpark","floor":11},{"not_picked":["hexamod:FourthSeal","hexamod:ThirdSeal"],"picked":"hexamod:FirstSeal","floor":11},{"not_picked":["hexamod:BacktrackSmack","hexamod:Haunt","hexamod:GhostShield"],"picked":"SKIP","floor":12},{"not_picked":["hexamod:AdvancingGuard","hexamod:SuperheatedStrike"],"picked":"hexamod:ThermalTransfer","floor":14},{"not_picked":["hexamod:SecondSeal","hexamod:ThirdSeal"],"picked":"hexamod:SixthSeal","floor":14},{"not_picked":["hexamod:BurningTouch","hexamod:ShieldOfDarkness"],"picked":"hexamod:Rewind","floor":15},{"not_picked":["hexamod:RetreatToShadows","hexamod:SwordOfDarkness"],"picked":"hexamod:SpectersWail","floor":15},{"not_picked":["hexamod:ThirdSeal","hexamod:SixthSeal"],"picked":"hexamod:FirstSeal","floor":15}],"player_experience":1087808,"relics_obtained":[{"floor":9,"key":"FossilizedHelix"},{"floor":11,"key":"Regal Pillow"}],"event_choices":[{"damage_healed":0,"gold_gain":0,"player_choice":"Success","damage_taken":7,"relics_obtained":["Eternal Feather"],"max_hp_gain":0,"max_hp_loss":0,"event_name":"Scrap Ooze","floor":3,"gold_loss":0}],"is_beta":false,"boss_relics":[],"items_purged_floors":[],"is_endless":false,"potions_floor_spawned":[4,9,11,12],"killed_by":"SI_SHIV_ARCHETYPE","ascension_level":5}}