{"host":"0rdbtfh27r6ur4pq","time":1611872295,"event":{"mods":["BaseMod","Colored Map","Colored Powertips","Downfall","Hubris","Minty Spire (QoL Compilation)","Quick Restart","Replay The Spire","StSLib","SuperFastMode"],"gold_per_floor":[99,114,125,125,225,259,336,236,236,250,150,183,49,69,82,82,82,82],"floor_reached":16,"language":"ENG","playtime":924,"items_purged":[],"score":110,"play_id":"18edbd60-7d00-4cb9-9d88-2c4af4c35d77","local_time":"20210128161815","is_ascension_mode":false,"campfire_choices":[{"floor":1,"key":"RECALL"},{"data":"Slimebound:Gluttony","floor":8,"key":"SMITH"},{"floor":11,"key":"REST"}],"circlet_count":0,"master_deck":["Slimebound:Strike_Slimebound","Slimebound:Strike_Slimebound","Slimebound:Strike_Slimebound","Slimebound:Tackle","Slimebound:Defend_Slimebound","Slimebound:Defend_Slimebound","Slimebound:Defend_Slimebound","Slimebound:Defend_Slimebound","Slimebound:Split","Slimebound:CorrosiveSpit","Slimebound:Overexert","Slimebound:SpikyOuterGoop+1","Slimebound:Gluttony+1","Slimebound:PressTheAttack","Slimebound:LeechEnergy","Slimebound:Chomp","Slimebound:TongueLash","Slimebound:LeechEnergy","Slimebound:RainOfGoop","Slimebound:SplitLeeching","Slimebound:LeadByExample"],"relics":["Slimebound:AbsorbEndCombat","hubris:Towel","Centennial Puzzle","downfall:HeartBlessingBlue","downfall:HeartBlessingRed","Replay:Baseball"],"acts_visited":["Exordium"],"potions_floor_usage":[6,16],"damage_taken":[{"damage":0,"enemies":"Cultist","floor":2,"turns":4},{"damage":0,"enemies":"Small Slimes","floor":3,"turns":3},{"damage":50,"enemies":"3 Sentries","floor":6,"turns":8},{"damage":2,"enemies":"2 Louse","floor":10,"turns":4},{"damage":6,"enemies":"Gremlin Nob","floor":12,"turns":3},{"damage":3,"enemies":"downfall:FleeingMerchant","floor":13,"turns":4},{"damage":14,"enemies":"Gremlin Gang","floor":14,"turns":3},{"damage":16,"enemies":"Lots of Slimes","floor":15,"turns":3},{"damage":69,"enemies":"WA_ARCHETYPE_RETAIN","floor":16,"turns":7}],"seed_played":"1826614657466785253","potions_obtained":[{"floor":2,"key":"Toxic Potion"},{"floor":6,"key":"sneckomod:MuddlingPotion"}],"is_trial":false,"path_per_floor":["R","M","M","?","?","E","T","R","?","M","R","E","$","M","M","B"],"character_chosen":"SLIMEBOUND","items_purchased":["Slimebound:LeechEnergy","Slimebound:RainOfGoop"],"campfire_rested":1,"item_purchase_floors":[13,13],"current_hp_per_floor":[65,65,65,65,65,23,23,33,33,35,57,59,64,58,48,0,0,0],"gold":82,"neow_bonus":"ONE_RANDOM_RARE_CARD","is_daily":false,"chose_seed":false,"campfire_upgraded":1,"win_rate":0.0,"timestamp":1611872295,"path_taken":["R","M","M","?","?","E","T","R","?","?","R","E","?","M","M","BOSS"],"items_purchased_type":["Card","Card"],"build_version":"2020-12-22","purchased_purges":0,"victory":false,"max_hp_per_floor":[65,65,65,65,65,65,65,75,75,75,75,75,75,75,75,75,75,75],"card_choices":[{"not_picked":["Slimebound:ForwardTackle","Slimebound:LivingWall"],"picked":"Slimebound:SpikyOuterGoop","floor":2},{"not_picked":["Slimebound:SplitLeeching","Slimebound:Recollect"],"picked":"Slimebound:Gluttony","floor":3},{"not_picked":["Slimebound:ComboTackle","Slimebound:GoopTackle"],"picked":"Slimebound:PressTheAttack","floor":6},{"not_picked":["Slimebound:SpikyOuterGoop","Slimebound:Repurpose"],"picked":"Slimebound:LeechEnergy","floor":10},{"not_picked":["Slimebound:MassRepurpose","Slimebound:SlimeBarrage"],"picked":"Slimebound:Chomp","floor":12},{"not_picked":["Slimebound:SlimeTap","Slimebound:Gluttony"],"picked":"Slimebound:TongueLash","floor":13},{"not_picked":["Slimebound:GoopSpray","Slimebound:LeechEnergy"],"picked":"Slimebound:SplitLeeching","floor":14},{"not_picked":["Slimebound:MegaLick","Slimebound:PressTheAttack"],"picked":"Slimebound:LeadByExample","floor":15}],"player_experience":95432,"relics_obtained":[{"floor":6,"key":"Centennial Puzzle"},{"floor":12,"key":"Replay:Baseball"}],"event_choices":[{"damage_healed":0,"gold_gain":0,"player_choice":"Forge","damage_taken":0,"max_hp_gain":0,"max_hp_loss":0,"event_name":"Accursed Blacksmith","floor":9,"gold_loss":0,"cards_upgraded":["Slimebound:SpikyOuterGoop"]}],"is_beta":false,"boss_relics":[],"items_purged_floors":[],"is_endless":false,"potions_floor_spawned":[2,6],"killed_by":"WA_ARCHETYPE_RETAIN","ascension_level":0}}