{"host":"s3s7xsmblwiz356v","time":1611851599,"event":{"mods":["AchievementEnabler","BaseMod","Block Reminder","Colored Map","Colored Powertips","Minty Spire (QoL Compilation)"],"gold_per_floor":[113,188,39,50,68,99,99,99,399,399,242,272,333,353,353,424,424,436,636,649,379,379,379,414,414,439,466,485,175,175,195,195,269,269,279,279,294,294,314,314,314],"floor_reached":40,"language":"ENG","playtime":6623,"items_purged":["Strike_R","Strike_R"],"score":825,"play_id":"4c42387b-ba75-45ad-892f-103f49306296","local_time":"20210128113319","is_ascension_mode":true,"campfire_choices":[{"data":"Bash","floor":8,"key":"SMITH"},{"data":"Clothesline","floor":10,"key":"SMITH"},{"floor":15,"key":"REST"},{"floor":23,"key":"REST"},{"data":"Bloodletting","floor":25,"key":"SMITH"},{"data":"Bloodletting","floor":30,"key":"SMITH"},{"data":"Pummel","floor":32,"key":"SMITH"}],"circlet_count":0,"master_deck":["AscendersBane","Defend_R","Defend_R+1","Defend_R","Bash+1","Blood for Blood","Rupture+1","Clothesline+1","Bloodletting+1","Seeing Red","Battle Trance","Corruption","Dark Embrace+1","Iron Wave+1","Bloodletting+1","Clothesline+1","Flame Barrier+1","Pummel+1","Impervious","Headbutt+1","Disarm+1","Combust+1","Flame Barrier","Dual Wield+1","Madness","Madness","Rampage+1"],"relics":["Burning Blood","Sling","Ice Cream","Old Coin","Bag of Marbles","Art of War","Smiling Mask","Runic Pyramid","Medical Kit","Calipers","MealTicket","Juzu Bracelet","Frozen Egg 2","Astrolabe"],"acts_visited":["Exordium","TheCity","TheBeyond"],"potions_floor_usage":[12,13,16,24,31,39],"damage_taken":[{"damage":7,"enemies":"Small Slimes","floor":1,"turns":4},{"damage":8,"enemies":"2 Louse","floor":4,"turns":2},{"damage":0,"enemies":"Cultist","floor":5,"turns":3},{"damage":23,"enemies":"Gremlin Nob","floor":6,"turns":4},{"damage":5,"enemies":"3 Sentries","floor":12,"turns":7},{"damage":12,"enemies":"3 Sentries","floor":13,"turns":5},{"damage":9,"enemies":"Looter","floor":14,"turns":3},{"damage":32,"enemies":"Slime Boss","floor":16,"turns":7},{"damage":6,"enemies":"Chosen","floor":18,"turns":5},{"damage":31,"enemies":"2 Thieves","floor":20,"turns":4},{"damage":20,"enemies":"Book of Stabbing","floor":24,"turns":3},{"damage":12,"enemies":"Gremlin Leader","floor":27,"turns":5},{"damage":6,"enemies":"Snecko","floor":28,"turns":5},{"damage":10,"enemies":"Shelled Parasite and Fungi","floor":31,"turns":3},{"damage":23,"enemies":"Champ","floor":33,"turns":7},{"damage":27,"enemies":"3 Shapes","floor":35,"turns":4},{"damage":14,"enemies":"3 Darklings","floor":37,"turns":5},{"damage":21,"enemies":"Transient","floor":39,"turns":5},{"damage":42,"enemies":"Reptomancer","floor":40,"turns":2}],"seed_played":"8646148131538438249","potions_obtained":[{"floor":1,"key":"SpeedPotion"},{"floor":6,"key":"Swift Potion"},{"floor":13,"key":"Block Potion"},{"floor":20,"key":"PowerPotion"},{"floor":27,"key":"SteroidPotion"},{"floor":28,"key":"Regen Potion"},{"floor":33,"key":"BloodPotion"},{"floor":39,"key":"Strength Potion"}],"is_trial":false,"path_per_floor":["M","?","$","M","M","E","?","R","T","R","$","E","?","M","R","B",null,"M","?","M","$","?","R","E","R","T","E","M","$","R","M","R","B",null,"M","?","M","?","M","E"],"character_chosen":"IRONCLAD","items_purchased":["Sling","Bag of Marbles","Medical Kit","Bloodletting","Frozen Egg 2"],"campfire_rested":2,"item_purchase_floors":[3,11,21,21,29],"current_hp_per_floor":[67,56,56,54,60,43,23,23,23,23,23,24,18,15,35,9,53,53,53,28,28,28,48,34,34,34,28,28,43,43,48,48,31,59,38,38,30,18,16,0,0],"gold":314,"neow_bonus":"TRANSFORM_TWO_CARDS","is_daily":false,"chose_seed":false,"campfire_upgraded":5,"win_rate":0.0,"timestamp":1611851599,"path_taken":["M","?","$","M","M","E","?","R","T","R","$","E","?","M","R","BOSS","M","?","?","$","?","R","E","R","T","E","M","$","R","M","R","BOSS","M","?","M","?","M","E"],"items_purchased_type":["Relic","Relic","Relic","Card","Relic"],"build_version":"2020-12-22","purchased_purges":2,"victory":false,"max_hp_per_floor":[68,68,68,68,68,68,68,68,68,68,68,68,68,68,68,68,68,68,68,68,68,68,68,68,68,68,68,68,68,68,68,68,68,68,68,68,68,68,68,68,68],"card_choices":[{"not_picked":["Entrench","Sword Boomerang"],"picked":"Rupture","floor":1},{"not_picked":["Perfected Strike","Entrench"],"picked":"Clothesline","floor":4},{"not_picked":["Body Slam","Clothesline"],"picked":"Bloodletting","floor":5},{"not_picked":["Intimidate","Sever Soul"],"picked":"Seeing Red","floor":6},{"not_picked":["Clash","Bludgeon","Twin Strike"],"picked":"SKIP","floor":12},{"not_picked":["Carnage","Perfected Strike"],"picked":"Battle Trance","floor":13},{"not_picked":["Flex","Thunderclap","Wild Strike"],"picked":"SKIP","floor":14},{"not_picked":["Reaper","Offering"],"picked":"Corruption","floor":16},{"not_picked":["Shockwave","Wild Strike"],"picked":"Dark Embrace+1","floor":18},{"not_picked":["Twin Strike","Searing Blow"],"picked":"Iron Wave+1","floor":20},{"not_picked":["Pommel Strike","Twin Strike"],"picked":"Flame Barrier+1","floor":24},{"not_picked":["Inflame","Sword Boomerang"],"picked":"Pummel","floor":27},{"not_picked":["Second Wind","Wild Strike+1","Havoc"],"picked":"SKIP","floor":28},{"not_picked":["Clothesline","Pummel","Entrench"],"picked":"SKIP","floor":31},{"not_picked":["Corruption+1","Fiend Fire"],"picked":"Impervious","floor":33},{"not_picked":["Warcry+1","Shrug It Off"],"picked":"Flame Barrier","floor":35},{"not_picked":["Clash","Anger"],"picked":"Dual Wield+1","floor":37},{"not_picked":["Metallicize+1","Inflame+1"],"picked":"Rampage+1","floor":39}],"player_experience":518454,"relics_obtained":[{"floor":6,"key":"Ice Cream"},{"floor":9,"key":"Old Coin"},{"floor":12,"key":"Art of War"},{"floor":13,"key":"Smiling Mask"},{"floor":24,"key":"Calipers"},{"floor":26,"key":"MealTicket"},{"floor":27,"key":"Juzu Bracelet"}],"event_choices":[{"damage_healed":0,"gold_gain":75,"player_choice":"Gather Gold","damage_taken":11,"max_hp_gain":0,"max_hp_loss":0,"event_name":"World of Goop","floor":2,"gold_loss":0},{"damage_healed":0,"gold_gain":0,"player_choice":"Entered Light","damage_taken":20,"max_hp_gain":0,"max_hp_loss":0,"event_name":"Shining Light","floor":7,"gold_loss":0,"cards_upgraded":["Defend_R","Rupture"]},{"damage_healed":0,"gold_gain":30,"player_choice":"Searched \u00272\u0027 times","damage_taken":0,"max_hp_gain":0,"max_hp_loss":0,"event_name":"Dead Adventurer","floor":13,"gold_loss":0},{"damage_healed":0,"gold_gain":250,"player_choice":"Bet on Owner","damage_taken":0,"max_hp_gain":0,"max_hp_loss":0,"event_name":"The Joust","floor":19,"gold_loss":50},{"damage_healed":0,"gold_gain":0,"player_choice":"Copied","damage_taken":0,"max_hp_gain":0,"max_hp_loss":0,"event_name":"Duplicator","floor":22,"gold_loss":0,"cards_obtained":["Clothesline"]},{"damage_healed":0,"gold_gain":0,"player_choice":"Ignored","damage_taken":0,"max_hp_gain":0,"max_hp_loss":0,"event_name":"Tomb of Lord Red Mask","floor":36,"gold_loss":0},{"damage_healed":0,"gold_gain":0,"player_choice":"Embrace Madness","damage_taken":12,"max_hp_gain":0,"max_hp_loss":0,"event_name":"Winding Halls","floor":38,"gold_loss":0,"cards_obtained":["Madness","Madness"]}],"is_beta":false,"boss_relics":[{"not_picked":["Ectoplasm","Velvet Choker"],"picked":"Runic Pyramid"},{"not_picked":["Runic Dome","SlaversCollar"],"picked":"Astrolabe"}],"items_purged_floors":[21,29],"is_endless":false,"potions_floor_spawned":[1,6,13,20,27,28,33,39],"killed_by":"Reptomancer","ascension_level":15}}