{"host":"sav7uxregyirlf69","time":1611799182,"event":{"mods":["AchievementEnabler","BaseMod","Colored Map","DeckTracker","Keyboard Shortcuts","Minty Spire (QoL Compilation)","READ ME - Guardian Mod","StSLib","SuperFastMode"],"gold_per_floor":[117,133,133,133,133,133,145,164,164,164,175,14,26,26,26,26,26],"floor_reached":16,"language":"KOR","playtime":227,"items_purged":[],"score":184,"play_id":"8ac7734d-b006-4038-955a-0ee4c3dec549","local_time":"20210128105942","is_ascension_mode":true,"campfire_choices":[{"data":"Dagger Spray","floor":6.0,"key":"SMITH"},{"data":"Dagger Spray","floor":10.0,"key":"SMITH"},{"data":"Night Terror","floor":15.0,"key":"SMITH"}],"circlet_count":0,"master_deck":["AscendersBane","Strike_G","Strike_G","Strike_G","Defend_G","Defend_G","Defend_G","Defend_G","Defend_G","Survivor","Neutralize","Dagger Spray+1","Poisoned Stab","Deadly Poison","Night Terror+1","Dagger Spray+1","Adrenaline"],"relics":["Ring of the Snake","Sundial","ClockworkSouvenir","Golden Idol"],"acts_visited":["Exordium"],"potions_floor_usage":[16],"damage_taken":[{"damage":2.0,"enemies":"Jaw Worm","floor":1.0,"turns":7.0},{"damage":1.0,"enemies":"2 Louse","floor":2.0,"turns":2.0},{"damage":4.0,"enemies":"Small Slimes","floor":7.0,"turns":3.0},{"damage":10.0,"enemies":"Exordium Thugs","floor":8.0,"turns":5.0},{"damage":0.0,"enemies":"Lots of Slimes","floor":11.0,"turns":1.0},{"damage":0.0,"enemies":"3 Louse","floor":13.0,"turns":1.0},{"damage":48,"enemies":"Slime Boss","floor":16,"turns":7}],"seed_played":"-5453802232353861736","potions_obtained":[{"floor":7.0,"key":"Energy Potion"},{"floor":11.0,"key":"ColorlessPotion"}],"is_trial":false,"path_per_floor":["M","M","?","?","?","R","M","M","T","R","M","$","M","?","R","B"],"character_chosen":"THE_SILENT","items_purchased":["ClockworkSouvenir"],"campfire_rested":0,"item_purchase_floors":[12],"current_hp_per_floor":[57,56,56,61,61,61,57,47,47,47,47,47,47,47,47,0,0],"gold":26,"neow_bonus":"THREE_CARDS","is_daily":false,"chose_seed":false,"campfire_upgraded":3,"win_rate":0.0,"timestamp":1611799182,"path_taken":["M","M","?","?","?","R","M","M","T","R","?","?","M","?","R","BOSS"],"items_purchased_type":["Relic"],"build_version":"2020-12-22","purchased_purges":0,"victory":false,"max_hp_per_floor":[66,66,66,71,71,71,71,71,71,71,71,71,71,64,64,64,64],"card_choices":[{"not_picked":["Prepared","Catalyst"],"picked":"Dagger Spray","floor":0.0},{"not_picked":["Endless Agony","Quick Slash"],"picked":"Poisoned Stab","floor":1.0},{"not_picked":["Prepared","Outmaneuver"],"picked":"Deadly Poison","floor":2.0},{"not_picked":["Blur","Infinite Blades","Deflect"],"picked":"SKIP","floor":7.0},{"not_picked":["Terror","Quick Slash"],"picked":"Dagger Spray","floor":8.0},{"not_picked":["Dagger Spray","Leg Sweep","Dodge and Roll"],"picked":"SKIP","floor":11.0},{"not_picked":["Cloak And Dagger","Prepared"],"picked":"Adrenaline","floor":13.0}],"player_experience":1405729,"relics_obtained":[{"floor":9.0,"key":"Sundial"}],"event_choices":[{"cards_removed":["Strike_G"],"damage_healed":0.0,"max_hp_gain":0.0,"max_hp_loss":0.0,"gold_gain":0.0,"event_name":"Living Wall","player_choice":"Forget","floor":3.0,"gold_loss":0.0,"damage_taken":0.0},{"damage_healed":0.0,"max_hp_gain":5.0,"max_hp_loss":0.0,"gold_gain":0.0,"event_name":"Big Fish","player_choice":"Donut","floor":4.0,"gold_loss":0.0,"damage_taken":0.0},{"damage_healed":0.0,"max_hp_gain":0.0,"max_hp_loss":0.0,"gold_gain":0.0,"cards_transformed":["Strike_G"],"event_name":"Transmorgrifier","player_choice":"Transformed","floor":5.0,"gold_loss":0.0,"damage_taken":0.0,"cards_obtained":["Night Terror"]},{"damage_healed":0.0,"max_hp_gain":0.0,"max_hp_loss":7.0,"gold_gain":0.0,"event_name":"Golden Idol","player_choice":"Lose Max HP","floor":14.0,"gold_loss":0.0,"damage_taken":0.0,"relics_obtained":["Golden Idol"]}],"is_beta":false,"boss_relics":[],"items_purged_floors":[],"is_endless":false,"potions_floor_spawned":[7,11,13],"killed_by":"Slime Boss","ascension_level":20}}