{"host":"q387i5o1hp66091u","time":1611810440,"event":{"mods":["2.2 Compatiblity","BaseMod","Minty Spire (QoL Compilation)","Rare Cards Sparkle"],"gold_per_floor":[113,125,145,145,95,126,126,126,153,19,47,67,83,114,114,219,219,237,252,265,53,68,68,68],"floor_reached":23,"language":"JPN","playtime":1211,"items_purged":[],"score":266,"play_id":"d414379b-8995-4c0a-887a-ba8b6b1fa0f7","local_time":"20210128140720","is_ascension_mode":true,"campfire_choices":[{"data":"Armaments","floor":8.0,"key":"SMITH"},{"floor":15.0,"key":"REST"}],"circlet_count":0,"master_deck":["Strike_R+1","Strike_R","Strike_R","Strike_R+1","Strike_R","Defend_R","Defend_R","Defend_R","Defend_R","Armaments+1","Metallicize","Wild Strike","Twin Strike","Fire Breathing","Wild Strike","True Grit","True Grit","Perfected Strike","Flame Barrier","Sentinel","Barricade","Warcry","Iron Wave","Body Slam+1","Armaments","Bandage Up","Master of Strategy","Warcry"],"relics":["Burning Blood","Ancient Tea Set","The Courier","SsserpentHead","Whetstone","PreservedInsect","Art of War","Velvet Choker"],"acts_visited":["Exordium","TheCity"],"potions_floor_usage":[23,23],"damage_taken":[{"damage":4.0,"enemies":"2 Louse","floor":1.0,"turns":3.0},{"damage":2.0,"enemies":"Jaw Worm","floor":2.0,"turns":4.0},{"damage":0.0,"enemies":"Small Slimes","floor":3.0,"turns":4.0},{"damage":34.0,"enemies":"3 Sentries","floor":6.0,"turns":12.0},{"damage":29.0,"enemies":"Lagavulin","floor":11.0,"turns":9.0},{"damage":3.0,"enemies":"Blue Slaver","floor":12.0,"turns":4.0},{"damage":3.0,"enemies":"3 Louse","floor":13.0,"turns":4.0},{"damage":5.0,"enemies":"Gremlin Nob","floor":14.0,"turns":3.0},{"damage":47.0,"enemies":"Hexaghost","floor":16.0,"turns":13.0},{"damage":10.0,"enemies":"Spheric Guardian","floor":18.0,"turns":6.0},{"damage":14.0,"enemies":"3 Byrds","floor":19.0,"turns":7.0},{"damage":28.0,"enemies":"Shelled Parasite and Fungi","floor":20.0,"turns":6.0},{"damage":41.0,"enemies":"Centurion and Healer","floor":22.0,"turns":7.0},{"damage":5,"enemies":"Gremlin Leader","floor":23,"turns":3}],"seed_played":"-2412388621601837443","potions_obtained":[{"floor":1.0,"key":"Fruit Juice"},{"floor":2.0,"key":"PowerPotion"},{"floor":3.0,"key":"Dexterity Potion"},{"floor":22.0,"key":"DuplicationPotion"}],"is_trial":false,"path_per_floor":["M","M","M","?","?","E","?","R","T","$","E","M","M","E","R","B",null,"M","M","M","$","M","E"],"character_chosen":"IRONCLAD","items_purchased":["Fire Breathing","Wild Strike","True Grit","Armaments","Bandage Up","Master of Strategy"],"campfire_rested":1,"item_purchase_floors":[10,10,10,21,21,21],"current_hp_per_floor":[88,88,88,85,85,57,57,57,57,57,34,37,40,41,67,26,73,69,61,39,39,13,12,12],"gold":68,"neow_bonus":"TEN_PERCENT_HP_BONUS","is_daily":false,"chose_seed":false,"campfire_upgraded":1,"win_rate":0.0,"timestamp":1611810440,"path_taken":["M","M","M","?","?","E","?","R","T","$","E","M","M","E","R","BOSS","M","M","M","?","M","E"],"items_purchased_type":["Card","Card","Card","Card","Card","Card"],"build_version":"2020-12-22","purchased_purges":0,"victory":false,"max_hp_per_floor":[88,88,88,88,88,88,88,88,88,88,88,88,88,88,88,88,88,88,88,88,88,93,93,93],"card_choices":[{"not_picked":["Cleave","Entrench"],"picked":"Armaments","floor":1.0},{"not_picked":["Thunderclap","Body Slam"],"picked":"Metallicize","floor":2.0},{"not_picked":["Armaments","Wild Strike","Sever Soul"],"picked":"SKIP","floor":3.0},{"not_picked":["Armaments","Sever Soul"],"picked":"Wild Strike","floor":3.0},{"not_picked":["Havoc","Dual Wield"],"picked":"Twin Strike","floor":6.0},{"not_picked":["Brutality","Anger"],"picked":"True Grit","floor":11.0},{"not_picked":["Wild Strike","True Grit"],"picked":"Perfected Strike","floor":12.0},{"not_picked":["Thunderclap","Rage"],"picked":"Flame Barrier","floor":13.0},{"not_picked":["Twin Strike","True Grit"],"picked":"Sentinel","floor":14.0},{"not_picked":["Immolate","Berserk"],"picked":"Barricade","floor":16.0},{"not_picked":["Havoc","Clash"],"picked":"Warcry","floor":18.0},{"not_picked":["Hemokinesis","Warcry+1"],"picked":"Iron Wave","floor":19.0},{"not_picked":["Ghostly Armor+1","Twin Strike"],"picked":"Body Slam+1","floor":20.0},{"not_picked":["Perfected Strike","Demon Form"],"picked":"Warcry","floor":22.0}],"player_experience":603948,"relics_obtained":[{"floor":6.0,"key":"The Courier"},{"floor":9.0,"key":"Whetstone"},{"floor":11.0,"key":"PreservedInsect"},{"floor":14.0,"key":"Art of War"}],"event_choices":[{"damage_healed":0.0,"max_hp_gain":0.0,"max_hp_loss":0.0,"gold_gain":0.0,"event_name":"Scrap Ooze","player_choice":"Success","floor":4.0,"gold_loss":0.0,"damage_taken":3.0,"relics_obtained":["Ancient Tea Set"]},{"cards_removed":["Bash"],"damage_healed":0.0,"max_hp_gain":0.0,"max_hp_loss":0.0,"gold_gain":0.0,"event_name":"The Cleric","player_choice":"Card Removal","floor":5.0,"gold_loss":50.0,"damage_taken":0.0},{"damage_healed":0.0,"max_hp_gain":0.0,"max_hp_loss":0.0,"gold_gain":0.0,"event_name":"FaceTrader","player_choice":"Trade","floor":7.0,"gold_loss":0.0,"damage_taken":0.0,"relics_obtained":["SsserpentHead"]}],"is_beta":false,"boss_relics":[{"not_picked":["Snecko Eye","Philosopher\u0027s Stone"],"picked":"Velvet Choker"}],"items_purged_floors":[],"is_endless":false,"potions_floor_spawned":[1,2,3,14,19,22],"killed_by":"Gremlin Leader","ascension_level":5}}