{"host":"ut3qe46kys7sl3ey","time":1611799097,"event":{"mods":["2.2 Compatiblity","AchievementEnabler","Bard","BaseMod","Bestiary","Better Altar","Better Match","Better Note","Better Sensory Stone","Better Skull","Better Third Choice","BetterRewards","Block Reminder","Colored Map","Colored Powertips","Curses Come First","DeckTracker","Downfall","Energized Spire","Friendly Minions","Highlight Path","Hubris","Infinite Spire","Minty Spire (QoL Compilation)","Permanent Neow","Quick Restart","Random Character Button","Relic Sorter","Relic Stats","Reliquary","Replay The Spire","StSLib","The Blue Laboratory","The Bug Knight","The Construct","The Cursed","The Jungle","The Mystic","The Spell Scribe","Unceasing Turn Reminder","Unknown Chances","Wandering Minibosses"],"gold_per_floor":[109,127,140,140,67,101,101,111,111,124,150,169,179,179,179,281,281,295,245,520,207,255,255,287,287,366,392,392,392,404,404,404,503,503,515,527,537,553,123,123,156,156,156,156,156,103,203,214,214,214,214],"floor_reached":50,"language":"ENG","playtime":6177,"items_purged":["Regret","TheCursedMod:Dregs","Strike_B","Strike_B"],"score":583,"play_id":"230aeba1-8948-4151-b3b0-a74e9f57682e","local_time":"20210128035817","is_ascension_mode":false,"campfire_choices":[{"floor":7.0,"key":"REST"},{"data":"White Noise","floor":15.0,"key":"SMITH"},{"data":"Loop","floor":23.0,"key":"SMITH"},{"floor":25.0,"key":"REST"},{"floor":28.0,"key":"REST"},{"data":"Redo","floor":32,"key":"SMITH"},{"floor":40,"key":"REST"},{"floor":42,"key":"REST"},{"floor":49,"key":"REST"}],"circlet_count":0,"master_deck":["Strike_B","Defend_B+1","Defend_B","Defend_B","Defend_B","Zap","Dualcast","Redo+1","Genetic Algorithm","Genetic Algorithm","Sunder+1","Cold Snap","Loop+1","Defragment","Self Repair","Gash","Sunder","Coolheaded","Echo Form","White Noise+1","Aggregate","Barrage","ReplayTheSpireMod:Calculation Training","Barrage","Ball Lightning","Panic Button","Melter","Defragment","Seek","Conserve Battery+1","Machine Learning","infinitespire:Execution","ReplayTheSpireMod:??????????????????????","infinitespire:Fortify","BootSequence+1","Redo+1","Ball Lightning","wanderingMiniBosses:FinaleOfPromise","Capacitor+1","Conserve Battery","Chill+1","Static Discharge","BasicCrystalCard"],"relics":["FrozenCore","Prayer Wheel","hubris:Towel","Carrot","reliquary:WeakTea","Odd Mushroom","MealTicket","Replay:Baseball","reliquary:ExpiredCoupon","Ancient Tea Set","reliquary:ExpiredCoupon","hubris:BallOfYels","Ginger","reliquary:RosewoodLute","Empty Cage","wanderingMiniBosses:Blackblade","Pet Ghost","reliquary:Buckler","Calipers","hubris:MobiusCoin","ReplayTheSpireMod:Ring of Sloth","Ring of Hypnosis"],"acts_visited":["Exordium","Exordium","TheBeyond"],"potions_floor_usage":[38,38,38],"damage_taken":[{"damage":9.0,"enemies":"Cultist","floor":1.0,"turns":4.0},{"damage":5.0,"enemies":"Jaw Worm","floor":2.0,"turns":3.0},{"damage":0.0,"enemies":"Small Slimes","floor":3.0,"turns":3.0},{"damage":42.0,"enemies":"3 Sentries","floor":6.0,"turns":9.0},{"damage":10.0,"enemies":"Looter","floor":8.0,"turns":3.0},{"damage":23.0,"enemies":"Exordium Wildlife","floor":10.0,"turns":4.0},{"damage":1.0,"enemies":"The Mushroom Lair","floor":11.0,"turns":3.0},{"damage":0.0,"enemies":"3 Louse","floor":12.0,"turns":3.0},{"damage":20.0,"enemies":"Blue Slaver","floor":13.0,"turns":7.0},{"damage":2.0,"enemies":"Slime Boss","floor":16.0,"turns":6.0},{"damage":22.0,"enemies":"theJungle:GiantWrat","floor":18.0,"turns":9.0},{"damage":72.0,"enemies":"theJungle:Cassacara","floor":24.0,"turns":11.0},{"damage":0.0,"enemies":"theJungle:2_Phrogs","floor":27.0,"turns":8.0},{"damage":0,"enemies":"theJungle:5_Spyders","floor":30,"turns":5},{"damage":4,"enemies":"theJungle:FunGuy","floor":33,"turns":9},{"damage":27,"enemies":"3 Darklings","floor":35,"turns":7},{"damage":0,"enemies":"Orb Walker","floor":36,"turns":5},{"damage":32,"enemies":"Sphere and 2 Shapes","floor":37,"turns":8},{"damage":34,"enemies":"Transient","floor":38,"turns":11},{"damage":34,"enemies":"Reptomancer","floor":41,"turns":7},{"damage":52,"enemies":"Maw","floor":48,"turns":9},{"damage":49,"enemies":"infinitespire:MassOfShapes","floor":50,"turns":4}],"seed_played":"-4607410531455461633","potions_obtained":[{"floor":1.0,"key":"PowerPotion"},{"floor":2.0,"key":"Elixir"},{"floor":8.0,"key":"LifebloodPotion"},{"floor":12.0,"key":"FearPotion"},{"floor":13.0,"key":"blueLaboratory:CoolantVial"},{"floor":14.0,"key":"Flashbang"},{"floor":14.0,"key":"bronze:BurnAndBuffPotion"},{"floor":38,"key":"Weak Potion"},{"floor":41,"key":"sneckomod:MuddlingPotion"},{"floor":48,"key":"SteroidPotion"}],"is_trial":false,"path_per_floor":["M","M","M","?","$","E","R","M","T","M","?","M","M","?","R_BF","B",null,"M","?","?","$","T","R","E","R","T","E","R","?","M","AVR","R","B",null,"M","M","M","M","$","R","E","R","T","AVR","?","$","?","M","R","B"],"character_chosen":"DEFECT","items_purchased":["Defragment","Replay:Baseball","Panic Button","Melter","Chill+1","Static Discharge","Pet Ghost","Fire Potion","BasicCrystalCard"],"campfire_rested":6,"item_purchase_floors":[5,21,21,21,39,39,39,39,46],"current_hp_per_floor":[66,61,61,61,61,19,41,38,38,22,21,28,15,15,15,20,75,60,60,60,75,75,75,17,39,39,46,68,68,75,75,75,75,75,55,69,51,24,39,61,27,49,49,49,49,64,64,26,48,0,0],"gold":214,"neow_bonus":"THREE_RARE_CARDS","is_daily":false,"chose_seed":false,"campfire_upgraded":3,"win_rate":0.0,"timestamp":1611799097,"path_taken":["M","M","M","?","$","E","R","M","T","M","?","M","M","?","R_BF","BOSS","M","?","?","$","?","R","E","R","T","E","R","?","M","AVR","R","BOSS","M","?","?","M","?","R","E","R","T","AVR","?","$","?","?","R","BOSS"],"items_purchased_type":["Card","Relic","Card","Card","Card","Card","Relic","Potion","Card"],"build_version":"2020-12-22","purchased_purges":4,"victory":false,"max_hp_per_floor":[75,75,75,75,75,75,75,75,75,75,75,75,75,75,75,75,75,75,75,75,75,75,75,75,75,75,75,75,75,75,75,75,75,75,75,75,75,75,75,75,75,75,75,75,75,75,75,75,75,75,75],"relic_stats":{"counters":[22,137],"Prayer Wheel":25,"MealTicket":45,"Ginger":[6],"obtain_stats":[{"hubris:BallOfYels":27,"hubris:MobiusCoin":44,"Carrot":6,"Calipers":43,"Ring of Hypnosis":45,"ReplayTheSpireMod:Ring of Sloth":45,"reliquary:WeakTea":9,"Ginger":29,"hubris:Towel":4,"Odd Mushroom":11,"reliquary:RosewoodLute":31,"Ancient Tea Set":24,"Empty Cage":34,"Pet Ghost":39,"FrozenCore":17,"reliquary:ExpiredCoupon":22,"Replay:Baseball":21,"wanderingMiniBosses:Blackblade":38,"Prayer Wheel":1,"MealTicket":19,"reliquary:Buckler":41,"reliquary:SculptingSteel":26,"Cracked Core":0},{"hubris:BallOfYels":13,"hubris:MobiusCoin":20,"Carrot":4,"Calipers":20,"Ring of Hypnosis":20,"ReplayTheSpireMod:Ring of Sloth":20,"reliquary:WeakTea":5,"Ginger":13,"hubris:Towel":3,"Odd Mushroom":7,"reliquary:RosewoodLute":14,"Ancient Tea Set":12,"Empty Cage":15,"Pet Ghost":19,"FrozenCore":10,"reliquary:ExpiredCoupon":11,"Replay:Baseball":11,"wanderingMiniBosses:Blackblade":19,"Prayer Wheel":1,"MealTicket":11,"reliquary:Buckler":20,"reliquary:SculptingSteel":12,"Cracked Core":0},{"hubris:BallOfYels":72,"hubris:MobiusCoin":124,"Carrot":19,"Calipers":124,"Ring of Hypnosis":124,"ReplayTheSpireMod:Ring of Sloth":124,"reliquary:WeakTea":22,"Ginger":72,"hubris:Towel":10,"Odd Mushroom":29,"reliquary:RosewoodLute":77,"Ancient Tea Set":65,"Empty Cage":86,"Pet Ghost":117,"FrozenCore":45,"reliquary:ExpiredCoupon":54,"Replay:Baseball":54,"wanderingMiniBosses:Blackblade":117,"Prayer Wheel":1,"MealTicket":54,"reliquary:Buckler":124,"reliquary:SculptingSteel":65,"Cracked Core":0}],"FrozenCore":[27]},"card_choices":[{"not_picked":["Rainbow","Biased Cognition"],"picked":"ReplayTheSpireMod:Fabricate Wheel","floor":0.0},{"not_picked":["Ball Lightning","Sweeping Beam"],"picked":"Redo","floor":1.0},{"not_picked":["Panic Button","Conserve Battery"],"picked":"Genetic Algorithm","floor":1.0},{"not_picked":["Redo","Beam Cell"],"picked":"Genetic Algorithm","floor":2.0},{"not_picked":["Leap","Meteor Strike"],"picked":"Sunder","floor":2.0},{"not_picked":["Doom and Gloom","ReplaySort"],"picked":"Cold Snap","floor":3.0},{"not_picked":["Steam","Hologram"],"picked":"Loop","floor":3.0},{"not_picked":["Lockon","Reboot"],"picked":"Self Repair","floor":6.0},{"not_picked":["Streamline","Go for the Eyes"],"picked":"Gash","floor":8.0},{"not_picked":["Reprogram","Stack"],"picked":"Sunder","floor":8.0},{"not_picked":["Reinforced Body","Stack"],"picked":"Coolheaded","floor":10.0},{"not_picked":["Turbo","Stack"],"picked":"Echo Form","floor":10.0},{"not_picked":["Ball Lightning","Coolheaded"],"picked":"White Noise","floor":11.0},{"not_picked":["Turbo","Streamline"],"picked":"Aggregate","floor":12.0},{"not_picked":["Skim","Panic Button"],"picked":"Barrage","floor":12.0},{"not_picked":["ReplaySort","Static Discharge"],"picked":"ReplayTheSpireMod:Calculation Training","floor":13.0},{"not_picked":["Steam","Panic Button"],"picked":"Barrage","floor":13.0},{"not_picked":["Chill","Rebound"],"picked":"Ball Lightning","floor":18.0},{"not_picked":["Turbo","Panic Button+1"],"picked":"ReplayGash+1","floor":18.0},{"not_picked":["Streamline+1","Hologram"],"picked":"Defragment","floor":24.0},{"not_picked":["Streamline","Leap"],"picked":"Seek","floor":27.0},{"not_picked":["Barrage","Compile Driver"],"picked":"Conserve Battery+1","floor":30},{"not_picked":["Coolheaded","Compile Driver"],"picked":"Machine Learning","floor":30},{"not_picked":["Beam Cell+1","Glacier"],"picked":"BootSequence+1","floor":35},{"not_picked":["Compile Driver","Glacier+1","Barrage+1"],"picked":"SKIP","floor":35},{"not_picked":["Cold Snap+1","Leap+1"],"picked":"Redo+1","floor":36},{"not_picked":["Barrage+1","Panic Button","Compile Driver"],"picked":"SKIP","floor":36},{"not_picked":["Auto Shields+1","Reboot"],"picked":"Ball Lightning","floor":37},{"not_picked":["Go for the Eyes+1","Auto Shields","Hologram"],"picked":"SKIP","floor":37},{"not_picked":[],"picked":"wanderingMiniBosses:FinaleOfPromise","floor":38},{"not_picked":["Steam","Electrodynamics"],"picked":"Capacitor+1","floor":38},{"not_picked":["Stack","Hologram"],"picked":"Conserve Battery","floor":38},{"not_picked":["Force Field+1","Turbo","Reprogram+1"],"picked":"SKIP","floor":41},{"not_picked":["Cold Snap+1","Thunder Strike","Compile Driver"],"picked":"SKIP","floor":48},{"not_picked":["Compile Driver+1","Cold Snap","Streamline+1"],"picked":"SKIP","floor":48}],"player_experience":185175,"relics_obtained":[{"floor":6.0,"key":"Carrot"},{"floor":9.0,"key":"reliquary:WeakTea"},{"floor":11.0,"key":"Odd Mushroom"},{"floor":22.0,"key":"reliquary:ExpiredCoupon"},{"floor":24.0,"key":"Ancient Tea Set"},{"floor":26.0,"key":"reliquary:SculptingSteel"},{"floor":27.0,"key":"hubris:BallOfYels"},{"floor":29.0,"key":"Ginger"},{"floor":38,"key":"wanderingMiniBosses:Blackblade"},{"floor":41,"key":"reliquary:Buckler"},{"floor":43,"key":"Calipers"},{"floor":45,"key":"ReplayTheSpireMod:Ring of Sloth"},{"floor":45,"key":"Ring of Hypnosis"}],"event_choices":[{"damage_healed":0.0,"max_hp_gain":0.0,"max_hp_loss":0.0,"gold_gain":0.0,"event_name":"Mushrooms","player_choice":"Fought Mushrooms","floor":11.0,"gold_loss":0.0,"damage_taken":0.0},{"damage_healed":0.0,"max_hp_gain":0.0,"max_hp_loss":0.0,"gold_gain":0.0,"event_name":"Lab","player_choice":"Got Potions","floor":14.0,"gold_loss":0.0,"damage_taken":0.0},{"damage_healed":0.0,"max_hp_gain":0.0,"max_hp_loss":0.0,"gold_gain":0.0,"event_name":"WeMeetAgain","player_choice":"Paid Gold","floor":19.0,"gold_loss":50.0,"damage_taken":0.0,"relics_obtained":["MealTicket"]},{"damage_healed":0.0,"max_hp_gain":0.0,"max_hp_loss":0.0,"gold_gain":275.0,"event_name":"Golden Shrine","player_choice":"Desecrate","floor":20.0,"gold_loss":0.0,"damage_taken":0.0,"cards_obtained":["Regret"]},{"damage_healed":0.0,"max_hp_gain":0.0,"max_hp_loss":0.0,"gold_gain":0.0,"event_name":"Wheel of Change","player_choice":"Relic","floor":29.0,"gold_loss":0.0,"damage_taken":0.0},{"damage_healed":0,"gold_gain":100,"player_choice":"Pray","damage_taken":0,"max_hp_gain":0,"max_hp_loss":0,"event_name":"Golden Shrine","floor":47,"gold_loss":0}],"is_beta":false,"boss_relics":[{"not_picked":["SlaversCollar","energizedSpire:SpiderWeb"],"picked":"FrozenCore"},{"not_picked":["Fusion Hammer","Sozu"],"picked":"Empty Cage"}],"items_purged_floors":[21,31,39,44],"is_endless":false,"potions_floor_spawned":[1,2,8,12,13,24,27,38,41,48],"killed_by":"infinitespire:MassOfShapes","ascension_level":0}}