{"host":"nwd160me4iqdtr8u","time":1611835822,"event":{"mods":["AchievementEnabler","Act Like it!","BaseMod","Colored Map","DeckTracker","Minty Spire (QoL Compilation)","Quick Restart","Rare Cards Sparkle","StSLib","SuperFastMode","everything is the same but u backflip on backflip"],"gold_per_floor":[117,192,206,54,54,87,87,262,334,334,334,51,65,81,81,178,178,168,180,6,6,16,16,16,16,16,34,34,34,34,34,34,34,34],"floor_reached":33,"language":"KOR","playtime":1566,"items_purged":["Doubt","Strike_B"],"score":302,"play_id":"cf82e56b-3921-421d-91ee-ef95b5bd84a2","local_time":"20210128211022","is_ascension_mode":true,"campfire_choices":[{"floor":7.0,"key":"REST"},{"data":"Sunder","floor":10.0,"key":"SMITH"},{"data":"Coolheaded","floor":15.0,"key":"SMITH"},{"data":"Buffer","floor":24,"key":"SMITH"},{"data":"Hologram","floor":28,"key":"SMITH"},{"floor":32,"key":"REST"}],"circlet_count":0,"master_deck":["Strike_B","Strike_B","Defend_B","Defend_B","Defend_B","Defend_B","Zap","Dualcast","Glacier","Loop","Cold Snap","Sunder+1","Chill","Conserve Battery","Coolheaded+1","Mind Blast+1","Go for the Eyes+1","Buffer+1","Exhume","Blizzard+1","Necronomicurse","Hologram+1","Consecrate+1"],"relics":["Cracked Core","Dead Branch","Molten Egg 2","Prayer Wheel","PrismaticShard","Nuclear Battery","Necronomicon","Pear","Ornamental Fan"],"acts_visited":["Exordium","TheCity"],"potions_floor_usage":[],"damage_taken":[{"damage":4.0,"enemies":"2 Louse","floor":1.0,"turns":3.0},{"damage":7.0,"enemies":"Jaw Worm","floor":3.0,"turns":4.0},{"damage":21.0,"enemies":"3 Sentries","floor":6.0,"turns":9.0},{"damage":0.0,"enemies":"Small Slimes","floor":13.0,"turns":1.0},{"damage":1.0,"enemies":"Looter","floor":14.0,"turns":3.0},{"damage":43.0,"enemies":"The Guardian","floor":16.0,"turns":13.0},{"damage":22.0,"enemies":"2 Thieves","floor":18.0,"turns":4.0},{"damage":14.0,"enemies":"3 Byrds","floor":19.0,"turns":4.0},{"damage":0.0,"enemies":"Cultist and Chosen","floor":22.0,"turns":6.0},{"damage":1,"enemies":"Snake Plant","floor":27,"turns":3},{"damage":81,"enemies":"Automaton","floor":33,"turns":12}],"seed_played":"-802356782760954705","potions_obtained":[{"floor":1.0,"key":"Weak Potion"},{"floor":27,"key":"Weak Potion"}],"is_trial":false,"path_per_floor":["M","?","M","$","?","E","R","?","T","R","T","$","M","M","R","B",null,"M","M","$","?","M","?","R","?","T","M","R","$","T","$","R","B"],"character_chosen":"DEFECT","items_purchased":["Sunder","Chill","Coolheaded","PrismaticShard","Blizzard+1"],"campfire_rested":2,"item_purchase_floors":[4,4,12,12,20],"current_hp_per_floor":[71,60,53,53,46,25,47,47,47,47,47,47,47,46,46,3,75,53,39,39,23,23,48,48,34,44,43,43,43,43,43,70,0,0],"gold":34,"neow_bonus":"THREE_CARDS","is_daily":false,"chose_seed":false,"campfire_upgraded":4,"win_rate":0.0,"timestamp":1611835822,"path_taken":["M","?","M","$","?","E","R","?","T","R","?","$","M","M","R","BOSS","M","M","$","?","M","?","R","?","T","M","R","$","?","?","R","BOSS"],"items_purchased_type":["Card","Card","Card","Relic","Card"],"build_version":"2020-12-22","purchased_purges":2,"victory":false,"max_hp_per_floor":[75,75,75,75,75,75,75,75,75,75,75,75,75,75,75,75,75,75,75,75,75,75,75,75,80,90,90,90,90,90,90,90,90,90],"card_choices":[{"not_picked":["Recycle","Redo"],"picked":"Glacier","floor":0.0},{"not_picked":["Reinforced Body","Leap"],"picked":"Loop","floor":1.0},{"not_picked":["Barrage","Fusion"],"picked":"Cold Snap","floor":3.0},{"not_picked":["Gash","Stack"],"picked":"Conserve Battery","floor":6.0},{"not_picked":["Coolheaded","Sweeping Beam+1"],"picked":"Mind Blast+1","floor":13.0},{"not_picked":["BowlingBash+1","Steam","Accuracy"],"picked":"SKIP","floor":13.0},{"not_picked":["Prostrate","Redo"],"picked":"Go for the Eyes+1","floor":14.0},{"not_picked":["Pray","BowlingBash+1","Prostrate"],"picked":"SKIP","floor":14.0},{"not_picked":["Secret Weapon","Metamorphosis"],"picked":"Buffer","floor":16.0},{"not_picked":["Cloak And Dagger","Sucker Punch+1","Pommel Strike+1"],"picked":"SKIP","floor":18.0},{"not_picked":["Cold Snap+1","Flame Barrier","BootSequence"],"picked":"SKIP","floor":18.0},{"not_picked":["Twin Strike+1","Hologram"],"picked":"Exhume","floor":19.0},{"not_picked":["Stack+1","Acrobatics","Cloak And Dagger"],"picked":"SKIP","floor":19.0},{"not_picked":["BowlingBash+1","Thunderclap+1"],"picked":"Hologram","floor":22.0},{"not_picked":["Prepared","Undo","Dodge and Roll"],"picked":"SKIP","floor":22.0},{"not_picked":["Steam Power+1","Sucker Punch+1"],"picked":"Consecrate+1","floor":27},{"not_picked":["Anger+1","Trip+1","Coolheaded"],"picked":"SKIP","floor":27}],"player_experience":274670,"relics_obtained":[{"floor":6.0,"key":"Dead Branch"},{"floor":9.0,"key":"Molten Egg 2"},{"floor":11.0,"key":"Prayer Wheel"},{"floor":21.0,"key":"Necronomicon"},{"floor":26,"key":"Pear"},{"floor":30,"key":"Ornamental Fan"}],"event_choices":[{"damage_healed":0.0,"max_hp_gain":0.0,"max_hp_loss":0.0,"gold_gain":75.0,"event_name":"World of Goop","player_choice":"Gather Gold","floor":2.0,"gold_loss":0.0,"damage_taken":11.0},{"cards_removed":["Strike_B"],"damage_healed":0.0,"max_hp_gain":0.0,"max_hp_loss":0.0,"gold_gain":0.0,"event_name":"Golden Wing","player_choice":"Card Removal","floor":5.0,"gold_loss":0.0,"damage_taken":7.0},{"damage_healed":0.0,"max_hp_gain":0.0,"max_hp_loss":0.0,"gold_gain":175.0,"event_name":"Liars Game","player_choice":"AGREE","floor":8.0,"gold_loss":0.0,"damage_taken":0.0,"cards_obtained":["Doubt"]},{"damage_healed":0.0,"max_hp_gain":0.0,"max_hp_loss":0.0,"gold_gain":0.0,"event_name":"Cursed Tome","player_choice":"Obtained Book","floor":21.0,"gold_loss":0.0,"damage_taken":16.0},{"damage_healed":25,"gold_gain":0,"player_choice":"Heal","damage_taken":0,"max_hp_gain":0,"max_hp_loss":0,"event_name":"The Library","floor":23,"gold_loss":0},{"damage_healed":0,"gold_gain":0,"player_choice":"Shed Blood","damage_taken":19,"max_hp_gain":5,"max_hp_loss":0,"event_name":"Forgotten Altar","floor":25,"gold_loss":0}],"is_beta":false,"boss_relics":[{"not_picked":["Inserter","Black Star"],"picked":"Nuclear Battery"}],"items_purged_floors":[12,20],"is_endless":false,"potions_floor_spawned":[1,27],"killed_by":"Automaton","ascension_level":3}}