{"host":"4a6fro0of1ie0h2w","time":1611853771,"event":{"mods":["Aspiration","BaseMod","CCEM2","Colored Map","Conspire","Downfall","GifTheSpireLib","Halation","Highlight Path","Hubris","Infinite Spire","Marisa????????","Minty Spire (QoL Compilation)","Permanent Neow","Replay The Spire","StSLib","Stuff the Spire","The Servant 0.9.4"],"gold_per_floor":[99,119,119,133,153,180,180,23,36,36,66,66,66,66,66],"floor_reached":13,"language":"ENG","playtime":756,"items_purged":[],"score":98,"play_id":"1134f16f-234e-4418-9d99-5b495c3583b0","local_time":"20210128190931","is_ascension_mode":true,"campfire_choices":[{"data":"sneckomod:UnknownRareAttack","floor":1,"key":"SMITH"},{"data":"sneckomod:UnknownRareAttack","floor":10,"key":"SMITH"}],"circlet_count":0,"master_deck":["sneckomod:Strike","sneckomod:Strike","sneckomod:Strike","sneckomod:Defend","sneckomod:Defend","sneckomod:TailWhip","sneckomod:SnekBite","sneckomod:Unknown","sneckomod:Unknown","sneckomod:UnknownRareAttack+1","sneckomod:Unknown1Cost","sneckomod:UnknownX","sneckomod:UnendingSupply","sneckomod:Nope","sneckomod:UnknownDraw","sneckomod:MorePower","sneckomod:UnknownClassBLUE","sneckomod:UnknownRareAttack+1","sneckomod:UnknownStrength","sneckomod:IronFang"],"relics":["sneckomod:SneckoSoul","halation:EternalFortune","Juzu Bracelet","CCEMRelics:BundleOfChain","conspire:TopHat"],"acts_visited":["Exordium"],"potions_floor_usage":[13,13,13],"damage_taken":[{"damage":1,"enemies":"Jaw Worm","floor":2,"turns":3},{"damage":8,"enemies":"conspire:RoseBush","floor":4,"turns":3},{"damage":6,"enemies":"Cultist","floor":5,"turns":3},{"damage":34,"enemies":"Lagavulin","floor":6,"turns":7},{"damage":0,"enemies":"downfall:FleeingMerchant","floor":8,"turns":4},{"damage":1,"enemies":"2 Fungi Beasts","floor":9,"turns":2},{"damage":16,"enemies":"Gremlin Nob","floor":11,"turns":4},{"damage":33,"enemies":"3 Sentries","floor":13,"turns":4}],"seed_played":"128741897234287142","potions_obtained":[{"floor":2,"key":"SkillPotion"},{"floor":4,"key":"Dexterity Potion"},{"floor":5,"key":"Dexterity Potion"}],"is_trial":false,"path_per_floor":["R","M","?","M","M","E","T","$","M","R","E","?","E"],"character_chosen":"THE_SNECKO","items_purchased":["sneckomod:MorePower"],"campfire_rested":0,"item_purchase_floors":[8],"current_hp_per_floor":[90,89,92,84,78,44,44,44,43,43,27,27,0,0,0],"gold":66,"neow_bonus":"ONE_RANDOM_RARE_CARD","is_daily":false,"chose_seed":false,"campfire_upgraded":2,"win_rate":0.0,"timestamp":1611853771,"path_taken":["R","M","?","M","M","E","T","$","M","R","E","?","E"],"items_purchased_type":["Card"],"build_version":"2020-12-22","purchased_purges":0,"victory":false,"max_hp_per_floor":[90,90,93,93,93,93,93,93,93,93,93,93,93,93,93],"card_choices":[{"not_picked":["sneckomod:UnknownStrike","sneckomod:WideSting"],"picked":"sneckomod:Unknown1Cost","floor":2},{"not_picked":["sneckomod:UnknownCommonAttack","sneckomod:SoulDraw"],"picked":"sneckomod:UnknownX","floor":4},{"not_picked":["sneckomod:UnknownClassPURPLE","sneckomod:DangerNoodle"],"picked":"sneckomod:UnendingSupply","floor":5},{"not_picked":["sneckomod:Memorize","sneckomod:ImprovisedGuard"],"picked":"sneckomod:Nope","floor":6},{"not_picked":["sneckomod:UnknownClassBLESSING","sneckomod:MasterEye"],"picked":"sneckomod:UnknownDraw","floor":8},{"not_picked":["sneckomod:UnknownClassMARISA_DERIVATIONS","sneckomod:UnknownClassSLIMEBOUND"],"picked":"sneckomod:UnknownClassBLUE","floor":9},{"not_picked":["sneckomod:IronFang","sneckomod:UnknownBlock"],"picked":"sneckomod:UnknownRareAttack","floor":9},{"not_picked":["sneckomod:UnknownClassGREEN","sneckomod:UnknownClassRED"],"picked":"sneckomod:UnknownStrength","floor":11}],"player_experience":224294,"relics_obtained":[{"floor":6,"key":"Juzu Bracelet"},{"floor":7,"key":"CCEMRelics:BundleOfChain"},{"floor":11,"key":"conspire:TopHat"}],"event_choices":[],"is_beta":false,"boss_relics":[],"items_purged_floors":[],"is_endless":false,"potions_floor_spawned":[2,4,5],"killed_by":"3 Sentries","ascension_level":1}}