{"host":"c52z9ixzgdjttcmx","time":1611872292,"event":{"mods":["BaseMod","Colored Powertips","Downfall","Filter the Spire","Minty Spire (QoL Compilation)","Rare Cards Sparkle","Relic Stats","StSLib"],"gold_per_floor":[99,99,20,20,20,40,40,40,40,55,88,105,105,125,137,137,137,137],"floor_reached":16,"language":"ENG","playtime":3229,"items_purged":[],"score":100,"play_id":"1a4879db-9730-4448-91f0-31f35b8d13d0","local_time":"20210128161812","is_ascension_mode":false,"campfire_choices":[{"data":"sneckomod:SnekBite","floor":1,"key":"SMITH"},{"floor":8,"key":"REST"},{"floor":13,"key":"REST"}],"circlet_count":0,"master_deck":["sneckomod:Strike","sneckomod:Strike","sneckomod:Strike","sneckomod:Defend","sneckomod:Defend","sneckomod:Defend","sneckomod:TailWhip","sneckomod:SnekBite+1","sneckomod:Unknown","sneckomod:Unknown","sneckomod:ImprovisedAttack","sneckomod:Unknown3Cost","sneckomod:RainOfDice","sneckomod:DiceCrush","sneckomod:DiceBoulder","sneckomod:MasterEye","sneckomod:QuickMove","sneckomod:Nope","sneckomod:TrashToTreasure","sneckomod:DiceBlock","sneckomod:WideSting","sneckomod:ImprovisedGuard","sneckomod:UnknownCommonAttack","sneckomod:Nope","sneckomod:SnakeSap"],"relics":["sneckomod:SneckoSoul","downfall:HeartsMalice","downfall:ShatteredFragment","Prayer Wheel","Ornamental Fan"],"acts_visited":["Exordium"],"potions_floor_usage":[10,11,14,14],"damage_taken":[{"damage":0,"enemies":"Jaw Worm","floor":2,"turns":1},{"damage":0,"enemies":"downfall:FleeingMerchant","floor":3,"turns":1},{"damage":0,"enemies":"2 Louse","floor":5,"turns":1},{"damage":6,"enemies":"Cultist","floor":6,"turns":3},{"damage":31,"enemies":"Exordium Thugs","floor":10,"turns":3},{"damage":20,"enemies":"3 Sentries","floor":11,"turns":7},{"damage":5,"enemies":"2 Fungi Beasts","floor":12,"turns":2},{"damage":3,"enemies":"Blue Slaver","floor":14,"turns":3},{"damage":12,"enemies":"Exordium Thugs","floor":15,"turns":5},{"damage":52,"enemies":"IC_STATUS_ARCHETYPE","floor":16,"turns":8}],"seed_played":"-5777670298767254569","potions_obtained":[{"floor":6,"key":"Weak Potion"},{"floor":10,"key":"Weak Potion"},{"floor":11,"key":"Dexterity Potion"},{"floor":12,"key":"Guardian:BlockOnCardUsePotion"}],"is_trial":false,"path_per_floor":["R","M","$","?","M","M","T","R","?","M","E","M","R","M","M","B"],"character_chosen":"THE_SNECKO","items_purchased":["sneckomod:RainOfDice","sneckomod:DiceCrush"],"campfire_rested":2,"item_purchase_floors":[3,3],"current_hp_per_floor":[90,90,90,69,69,63,63,90,90,59,39,34,61,58,46,0,0,0],"gold":137,"neow_bonus":"THREE_ENEMY_KILL","is_daily":false,"chose_seed":false,"campfire_upgraded":1,"win_rate":0.0,"timestamp":1611872292,"path_taken":["R","M","$","?","M","M","T","R","?","M","E","M","R","?","M","BOSS"],"items_purchased_type":["Card","Card"],"build_version":"2020-12-22","purchased_purges":0,"victory":false,"max_hp_per_floor":[90,90,90,90,90,90,90,90,90,90,90,90,90,90,90,90,90,90],"relic_stats":{"counters":[10,31],"Ornamental Fan":[48],"Prayer Wheel":4,"obtain_stats":[{"downfall:ShatteredFragment":4,"Ornamental Fan":11,"downfall:HeartsMalice":0,"Prayer Wheel":7,"sneckomod:SneckoSoul":0},{"downfall:ShatteredFragment":2,"Ornamental Fan":6,"downfall:HeartsMalice":0,"Prayer Wheel":4,"sneckomod:SneckoSoul":0},{"downfall:ShatteredFragment":0,"Ornamental Fan":13,"downfall:HeartsMalice":0,"Prayer Wheel":3,"sneckomod:SneckoSoul":0}]},"card_choices":[{"not_picked":["sneckomod:Nope","sneckomod:DiceCrush"],"picked":"sneckomod:ImprovisedAttack","floor":2},{"not_picked":["sneckomod:QuickBite","sneckomod:DiceBlock"],"picked":"sneckomod:Unknown3Cost","floor":3},{"not_picked":["sneckomod:SlitherStrike","sneckomod:IronFang"],"picked":"sneckomod:DiceBoulder","floor":5},{"not_picked":["sneckomod:WideSting","sneckomod:SoulRoll"],"picked":"sneckomod:MasterEye","floor":6},{"not_picked":["sneckomod:TrashToTreasure","sneckomod:DiceCrush"],"picked":"sneckomod:QuickMove","floor":10},{"not_picked":["sneckomod:UnknownCommonSkill","sneckomod:IronFang"],"picked":"sneckomod:Nope","floor":10},{"not_picked":["sneckomod:UnknownUncommonSkill","sneckomod:SlitherStrike"],"picked":"sneckomod:TrashToTreasure","floor":11},{"not_picked":["sneckomod:QuickBite","sneckomod:UnknownCommonAttack"],"picked":"sneckomod:DiceBlock","floor":12},{"not_picked":["sneckomod:CheapStock","sneckomod:UnknownStrike"],"picked":"sneckomod:WideSting","floor":12},{"not_picked":["sneckomod:WideSting","sneckomod:TrashToTreasure"],"picked":"sneckomod:ImprovisedGuard","floor":14},{"not_picked":["sneckomod:TrashToTreasure","sneckomod:Nope"],"picked":"sneckomod:UnknownCommonAttack","floor":14},{"not_picked":["sneckomod:WideSting","sneckomod:Memorize"],"picked":"sneckomod:Nope","floor":15},{"not_picked":["sneckomod:UnknownCommonSkill","sneckomod:QuickBite"],"picked":"sneckomod:SnakeSap","floor":15}],"player_experience":3376413,"relics_obtained":[{"floor":7,"key":"Prayer Wheel"},{"floor":11,"key":"Ornamental Fan"}],"event_choices":[{"damage_healed":0,"gold_gain":0,"player_choice":"Leave","damage_taken":0,"max_hp_gain":0,"max_hp_loss":0,"event_name":"FaceTrader","floor":9,"gold_loss":0}],"is_beta":false,"boss_relics":[],"items_purged_floors":[],"is_endless":false,"potions_floor_spawned":[6,10,11,12],"killed_by":"IC_STATUS_ARCHETYPE","ascension_level":0}}