{"host":"ewns8ifhbubwkcum","time":1611854663,"event":{"mods":["BaseMod","Block Reminder","Colored Map","Colored Powertips","Downfall","Highlight Path","Minty Spire (QoL Compilation)","Permanent Neow","Quick Restart","Random Character Button","StSLib"],"gold_per_floor":[99,114,127,142,142,155,155,21,21,34,34,68,68,68,81,81,81,81],"floor_reached":16,"language":"ENG","playtime":1014,"items_purged":[],"score":107,"play_id":"f1a45283-da1c-4abe-bf2b-402f14e9bbcd","local_time":"20210128112423","is_ascension_mode":true,"campfire_choices":[{"data":"bronze:Goto","floor":1.0,"key":"SMITH"},{"data":"bronze:Repulsor","floor":11,"key":"SMITH"},{"data":"bronze:MaxOutput","floor":13,"key":"SMITH"}],"circlet_count":0,"master_deck":["bronze:Strike","bronze:Strike","bronze:Strike","bronze:Defend","bronze:Defend","bronze:Defend","bronze:Replicate","bronze:Goto+1","bronze:Frontload","bronze:Repulsor+1","bronze:BronzeArmor","bronze:ClassDefault","bronze:Frontload","bronze:Separator","bronze:BronzeOrb","bronze:MaxOutput+1","bronze:InfiniteBeams","bronze:ChosenStrike","bronze:Constructor"],"relics":["bronze:BronzeCore","downfall:BrokenWingStatue","Letter Opener","WingedGreaves","bronze:BottledCode"],"acts_visited":["Exordium"],"potions_floor_usage":[],"damage_taken":[{"damage":0.0,"enemies":"Jaw Worm","floor":2.0,"turns":3.0},{"damage":0.0,"enemies":"Small Slimes","floor":3.0,"turns":3.0},{"damage":0.0,"enemies":"2 Louse","floor":4.0,"turns":4.0},{"damage":16.0,"enemies":"Exordium Wildlife","floor":6.0,"turns":7.0},{"damage":0,"enemies":"downfall:FleeingMerchant","floor":8,"turns":4},{"damage":7,"enemies":"2 Fungi Beasts","floor":10,"turns":4},{"damage":30,"enemies":"Gremlin Nob","floor":12,"turns":5},{"damage":0,"enemies":"Exordium Thugs","floor":15,"turns":5},{"damage":17,"enemies":"DF_ARCHETYPE_STREAMLINE","floor":16,"turns":9}],"seed_played":"-8406248324696559389","potions_obtained":[{"floor":2.0,"key":"CultistPotion"},{"floor":10,"key":"Strength Potion"},{"floor":15,"key":"ColorlessPotion"}],"is_trial":false,"path_per_floor":["R","M","M","M","?","M","T","$","?","M","R","E","R","?","M","B"],"character_chosen":"THE_AUTOMATON","items_purchased":["bronze:BronzeOrb","bronze:MaxOutput"],"campfire_rested":0,"item_purchase_floors":[8,8],"current_hp_per_floor":[70,70,70,70,70,54,54,54,54,47,47,17,17,17,17,0,0,0],"gold":81,"neow_bonus":"TRANSFORM_CARD","is_daily":false,"chose_seed":false,"campfire_upgraded":3,"win_rate":0.0,"timestamp":1611854663,"path_taken":["R","M","M","M","?","M","T","$","?","M","R","E","R","?","M","BOSS"],"items_purchased_type":["Card","Card"],"build_version":"2020-12-22","purchased_purges":0,"victory":false,"max_hp_per_floor":[70,70,70,70,70,70,70,70,70,70,70,70,70,60,60,60,60,60],"card_choices":[{"not_picked":["bronze:Invalidate","bronze:NullPointer"],"picked":"bronze:Repulsor","floor":2.0},{"not_picked":["bronze:Refactor","bronze:Philosophize"],"picked":"bronze:BronzeArmor","floor":3.0},{"not_picked":["bronze:CutThrough","bronze:Iterate"],"picked":"bronze:ClassDefault","floor":4.0},{"not_picked":["bronze:NullPointer","bronze:BuggyMess"],"picked":"bronze:Frontload","floor":6.0},{"not_picked":["bronze:Refactor","bronze:WhirlingStrike"],"picked":"bronze:Separator","floor":8},{"not_picked":["bronze:Turbo","bronze:Invalidate"],"picked":"bronze:InfiniteBeams","floor":10},{"not_picked":["bronze:Branch","bronze:Refactor"],"picked":"bronze:ChosenStrike","floor":12},{"not_picked":["bronze:GetLatest","bronze:Turbo"],"picked":"bronze:Constructor","floor":15}],"player_experience":1042033,"relics_obtained":[{"floor":7.0,"key":"Letter Opener"},{"floor":12,"key":"WingedGreaves"}],"event_choices":[{"cards_removed":["bronze:Defend"],"damage_healed":0,"gold_gain":0,"player_choice":"Card Removal","damage_taken":0,"max_hp_gain":0,"max_hp_loss":0,"event_name":"The Cleric","floor":9,"gold_loss":0}],"is_beta":false,"boss_relics":[],"items_purged_floors":[],"is_endless":false,"potions_floor_spawned":[2,10,15],"killed_by":"DF_ARCHETYPE_STREAMLINE","ascension_level":1}}