{"host":"na09lpbrez4gbfiz","time":1611850767,"event":{"mods":["Act Like it!","BaseMod","BetterRewards","Colored Map","Colored Powertips","DeckTracker","Googly Eyes","Highlight Path","Minty Spire (QoL Compilation)","Quick Restart","Spicy Shops","StSLib","SuperFastMode","Synergy Search"],"gold_per_floor":[112,387,403,414,439,439,467,467,467,499,515,44,55,78,78,179,179,179,179,56,56,56,56],"floor_reached":22,"language":"ENG","playtime":601,"items_purged":["Regret","Defend_R"],"score":339,"play_id":"50156df9-70f9-4e41-b7ba-dac3704d9610","local_time":"20210128171927","is_ascension_mode":true,"campfire_choices":[{"data":"Bash","floor":6,"key":"SMITH"},{"data":"Shrug It Off","floor":8,"key":"SMITH"},{"floor":15,"key":"REST"}],"circlet_count":0,"master_deck":["AscendersBane","Strike_R","Strike_R","Defend_R","Defend_R","Defend_R","Bash+1","Dropkick+1","Dark Embrace+1","Wild Strike+1","Shrug It Off+1","Warcry","Offering+1","Juggernaut","Berserk+1","True Grit+1"],"relics":["Astrolabe","Vajra","Bottled Flame","FossilizedHelix","Anchor","Toxic Egg 2","Blood Vial","Ectoplasm"],"acts_visited":["Exordium","TheCity"],"potions_floor_usage":[7,10,16],"damage_taken":[{"damage":7,"enemies":"2 Louse","floor":1,"turns":2},{"damage":0,"enemies":"Cultist","floor":3,"turns":2},{"damage":6,"enemies":"Jaw Worm","floor":4,"turns":3},{"damage":18,"enemies":"Lagavulin","floor":7,"turns":3},{"damage":0,"enemies":"Gremlin Nob","floor":10,"turns":2},{"damage":1,"enemies":"Looter","floor":11,"turns":3},{"damage":0,"enemies":"Exordium Thugs","floor":13,"turns":3},{"damage":54,"enemies":"Slime Boss","floor":16,"turns":9},{"damage":0,"enemies":"Spheric Guardian","floor":18,"turns":3},{"damage":52,"enemies":"3 Byrds","floor":19,"turns":5},{"damage":21,"enemies":"Shelled Parasite and Fungi","floor":22,"turns":2}],"seed_played":"-6944595893910680263","potions_obtained":[{"floor":1,"key":"ElixirPotion"},{"floor":4,"key":"DistilledChaos"},{"floor":11,"key":"ElixirPotion"},{"floor":13,"key":"ElixirPotion"}],"is_trial":false,"path_per_floor":["M","?","M","M","T","R","E","R","T","E","M","$","M","T","R","B",null,"M","M","$","?","M"],"character_chosen":"IRONCLAD","items_purchased":["Toxic Egg 2","Offering+1","True Grit+1"],"campfire_rested":1,"item_purchase_floors":[12,12,20],"current_hp_per_floor":[65,65,65,59,59,59,41,41,41,41,40,40,40,40,64,12,63,65,15,15,15,0,0],"gold":56,"neow_bonus":"BOSS_RELIC","is_daily":false,"chose_seed":false,"campfire_upgraded":2,"win_rate":0.0,"timestamp":1611850767,"path_taken":["M","?","M","?","?","R","E","R","T","E","M","?","M","?","R","BOSS","M","M","$","?","M"],"items_purchased_type":["Relic","Card","Card"],"build_version":"2020-12-22","purchased_purges":2,"victory":false,"max_hp_per_floor":[80,80,80,80,80,80,80,80,80,80,80,80,80,80,80,80,80,80,80,80,80,80,80],"card_choices":[{"not_picked":["Sentinel","Whirlwind","Reckless Charge"],"picked":"SKIP","floor":1},{"not_picked":["Body Slam","Intimidate","Spot Weakness"],"picked":"SKIP","floor":3},{"not_picked":["Heavy Blade","Warcry","Cleave"],"picked":"SKIP","floor":4},{"not_picked":["Inflame","Perfected Strike"],"picked":"Shrug It Off","floor":7},{"not_picked":["Sword Boomerang","Thunderclap"],"picked":"Warcry","floor":10},{"not_picked":["Thunderclap","Anger","Flex"],"picked":"SKIP","floor":11},{"not_picked":["Thunderclap","Wild Strike"],"picked":"Juggernaut","floor":13},{"not_picked":["Limit Break+1","Double Tap+1"],"picked":"Berserk","floor":16},{"not_picked":["Perfected Strike","Body Slam","Clothesline"],"picked":"SKIP","floor":18},{"not_picked":["Armaments+1","Entrench+1","Sword Boomerang"],"picked":"SKIP","floor":19}],"player_experience":184007,"relics_obtained":[{"floor":5,"key":"Vajra"},{"floor":7,"key":"Bottled Flame"},{"floor":9,"key":"FossilizedHelix"},{"floor":10,"key":"Anchor"},{"floor":14,"key":"Blood Vial"}],"event_choices":[{"damage_healed":0,"gold_gain":275,"player_choice":"Desecrate","damage_taken":0,"max_hp_gain":0,"max_hp_loss":0,"event_name":"Golden Shrine","floor":2,"gold_loss":0,"cards_obtained":["Regret"]},{"damage_healed":0,"gold_gain":0,"player_choice":"Forge","damage_taken":0,"max_hp_gain":0,"max_hp_loss":0,"event_name":"Accursed Blacksmith","floor":21,"gold_loss":0,"cards_upgraded":["Berserk"]}],"is_beta":false,"boss_relics":[{"not_picked":["Runic Pyramid","SacredBark"],"picked":"Ectoplasm"}],"items_purged_floors":[12,20],"is_endless":false,"potions_floor_spawned":[1,4,11,13],"killed_by":"Shelled Parasite and Fungi","ascension_level":11}}