{"host":"qrt7o4dq2qslzw13","time":1611861528,"event":{"mods":["BaseMod","Colored Map","Colored Powertips","Minty Spire (QoL Compilation)","Quick Restart","Replay The Spire","Shop Mod","StSLib","SuperFastMode"],"gold_per_floor":[119,119,134,134,409,440,440,458,482,482,513,513,528,51,51,148,148,158,176,100,100,100],"floor_reached":21,"language":"ENG","playtime":476,"items_purged":[],"score":290,"play_id":"bdb8b2d5-7b3e-4807-aa2c-f9bfae602e55","local_time":"20210128141848","is_ascension_mode":true,"campfire_choices":[{"floor":7.0,"key":"REST"},{"data":"A Thousand Cuts","floor":10.0,"key":"SMITH"},{"floor":12.0,"key":"REST"},{"data":"Envenom","floor":15.0,"key":"SMITH"}],"circlet_count":0,"master_deck":["AscendersBane","Strike_G","Strike_G","Strike_G","Strike_G","Defend_G","Defend_G","Defend_G","Defend_G","Defend_G","Survivor+1","Neutralize","Survivor","m_Survivalism","A Thousand Cuts+1","Blade Dance+1","Acrobatics","Regret","Backstab","Dagger Spray","Envenom+1","Prepared","Blade Dance","Slice","Caltrops","Burst","ReplayTheSpireMod:Shiv Toss+1","Cloak And Dagger","Choke"],"relics":["Sizzling Blood","ReplayFunnel","War Paint","Paper Crane","Anchor","Medical Kit","ChewingGum"],"acts_visited":["Exordium","TheCity"],"potions_floor_usage":[18],"damage_taken":[{"damage":1.0,"enemies":"Small Slimes","floor":1.0,"turns":4.0},{"damage":2.0,"enemies":"Cultist","floor":3.0,"turns":4.0},{"damage":37.0,"enemies":"3 Sentries","floor":6.0,"turns":8.0},{"damage":10.0,"enemies":"Jaw Worm","floor":8.0,"turns":6.0},{"damage":15.0,"enemies":"Gremlin Nob","floor":11.0,"turns":4.0},{"damage":11.0,"enemies":"Looter","floor":13.0,"turns":4.0},{"damage":43.0,"enemies":"The Guardian","floor":16.0,"turns":12.0},{"damage":29,"enemies":"Spheric Guardian","floor":18,"turns":4},{"damage":11,"enemies":"Chosen","floor":19,"turns":6},{"damage":35,"enemies":"Snake Plant","floor":21,"turns":3}],"seed_played":"5844110993669344115","potions_obtained":[{"floor":1.0,"key":"PowerPotion"},{"floor":6.0,"key":"Poison Potion"},{"floor":16.0,"key":"Toxic Potion"}],"is_trial":false,"path_per_floor":["M","?","M","?","?","E","R","M","T","R","E","R","M","$","R","B",null,"M","M","$","M"],"character_chosen":"THE_SILENT","items_purchased":["Blade Dance","Anchor","Slice","Caltrops","Medical Kit","Choke"],"campfire_rested":2,"item_purchase_floors":[14,14,14,14,14,20],"current_hp_per_floor":[62,66,68,68,68,35,57,51,51,51,40,62,55,55,55,16,60,35,28,28,0,0],"gold":100,"neow_bonus":"THREE_RARE_CARDS","is_daily":false,"chose_seed":false,"campfire_upgraded":2,"win_rate":0.0,"timestamp":1611861528,"path_taken":["M","?","M","?","?","E","R","M","T","R","E","R","M","$","R","BOSS","M","M","$","M"],"items_purchased_type":["Card","Relic","Card","Card","Relic","Card"],"build_version":"2020-12-22","purchased_purges":0,"victory":false,"max_hp_per_floor":[70,74,74,74,74,74,74,74,74,74,74,74,74,74,74,74,74,74,74,74,74,74],"card_choices":[{"not_picked":["Bullet Time","Night Terror"],"picked":"A Thousand Cuts","floor":0.0},{"not_picked":["Setup","Well Laid Plans"],"picked":"Blade Dance","floor":1.0},{"not_picked":["Deflect","Dagger Spray"],"picked":"Acrobatics","floor":3.0},{"not_picked":["Hidden Blade","Flechettes"],"picked":"Backstab","floor":6.0},{"not_picked":["Bouncing Flask","PiercingWail"],"picked":"Dagger Spray","floor":8.0},{"not_picked":["Flying Knee","PiercingWail"],"picked":"Envenom","floor":11.0},{"not_picked":["Sneak Up","Endless Agony"],"picked":"Prepared","floor":13.0},{"not_picked":["Envenom","ReplayTheSpireMod:From All Sides"],"picked":"Burst","floor":16.0},{"not_picked":["PiercingWail","Dagger Spray"],"picked":"ReplayTheSpireMod:Shiv Toss+1","floor":18},{"not_picked":["Deflect","Toxin Wave"],"picked":"Cloak And Dagger","floor":19}],"player_experience":604095,"relics_obtained":[{"floor":6.0,"key":"ReplayFunnel"},{"floor":9.0,"key":"War Paint"},{"floor":11.0,"key":"Paper Crane"}],"event_choices":[{"damage_healed":0.0,"max_hp_gain":0.0,"max_hp_loss":0.0,"gold_gain":275.0,"event_name":"Golden Shrine","player_choice":"Desecrate","floor":5.0,"gold_loss":0.0,"damage_taken":0.0,"cards_obtained":["Regret"]}],"is_beta":false,"boss_relics":[{"not_picked":["Runic Dome","Astrolabe"],"picked":"ChewingGum"}],"items_purged_floors":[],"is_endless":false,"potions_floor_spawned":[1,6,16],"killed_by":"Snake Plant","ascension_level":11}}