{"host":"usdj552hvd2ulznm","time":1611814107,"event":{"mods":["Act Like it!","Aspiration","BaseMod","Better Third Choice","Colored Powertips","Conjunction","Conspire","DeckTracker","Dota2Spire","Downfall","Emptier Cage","Energized Spire","Gensokyo","GifTheSpireLib","GungeonMod","Halation","Hallownest","Hermit","Hubris","Infinite Spire","Key Reminder","Lobotomy","LobotomyExtend","Minty Spire (QoL Compilation)","MostiFishMod","Poem Panic","Quarter Circle Forward PUNCH!","Quick Restart","RNG Fix","Railgun Mod","Random Character Mod","Relic Stats","Reliquary","Replay The Spire","Reworked Bosses","RumiaBox-????????","Small Relic Pack","StSLib","Stuff the Spire","The Animator","The Blue Laboratory","The IronCluck","The Jungle","Uncapped","WarShipGirlsR/????R mod","Wide Potions","??????REMEMod"],"gold_per_floor":[112,112,112,112,123,149,149,184,209,134,166,66,66,86,86,181,181,196,196,71,90,109,143,155,188,242,242,242,242,242,266,266,369,369,385,385,405,405,422,422,451,301,301,126,158,158,158,186,186,186,186],"floor_reached":52,"language":"ENG","playtime":1793,"items_purged":["SpecialBullet","SpecialBullet","SpecialBullet","SpecialBullet","SpecialBullet"],"score":1197,"play_id":"40d13c48-2ff0-4032-91dd-ef275b945287","local_time":"20210127230827","is_ascension_mode":true,"campfire_choices":[{"floor":30.0,"key":"RECALL"},{"floor":40.0,"key":"REST"}],"circlet_count":0,"master_deck":["Lamp+63","SpecialBullet","SpecialBullet","TrainingCode","InformationCode","SecurityCode","SecurityCode","LifeForTheDareDevil+1","WelfareCode"],"relics":["CogitoBucket","DaveBox","REME_ComplimentaryCards","DSteel32","SynthV:TestCard","LetterFromLob","Hallownest:DreamNailRelic","hubris:Towel","FossilizedHelix","Dota2Spire:UrnOfShadows","DemoMod:ClearGuonStone","Replay:Mystery Machine","TreeSap","Replay:Grab Bag","energizedSpire:DeadBattery","Dota2Spire:Bloodstone","TakeMeEscape","Art of War","Dota2Spire:MagicBottle","hubris:TenFootPole","reliquary:PorcupineQuills","qcfpunch:Dark_Gi","Gensokyo:EmptyGrave","reliquary:Knoch","DemoMod:BlueGuonStone","RedMistMask","DianPoetry","DemoMod:MemoryAlloy"],"acts_visited":["Hallownest:Greenpath","TheCity","Gensokyo:Gensokyoest"],"potions_floor_usage":[],"damage_taken":[{"damage":17.0,"enemies":"Hallownest:2_Tiktiks_and_1_Crawlid","floor":1.0,"turns":2.0},{"damage":5.0,"enemies":"2_ Uuma","floor":5.0,"turns":2.0},{"damage":8.0,"enemies":"Hallownest:eliteVengeflyKing","floor":6.0,"turns":2.0},{"damage":0.0,"enemies":"Hallownest:eliteMossKnight","floor":8.0,"turns":2.0},{"damage":0.0,"enemies":"Hallownest:eliteCrystalGuardian","floor":11.0,"turns":2.0},{"damage":41.0,"enemies":"Hallownest:2_MossCreeps","floor":14.0,"turns":4.0},{"damage":22.0,"enemies":"Hallownest:BossBrokenVessel","floor":16.0,"turns":6.0},{"damage":0.0,"enemies":"Spheric Guardian","floor":18.0,"turns":1.0},{"damage":9.0,"enemies":"3 Byrds","floor":21.0,"turns":5.0},{"damage":0.0,"enemies":"Shelled Parasite and Fungi","floor":22.0,"turns":2.0},{"damage":0.0,"enemies":"conspire:SneckoGhost","floor":23.0,"turns":1.0},{"damage":36.0,"enemies":"Snecko","floor":24.0,"turns":4.0},{"damage":6.0,"enemies":"Book of Stabbing","floor":25.0,"turns":2.0},{"damage":0.0,"enemies":"bossMod:newChamp","floor":33.0,"turns":3.0},{"damage":0.0,"enemies":"Gensokyo:3_Bats","floor":35.0,"turns":3.0},{"damage":7.0,"enemies":"Gensokyo:3_Boulders","floor":37.0,"turns":4.0},{"damage":27.0,"enemies":"Gensokyo:Sharpion","floor":39.0,"turns":4.0},{"damage":0.0,"enemies":"conspire:MimicChest","floor":41.0,"turns":2.0},{"damage":0.0,"enemies":"Gensokyo:Marisa","floor":45.0,"turns":1.0},{"damage":0.0,"enemies":"Gensokyo:Doremy","floor":48.0,"turns":2.0},{"damage":0.0,"enemies":"Gensokyo:Yuyuko","floor":50.0,"turns":2.0},{"damage":0.0,"enemies":"Malkuth","floor":51.0,"turns":2.0},{"damage":18.0,"enemies":"Hod","floor":51.0,"turns":4.0},{"damage":26.0,"enemies":"Tiphereth","floor":51.0,"turns":4.0},{"damage":9.0,"enemies":"Hokma","floor":51.0,"turns":3.0},{"damage":54,"enemies":"Angela","floor":52,"turns":3}],"seed_played":"-8370546511615625136","potions_obtained":[{"floor":6.0,"key":"sneckomod:MuddlingPotion"},{"floor":8.0,"key":"Block Potion"},{"floor":14.0,"key":"BlessingOfTheForge"},{"floor":22.0,"key":"ColorlessPotion"},{"floor":25.0,"key":"Conjunction:LightningMarble"}],"is_trial":false,"path_per_floor":["M","?","?","?","M","E","R","E","T","$","E","$","E","M","R","B",null,"M","?","$","M","M","E","M","E","T","T","?","?","R","T","R","B",null,"M","?","M","?","M","R","?","$","T","$","E","R","?","E","R","B",null,null,null],"character_chosen":"Angela","items_purchased":[],"campfire_rested":1,"item_purchase_floors":[],"current_hp_per_floor":[61,61,61,61,64,64,64,70,70,70,70,70,70,45,45,39,70,70,70,70,70,70,70,58,70,70,70,70,70,70,70,70,70,46,46,43,43,43,16,28,28,28,28,28,40,40,40,43,43,43,35],"gold":186,"neow_bonus":"REMOVE_CARD","is_daily":false,"chose_seed":false,"campfire_upgraded":0,"win_rate":0.0,"timestamp":1611814107,"path_taken":["M","?","?","?","M","E","R","E","T","$","E","$","E","M","R","BOSS","M","?","$","M","M","E","?","E","T","?","?","?","R","?","R","BOSS","M","?","M","?","M","R","?","$","T","?","E","R","?","E","R","BOSS"],"items_purchased_type":[],"build_version":"2020-12-22","purchased_purges":5,"victory":true,"max_hp_per_floor":[70,70,70,70,70,70,70,70,70,70,70,70,70,70,70,70,70,70,70,70,70,70,70,70,70,70,70,70,70,70,70,70,70,46,46,43,43,43,43,43,43,43,43,43,43,43,43,43,43,43,43],"relic_stats":{"counters":[29,75],"Art of War":[4],"obtain_stats":[{"DemoMod:BlueGuonStone":43,"DaveBox":0,"DianPoetry":45,"DemoMod:GlassGuonStoneRelic":6,"Hallownest:DreamNailRelic":2,"Replay:Mystery Machine":11,"Dota2Spire:MagicBottle":25,"CogitoBucket":0,"TreeSap":14,"DemoMod:ClearGuonStone":9,"DSteel32":0,"Dota2Spire:UrnOfShadows":8,"DemoMod:MemoryAlloy":48,"Replay:Grab Bag":17,"Dota2Spire:Bloodstone":17,"qcfpunch:Dark_Gi":34,"hubris:Towel":4,"energizedSpire:DeadBattery":17,"keyreminder:keyreminder":11,"Gensokyo:EmptyGrave":36,"SynthV:TestCard":1,"reliquary:PorcupineQuills":31,"TakeMeEscape":17,"RedMistMask":45,"LetterFromLob":1,"Art of War":23,"hubris:TenFootPole":26,"reliquary:Knoch":41,"FossilizedHelix":6,"REME_ComplimentaryCards":0},{"DemoMod:BlueGuonStone":21,"DaveBox":0,"DianPoetry":22,"DemoMod:GlassGuonStoneRelic":3,"Hallownest:DreamNailRelic":1,"Replay:Mystery Machine":5,"Dota2Spire:MagicBottle":15,"CogitoBucket":0,"TreeSap":7,"DemoMod:ClearGuonStone":4,"DSteel32":0,"Dota2Spire:UrnOfShadows":4,"DemoMod:MemoryAlloy":23,"Replay:Grab Bag":8,"Dota2Spire:Bloodstone":8,"qcfpunch:Dark_Gi":16,"hubris:Towel":1,"energizedSpire:DeadBattery":8,"keyreminder:keyreminder":5,"Gensokyo:EmptyGrave":17,"SynthV:TestCard":1,"reliquary:PorcupineQuills":15,"TakeMeEscape":8,"RedMistMask":22,"LetterFromLob":1,"Art of War":12,"hubris:TenFootPole":15,"reliquary:Knoch":21,"FossilizedHelix":3,"REME_ComplimentaryCards":0},{"DemoMod:BlueGuonStone":54,"DaveBox":0,"DianPoetry":55,"DemoMod:GlassGuonStoneRelic":6,"Hallownest:DreamNailRelic":2,"Replay:Mystery Machine":10,"Dota2Spire:MagicBottle":37,"CogitoBucket":0,"TreeSap":15,"DemoMod:ClearGuonStone":8,"DSteel32":0,"Dota2Spire:UrnOfShadows":8,"DemoMod:MemoryAlloy":57,"Replay:Grab Bag":21,"Dota2Spire:Bloodstone":21,"qcfpunch:Dark_Gi":40,"hubris:Towel":2,"energizedSpire:DeadBattery":21,"keyreminder:keyreminder":10,"Gensokyo:EmptyGrave":43,"SynthV:TestCard":2,"reliquary:PorcupineQuills":37,"TakeMeEscape":21,"RedMistMask":55,"LetterFromLob":2,"Art of War":30,"hubris:TenFootPole":37,"reliquary:Knoch":54,"FossilizedHelix":6,"REME_ComplimentaryCards":0}]},"card_choices":[{"not_picked":["CUTE","Penitence"],"picked":"SKIP","floor":1.0},{"not_picked":["Regret_ego","Pinks","Hornet","Wingbeat"],"picked":"SKIP","floor":5.0},{"not_picked":["CherryBlossom","RedEyes","MagicBullet","Pinks"],"picked":"SKIP","floor":6.0},{"not_picked":["Harvest","SoundOfStar","CherryBlossom","Moonlight"],"picked":"SKIP","floor":8.0},{"not_picked":["BloodyDesire","Loneliness","CrimsonScar","Wingbeat"],"picked":"SKIP","floor":11.0},{"not_picked":["Penitence","DaCapo","Soda","Discord"],"picked":"SKIP","floor":14.0},{"not_picked":["ScreamingWedge","Ecstasy","RedEyes","Hornet"],"picked":"SKIP","floor":18.0},{"not_picked":["Tough","Soda","Beak","Logging"],"picked":"SKIP","floor":21.0},{"not_picked":["FrostShard","TodaysExpression","CherryBlossom","Galaxy"],"picked":"SKIP","floor":22.0},{"not_picked":["Tough","WristCuter+1","Soda","Pleasure"],"picked":"SKIP","floor":23.0},{"not_picked":["CherryBlossom","InTheNameOfLoveAndHate","Moonlight","Tough"],"picked":"SKIP","floor":24.0},{"not_picked":["GrinderMk4","Christmas","LifeForTheDareDevil","SwordSharpenedByTears"],"picked":"SKIP","floor":25.0},{"not_picked":["Soda+1","ScreamingWedge+1","RedEyes+1","Regret_ego+1"],"picked":"SKIP","floor":35.0},{"not_picked":["Horn","RedEyes","BlackSwan_ego+1"],"picked":"LifeForTheDareDevil+1","floor":37.0},{"not_picked":["InTheNameOfLoveAndHate+1","TodaysExpression+1","RapturousDream+1","Twilight"],"picked":"SKIP","floor":39.0},{"not_picked":["GoldRush","FrostShard+1","Discord","Wingbeat"],"picked":"SKIP","floor":45.0},{"not_picked":["SolemnVow","CherryBlossom","Christmas+1","DaCapo"],"picked":"SKIP","floor":48.0}],"player_experience":495939,"relics_obtained":[{"floor":1.0,"key":"SynthV:TestCard"},{"floor":1.0,"key":"LetterFromLob"},{"floor":6.0,"key":"FossilizedHelix"},{"floor":8.0,"key":"Dota2Spire:UrnOfShadows"},{"floor":9.0,"key":"DemoMod:ClearGuonStone"},{"floor":11.0,"key":"Replay:Mystery Machine"},{"floor":23.0,"key":"Art of War"},{"floor":25.0,"key":"Dota2Spire:MagicBottle"},{"floor":26.0,"key":"hubris:TenFootPole"},{"floor":31.0,"key":"reliquary:PorcupineQuills"},{"floor":41.0,"key":"reliquary:Knoch"},{"floor":43.0,"key":"DemoMod:BlueGuonStone"},{"floor":45.0,"key":"RedMistMask"},{"floor":45.0,"key":"DianPoetry"},{"floor":48.0,"key":"DemoMod:MemoryAlloy"}],"event_choices":[{"damage_healed":0.0,"max_hp_gain":0.0,"max_hp_loss":0.0,"gold_gain":0.0,"event_name":"Ghosts","player_choice":"Ignored","floor":29.0,"gold_loss":0.0,"damage_taken":0.0}],"is_beta":false,"boss_relics":[{"not_picked":["energizedSpire:StickyHand","energizedSpire:CursedPentagram"],"picked":"Replay:Grab Bag"},{"not_picked":["conspire:SlowCooker","StuffTheSpire:ModemDavis"],"picked":"energizedSpire:DeadBattery"},{"not_picked":["Replay:Bronze Core","ReplayTheSpireMod:Onyx Gauntlets"],"picked":"Dota2Spire:Bloodstone"},{"not_picked":["REME_DemonsWealth","Snecko Eye"],"picked":"TakeMeEscape"},{"not_picked":["FixedStarFall","StuffTheSpire:RunicHypercube"],"picked":"qcfpunch:Dark_Gi"}],"items_purged_floors":[10,12,20,42,44],"is_endless":false,"potions_floor_spawned":[6,8,14,22,25,35],"ascension_level":2}}