{"host":"w2kjv12xyhtt0cv2","time":1611848191,"event":{"mods":["Act Like it!","BaseMod","Colored Map","Friendly Minions","Gensokyo","GifTheSpireLib","Highlight Path","Hubris","Kiyohime（清姬）","Marisa（F雨　魔理沙）","Minty Spire (QoL Compilation)","Quick Restart","Reimu（博丽灵梦）","Relic Stats","Replay The Spire","RumiaBox-露米娅的神秘盒子","Shop Mod","Spicy Shops","StSLib","The Cursed","The Servant 0.9.4","UnlockEverythingMod","Waifu the Spire","[功能]功能增强和修复MOD","vexMod","【功能Mod】Neow奖励","【遗物卡牌】REMEMod","没有小屋子和绿帽子啦"],"gold_per_floor":[113,124,228,70,83,110,110,110,110,149,161,173,26,61,61,61,61],"floor_reached":16,"language":"ZHS","playtime":922,"items_purged":["Normality","TheCursedMod:Defend_TheCursed"],"score":168,"play_id":"80d28376-51e0-4972-8691-74c8960642f3","local_time":"20210128233631","is_ascension_mode":true,"campfire_choices":[{"floor":8.0,"key":"REST"},{"floor":12,"key":"REST"},{"data":"Gensokyo:HouraiInAPot","floor":15,"key":"SMITH"}],"circlet_count":0,"master_deck":["TheCursedMod:Strike_TheCursed","TheCursedMod:Strike_TheCursed","TheCursedMod:Strike_TheCursed","TheCursedMod:Strike_TheCursed","TheCursedMod:Defend_TheCursed","TheCursedMod:Defend_TheCursed","TheCursedMod:Defend_TheCursed","TheCursedMod:CursedWand","TheCursedMod:CleanUpWorkshop","TheCursedMod:Dregs","Gensokyo:HouraiInAPot+1","TheCursedMod:CircleOfCorruption","TheCursedMod:RapidMovement","TheCursedMod:SoulReap","TheCursedMod:CircleOfAbyss","TheCursedMod:SurpriseAttack","TheCursedMod:CursedAmulet","TheCursedMod:CollectTribute","TheCursedMod:Hemoplague"],"relics":["REME_ComplimentaryCards","Painkiller Herb","Replay:Rubber Ducky","Meat on the Bone","Dream Catcher","Golden Idol","ReplayTheSpireMod:Shallot","MawBank","Bottled Tornado"],"acts_visited":["Exordium"],"potions_floor_usage":[14],"damage_taken":[{"damage":2.0,"enemies":"Jaw Worm","floor":1.0,"turns":3.0},{"damage":2.0,"enemies":"2 Louse","floor":2.0,"turns":3.0},{"damage":0.0,"enemies":"Small Slimes","floor":5.0,"turns":4.0},{"damage":40.0,"enemies":"Lagavulin","floor":6.0,"turns":8.0},{"damage":38.0,"enemies":"Gremlin Nob","floor":10.0,"turns":5.0},{"damage":25,"enemies":"3 Sentries","floor":14,"turns":14},{"damage":36,"enemies":"Slime Boss","floor":16,"turns":6}],"seed_played":"-2355558327962048973","potions_obtained":[{"floor":2.0,"key":"SkillPotion"},{"floor":10.0,"key":"ColorlessPotion"}],"is_trial":false,"path_per_floor":["?","?","?","T","?","E","?","T","T","E","?","T","T","E","T","B"],"character_chosen":"THE_CURSED","items_purchased":["Meat on the Bone","TheCursedMod:CollectTribute"],"campfire_rested":2,"item_purchase_floors":[4,13],"current_hp_per_floor":[66,64,46,46,46,18,18,38,38,17,11,31,31,23,23,0,0],"gold":61,"neow_bonus":"BOSS_RELIC","is_daily":false,"chose_seed":false,"campfire_upgraded":1,"win_rate":0.0,"timestamp":1611848191,"path_taken":["?","?","?","T","?","E","?","T","T","E","?","T","T","E","T","BOSS"],"items_purchased_type":["Relic","Card"],"build_version":"2020-12-22","purchased_purges":2,"victory":false,"max_hp_per_floor":[75,75,75,75,75,75,69,69,69,69,69,69,69,69,69,69,69],"relic_stats":{"Dream Catcher":2,"counters":[7,43],"Golden Idol":15,"MawBank":36,"obtain_stats":[{"TheCursedMod:BlackMagic101":0,"Dream Catcher":6,"ReplayTheSpireMod:Shallot":9,"Golden Idol":7,"Painkiller Herb":0,"Bottled Tornado":14,"MawBank":10,"REME_ComplimentaryCards":0,"Replay:Rubber Ducky":3,"Meat on the Bone":4},{"TheCursedMod:BlackMagic101":0,"Dream Catcher":4,"ReplayTheSpireMod:Shallot":4,"Golden Idol":4,"Painkiller Herb":0,"Bottled Tornado":6,"MawBank":5,"REME_ComplimentaryCards":0,"Replay:Rubber Ducky":2,"Meat on the Bone":2},{"TheCursedMod:BlackMagic101":0,"Dream Catcher":18,"ReplayTheSpireMod:Shallot":18,"Golden Idol":18,"Painkiller Herb":0,"Bottled Tornado":37,"MawBank":23,"REME_ComplimentaryCards":0,"Replay:Rubber Ducky":6,"Meat on the Bone":6}],"Meat on the Bone":36},"card_choices":[{"not_picked":["TheCursedMod:WearCloak","TheCursedMod:SoulCrush"],"picked":"TheCursedMod:CircleOfCorruption","floor":1.0},{"not_picked":["TheCursedMod:CursedMace","TheCursedMod:WearCloak","TheCursedMod:FleshFromBone"],"picked":"SKIP","floor":2.0},{"not_picked":["TheCursedMod:StingEye","TheCursedMod:PrepareRite"],"picked":"TheCursedMod:RapidMovement","floor":3.0},{"not_picked":["TheCursedMod:TacticalStrike","TheCursedMod:SmokeScreen","TheCursedMod:Wield"],"picked":"SKIP","floor":5.0},{"not_picked":["TheCursedMod:SmokeScreen","TheCursedMod:SpitefulStrike"],"picked":"TheCursedMod:SoulReap","floor":6.0},{"not_picked":["TheCursedMod:Stretching","TheCursedMod:ReleasedStrength"],"picked":"TheCursedMod:CircleOfAbyss","floor":8.0},{"not_picked":["TheCursedMod:ManaCirculation","TheCursedMod:TacticalStrike"],"picked":"TheCursedMod:SurpriseAttack","floor":10.0},{"not_picked":["TheCursedMod:SmokeScreen","TheCursedMod:CursedShiv"],"picked":"TheCursedMod:CursedAmulet","floor":12},{"not_picked":["TheCursedMod:WearCloak","TheCursedMod:CursedAmulet"],"picked":"TheCursedMod:Hemoplague","floor":14}],"player_experience":236827,"relics_obtained":[{"floor":3.0,"key":"Replay:Rubber Ducky"},{"floor":6.0,"key":"Dream Catcher"},{"floor":9.0,"key":"ReplayTheSpireMod:Shallot"},{"floor":10.0,"key":"MawBank"},{"floor":14,"key":"Bottled Tornado"}],"event_choices":[{"damage_healed":0.0,"max_hp_gain":0.0,"max_hp_loss":6.0,"gold_gain":0.0,"event_name":"Golden Idol","player_choice":"Lose Max HP","floor":7.0,"gold_loss":0.0,"damage_taken":0.0,"relics_obtained":["Golden Idol"]},{"damage_healed":0.0,"max_hp_gain":0.0,"max_hp_loss":0.0,"gold_gain":0.0,"event_name":"Wheel of Change","player_choice":"Damaged","floor":11.0,"gold_loss":0.0,"damage_taken":6.0}],"is_beta":false,"boss_relics":[],"items_purged_floors":[4,13],"is_endless":false,"potions_floor_spawned":[2,10],"killed_by":"Slime Boss","ascension_level":9}}