{"host":"p4v0hquynnreu717","time":1611843047,"event":{"mods":["BaseMod","Better Vampires","DeckTracker","Googly Eyes","Minty Spire (QoL Compilation)","Quick Restart","StSLib","SuperFastMode"],"gold_per_floor":[114,133,151,151,166,179,36,36,59,76,107,107,107,118,118,118,118],"floor_reached":16,"language":"ZHS","playtime":336,"items_purged":[],"score":182,"play_id":"0aa00e3f-6989-4e9d-84d9-116a8c0bbbea","local_time":"20210128221047","is_ascension_mode":true,"campfire_choices":[{"floor":8,"key":"DIG"},{"floor":13,"key":"DIG"},{"floor":15,"key":"DIG"}],"circlet_count":0,"master_deck":["AscendersBane","Strike_R","Strike_R","Strike_R","Strike_R","Defend_R","Defend_R","Defend_R","Defend_R","Bash","Sword Boomerang","Spot Weakness","Armaments+1","Pummel","True Grit","Spot Weakness","Sword Boomerang"],"relics":["Burning Blood","Shovel","Brimstone","Vajra","Anchor","Akabeko","Bottled Lightning","Peace Pipe"],"acts_visited":["Exordium"],"potions_floor_usage":[6,11,16],"damage_taken":[{"damage":0,"enemies":"Small Slimes","floor":1,"turns":5},{"damage":15,"enemies":"Cultist","floor":2,"turns":5},{"damage":9,"enemies":"Jaw Worm","floor":3,"turns":3},{"damage":17,"enemies":"Large Slime","floor":5,"turns":5},{"damage":20,"enemies":"Gremlin Gang","floor":6,"turns":3},{"damage":0,"enemies":"Blue Slaver","floor":10,"turns":2},{"damage":13,"enemies":"3 Sentries","floor":11,"turns":5},{"damage":3,"enemies":"3 Louse","floor":14,"turns":3},{"damage":19,"enemies":"Hexaghost","floor":16,"turns":7}],"seed_played":"5675620569206705766","potions_obtained":[{"floor":1,"key":"SteroidPotion"},{"floor":3,"key":"Explosive Potion"},{"floor":10,"key":"SpeedPotion"}],"is_trial":false,"path_per_floor":["M","M","M","?","M","M","$","R","T","M","E","?","R","M","R","B"],"character_chosen":"IRONCLAD","items_purchased":["Brimstone"],"campfire_rested":0,"item_purchase_floors":[7],"current_hp_per_floor":[56,47,44,44,33,19,19,19,19,25,18,18,18,21,21,2,2],"gold":118,"neow_bonus":"ONE_RARE_RELIC","is_daily":false,"chose_seed":false,"campfire_upgraded":0,"win_rate":0.0,"timestamp":1611843047,"path_taken":["M","M","M","?","M","M","$","R","T","M","E","?","R","?","R","BOSS"],"items_purchased_type":["Relic"],"build_version":"2020-12-22","purchased_purges":0,"victory":false,"max_hp_per_floor":[75,75,75,75,75,75,75,75,75,75,75,75,75,75,75,75,75],"card_choices":[{"not_picked":["Infernal Blade","Clothesline","Thunderclap"],"picked":"SKIP","floor":1},{"not_picked":["Body Slam","Havoc"],"picked":"Sword Boomerang","floor":2},{"not_picked":["Armaments","Disarm"],"picked":"Spot Weakness","floor":3},{"not_picked":["Perfected Strike","Intimidate"],"picked":"Pummel","floor":5},{"not_picked":["Sword Boomerang","Thunderclap","Flex"],"picked":"SKIP","floor":6},{"not_picked":["Body Slam","Seeing Red"],"picked":"True Grit","floor":10},{"not_picked":["Power Through","Wild Strike"],"picked":"Spot Weakness","floor":11},{"not_picked":["Feel No Pain","Thunderclap"],"picked":"Sword Boomerang","floor":14}],"player_experience":781705,"relics_obtained":[{"floor":8,"key":"Vajra"},{"floor":9,"key":"Anchor"},{"floor":11,"key":"Akabeko"},{"floor":13,"key":"Bottled Lightning"},{"floor":15,"key":"Peace Pipe"}],"event_choices":[{"damage_healed":0,"gold_gain":0,"cards_transformed":["Strike_R"],"player_choice":"Change","damage_taken":0,"max_hp_gain":0,"max_hp_loss":0,"event_name":"Living Wall","floor":4,"gold_loss":0,"cards_obtained":["Armaments"]},{"damage_healed":0,"gold_gain":0,"player_choice":"Upgraded","damage_taken":0,"max_hp_gain":0,"max_hp_loss":0,"event_name":"Upgrade Shrine","floor":12,"gold_loss":0,"cards_upgraded":["Armaments"]}],"is_beta":false,"boss_relics":[],"items_purged_floors":[],"is_endless":false,"potions_floor_spawned":[1,3,10],"killed_by":"Hexaghost","ascension_level":15}}