{"host":"8anmd7ibyxevnonj","time":1611831253,"event":{"mods":["BaseMod","Curses Come First","Glutton Mod","Marisa????????","Minty Spire (QoL Compilation)","StSLib","The Cursed","The Marked"],"gold_per_floor":[110,127,139,139,164,182,199,199,226,152,180,199,199,225,225,322,322,338,338,352,226,244,244,244,244],"floor_reached":24,"language":"ENG","playtime":1822,"items_purged":[],"score":208,"play_id":"a3443e0b-b6c1-46a5-9f16-b94e439aa4fb","local_time":"20210128115413","is_ascension_mode":false,"campfire_choices":[{"data":"theMarked:SoldierOfQuellstein","floor":8,"key":"SMITH"},{"data":"theMarked:GodGivenPower","floor":13,"key":"SMITH"},{"data":"theMarked:Pokerface","floor":15,"key":"SMITH"},{"data":"theMarked:MuscleMemory","floor":23,"key":"SMITH"}],"circlet_count":0,"master_deck":["theMarked:Strike+1","theMarked:Strike","theMarked:Strike+1","theMarked:Strike","theMarked:Strike","theMarked:Defend","theMarked:Defend","theMarked:Defend","theMarked:Defend","theMarked:SoldierOfQuellstein+1","theMarked:Static","theMarked:FavorableWinds","theMarked:EmpowerWeapon+1","theMarked:OneWithTheBlade","theMarked:EmpowerWeapon","theMarked:GodGivenPower+1","theMarked:DispelDoubt","theMarked:Pokerface+1","theMarked:Heritage","theMarked:MagusForm","theMarked:RogueSparks","theMarked:ChainLightning","theMarked:MuscleMemory+1","theMarked:ParalyzingBlade+1"],"relics":["theMarked:ArtifactOfAir","NeowsBlessing","Strawberry","Whetstone","Ornamental Fan","Dream Catcher","SacredBark","Bronze Scales"],"acts_visited":["Exordium","TheCity"],"potions_floor_usage":[11,16,16,18,20,24],"damage_taken":[{"damage":0,"enemies":"Jaw Worm","floor":1,"turns":1},{"damage":0,"enemies":"2 Louse","floor":2,"turns":1},{"damage":0,"enemies":"Cultist","floor":3,"turns":1},{"damage":11,"enemies":"Exordium Thugs","floor":6,"turns":5},{"damage":0,"enemies":"2 Fungi Beasts","floor":7,"turns":4},{"damage":18,"enemies":"Lagavulin","floor":11,"turns":4},{"damage":0,"enemies":"Large Slime","floor":12,"turns":4},{"damage":10,"enemies":"3 Sentries","floor":14,"turns":6},{"damage":30,"enemies":"The Guardian","floor":16,"turns":8},{"damage":4,"enemies":"Chosen","floor":18,"turns":4},{"damage":23,"enemies":"2 Thieves","floor":20,"turns":3},{"damage":21,"enemies":"Shelled Parasite and Fungi","floor":22,"turns":5},{"damage":31,"enemies":"Slavers","floor":24,"turns":3}],"seed_played":"2517944548444104912","potions_obtained":[{"floor":6,"key":"Fire Potion"},{"floor":7,"key":"AttackPotion"},{"floor":12,"key":"Fire Potion"},{"floor":16,"key":"SteroidPotion"},{"floor":18,"key":"Explosive Potion"}],"is_trial":false,"path_per_floor":["M","M","M","?","T","M","M","R","T","$","E","M","R","E","R","B",null,"M","?","M","$","M","R","E"],"character_chosen":"THE_DEFAULT","items_purchased":["theMarked:GodGivenPower","theMarked:MuscleMemory","PowerPotion"],"campfire_rested":0,"item_purchase_floors":[10,21,21],"current_hp_per_floor":[70,70,70,70,77,66,66,66,66,66,48,48,48,38,38,8,77,73,73,50,50,29,29,0,0],"gold":244,"neow_bonus":"THREE_ENEMY_KILL","is_daily":false,"chose_seed":false,"campfire_upgraded":4,"win_rate":0.0,"timestamp":1611831253,"path_taken":["M","M","M","?","?","M","M","R","T","$","E","M","R","E","R","BOSS","M","?","M","$","M","R","E"],"items_purchased_type":["Card","Card","Potion"],"build_version":"2020-12-13","purchased_purges":0,"victory":false,"max_hp_per_floor":[70,70,70,70,77,77,77,77,77,77,77,77,77,77,77,77,77,77,77,77,77,77,77,77,77],"card_choices":[{"not_picked":["theMarked:HeightenedSenses","theMarked:Improvise"],"picked":"theMarked:Static","floor":1},{"not_picked":["theMarked:HeightenedSenses","theMarked:Improvise"],"picked":"theMarked:FavorableWinds","floor":2},{"not_picked":["theMarked:BanishingStrike","theMarked:PowerFlow"],"picked":"theMarked:EmpowerWeapon","floor":3},{"not_picked":["theMarked:BanishingStrike","theMarked:TwofoldDefense"],"picked":"theMarked:OneWithTheBlade","floor":6},{"not_picked":["theMarked:Aftermath","theMarked:Improvise"],"picked":"theMarked:EmpowerWeapon","floor":7},{"not_picked":["theMarked:Polarize","theMarked:EmpowerWeapon"],"picked":"theMarked:DispelDoubt","floor":11},{"not_picked":["theMarked:Parkour","theMarked:TakeCover"],"picked":"theMarked:Pokerface","floor":12},{"not_picked":["theMarked:Generate","theMarked:CreepingChasm"],"picked":"theMarked:Heritage","floor":14},{"not_picked":["theMarked:UnarmedFury","theMarked:EternalStudent"],"picked":"theMarked:MagusForm","floor":16},{"not_picked":["theMarked:RepellingDischarge","theMarked:ContemptForTheProud"],"picked":"theMarked:RogueSparks","floor":18},{"not_picked":["theMarked:Heritage+1","theMarked:Aftermath"],"picked":"theMarked:ChainLightning","floor":20},{"not_picked":["theMarked:Frustration","theMarked:SuspiciousRaven"],"picked":"theMarked:ParalyzingBlade+1","floor":22}],"player_experience":2111,"relics_obtained":[{"floor":5,"key":"Strawberry"},{"floor":9,"key":"Whetstone"},{"floor":11,"key":"Ornamental Fan"},{"floor":14,"key":"Dream Catcher"}],"event_choices":[{"damage_healed":0,"gold_gain":0,"player_choice":"Grow","damage_taken":0,"max_hp_gain":0,"max_hp_loss":0,"event_name":"Living Wall","floor":4,"gold_loss":0,"cards_upgraded":["theMarked:EmpowerWeapon"]},{"damage_healed":0,"gold_gain":0,"player_choice":"Opened","damage_taken":0,"relics_obtained":["Bronze Scales"],"max_hp_gain":0,"max_hp_loss":0,"event_name":"The Mausoleum","floor":19,"gold_loss":0}],"is_beta":false,"boss_relics":[{"not_picked":["Snecko Eye","theMarked:Eyepatch"],"picked":"SacredBark"}],"items_purged_floors":[],"is_endless":false,"potions_floor_spawned":[6,7,12,16,18],"killed_by":"Slavers","ascension_level":0}}