{"host":"6a9c3xws62y7efyw","time":1611802517,"event":{"mods":["BaseMod","Colored Map","Minty Spire (QoL Compilation)","Relic Stats","StSLib"],"gold_per_floor":[116,116,22,34,49,75,75,109,109,137,137,137,137,150,150,150,150],"floor_reached":16,"language":"ENG","playtime":395,"items_purged":[],"score":286,"play_id":"84843570-462a-4228-a144-30c0341188ff","local_time":"20210127185517","is_ascension_mode":true,"campfire_choices":[{"data":"Noxious Fumes","floor":7.0,"key":"SMITH"},{"data":"Footwork","floor":11.0,"key":"SMITH"},{"data":"Corpse Explosion","floor":13.0,"key":"SMITH"},{"floor":15.0,"key":"REST"}],"circlet_count":0,"master_deck":["AscendersBane","Strike_G","Strike_G","Strike_G","Strike_G","Strike_G","Defend_G","Defend_G","Defend_G","Defend_G","Defend_G","Survivor","Neutralize","Dash+1","Noxious Fumes+1","Deadly Poison","Footwork+1","Quick Slash","Corpse Explosion+1","Blur","Flying Knee"],"relics":["Ring of the Snake","NeowsBlessing","Pen Nib","HornCleat","Smiling Mask","Bag of Preparation","Lantern"],"acts_visited":["Exordium"],"potions_floor_usage":[],"damage_taken":[{"damage":0.0,"enemies":"Small Slimes","floor":1.0,"turns":1.0},{"damage":0.0,"enemies":"Cultist","floor":4.0,"turns":1.0},{"damage":0.0,"enemies":"2 Louse","floor":5.0,"turns":1.0},{"damage":16.0,"enemies":"Gremlin Nob","floor":6.0,"turns":4.0},{"damage":21.0,"enemies":"Lagavulin","floor":8.0,"turns":8.0},{"damage":0.0,"enemies":"3 Sentries","floor":10.0,"turns":4.0},{"damage":0.0,"enemies":"Gremlin Gang","floor":14.0,"turns":3.0},{"damage":60,"enemies":"Slime Boss","floor":16,"turns":6}],"seed_played":"5234285724906263733","potions_obtained":[{"floor":4.0,"key":"Fire Potion"},{"floor":6.0,"key":"Block Potion"}],"is_trial":false,"path_per_floor":["M","?","$","M","M","E","R","E","T","E","R","?","R","M","R","B"],"character_chosen":"THE_SILENT","items_purchased":["Noxious Fumes","SteroidPotion"],"campfire_rested":1,"item_purchase_floors":[3,3],"current_hp_per_floor":[59,59,59,59,59,43,43,22,22,22,22,22,22,22,41,0,0],"gold":150,"neow_bonus":"THREE_ENEMY_KILL","is_daily":false,"chose_seed":false,"campfire_upgraded":3,"win_rate":0.0,"timestamp":1611802517,"path_taken":["M","?","?","M","M","E","R","E","T","E","R","?","R","M","R","BOSS"],"items_purchased_type":["Card","Potion"],"build_version":"2020-12-22","purchased_purges":0,"victory":false,"max_hp_per_floor":[66,66,66,66,66,66,66,66,66,66,66,66,66,66,66,66,66],"relic_stats":{"counters":[8,28],"Pen Nib":[2],"Bag of Preparation":[4],"Smiling Mask":0,"obtain_stats":[{"Lantern":12,"HornCleat":8,"NeowsBlessing":0,"Pen Nib":6,"Bag of Preparation":10,"Smiling Mask":9,"Ring of the Snake":0},{"Lantern":6,"HornCleat":5,"NeowsBlessing":0,"Pen Nib":4,"Bag of Preparation":6,"Smiling Mask":5,"Ring of the Snake":0},{"Lantern":19,"HornCleat":15,"NeowsBlessing":0,"Pen Nib":7,"Bag of Preparation":19,"Smiling Mask":15,"Ring of the Snake":0}],"Ring of the Snake":[16]},"card_choices":[{"not_picked":["Backflip","Calculated Gamble"],"picked":"Dash","floor":1.0},{"not_picked":["Acrobatics","Dagger Throw"],"picked":"Deadly Poison","floor":4.0},{"not_picked":["Outmaneuver","Bane"],"picked":"Footwork","floor":5.0},{"not_picked":["Flechettes","Grand Finale"],"picked":"Quick Slash","floor":6.0},{"not_picked":["Envenom","Underhanded Strike"],"picked":"Corpse Explosion","floor":8.0},{"not_picked":["Expertise","Concentrate"],"picked":"Blur","floor":10.0},{"not_picked":["PiercingWail","Flying Knee","Dodge and Roll"],"picked":"SKIP","floor":14.0},{"not_picked":["PiercingWail","Dodge and Roll"],"picked":"Flying Knee","floor":14.0}],"player_experience":1430439,"relics_obtained":[{"floor":6.0,"key":"Pen Nib"},{"floor":8.0,"key":"HornCleat"},{"floor":9.0,"key":"Smiling Mask"},{"floor":10.0,"key":"Bag of Preparation"}],"event_choices":[{"damage_healed":0.0,"max_hp_gain":0.0,"max_hp_loss":0.0,"gold_gain":0.0,"event_name":"Upgrade Shrine","player_choice":"Upgraded","floor":2.0,"gold_loss":0.0,"damage_taken":0.0,"cards_upgraded":["Dash"]},{"damage_healed":0.0,"max_hp_gain":0.0,"max_hp_loss":0.0,"gold_gain":0.0,"event_name":"WeMeetAgain","player_choice":"Gave Potion","floor":12.0,"gold_loss":0.0,"damage_taken":0.0,"relics_obtained":["Lantern"]}],"is_beta":false,"boss_relics":[],"items_purged_floors":[],"is_endless":false,"potions_floor_spawned":[4,6],"killed_by":"Slime Boss","ascension_level":20}}