{"host":"1bmpebsu0h6jmm2g","time":1611839355,"event":{"mods":["BaseMod","BetterRewards","Colored Map","DeckTracker","Highlight Path","Keyboard Shortcuts","Minty Spire (QoL Compilation)","Permanent Neow","Quick Restart","Relic Stats","Slay the Relics Exporter","Spicy Shops","StSLib","SuperFastMode"],"gold_per_floor":[112,112,127,127,139,172,186,186,186],"floor_reached":8,"language":"KOR","playtime":214,"items_purged":[],"score":104,"play_id":"8d68e507-e4ec-45b2-9c24-e8e9eb365f68","local_time":"20210128220915","is_ascension_mode":true,"campfire_choices":[],"circlet_count":0,"master_deck":["AscendersBane","Strike_B","Strike_B","Strike_B","Strike_B","Defend_B","Defend_B","Defend_B","Defend_B","Zap","Dualcast","Blind+1","Gash","Go for the Eyes","Recycle"],"relics":["Cracked Core","Singing Bowl"],"acts_visited":["Exordium"],"potions_floor_usage":[6],"damage_taken":[{"damage":5.0,"enemies":"Jaw Worm","floor":1.0,"turns":5.0},{"damage":9.0,"enemies":"2 Louse","floor":3.0,"turns":3.0},{"damage":0.0,"enemies":"Cultist","floor":5.0,"turns":4.0},{"damage":36,"enemies":"Lagavulin","floor":6,"turns":8},{"damage":11,"enemies":"Looter","floor":7,"turns":4},{"damage":17,"enemies":"3 Sentries","floor":8,"turns":4}],"seed_played":"2323214963470672158","potions_obtained":[{"floor":3.0,"key":"PotionOfCapacity"},{"floor":5,"key":"Regen Potion"}],"is_trial":false,"path_per_floor":["M","?","M","?","M","E","M","E"],"character_chosen":"DEFECT","items_purchased":[],"campfire_rested":0,"item_purchase_floors":[],"current_hp_per_floor":[59,71,62,62,62,37,28,11,11],"gold":186,"neow_bonus":"RANDOM_COLORLESS","is_daily":false,"chose_seed":false,"campfire_upgraded":0,"win_rate":0.0,"timestamp":1611839355,"path_taken":["M","?","M","?","M","E","M","E"],"items_purchased_type":[],"build_version":"2020-12-22","purchased_purges":0,"victory":false,"max_hp_per_floor":[71,71,71,71,71,73,75,75,75],"relic_stats":{"Singing Bowl":4,"counters":[6,28],"obtain_stats":[{"Singing Bowl":6,"Cracked Core":0},{"Singing Bowl":4,"Cracked Core":0},{"Singing Bowl":20,"Cracked Core":0}]},"card_choices":[{"not_picked":["Panacea","Purity"],"picked":"Blind","floor":0.0},{"not_picked":["Compile Driver","Blizzard"],"picked":"Gash","floor":1.0},{"not_picked":["Barrage","Aggregate"],"picked":"Go for the Eyes","floor":3.0},{"not_picked":["Streamline","Ball Lightning"],"picked":"Recycle","floor":5},{"not_picked":["Genetic Algorithm","Streamline","Reinforced Body"],"picked":"Singing Bowl","floor":6},{"not_picked":["Compile Driver","Capacitor","Aggregate"],"picked":"Singing Bowl","floor":7}],"player_experience":497004,"relics_obtained":[{"floor":6,"key":"Singing Bowl"}],"event_choices":[{"damage_healed":23.0,"max_hp_gain":0.0,"max_hp_loss":0.0,"gold_gain":0.0,"event_name":"Big Fish","player_choice":"Banana","floor":2.0,"gold_loss":0.0,"damage_taken":0.0},{"damage_healed":0.0,"max_hp_gain":0.0,"max_hp_loss":0.0,"gold_gain":0.0,"event_name":"Living Wall","player_choice":"Grow","floor":4.0,"gold_loss":0.0,"damage_taken":0.0,"cards_upgraded":["Blind"]}],"is_beta":false,"boss_relics":[],"items_purged_floors":[],"is_endless":false,"potions_floor_spawned":[3,5],"killed_by":"3 Sentries","ascension_level":16}}