{"host":"usrgk25etjl0nf5i","time":1611796527,"event":{"mods":["2.2 Compatiblity","BaseMod","Downfall","Hubris","Minty Spire (QoL Compilation)","Permanent Neow","StSLib","SuperFastMode"],"gold_per_floor":[115,135,148,148,163,163,189,207,207,226,226,176,192,208,208,286,286,304,304,304,287,287,287],"floor_reached":22,"language":"ENG","playtime":608,"items_purged":[],"score":323,"play_id":"e3704525-4fa9-4da8-81b7-528d28062468","local_time":"20210127171527","is_ascension_mode":true,"campfire_choices":[{"data":"Defragment","floor":6,"key":"SMITH"},{"data":"Zap","floor":11,"key":"SMITH"},{"floor":15,"key":"REST"}],"circlet_count":0,"master_deck":["AscendersBane","Strike_B","Strike_B","Defend_B","Defend_B","Defend_B","Defend_B","Zap+1","Dualcast","Go for the Eyes","Conserve Battery","Defragment+1","Ball Lightning","Genetic Algorithm","FTL","Ball Lightning","Glacier","Core Surge","Thunder Strike","Heatsinks","Defragment"],"relics":["Cracked Core","Oddly Smooth Stone","Akabeko","Inserter","Nilry\u0027s Codex"],"acts_visited":["Exordium","TheCity"],"potions_floor_usage":[7,16,16,21],"damage_taken":[{"damage":0,"enemies":"Small Slimes","floor":1,"turns":3},{"damage":0,"enemies":"Cultist","floor":2,"turns":3},{"damage":2,"enemies":"Jaw Worm","floor":3,"turns":3},{"damage":8,"enemies":"Large Slime","floor":5,"turns":5},{"damage":15,"enemies":"Gremlin Nob","floor":7,"turns":5},{"damage":2,"enemies":"Blue Slaver","floor":8,"turns":4},{"damage":0,"enemies":"Exordium Wildlife","floor":10,"turns":3},{"damage":0,"enemies":"Large Slime","floor":13,"turns":4},{"damage":0,"enemies":"2 Fungi Beasts","floor":14,"turns":3},{"damage":19,"enemies":"Slime Boss","floor":16,"turns":6},{"damage":23,"enemies":"3 Byrds","floor":18,"turns":4},{"damage":14,"enemies":"2 Thieves","floor":21,"turns":4},{"damage":15,"enemies":"Sentry and Sphere","floor":22,"turns":3}],"seed_played":"-490123493751094476","potions_obtained":[{"floor":2,"key":"sneckomod:MuddlingPotion"},{"floor":3,"key":"PowerPotion"},{"floor":5,"key":"Swift Potion"},{"floor":8,"key":"champ:CounterPotion"},{"floor":13,"key":"DuplicationPotion"},{"floor":18,"key":"Fruit Juice"},{"floor":21,"key":"Dexterity Potion"}],"is_trial":false,"path_per_floor":["M","M","M","?","M","R","E","M","T","M","R","?","M","M","R","B",null,"M","?","?","M","M"],"character_chosen":"DEFECT","items_purchased":[],"campfire_rested":1,"item_purchase_floors":[],"current_hp_per_floor":[64,64,62,62,54,54,39,37,37,37,37,37,37,37,58,39,63,40,40,24,15,0,0],"gold":287,"neow_bonus":"THREE_CARDS","is_daily":false,"chose_seed":false,"campfire_upgraded":2,"win_rate":0.0,"timestamp":1611796527,"path_taken":["M","M","M","?","?","R","E","M","T","?","R","?","M","M","R","BOSS","M","?","?","M","M"],"items_purchased_type":[],"build_version":"2020-12-22","purchased_purges":0,"victory":false,"max_hp_per_floor":[71,71,71,71,71,71,71,71,71,71,71,71,71,71,71,71,71,71,71,71,76,76,76],"card_choices":[{"not_picked":["Redo","Compile Driver"],"picked":"Go for the Eyes","floor":0},{"not_picked":["Doom and Gloom","Chaos"],"picked":"Conserve Battery","floor":1},{"not_picked":["Aggregate","Lockon"],"picked":"Defragment","floor":2},{"not_picked":["Stack","Redo"],"picked":"Ball Lightning","floor":3},{"not_picked":["Stack","Rip and Tear","Steam Power"],"picked":"SKIP","floor":5},{"not_picked":["Gash","Consume"],"picked":"Genetic Algorithm","floor":7},{"not_picked":["Stack","Skim"],"picked":"FTL","floor":8},{"not_picked":["Conserve Battery","Aggregate"],"picked":"Ball Lightning","floor":10},{"not_picked":["Go for the Eyes","Conserve Battery"],"picked":"Glacier","floor":13},{"not_picked":["Sweeping Beam","Steam"],"picked":"Core Surge","floor":14},{"not_picked":["hubris:SpecializedCircuitry","Buffer"],"picked":"Thunder Strike","floor":16},{"not_picked":["Sweeping Beam","Melter"],"picked":"Heatsinks","floor":18},{"not_picked":["Beam Cell","Scrape"],"picked":"Defragment","floor":21}],"player_experience":677444,"relics_obtained":[{"floor":7,"key":"Oddly Smooth Stone"},{"floor":9,"key":"Akabeko"},{"floor":20,"key":"Nilry\u0027s Codex"}],"event_choices":[{"cards_removed":["Strike_B"],"damage_healed":0,"gold_gain":0,"player_choice":"Purged","damage_taken":0,"max_hp_gain":0,"max_hp_loss":0,"event_name":"Purifier","floor":4,"gold_loss":0},{"cards_removed":["Strike_B"],"damage_healed":0,"gold_gain":0,"player_choice":"Card Removal","damage_taken":0,"max_hp_gain":0,"max_hp_loss":0,"event_name":"The Cleric","floor":12,"gold_loss":50},{"damage_healed":0,"gold_gain":0,"player_choice":"Obtained Book","damage_taken":16,"max_hp_gain":0,"max_hp_loss":0,"event_name":"Cursed Tome","floor":20,"gold_loss":0}],"is_beta":false,"boss_relics":[{"not_picked":["SlaversCollar","Velvet Choker"],"picked":"Inserter"}],"items_purged_floors":[],"is_endless":false,"potions_floor_spawned":[2,3,5,8,13,18,21],"killed_by":"Sentry and Sphere","ascension_level":14}}