{"host":"BaronFel","time":1611792114,"event":{"mods":["BaseMod","Filter the Spire","Highlight Path","Minty Spire (QoL Compilation)","Relic Stats","ojb\u0027s Info Mod"],"gold_per_floor":[111,111,111,130,144,179,179,192,192,212,225,225,35,61,61,139,139,149,160,173,388,388,416,416,436,436,470,484,512,427,44,44,116,116,127,141,151,151,68,103,121,121,121,135,135,150,182,132,132,132,132,132,132,7,40,40],"floor_reached":57,"language":"ENG","playtime":8187,"items_purged":["Strike_B","Zap","Recycle"],"score":2818,"play_id":"59616e17-6d41-4109-b259-58d279591411","local_time":"20210127180154","is_ascension_mode":true,"campfire_choices":[{"floor":7.0,"key":"REST"},{"data":"Beam Cell","floor":12.0,"key":"SMITH"},{"floor":15.0,"key":"REST"},{"data":"Genetic Algorithm","floor":24.0,"key":"SMITH"},{"data":"Darkness","floor":32.0,"key":"SMITH"},{"data":"Coolheaded","floor":42.0,"key":"SMITH"},{"floor":45.0,"key":"RECALL"},{"data":"Loop","floor":49.0,"key":"SMITH"},{"data":"1","floor":53.0,"key":"LIFT"}],"circlet_count":0,"master_deck":["AscendersBane","Dualcast","Streamline+1","Cold Snap","Lockon","Beam Cell+1","Chill+1","Ball Lightning","Loop+1","Go for the Eyes","Core Surge","Coolheaded+1","Genetic Algorithm+1","Leap+1","Go for the Eyes","Sunder","Darkness+1","Compile Driver","Redo+1","Barrage+1","Conserve Battery","Self Repair+1","Loop+1","Leap+1","Force Field+1","Machine Learning+1","FTL","Cold Snap","Biased Cognition+1","Undo+1","Hologram+1","Capacitor+1","Redo+1","Defragment+1"],"relics":["Black Star","Shuriken","Mercury Hourglass","Mummified Hand","Symbiotic Virus","Pocketwatch","Pandora\u0027s Box","Old Coin","Ancient Tea Set","Orichalcum","Frozen Egg 2","Toxic Egg 2","Darkstone Periapt","Bag of Preparation","Bottled Flame","HornCleat","Coffee Dripper","Girya","Pantograph","Art of War","Lantern","Toy Ornithopter","War Paint"],"acts_visited":["Exordium","TheCity","TheBeyond","TheEnding"],"potions_floor_usage":[55,56,56],"damage_taken":[{"damage":4.0,"enemies":"Jaw Worm","floor":1.0,"turns":5.0},{"damage":1.0,"enemies":"Cultist","floor":4.0,"turns":3.0},{"damage":0.0,"enemies":"Small Slimes","floor":5.0,"turns":4.0},{"damage":29.0,"enemies":"Gremlin Nob","floor":6.0,"turns":5.0},{"damage":5.0,"enemies":"2 Fungi Beasts","floor":8.0,"turns":2.0},{"damage":20.0,"enemies":"Exordium Thugs","floor":10.0,"turns":5.0},{"damage":3.0,"enemies":"Large Slime","floor":11.0,"turns":5.0},{"damage":14.0,"enemies":"3 Sentries","floor":14.0,"turns":9.0},{"damage":7.0,"enemies":"Slime Boss","floor":16.0,"turns":5.0},{"damage":7.0,"enemies":"Spheric Guardian","floor":18.0,"turns":3.0},{"damage":0.0,"enemies":"Chosen","floor":19.0,"turns":2.0},{"damage":0.0,"enemies":"3 Cultists","floor":20.0,"turns":4.0},{"damage":20.0,"enemies":"Slavers","floor":23.0,"turns":3.0},{"damage":7.0,"enemies":"Snecko","floor":25.0,"turns":4.0},{"damage":9.0,"enemies":"Gremlin Leader","floor":27.0,"turns":6.0},{"damage":12.0,"enemies":"Snake Plant","floor":28.0,"turns":3.0},{"damage":12.0,"enemies":"Book of Stabbing","floor":29.0,"turns":4.0},{"damage":30.0,"enemies":"Automaton","floor":33.0,"turns":7.0},{"damage":0.0,"enemies":"Orb Walker","floor":35.0,"turns":3.0},{"damage":1.0,"enemies":"3 Shapes","floor":36.0,"turns":5.0},{"damage":0.0,"enemies":"Transient","floor":37.0,"turns":6.0},{"damage":1.0,"enemies":"Nemesis","floor":40.0,"turns":7.0},{"damage":1.0,"enemies":"3 Darklings","floor":41.0,"turns":6.0},{"damage":0.0,"enemies":"Spire Growth","floor":44.0,"turns":4.0},{"damage":4.0,"enemies":"Jaw Worm Horde","floor":46.0,"turns":5.0},{"damage":7.0,"enemies":"Reptomancer","floor":47.0,"turns":7.0},{"damage":0.0,"enemies":"Awakened One","floor":50.0,"turns":10.0},{"damage":28.0,"enemies":"Donu and Deca","floor":51.0,"turns":11.0},{"damage":38,"enemies":"Shield and Spear","floor":55,"turns":8},{"damage":69,"enemies":"The Heart","floor":56,"turns":8}],"seed_played":"7363408425179399354","potions_obtained":[{"floor":4.0,"key":"Weak Potion"},{"floor":14.0,"key":"LiquidMemories"},{"floor":16.0,"key":"Explosive Potion"},{"floor":23.0,"key":"SteroidPotion"},{"floor":25.0,"key":"Weak Potion"},{"floor":29.0,"key":"FairyPotion"},{"floor":33.0,"key":"DuplicationPotion"},{"floor":37.0,"key":"EntropicBrew"},{"floor":38.0,"key":"DuplicationPotion"},{"floor":47.0,"key":"Ancient Potion"},{"floor":55,"key":"EssenceOfDarkness"}],"is_trial":false,"path_per_floor":["M","?","?","M","M","E","R","M","T","M","M","R","$","E","R","B",null,"M","M","M","?","?","E","R","M","T","E","M","E","?","$","R","B",null,"M","M","M","?","$","E","M","R","T","M","R","M","E","?","R","B","B",null,"R","$","E","B",null],"character_chosen":"DEFECT","items_purchased":["Ball Lightning","Loop","Machine Learning+1","FTL","Cold Snap","Capacitor+1"],"campfire_rested":2,"item_purchase_floors":[13,13,31,31,31,39],"current_hp_per_floor":[60,65,65,64,64,35,57,52,52,32,29,29,29,15,37,30,65,58,58,58,58,58,38,38,31,31,29,24,19,19,19,19,29,64,71,76,76,76,76,76,76,76,76,76,76,76,76,76,76,76,58,72,72,72,44,20],"gold":40,"neow_bonus":"BOSS_RELIC","is_daily":false,"chose_seed":false,"campfire_upgraded":5,"win_rate":0.0,"timestamp":1611792114,"path_taken":["M","?","?","M","M","E","R","?","T","M","M","R","$","E","R","BOSS","M","M","M","?","?","E","R","?","T","E","M","E","?","$","R","BOSS","M","M","?","?","$","E","?","R","T","?","R","M","E","?","R","BOSS","BOSS","R","$","E","BOSS"],"items_purchased_type":["Card","Card","Card","Card","Card","Card"],"build_version":"2020-12-18","purchased_purges":3,"victory":true,"max_hp_per_floor":[71,76,76,76,76,76,76,76,76,76,76,76,76,76,76,76,76,76,76,76,76,76,76,76,76,76,76,76,76,76,76,76,76,76,76,76,76,76,76,76,76,76,76,76,76,76,76,76,76,76,76,76,76,76,76,76],"relic_stats":{"Darkstone Periapt":0,"counters":[30,157],"Bag of Preparation":[26],"Orichalcum":[72],"War Paint":["Chill","Leap"],"Mercury Hourglass":[554],"Shuriken":[58],"Mummified Hand":[101],"Pantograph":25,"Pandora\u0027s Box":["Coolheaded","Genetic Algorithm","Recycle","Leap","Go for the Eyes","Sunder","Darkness"],"Black Star":8,"Art of War":[7],"obtain_stats":[{"Darkstone Periapt":27,"Girya":40,"Lantern":47,"Bag of Preparation":29,"Orichalcum":23,"Frozen Egg 2":26,"War Paint":55,"Ancient Tea Set":23,"Mercury Hourglass":6,"Old Coin":21,"Bottled Flame":29,"HornCleat":30,"Shuriken":6,"Mummified Hand":9,"Pantograph":40,"Pandora\u0027s Box":17,"Black Star":0,"Coffee Dripper":34,"Art of War":47,"Toxic Egg 2":27,"Cracked Core":0,"Symbiotic Virus":14,"Toy Ornithopter":55,"Pocketwatch":14},{"Darkstone Periapt":15,"Girya":22,"Lantern":26,"Bag of Preparation":17,"Orichalcum":13,"Frozen Egg 2":14,"War Paint":29,"Ancient Tea Set":13,"Mercury Hourglass":4,"Old Coin":12,"Bottled Flame":17,"HornCleat":17,"Shuriken":4,"Mummified Hand":5,"Pantograph":22,"Pandora\u0027s Box":9,"Black Star":0,"Coffee Dripper":18,"Art of War":26,"Toxic Egg 2":15,"Cracked Core":0,"Symbiotic Virus":8,"Toy Ornithopter":29,"Pocketwatch":8},{"Darkstone Periapt":64,"Girya":98,"Lantern":120,"Bag of Preparation":71,"Orichalcum":54,"Frozen Egg 2":58,"War Paint":149,"Ancient Tea Set":54,"Mercury Hourglass":17,"Old Coin":51,"Bottled Flame":71,"HornCleat":71,"Shuriken":17,"Mummified Hand":19,"Pantograph":98,"Pandora\u0027s Box":42,"Black Star":0,"Coffee Dripper":78,"Art of War":120,"Toxic Egg 2":64,"Cracked Core":0,"Symbiotic Virus":37,"Toy Ornithopter":149,"Pocketwatch":37}],"Toy Ornithopter":10,"Pocketwatch":[62]},"card_choices":[{"not_picked":["Turbo","Conserve Battery"],"picked":"Streamline","floor":1.0},{"not_picked":["Rebound","Force Field"],"picked":"Cold Snap","floor":4.0},{"not_picked":["Steam","Double Energy","Aggregate"],"picked":"SKIP","floor":5.0},{"not_picked":["Darkness","Tempest","Turbo"],"picked":"SKIP","floor":6.0},{"not_picked":["Streamline","Stack"],"picked":"Lockon","floor":8.0},{"not_picked":["Static Discharge","Go for the Eyes"],"picked":"Beam Cell","floor":10.0},{"not_picked":["Steam Power","Cold Snap"],"picked":"Chill","floor":11.0},{"not_picked":["Auto Shields","White Noise"],"picked":"Go for the Eyes","floor":14.0},{"not_picked":["Reboot","Buffer"],"picked":"Core Surge","floor":16.0},{"not_picked":["Sweeping Beam","Genetic Algorithm"],"picked":"Compile Driver","floor":18.0},{"not_picked":["Steam","Coolheaded"],"picked":"Redo+1","floor":19.0},{"not_picked":["Storm","Auto Shields"],"picked":"Barrage","floor":20.0},{"not_picked":["Beam Cell","Gash"],"picked":"Conserve Battery","floor":23.0},{"not_picked":["Streamline","Compile Driver"],"picked":"Self Repair","floor":25.0},{"not_picked":["Rip and Tear","Tempest+1"],"picked":"Loop+1","floor":27.0},{"not_picked":["Go for the Eyes","Ball Lightning"],"picked":"Leap+1","floor":28.0},{"not_picked":["Steam+1","Rebound"],"picked":"Force Field+1","floor":29.0},{"not_picked":["Amplify+1","Multi-Cast+1"],"picked":"Biased Cognition+1","floor":33.0},{"not_picked":["Barrage","Steam+1"],"picked":"Undo+1","floor":35.0},{"not_picked":["Gash","Rebound","Sunder+1"],"picked":"SKIP","floor":36.0},{"not_picked":["Leap+1","Reprogram+1"],"picked":"Hologram+1","floor":37.0},{"not_picked":["Ball Lightning","Stack+1","Streamline"],"picked":"SKIP","floor":40.0},{"not_picked":["Aggregate+1","Compile Driver"],"picked":"Redo+1","floor":41.0},{"not_picked":["Stack+1","Rebound","Beam Cell+1"],"picked":"SKIP","floor":44.0},{"not_picked":["Sweeping Beam+1","Streamline","Thunder Strike"],"picked":"SKIP","floor":46.0},{"not_picked":["Go for the Eyes+1","Static Discharge+1"],"picked":"Defragment+1","floor":47.0},{"not_picked":["Barrage","Melter","Gash"],"picked":"SKIP","floor":55}],"player_experience":1081791,"relics_obtained":[{"floor":6.0,"key":"Shuriken"},{"floor":6.0,"key":"Mercury Hourglass"},{"floor":9.0,"key":"Mummified Hand"},{"floor":14.0,"key":"Symbiotic Virus"},{"floor":14.0,"key":"Pocketwatch"},{"floor":23.0,"key":"Ancient Tea Set"},{"floor":23.0,"key":"Orichalcum"},{"floor":26.0,"key":"Frozen Egg 2"},{"floor":27.0,"key":"Toxic Egg 2"},{"floor":27.0,"key":"Darkstone Periapt"},{"floor":29.0,"key":"Bag of Preparation"},{"floor":29.0,"key":"Bottled Flame"},{"floor":40.0,"key":"Girya"},{"floor":40.0,"key":"Pantograph"},{"floor":47.0,"key":"Art of War"},{"floor":47.0,"key":"Lantern"},{"floor":55,"key":"Toy Ornithopter"},{"floor":55,"key":"War Paint"}],"event_choices":[{"damage_healed":0.0,"max_hp_gain":5.0,"max_hp_loss":0.0,"gold_gain":0.0,"event_name":"Big Fish","player_choice":"Donut","floor":2.0,"gold_loss":0.0,"damage_taken":0.0},{"damage_healed":0.0,"max_hp_gain":0.0,"max_hp_loss":0.0,"gold_gain":0.0,"event_name":"Upgrade Shrine","player_choice":"Upgraded","floor":3.0,"gold_loss":0.0,"damage_taken":0.0,"cards_upgraded":["Streamline"]},{"damage_healed":0.0,"max_hp_gain":0.0,"max_hp_loss":0.0,"gold_gain":0.0,"event_name":"Addict","player_choice":"Obtained Relic","floor":21.0,"gold_loss":85.0,"damage_taken":0.0,"relics_obtained":["Old Coin"]},{"damage_healed":0.0,"max_hp_gain":0.0,"max_hp_loss":0.0,"gold_gain":0.0,"event_name":"N\u0027loth","player_choice":"Ignored","floor":22.0,"gold_loss":0.0,"damage_taken":0.0},{"damage_healed":0.0,"max_hp_gain":0.0,"max_hp_loss":0.0,"gold_gain":0.0,"event_name":"WeMeetAgain","player_choice":"Paid Gold","floor":30.0,"gold_loss":85.0,"damage_taken":0.0,"relics_obtained":["HornCleat"]},{"damage_healed":0.0,"max_hp_gain":0.0,"max_hp_loss":0.0,"gold_gain":0.0,"event_name":"Lab","player_choice":"Got Potions","floor":38.0,"gold_loss":0.0,"damage_taken":0.0},{"damage_healed":0.0,"max_hp_gain":0.0,"max_hp_loss":0.0,"gold_gain":0.0,"event_name":"Designer","player_choice":"Upgraded Two","floor":48.0,"gold_loss":50.0,"damage_taken":0.0,"cards_upgraded":["Self Repair","Barrage"]}],"is_beta":true,"boss_relics":[{"not_picked":["Nuclear Battery","Tiny House"],"picked":"Pandora\u0027s Box"},{"not_picked":["Inserter","Astrolabe"],"picked":"Coffee Dripper"}],"items_purged_floors":[13,31,54],"is_endless":false,"potions_floor_spawned":[4,14,16,23,25,29,33,37,40,47,55],"ascension_level":20}}