{"host":"soyfmymeou4emntr","time":1611806817,"event":{"mods":["BaseMod","BetterRewards","Minty Spire (QoL Compilation)","Relic Sorter","Relic Stats","StSLib"],"gold_per_floor":[113,113,123,141,151,151,170,197,197,197,225,41,57,89,89,163,163,178,1,12,27,27,27,60,78,78,178,178,93,112,140,140,214,214,228,228,243,261,7,7,32,45,92,106,137,147,174,190,190,190,190],"floor_reached":50,"language":"ENG","playtime":6290,"items_purged":["Strike_P","Strike_P","Defend_P"],"score":1367,"play_id":"5fdad8a1-f218-4d44-948f-5572412593d9","local_time":"20210127210657","is_ascension_mode":true,"campfire_choices":[{"data":"Wallop","floor":6.0,"key":"SMITH"},{"data":"Meditate","floor":10.0,"key":"SMITH"},{"data":"FlurryOfBlows","floor":15.0,"key":"SMITH"},{"floor":23.0,"key":"REST"},{"data":"TalkToTheHand","floor":28.0,"key":"SMITH"},{"floor":32.0,"key":"REST"},{"floor":40,"key":"REST"},{"floor":49,"key":"RECALL"}],"circlet_count":0,"master_deck":["AscendersBane","Strike_P+1","Strike_P+1","Defend_P+1","Defend_P+1","Eruption+1","Vigilance+1","CurseOfTheBell","Protect+1","Wallop+1","Tantrum+1","FollowUp","Halt+1","Meditate+1","LessonLearned+1","FlurryOfBlows+1","SpiritShield+1","Blasphemy+1","TalkToTheHand+1","Adaptation+1","TalkToTheHand+1","ClearTheMind+1","Wireheading+1","EmptyFist","MentalFortress+1","Scrawl+1","CutThroughFate+1","Ragnarok","ThirdEye+1","Protect+1","TalkToTheHand","DevaForm+1","EmptyFist","CutThroughFate","FearNoEvil+1"],"relics":["Calling Bell","MealTicket","The Courier","Pocketwatch","Dream Catcher","Mercury Hourglass","Shuriken","Smiling Mask","VioletLotus","Enchiridion","GoldenEye","Yang","StoneCalendar","Blue Candle","Boot","Shovel","Fusion Hammer","Ornamental Fan","Medical Kit","Omamori","PreservedInsect","FossilizedHelix"],"acts_visited":["Exordium","TheCity","TheBeyond"],"potions_floor_usage":[50],"damage_taken":[{"damage":5.0,"enemies":"Small Slimes","floor":1.0,"turns":2.0},{"damage":0.0,"enemies":"Cultist","floor":3.0,"turns":4.0},{"damage":0.0,"enemies":"Jaw Worm","floor":4.0,"turns":4.0},{"damage":0.0,"enemies":"Large Slime","floor":5.0,"turns":4.0},{"damage":9.0,"enemies":"3 Louse","floor":7.0,"turns":2.0},{"damage":4.0,"enemies":"3 Sentries","floor":8.0,"turns":5.0},{"damage":0.0,"enemies":"Lagavulin","floor":11.0,"turns":3.0},{"damage":0.0,"enemies":"2 Fungi Beasts","floor":13.0,"turns":4.0},{"damage":16.0,"enemies":"Gremlin Nob","floor":14.0,"turns":3.0},{"damage":1.0,"enemies":"Hexaghost","floor":16.0,"turns":8.0},{"damage":0.0,"enemies":"3 Byrds","floor":18.0,"turns":2.0},{"damage":0.0,"enemies":"Chosen","floor":20.0,"turns":2.0},{"damage":9.0,"enemies":"Snake Plant","floor":21.0,"turns":4.0},{"damage":14.0,"enemies":"Book of Stabbing","floor":24.0,"turns":5.0},{"damage":6.0,"enemies":"3 Cultists","floor":25.0,"turns":5.0},{"damage":12.0,"enemies":"Colosseum Slavers","floor":27.0,"turns":6.0},{"damage":5.0,"enemies":"Colosseum Nobs","floor":27.0,"turns":5.0},{"damage":8.0,"enemies":"Centurion and Healer","floor":30.0,"turns":5.0},{"damage":3.0,"enemies":"Gremlin Leader","floor":31.0,"turns":4.0},{"damage":9.0,"enemies":"Champ","floor":33.0,"turns":9.0},{"damage":12.0,"enemies":"3 Darklings","floor":35.0,"turns":5.0},{"damage":6.0,"enemies":"3 Shapes","floor":37.0,"turns":7.0},{"damage":26,"enemies":"Jaw Worm Horde","floor":38,"turns":3},{"damage":0,"enemies":"Nemesis","floor":41,"turns":5},{"damage":0,"enemies":"Spire Growth","floor":42,"turns":6},{"damage":0,"enemies":"Maw","floor":44,"turns":5},{"damage":0,"enemies":"Giant Head","floor":45,"turns":5},{"damage":21,"enemies":"Writhing Mass","floor":46,"turns":5},{"damage":19,"enemies":"Nemesis","floor":47,"turns":5},{"damage":12,"enemies":"Jaw Worm Horde","floor":48,"turns":4},{"damage":28,"enemies":"Awakened One","floor":50,"turns":8}],"seed_played":"3327215404931670761","potions_obtained":[{"floor":1.0,"key":"FearPotion"},{"floor":4.0,"key":"GamblersBrew"},{"floor":8.0,"key":"FairyPotion"},{"floor":11.0,"key":"FearPotion"},{"floor":13.0,"key":"GamblersBrew"},{"floor":16.0,"key":"FairyPotion"},{"floor":18.0,"key":"Ancient Potion"},{"floor":21.0,"key":"Regen Potion"},{"floor":30.0,"key":"Dexterity Potion"},{"floor":37.0,"key":"Strength Potion"},{"floor":41,"key":"StancePotion"},{"floor":47,"key":"DuplicationPotion"}],"is_trial":false,"path_per_floor":["M","?","M","M","M","R","M","E","T","R","E","$","M","E","R","B",null,"M","$","M","M","?","R","E","M","T","?","R","?","M","E","R","B",null,"M","?","M","M","$","R","E","M","T","M","E","M","E","M","R","B"],"character_chosen":"WATCHER","items_purchased":["LessonLearned","TalkToTheHand","Adaptation","TalkToTheHand","Medical Kit"],"campfire_rested":3,"item_purchase_floors":[12,19,19,39,39],"current_hp_per_floor":[56,56,56,56,56,56,47,43,43,43,43,58,58,42,42,41,61,61,68,68,59,38,58,44,50,50,33,33,33,25,22,42,33,59,47,47,41,15,30,50,50,50,50,50,50,29,10,20,20,0,0],"gold":190,"neow_bonus":"BOSS_RELIC","is_daily":false,"chose_seed":false,"campfire_upgraded":4,"win_rate":0.0,"timestamp":1611806817,"path_taken":["M","?","M","M","M","R","M","E","T","R","E","?","?","E","R","BOSS","M","$","M","M","?","R","E","M","T","?","R","?","M","E","R","BOSS","M","?","M","M","$","R","E","M","T","M","E","M","E","?","R","BOSS"],"items_purchased_type":["Card","Card","Card","Card","Relic"],"build_version":"2020-12-22","purchased_purges":3,"victory":false,"max_hp_per_floor":[68,68,68,68,68,68,68,68,68,68,68,68,68,68,68,68,68,68,68,68,68,68,68,68,68,68,68,68,68,68,68,68,68,68,68,68,68,68,68,68,68,68,68,68,68,68,68,68,68,68,68],"relic_stats":{"counters":[31,143],"Blue Candle":[0],"Yang":[242],"StoneCalendar":[114],"PreservedInsect":50,"Smiling Mask":80,"GoldenEye":[110],"Boot":[160],"Medical Kit":[0],"Mercury Hourglass":[460],"Dream Catcher":3,"Shovel":0,"Shuriken":[67],"Ornamental Fan":[136],"MealTicket":37,"VioletLotus":[38],"obtain_stats":[{"Blue Candle":27,"Enchiridion":22,"Yang":26,"StoneCalendar":27,"The Courier":0,"PreservedInsect":45,"Omamori":41,"Smiling Mask":14,"GoldenEye":24,"Boot":29,"Medical Kit":39,"Mercury Hourglass":9,"Calling Bell":0,"Dream Catcher":8,"Shovel":31,"Shuriken":11,"Ornamental Fan":36,"MealTicket":0,"VioletLotus":17,"Fusion Hammer":34,"PureWater":0,"FossilizedHelix":47,"Pocketwatch":0},{"Blue Candle":17,"Enchiridion":13,"Yang":15,"StoneCalendar":17,"The Courier":0,"PreservedInsect":27,"Omamori":24,"Smiling Mask":9,"GoldenEye":14,"Boot":17,"Medical Kit":23,"Mercury Hourglass":6,"Calling Bell":0,"Dream Catcher":6,"Shovel":19,"Shuriken":7,"Ornamental Fan":21,"MealTicket":0,"VioletLotus":10,"Fusion Hammer":20,"PureWater":0,"FossilizedHelix":29,"Pocketwatch":0},{"Blue Candle":67,"Enchiridion":46,"Yang":56,"StoneCalendar":67,"The Courier":0,"PreservedInsect":121,"Omamori":105,"Smiling Mask":31,"GoldenEye":51,"Boot":67,"Medical Kit":100,"Mercury Hourglass":21,"Calling Bell":0,"Dream Catcher":21,"Shovel":76,"Shuriken":24,"Ornamental Fan":90,"MealTicket":0,"VioletLotus":38,"Fusion Hammer":85,"PureWater":0,"FossilizedHelix":131,"Pocketwatch":0}],"Pocketwatch":[147]},"card_choices":[{"not_picked":["SignatureMove","InnerPeace"],"picked":"Protect","floor":1.0},{"not_picked":["Conclude","CutThroughFate"],"picked":"Wallop","floor":3.0},{"not_picked":["DeceiveReality","Prostrate"],"picked":"Tantrum","floor":4.0},{"not_picked":["Evaluate","WreathOfFlame"],"picked":"FollowUp","floor":5.0},{"not_picked":["EmptyBody","Evaluate"],"picked":"Halt","floor":7.0},{"not_picked":["ClearTheMind","PathToVictory"],"picked":"Meditate","floor":8.0},{"not_picked":["Study","FlyingSleeves","Evaluate"],"picked":"SKIP","floor":11.0},{"not_picked":["CutThroughFate","CrushJoints"],"picked":"FlurryOfBlows","floor":13.0},{"not_picked":["Brilliance","Prostrate"],"picked":"SpiritShield","floor":14.0},{"not_picked":["Brilliance","Alpha"],"picked":"Blasphemy","floor":16.0},{"not_picked":["Consecrate","ClearTheMind+1","CutThroughFate"],"picked":"SKIP","floor":18.0},{"not_picked":["Prostrate","Blasphemy","BattleHymn"],"picked":"SKIP","floor":20.0},{"not_picked":["Crescendo","PathToVictory"],"picked":"TalkToTheHand+1","floor":21.0},{"not_picked":["PathToVictory","Evaluate"],"picked":"ClearTheMind","floor":23.0},{"not_picked":["Prostrate","CutThroughFate"],"picked":"Wireheading","floor":24.0},{"not_picked":["Evaluate","PathToVictory"],"picked":"EmptyFist","floor":25.0},{"not_picked":["Wireheading","SashWhip"],"picked":"MentalFortress+1","floor":27.0},{"not_picked":["Study","Prostrate"],"picked":"Meditate","floor":30.0},{"not_picked":["Sanctity","WindmillStrike"],"picked":"Scrawl","floor":31.0},{"not_picked":["EmptyBody+1","SashWhip"],"picked":"CutThroughFate+1","floor":32.0},{"not_picked":["SpiritShield","Establishment"],"picked":"Ragnarok","floor":33.0},{"not_picked":["CutThroughFate","Vengeance+1","CrushJoints"],"picked":"SKIP","floor":35.0},{"not_picked":["ClearTheMind","Halt"],"picked":"ThirdEye","floor":37.0},{"not_picked":["ClearTheMind","Crescendo"],"picked":"Protect+1","floor":38},{"not_picked":["CrushJoints","WreathOfFlame"],"picked":"DevaForm","floor":40},{"not_picked":["SandsOfTime","DeusExMachina"],"picked":"EmptyFist","floor":41},{"not_picked":["Halt","FollowUp","EmptyBody"],"picked":"SKIP","floor":42},{"not_picked":["Adaptation","CarveReality+1"],"picked":"CutThroughFate","floor":44},{"not_picked":["PathToVictory","DevaForm","WindmillStrike"],"picked":"SKIP","floor":45},{"not_picked":["FlurryOfBlows","CarveReality"],"picked":"FearNoEvil+1","floor":46},{"not_picked":["Prostrate+1","CutThroughFate","Conclude"],"picked":"SKIP","floor":47},{"not_picked":["Wireheading","EmptyMind","Prostrate"],"picked":"SKIP","floor":48}],"player_experience":2934095,"relics_obtained":[{"floor":0.0,"key":"MealTicket"},{"floor":0.0,"key":"The Courier"},{"floor":0.0,"key":"Pocketwatch"},{"floor":8.0,"key":"Dream Catcher"},{"floor":9.0,"key":"Mercury Hourglass"},{"floor":11.0,"key":"Shuriken"},{"floor":14.0,"key":"Smiling Mask"},{"floor":22.0,"key":"Enchiridion"},{"floor":24.0,"key":"GoldenEye"},{"floor":26.0,"key":"Yang"},{"floor":27.0,"key":"StoneCalendar"},{"floor":27.0,"key":"Blue Candle"},{"floor":31.0,"key":"Shovel"},{"floor":41,"key":"Omamori"},{"floor":45,"key":"PreservedInsect"},{"floor":47,"key":"FossilizedHelix"}],"event_choices":[{"cards_removed":["Defend_P"],"damage_healed":0.0,"max_hp_gain":0.0,"max_hp_loss":0.0,"gold_gain":0.0,"event_name":"Bonfire Elementals","player_choice":"Offered Basic","floor":2.0,"gold_loss":0.0,"damage_taken":0.0},{"damage_healed":0.0,"max_hp_gain":0.0,"max_hp_loss":0.0,"gold_gain":0.0,"event_name":"Cursed Tome","player_choice":"Obtained Book","floor":22.0,"gold_loss":0.0,"damage_taken":21.0},{"damage_healed":0.0,"max_hp_gain":0.0,"max_hp_loss":0.0,"gold_gain":0.0,"event_name":"Colosseum","player_choice":"Fight","floor":27.0,"gold_loss":0.0,"damage_taken":0.0},{"damage_healed":0.0,"max_hp_gain":0.0,"max_hp_loss":0.0,"gold_gain":0.0,"event_name":"Colosseum","player_choice":"Fought Nobs","floor":27.0,"gold_loss":0.0,"damage_taken":0.0},{"damage_healed":0.0,"max_hp_gain":0.0,"max_hp_loss":0.0,"gold_gain":0.0,"event_name":"Addict","player_choice":"Obtained Relic","floor":29.0,"gold_loss":85.0,"damage_taken":0.0,"relics_obtained":["Boot"]},{"cards_removed":["Meditate"],"damage_healed":0.0,"max_hp_gain":0.0,"max_hp_loss":0.0,"gold_gain":0.0,"event_name":"WeMeetAgain","player_choice":"Gave Card","floor":36.0,"gold_loss":0.0,"damage_taken":0.0,"relics_obtained":["Ornamental Fan"]}],"is_beta":false,"boss_relics":[{"not_picked":["Tiny House","Sozu"],"picked":"VioletLotus"},{"not_picked":["SlaversCollar","Pandora\u0027s Box"],"picked":"Fusion Hammer"}],"items_purged_floors":[12,19,39],"is_endless":false,"potions_floor_spawned":[1,4,7,8,11,13,16,18,21,27,30,31,37,38,41,44,47],"killed_by":"Awakened One","ascension_level":20}}