{"host":"359hz4210ybch7ku","time":1611815719,"event":{"mods":["BaseMod","Block Reminder","Colored Map","Colored Powertips","Highlight Path","Minty Spire (QoL Compilation)","Slay the Relics Exporter","StSLib"],"gold_per_floor":[114,114,124,144,156,156,183,202,272,287,322,26,26,26,26,128,128,148,167,181,200,200,200,234,234,234,234,253,278,13,24,24,124,124,142,160,176,76,90,90,100,100,180,218,218,318,343,356,356,356],"floor_reached":51,"language":"ENG","playtime":3755,"items_purged":["Body Slam","Reckless Charge"],"score":1088,"play_id":"85fd2b22-c2c7-41d5-a192-d2434a80a3f1","local_time":"20210127223519","is_ascension_mode":true,"campfire_choices":[{"data":"Warcry","floor":6,"key":"SMITH"},{"data":"Dark Embrace","floor":13,"key":"SMITH"},{"floor":15,"key":"REST"},{"data":"Berserk","floor":23,"key":"SMITH"},{"data":"Uppercut","floor":25,"key":"SMITH"},{"data":"Twin Strike","floor":27,"key":"SMITH"},{"data":"Bloodletting","floor":32,"key":"SMITH"},{"data":"Feed","floor":40,"key":"SMITH"},{"data":"Bash","floor":42,"key":"SMITH"},{"data":"Bludgeon","floor":45,"key":"SMITH"},{"data":"Cleave","floor":49,"key":"SMITH"}],"circlet_count":0,"master_deck":["Bash+1","Uppercut+1","Warcry+1","Bloodletting+1","Disarm+1","Dark Embrace+1","Bludgeon+1","Berserk+1","Twin Strike+1","Cleave+1","Havoc+1","Second Wind+1","Seeing Red+1","Havoc+1","Power Through+1","Ghostly+1","Ghostly+1","Ghostly+1","Ghostly+1","Ghostly+1","Shrug It Off+1","Metamorphosis+1","Feed+1","Twin Strike+1","Hemokinesis+1"],"relics":["Busted Crown","Charon\u0027s Ashes","TungstenRod","Toxic Egg 2","MealTicket","Eternal Feather","Pandora\u0027s Box","Bottled Lightning","HornCleat","Du-Vu Doll","Empty Cage","Pear","CeramicFish","Letter Opener"],"acts_visited":["Exordium","TheCity","TheBeyond"],"potions_floor_usage":[11,11,16,50,50],"damage_taken":[{"damage":0,"enemies":"Cultist","floor":1,"turns":2},{"damage":7,"enemies":"Jaw Worm","floor":3,"turns":2},{"damage":8,"enemies":"2 Louse","floor":4,"turns":2},{"damage":19,"enemies":"Exordium Thugs","floor":5,"turns":4},{"damage":20,"enemies":"3 Sentries","floor":7,"turns":6},{"damage":5,"enemies":"Looter","floor":8,"turns":2},{"damage":10,"enemies":"Lots of Slimes","floor":10,"turns":4},{"damage":2,"enemies":"Gremlin Nob","floor":11,"turns":2},{"damage":11,"enemies":"Hexaghost","floor":16,"turns":10},{"damage":5,"enemies":"Spheric Guardian","floor":18,"turns":3},{"damage":0,"enemies":"Chosen","floor":19,"turns":3},{"damage":10,"enemies":"Centurion and Healer","floor":20,"turns":4},{"damage":16,"enemies":"Snake Plant","floor":21,"turns":2},{"damage":0,"enemies":"Gremlin Leader","floor":24,"turns":8},{"damage":0,"enemies":"Snecko","floor":28,"turns":4},{"damage":0,"enemies":"Book of Stabbing","floor":29,"turns":4},{"damage":0,"enemies":"Centurion and Healer","floor":31,"turns":4},{"damage":0,"enemies":"Collector","floor":33,"turns":7},{"damage":0,"enemies":"Orb Walker","floor":35,"turns":2},{"damage":0,"enemies":"3 Shapes","floor":36,"turns":5},{"damage":0,"enemies":"3 Darklings","floor":37,"turns":5},{"damage":10,"enemies":"Writhing Mass","floor":39,"turns":6},{"damage":0,"enemies":"Transient","floor":41,"turns":5},{"damage":0,"enemies":"Nemesis","floor":44,"turns":5},{"damage":0,"enemies":"Reptomancer","floor":47,"turns":5},{"damage":0,"enemies":"Sphere and 2 Shapes","floor":48,"turns":3},{"damage":26,"enemies":"Donu and Deca","floor":50,"turns":9}],"seed_played":"-5453409716999728158","potions_obtained":[{"floor":1,"key":"Weak Potion"},{"floor":3,"key":"Swift Potion"},{"floor":5,"key":"SteroidPotion"},{"floor":18,"key":"SneckoOil"},{"floor":21,"key":"FairyPotion"},{"floor":24,"key":"Weak Potion"},{"floor":39,"key":"SteroidPotion"}],"is_trial":false,"path_per_floor":["M","?","M","M","M","R","E","M","T","M","E","$","R","?","R","B",null,"M","M","M","M","?","R","E","R","T","R","M","E","$","M","R","B",null,"M","M","M","$","M","R","M","R","T","E","R","?","E","M","R","B",null],"character_chosen":"IRONCLAD","items_purchased":["Eternal Feather","Dark Embrace","Metamorphosis+1"],"campfire_rested":1,"item_purchase_floors":[12,12,30],"current_hp_per_floor":[80,77,70,62,43,43,23,18,18,8,6,21,30,30,63,52,80,75,75,65,49,40,40,40,40,40,40,40,40,40,40,40,40,40,40,43,43,43,33,43,43,43,53,53,53,53,53,53,53,27],"gold":356,"neow_bonus":"BOSS_RELIC","is_daily":false,"chose_seed":false,"campfire_upgraded":10,"win_rate":0.0,"timestamp":1611815719,"path_taken":["M","?","M","M","M","R","E","M","T","M","E","$","R","?","R","BOSS","M","?","M","M","?","R","E","R","T","R","M","E","?","M","R","BOSS","M","M","M","$","M","R","M","R","T","E","R","?","E","M","R","BOSS"],"items_purchased_type":["Relic","Card","Card"],"build_version":"2020-12-22","purchased_purges":2,"victory":true,"max_hp_per_floor":[80,80,80,80,80,80,80,80,80,80,80,80,80,80,80,80,80,80,80,80,80,40,40,40,40,40,40,40,40,40,40,40,40,40,40,43,43,43,43,43,43,43,53,53,53,53,53,53,53,53],"card_choices":[{"not_picked":[],"picked":"Uppercut","floor":1},{"not_picked":["Inflame"],"picked":"SKIP","floor":3},{"not_picked":["Iron Wave"],"picked":"SKIP","floor":4},{"not_picked":[],"picked":"Warcry","floor":5},{"not_picked":[],"picked":"Bloodletting","floor":7},{"not_picked":["Battle Trance"],"picked":"SKIP","floor":8},{"not_picked":[],"picked":"Armaments+1","floor":10},{"not_picked":[],"picked":"Disarm+1","floor":11},{"not_picked":[],"picked":"Seeing Red+1","floor":18},{"not_picked":[],"picked":"Havoc+1","floor":19},{"not_picked":[],"picked":"Power Through+1","floor":20},{"not_picked":["Combust"],"picked":"SKIP","floor":21},{"not_picked":["Combust"],"picked":"SKIP","floor":24},{"not_picked":[],"picked":"Shrug It Off+1","floor":28},{"not_picked":["Sword Boomerang"],"picked":"SKIP","floor":29},{"not_picked":["Armaments+1"],"picked":"SKIP","floor":31},{"not_picked":[],"picked":"Feed","floor":33},{"not_picked":["Iron Wave"],"picked":"SKIP","floor":35},{"not_picked":[],"picked":"Twin Strike+1","floor":36},{"not_picked":["Headbutt"],"picked":"SKIP","floor":37},{"not_picked":["Sword Boomerang"],"picked":"SKIP","floor":39},{"not_picked":["Clash"],"picked":"SKIP","floor":41},{"not_picked":[],"picked":"Hemokinesis+1","floor":44},{"not_picked":["Rampage"],"picked":"SKIP","floor":47},{"not_picked":["Flex+1"],"picked":"SKIP","floor":48}],"player_experience":297841,"relics_obtained":[{"floor":7,"key":"TungstenRod"},{"floor":9,"key":"Toxic Egg 2"},{"floor":11,"key":"MealTicket"},{"floor":24,"key":"Bottled Lightning"},{"floor":26,"key":"HornCleat"},{"floor":29,"key":"Du-Vu Doll"},{"floor":43,"key":"Pear"},{"floor":44,"key":"CeramicFish"},{"floor":47,"key":"Letter Opener"}],"event_choices":[{"damage_healed":0,"gold_gain":0,"player_choice":"Success","damage_taken":3,"relics_obtained":["Charon\u0027s Ashes"],"max_hp_gain":0,"max_hp_loss":0,"event_name":"Scrap Ooze","floor":2,"gold_loss":0},{"damage_healed":0,"gold_gain":0,"cards_transformed":["Strike_R"],"player_choice":"Transformed","damage_taken":0,"max_hp_gain":0,"max_hp_loss":0,"event_name":"Transmorgrifier","floor":14,"gold_loss":0,"cards_obtained":["Bludgeon"]},{"damage_healed":0,"gold_gain":0,"player_choice":"Became a Ghost","damage_taken":0,"max_hp_gain":0,"max_hp_loss":40,"event_name":"Ghosts","floor":22,"gold_loss":0,"cards_obtained":["Ghostly","Ghostly","Ghostly","Ghostly","Ghostly"]},{"damage_healed":0,"gold_gain":100,"player_choice":"Pray","damage_taken":0,"max_hp_gain":0,"max_hp_loss":0,"event_name":"Golden Shrine","floor":46,"gold_loss":0}],"is_beta":false,"boss_relics":[{"not_picked":["Coffee Dripper","Fusion Hammer"],"picked":"Pandora\u0027s Box"},{"not_picked":["Astrolabe","Sozu"],"picked":"Empty Cage"}],"items_purged_floors":[30,38],"is_endless":false,"potions_floor_spawned":[1,3,5,7,18,21,24,33,36,37,39],"ascension_level":4}}