{"host":"vm3f1ccwgbs4oygt","time":1611858256,"event":{"mods":["BaseMod","BetterRewards","Colored Powertips","Minty Spire (QoL Compilation)","Permanent Neow","Shop Mod","StSLib"],"gold_per_floor":[111,36,48,59,59,59,59,74,99,118,151,151,179,191,191,294,294,261,261,261,275,275,275,291,291,291,291,317,367,387,407,407,407,407],"floor_reached":33,"language":"ENG","playtime":5112,"items_purged":["Strike_R"],"score":319,"play_id":"959cad6c-1829-47b3-b7d9-d99453465068","local_time":"20210128192416","is_ascension_mode":true,"campfire_choices":[{"data":"Sentinel","floor":6,"key":"SMITH"},{"data":"Clothesline","floor":12,"key":"SMITH"},{"data":"Armaments","floor":15,"key":"SMITH"},{"data":"Double Tap","floor":23,"key":"SMITH"},{"data":"True Grit","floor":25,"key":"SMITH"},{"data":"Bash","floor":27,"key":"SMITH"},{"data":"Burning Pact","floor":32,"key":"SMITH"}],"circlet_count":0,"master_deck":["Strike_R","Strike_R","Defend_R","Defend_R","Defend_R","Bash+1","Burning Pact+1","Sentinel+1","True Grit+1","Clothesline+1","Anger","Armaments+1","Double Tap+1","Armaments+1","Disarm+1","Barricade+1","Blood for Blood+1","Shrug It Off+1","Rampage+1","Cleave+1","Wild Strike+1"],"relics":["Coffee Dripper","Oddly Smooth Stone","Blood Vial","Lizard Tail","Astrolabe","Molten Egg 2","Singing Bowl","Paper Frog","Smiling Mask"],"acts_visited":["Exordium","TheCity"],"potions_floor_usage":[11,14,16,16,19,28,28],"damage_taken":[{"damage":0,"enemies":"Cultist","floor":1,"turns":4},{"damage":0,"enemies":"2 Louse","floor":3,"turns":3},{"damage":1,"enemies":"Jaw Worm","floor":4,"turns":4},{"damage":6,"enemies":"Looter","floor":8,"turns":3},{"damage":0,"enemies":"Blue Slaver","floor":10,"turns":5},{"damage":26,"enemies":"3 Sentries","floor":11,"turns":9},{"damage":13,"enemies":"Gremlin Nob","floor":13,"turns":4},{"damage":10,"enemies":"Exordium Wildlife","floor":14,"turns":5},{"damage":17,"enemies":"The Guardian","floor":16,"turns":12},{"damage":23,"enemies":"2 Thieves","floor":18,"turns":5},{"damage":0,"enemies":"Masked Bandits","floor":19,"turns":1},{"damage":6,"enemies":"Chosen","floor":21,"turns":6},{"damage":9,"enemies":"Snake Plant","floor":24,"turns":8},{"damage":6,"enemies":"Gremlin Leader","floor":28,"turns":9},{"damage":21,"enemies":"Shelled Parasite and Fungi","floor":30,"turns":6},{"damage":6,"enemies":"Cultist and Chosen","floor":31,"turns":9},{"damage":94,"enemies":"Collector","floor":33,"turns":7}],"seed_played":"2366855055517987431","potions_obtained":[{"floor":8,"key":"EssenceOfSteel"},{"floor":10,"key":"Dexterity Potion"},{"floor":11,"key":"Explosive Potion"},{"floor":13,"key":"Regen Potion"},{"floor":16,"key":"PowerPotion"},{"floor":18,"key":"SmokeBomb"},{"floor":24,"key":"AttackPotion"}],"is_trial":false,"path_per_floor":["M","$","M","M","?","R","?","M","T","M","E","R","E","M","R","B",null,"M","?","?","M","?","R","M","R","T","R","E","T","M","M","R","B"],"character_chosen":"IRONCLAD","items_purchased":[],"campfire_rested":0,"item_purchase_floors":[],"current_hp_per_floor":[80,80,80,79,84,84,84,78,78,78,52,52,41,33,33,33,85,62,64,64,60,60,60,53,53,53,53,51,51,32,28,28,0,0],"gold":407,"neow_bonus":"BOSS_RELIC","is_daily":false,"chose_seed":false,"campfire_upgraded":7,"win_rate":0.0,"timestamp":1611858256,"path_taken":["M","?","M","M","?","R","?","M","T","?","E","R","E","M","R","BOSS","M","?","?","M","?","R","M","R","T","R","E","?","M","M","R","BOSS"],"items_purchased_type":[],"build_version":"2020-12-22","purchased_purges":1,"victory":false,"max_hp_per_floor":[80,80,80,80,85,85,85,85,85,85,85,85,85,85,85,85,85,85,85,85,85,85,85,85,85,85,85,87,87,87,87,87,87,87],"card_choices":[{"not_picked":["Havoc","Flex"],"picked":"Burning Pact","floor":1},{"not_picked":["Dual Wield","Flame Barrier"],"picked":"Sentinel","floor":3},{"not_picked":["Metallicize","Heavy Blade","Twin Strike"],"picked":"SKIP","floor":4},{"not_picked":["Rage","Dual Wield"],"picked":"True Grit","floor":8},{"not_picked":["Body Slam","Clash"],"picked":"Clothesline","floor":10},{"not_picked":["Havoc","Offering","Combust"],"picked":"SKIP","floor":11},{"not_picked":["Sword Boomerang","Brutality"],"picked":"Anger","floor":13},{"not_picked":["Iron Wave","Warcry"],"picked":"Armaments","floor":14},{"not_picked":["Limit Break","Immolate"],"picked":"Double Tap","floor":16},{"not_picked":["Rage+1","Bloodletting"],"picked":"Blood for Blood+1","floor":18},{"not_picked":["Ghostly Armor","Dropkick+1"],"picked":"Shrug It Off+1","floor":21},{"not_picked":["Clothesline+1","Anger+1"],"picked":"Rampage+1","floor":24},{"not_picked":["Sword Boomerang+1","Combust","Clash+1"],"picked":"Singing Bowl","floor":28},{"not_picked":["Battle Trance","Metallicize"],"picked":"Cleave+1","floor":30},{"not_picked":["Cleave+1","Sword Boomerang+1"],"picked":"Wild Strike+1","floor":31}],"player_experience":938536,"relics_obtained":[{"floor":9,"key":"Oddly Smooth Stone"},{"floor":11,"key":"Blood Vial"},{"floor":13,"key":"Lizard Tail"},{"floor":26,"key":"Singing Bowl"},{"floor":28,"key":"Paper Frog"},{"floor":29,"key":"Smiling Mask"}],"event_choices":[{"damage_healed":0,"gold_gain":0,"player_choice":"Donut","damage_taken":0,"max_hp_gain":5,"max_hp_loss":0,"event_name":"Big Fish","floor":5,"gold_loss":0},{"damage_healed":0,"gold_gain":0,"player_choice":"Ignored","damage_taken":0,"max_hp_gain":0,"max_hp_loss":0,"event_name":"WeMeetAgain","floor":7,"gold_loss":0},{"damage_healed":0,"gold_gain":0,"player_choice":"Fought Bandits","damage_taken":0,"max_hp_gain":0,"max_hp_loss":0,"event_name":"Masked Bandits","floor":19,"gold_loss":0},{"damage_healed":0,"gold_gain":0,"player_choice":"Opened","damage_taken":0,"relics_obtained":["Molten Egg 2"],"max_hp_gain":0,"max_hp_loss":0,"event_name":"The Mausoleum","floor":20,"gold_loss":0,"cards_obtained":["Writhe"]},{"cards_removed":["Writhe"],"damage_healed":0,"gold_gain":0,"player_choice":"Elegance","damage_taken":0,"max_hp_gain":0,"max_hp_loss":0,"event_name":"Back to Basics","floor":22,"gold_loss":0}],"is_beta":false,"boss_relics":[{"not_picked":["Tiny House","Runic Dome"],"picked":"Astrolabe"}],"items_purged_floors":[2],"is_endless":false,"potions_floor_spawned":[8,10,11,13,16,18,19,24],"killed_by":"Collector","ascension_level":3}}