{"host":"11728qvdvolffudn","time":1611873960,"event":{"mods":["BaseMod","Block Reminder","Colored Powertips","Curses Come First","Custom Start","Displayed Cursed Tome","Highlight Path","Minty Spire (QoL Compilation)","Permanent Neow","Quick Restart","Rare Cards Sparkle","Relic Stats","StSLib"],"gold_per_floor":[111,111,131,151,163,163,183,183,207,132,147,173,101,118,118,223,223,234,234,234,245,245,245,245],"floor_reached":23,"language":"ENG","playtime":2211,"items_purged":["Strike_R"],"score":218,"play_id":"74ded6ed-ed12-455a-9880-8effde89f101","local_time":"20210128224600","is_ascension_mode":false,"campfire_choices":[{"data":"Whirlwind","floor":6,"key":"SMITH"},{"data":"Defend_R","floor":8,"key":"SMITH"},{"data":"Pummel","floor":15,"key":"SMITH"}],"circlet_count":0,"master_deck":["Defend_R","Defend_R+1","Defend_R","Defend_R","Bash","Cleave","Whirlwind+1","Battle Trance","Rampage","Dropkick","Pummel+1","Bite","Bite","Bite","Bite","Bite","Shrug It Off"],"relics":["Burning Blood","Ancient Tea Set","Orichalcum","Philosopher\u0027s Stone"],"acts_visited":["Exordium","TheCity"],"potions_floor_usage":[12,23],"damage_taken":[{"damage":6,"enemies":"Jaw Worm","floor":1,"turns":5},{"damage":6,"enemies":"Cultist","floor":3,"turns":3},{"damage":2,"enemies":"2 Louse","floor":4,"turns":3},{"damage":6,"enemies":"Exordium Wildlife","floor":5,"turns":3},{"damage":10,"enemies":"Looter","floor":7,"turns":3},{"damage":0,"enemies":"3 Louse","floor":11,"turns":1},{"damage":29,"enemies":"Gremlin Nob","floor":12,"turns":5},{"damage":3,"enemies":"Exordium Wildlife","floor":14,"turns":4},{"damage":26,"enemies":"Slime Boss","floor":16,"turns":13},{"damage":6,"enemies":"Chosen","floor":18,"turns":3},{"damage":33,"enemies":"2 Thieves","floor":21,"turns":5},{"damage":51,"enemies":"Book of Stabbing","floor":23,"turns":6}],"seed_played":"-630069256348482974","potions_obtained":[{"floor":4,"key":"ElixirPotion"},{"floor":5,"key":"Fire Potion"},{"floor":14,"key":"Block Potion"},{"floor":16,"key":"Energy Potion"}],"is_trial":false,"path_per_floor":["M","?","M","M","M","R","M","R","T","$","M","E","$","M","R","B",null,"M","?","$","M","?","E"],"character_chosen":"IRONCLAD","items_purchased":["Pummel"],"campfire_rested":0,"item_purchase_floors":[13],"current_hp_per_floor":[80,80,80,80,80,80,76,76,76,76,80,57,57,60,60,40,80,80,56,56,39,30,0,0],"gold":245,"neow_bonus":"THREE_CARDS","is_daily":false,"chose_seed":false,"campfire_upgraded":3,"win_rate":0.0,"timestamp":1611873960,"path_taken":["M","?","M","M","M","R","M","R","T","$","M","E","$","?","R","BOSS","M","?","$","M","?","E"],"items_purchased_type":["Card"],"build_version":"2020-12-22","purchased_purges":1,"victory":false,"max_hp_per_floor":[80,80,80,80,80,80,80,80,80,80,80,80,80,80,80,80,80,80,56,56,56,61,61,61],"relic_stats":{"counters":[12,54],"Orichalcum":[72],"obtain_stats":[{"Philosopher\u0027s Stone":17,"Orichalcum":12,"Ancient Tea Set":9,"Burning Blood":0},{"Philosopher\u0027s Stone":9,"Orichalcum":7,"Ancient Tea Set":5,"Burning Blood":0},{"Philosopher\u0027s Stone":40,"Orichalcum":23,"Ancient Tea Set":17,"Burning Blood":0}],"Burning Blood":60},"card_choices":[{"not_picked":["Pommel Strike","Headbutt"],"picked":"Cleave","floor":0},{"not_picked":["Sword Boomerang","Hemokinesis","Body Slam"],"picked":"SKIP","floor":1},{"not_picked":["Feel No Pain","Body Slam","Entrench"],"picked":"SKIP","floor":3},{"not_picked":["Cleave","Ghostly Armor"],"picked":"Whirlwind","floor":4},{"not_picked":["Rampage","Metallicize"],"picked":"Battle Trance","floor":5},{"not_picked":["Sword Boomerang","Power Through","Warcry"],"picked":"SKIP","floor":7},{"not_picked":["Feel No Pain","Warcry"],"picked":"Rampage","floor":11},{"not_picked":["Body Slam","Reckless Charge"],"picked":"Dropkick","floor":12},{"not_picked":["Havoc","Warcry","Burning Pact"],"picked":"SKIP","floor":14},{"not_picked":["Sentinel","Armaments","Blood for Blood"],"picked":"SKIP","floor":18},{"not_picked":["Power Through","Warcry"],"picked":"Shrug It Off","floor":21}],"player_experience":161313,"relics_obtained":[{"floor":9,"key":"Ancient Tea Set"},{"floor":12,"key":"Orichalcum"}],"event_choices":[{"damage_healed":0,"gold_gain":0,"player_choice":"Bought 0 Potions","damage_taken":0,"max_hp_gain":0,"max_hp_loss":0,"event_name":"The Woman in Blue","floor":2,"gold_loss":0},{"damage_healed":0,"gold_gain":0,"player_choice":"Became a vampire","damage_taken":0,"max_hp_gain":0,"max_hp_loss":24,"event_name":"Vampires","floor":19,"gold_loss":0,"cards_obtained":["Bite","Bite","Bite","Bite","Bite"]},{"damage_healed":0,"gold_gain":0,"player_choice":"Shed Blood","damage_taken":14,"max_hp_gain":5,"max_hp_loss":0,"event_name":"Forgotten Altar","floor":22,"gold_loss":0}],"is_beta":false,"boss_relics":[{"not_picked":["Pandora\u0027s Box","Runic Cube"],"picked":"Philosopher\u0027s Stone"}],"items_purged_floors":[10],"is_endless":false,"potions_floor_spawned":[4,5,14,16],"killed_by":"Book of Stabbing","ascension_level":0}}