{"host":"6bsan6hkua32tfq7","time":1611861362,"event":{"mods":["BaseMod","Better Third Choice","Colored Map","Highlight Path","Minty Spire (QoL Compilation)","StSLib"],"gold_per_floor":[110,110,122,138,138,138,171,171,171,199,199,73,98,111,111,185,185,198,211,61,77,77,77,77,77],"floor_reached":24,"language":"ENG","playtime":905,"items_purged":["Pain","Strike_R"],"score":428,"play_id":"60d9df9a-79b4-4c71-8c89-7e085534e5fd","local_time":"20210128201602","is_ascension_mode":true,"campfire_choices":[{"data":"Bash","floor":6.0,"key":"SMITH"},{"data":"Reaper","floor":8.0,"key":"SMITH"},{"floor":11.0,"key":"REST"},{"data":"Juggernaut","floor":15.0,"key":"SMITH"},{"floor":23,"key":"REST"}],"circlet_count":0,"master_deck":["AscendersBane","Defend_R","Defend_R","Defend_R","Defend_R","Bash+1","Reaper+1","Shockwave+1","Heavy Blade","Uppercut","Juggernaut+1","True Grit","Barricade","Shrug It Off","True Grit","Demon Form","Clash","Immolate"],"relics":["Burning Blood","WarpedTongs","StrikeDummy","Dream Catcher","Matryoshka","Mercury Hourglass","Empty Cage"],"acts_visited":["Exordium","TheCity"],"potions_floor_usage":[24],"damage_taken":[{"damage":3.0,"enemies":"Small Slimes","floor":1.0,"turns":6.0},{"damage":4.0,"enemies":"Cultist","floor":3.0,"turns":4.0},{"damage":9.0,"enemies":"2 Louse","floor":4.0,"turns":6.0},{"damage":51.0,"enemies":"Lagavulin","floor":7.0,"turns":9.0},{"damage":29.0,"enemies":"3 Sentries","floor":10.0,"turns":7.0},{"damage":7.0,"enemies":"Lagavulin","floor":13.0,"turns":7.0},{"damage":6.0,"enemies":"Red Slaver","floor":14.0,"turns":4.0},{"damage":45.0,"enemies":"Hexaghost","floor":16.0,"turns":11.0},{"damage":34.0,"enemies":"Shell Parasite","floor":18.0,"turns":6.0},{"damage":21.0,"enemies":"Spheric Guardian","floor":19.0,"turns":7.0},{"damage":16,"enemies":"Centurion and Healer","floor":21,"turns":14},{"damage":53,"enemies":"Slavers","floor":24,"turns":3}],"seed_played":"203612573803923392","potions_obtained":[{"floor":1.0,"key":"DistilledChaos"},{"floor":13.0,"key":"AttackPotion"},{"floor":14.0,"key":"SkillPotion"},{"floor":16.0,"key":"SpeedPotion"},{"floor":18.0,"key":"PowerPotion"},{"floor":19.0,"key":"BloodPotion"}],"is_trial":false,"path_per_floor":["M","?","M","M","?","R","E","R","T","E","R","$","E","M","R","B",null,"M","M","$","M","?","R","E"],"character_chosen":"IRONCLAD","items_purchased":["True Grit","True Grit"],"campfire_rested":2,"item_purchase_floors":[12,20],"current_hp_per_floor":[74,74,75,75,75,75,36,36,36,27,49,49,48,48,48,9,59,38,23,23,13,13,35,0,0],"gold":77,"neow_bonus":"ONE_RANDOM_RARE_CARD","is_daily":false,"chose_seed":false,"campfire_upgraded":3,"win_rate":0.0,"timestamp":1611861362,"path_taken":["M","?","M","?","?","R","E","R","T","E","R","$","E","M","R","BOSS","M","M","?","M","?","R","E"],"items_purchased_type":["Card","Card"],"build_version":"2020-12-22","purchased_purges":2,"victory":false,"max_hp_per_floor":[75,75,75,75,75,75,75,75,75,75,75,75,75,75,75,75,75,75,75,75,75,75,75,75,75],"card_choices":[{"not_picked":["Flex","Twin Strike"],"picked":"Shockwave","floor":1.0},{"not_picked":["Sword Boomerang","Clothesline"],"picked":"Heavy Blade","floor":3.0},{"not_picked":["Thunderclap","Sentinel","Iron Wave"],"picked":"SKIP","floor":4.0},{"not_picked":["Thunderclap","Sentinel","Iron Wave"],"picked":"SKIP","floor":4.0},{"not_picked":["Burning Pact","Clothesline"],"picked":"Uppercut","floor":7.0},{"not_picked":["Clothesline","Exhume"],"picked":"Juggernaut","floor":10.0},{"not_picked":["Havoc","Entrench","Rupture"],"picked":"SKIP","floor":13.0},{"not_picked":["Bloodletting","Twin Strike","Wild Strike"],"picked":"SKIP","floor":14.0},{"not_picked":["Exhume","Impervious"],"picked":"Barricade","floor":16.0},{"not_picked":["Body Slam","Sword Boomerang","Anger"],"picked":"SKIP","floor":18.0},{"not_picked":["Thunderclap","Sentinel"],"picked":"Shrug It Off","floor":19.0},{"not_picked":["Sword Boomerang","Fire Breathing"],"picked":"Demon Form","floor":21}],"player_experience":5330254,"relics_obtained":[{"floor":7.0,"key":"StrikeDummy"},{"floor":9.0,"key":"Dream Catcher"},{"floor":10.0,"key":"Matryoshka"},{"floor":13.0,"key":"Mercury Hourglass"}],"event_choices":[{"damage_healed":0.0,"max_hp_gain":0.0,"max_hp_loss":0.0,"gold_gain":0.0,"event_name":"Accursed Blacksmith","player_choice":"Rummage","floor":2.0,"gold_loss":0.0,"damage_taken":0.0,"relics_obtained":["WarpedTongs"],"cards_obtained":["Pain"]},{"damage_healed":0.0,"max_hp_gain":0.0,"max_hp_loss":0.0,"gold_gain":0.0,"event_name":"Upgrade Shrine","player_choice":"Upgraded","floor":5.0,"gold_loss":0.0,"damage_taken":0.0,"cards_upgraded":["Shockwave"]},{"damage_healed":0,"gold_gain":0,"cards_transformed":["Strike_R","Strike_R"],"player_choice":"Became Test Subject","damage_taken":0,"max_hp_gain":0,"max_hp_loss":0,"event_name":"Drug Dealer","floor":22,"gold_loss":0,"cards_obtained":["Clash","Immolate"]}],"is_beta":false,"boss_relics":[{"not_picked":["Coffee Dripper","Black Star"],"picked":"Empty Cage"}],"items_purged_floors":[12,20],"is_endless":false,"potions_floor_spawned":[1,13,14,16,18,19],"killed_by":"Slavers","ascension_level":20}}