{"host":"640uue19m79c7wbt","time":1611800929,"event":{"mods":["BaseMod","Colored Map","Googly Eyes","Highlight Path","Minty Spire (QoL Compilation)","Quick Restart","StSLib"],"gold_per_floor":[119,119,269,269,288,288,324,324,324,324,344,367,400,0,0,93,93,60,60,60,84,84,84,5,19,66,66,66,66,66,66],"floor_reached":30,"language":"ENG","playtime":708,"items_purged":["Doubt"],"score":479,"play_id":"9c650d08-2f9f-41be-ac2b-c2178213d55f","local_time":"20210127212849","is_ascension_mode":true,"campfire_choices":[{"floor":6.0,"key":"REST"},{"floor":10.0,"key":"REST"},{"floor":15.0,"key":"REST"},{"floor":23,"key":"REST"},{"floor":27,"key":"REST"},{"data":"Venomology","floor":29,"key":"SMITH"}],"circlet_count":0,"master_deck":["AscendersBane","Strike_G","Strike_G","Strike_G","Defend_G","Defend_G","Defend_G","Defend_G","Defend_G","Survivor","Neutralize","Dagger Spray","Finisher","Dash","Dagger Spray","Reflex","Caltrops","Venomology+1","Well Laid Plans","Burst+1","Venomology+1","Cloak And Dagger","Escape Plan","Terror","Accuracy"],"relics":["Ring of the Snake","NeowsBlessing","Bloody Idol","FossilizedHelix","Snake Skull","Shuriken","MawBank","Empty Cage","Anchor","War Paint"],"acts_visited":["Exordium","TheCity"],"potions_floor_usage":[21,21,25,25,25,30,30],"damage_taken":[{"damage":0.0,"enemies":"Jaw Worm","floor":1.0,"turns":1.0},{"damage":0.0,"enemies":"2 Louse","floor":5.0,"turns":1.0},{"damage":0.0,"enemies":"3 Sentries","floor":7.0,"turns":1.0},{"damage":0.0,"enemies":"Small Slimes","floor":11.0,"turns":2.0},{"damage":1.0,"enemies":"Exordium Thugs","floor":12.0,"turns":3.0},{"damage":20.0,"enemies":"Lagavulin","floor":13.0,"turns":5.0},{"damage":6.0,"enemies":"Slime Boss","floor":16.0,"turns":11.0},{"damage":40.0,"enemies":"2 Thieves","floor":18.0,"turns":5.0},{"damage":17,"enemies":"Chosen","floor":21,"turns":4},{"damage":20,"enemies":"Snake Plant","floor":25,"turns":4},{"damage":45,"enemies":"Chosen and Byrds","floor":30,"turns":5}],"seed_played":"-1684067590023752825","potions_obtained":[{"floor":1.0,"key":"LiquidMemories"},{"floor":7.0,"key":"LiquidMemories"},{"floor":12.0,"key":"Fire Potion"},{"floor":21,"key":"Dexterity Potion"},{"floor":25,"key":"SpeedPotion"}],"is_trial":false,"path_per_floor":["M","?","?","?","M","R","E","?","T","R","M","M","E","$","R","B",null,"M","?","?","M","?","R","$","M","T","R","T","R","M"],"character_chosen":"THE_SILENT","items_purchased":["Venomology","Well Laid Plans","Burst","Terror"],"campfire_rested":5,"item_purchase_floors":[14,14,14,24],"current_hp_per_floor":[59,36,36,10,10,29,29,29,29,48,48,47,27,27,46,40,60,20,33,33,16,16,35,35,20,25,44,44,44,0,0],"gold":66,"neow_bonus":"THREE_ENEMY_KILL","is_daily":false,"chose_seed":false,"campfire_upgraded":1,"win_rate":0.0,"timestamp":1611800929,"path_taken":["M","?","?","?","M","R","E","?","T","R","M","M","E","$","R","BOSS","M","?","?","?","?","R","$","M","T","R","?","R","M"],"items_purchased_type":["Card","Card","Card","Card"],"build_version":"2020-12-22","purchased_purges":1,"victory":false,"max_hp_per_floor":[66,66,66,66,66,66,66,66,66,66,66,66,66,66,66,66,66,66,66,66,66,66,66,66,66,66,66,66,66,66,66],"card_choices":[{"not_picked":["Choke","Prepared"],"picked":"Dagger Spray","floor":1.0},{"not_picked":["Sucker Punch","Acrobatics"],"picked":"Finisher","floor":5.0},{"not_picked":["Outmaneuver","Prepared"],"picked":"Dash","floor":7.0},{"not_picked":["Flying Knee","Dagger Throw"],"picked":"Dagger Spray","floor":11.0},{"not_picked":["Deflect","Dagger Spray"],"picked":"Reflex","floor":12.0},{"not_picked":["Wraith Form v2","Expertise"],"picked":"Caltrops","floor":13.0},{"not_picked":["Adrenaline","Die Die Die"],"picked":"Venomology","floor":16.0},{"not_picked":["Bane","Riddle With Holes"],"picked":"Cloak And Dagger","floor":18.0},{"not_picked":["Flechettes","Quick Slash"],"picked":"Escape Plan","floor":21},{"not_picked":["Distraction","Masterful Stab"],"picked":"Accuracy","floor":25}],"player_experience":640423,"relics_obtained":[{"floor":7.0,"key":"Snake Skull"},{"floor":9.0,"key":"Shuriken"},{"floor":13.0,"key":"MawBank"},{"floor":26,"key":"Anchor"},{"floor":28,"key":"War Paint"}],"event_choices":[{"damage_healed":0.0,"max_hp_gain":0.0,"max_hp_loss":0.0,"gold_gain":0.0,"event_name":"Golden Idol","player_choice":"Take Damage","floor":2.0,"gold_loss":0.0,"damage_taken":23.0,"relics_obtained":["Golden Idol"]},{"damage_healed":0.0,"max_hp_gain":0.0,"max_hp_loss":0.0,"gold_gain":150.0,"event_name":"Liars Game","player_choice":"AGREE","floor":3.0,"gold_loss":0.0,"damage_taken":0.0,"cards_obtained":["Doubt"]},{"damage_healed":0.0,"max_hp_gain":0.0,"max_hp_loss":0.0,"gold_gain":0.0,"event_name":"Scrap Ooze","player_choice":"Success","floor":4.0,"gold_loss":0.0,"damage_taken":26.0,"relics_obtained":["FossilizedHelix"]},{"damage_healed":0.0,"max_hp_gain":0.0,"max_hp_loss":0.0,"gold_gain":0.0,"event_name":"Shining Light","player_choice":"Ignored","floor":8.0,"gold_loss":0.0,"damage_taken":0.0},{"damage_healed":13.0,"max_hp_gain":0.0,"max_hp_loss":0.0,"gold_gain":0.0,"event_name":"The Library","player_choice":"Heal","floor":19.0,"gold_loss":0.0,"damage_taken":0.0},{"damage_healed":0,"gold_gain":0,"player_choice":"Ignored","damage_taken":0,"max_hp_gain":0,"max_hp_loss":0,"event_name":"Cursed Tome","floor":20,"gold_loss":0},{"damage_healed":0,"gold_gain":0,"player_choice":"Gave Idol","damage_taken":0,"relics_obtained":["Bloody Idol"],"max_hp_gain":0,"max_hp_loss":0,"event_name":"Forgotten Altar","floor":22,"relics_lost":["Golden Idol"],"gold_loss":0}],"is_beta":false,"boss_relics":[{"not_picked":["Coffee Dripper","Ectoplasm"],"picked":"Empty Cage"}],"items_purged_floors":[14],"is_endless":false,"potions_floor_spawned":[1,7,12,21,25],"killed_by":"Chosen and Byrds","ascension_level":17}}