{"host":"3yynf0dn84873kbr","time":1611813747,"event":{"mods":["Act Like it!","Arknights The Spire","BaseMod","CapriCore","Gensokyo","Minty Spire (QoL Compilation)","StSLib","[IsaacMod]ÒÔÈö¼âËþ"],"gold_per_floor":[114,114,114,114,128,128,155,3,27,27,38,38,38,54,54,155,155,175,7,7,7,23,23,23,23],"floor_reached":24,"language":"ZHS","playtime":1203,"items_purged":[],"score":217,"play_id":"3ff3e583-f011-47a4-a8e2-f3d71132bb93","local_time":"20210128140227","is_ascension_mode":false,"campfire_choices":[{"data":"Gensokyo:CrescentMoonSlash","floor":6,"key":"SMITH"},{"data":"ats:Powerful Strike","floor":10,"key":"SMITH"},{"data":"ats:Blood Oath","floor":15,"key":"SMITH"},{"data":"ats:Soul Rend","floor":23,"key":"SMITH"}],"circlet_count":0,"master_deck":["ats:Strike C","ats:Strike G+1","ats:Strike S","ats:Strike V","ats:Armor Crushing Shot","ats:Defend","ats:Defend+1","ats:Defend","ats:Emotion Absorption","DoctorFetus","ats:Powerful Strike+1","Gensokyo:CrescentMoonSlash+1","ats:Blood Oath+1","ats:Explosion Area Strengthen","ats:Apocalypse","ats:Explosion Area Strengthen+1","ats:Soul Rend+1","ats:Directed Diagnosis","Gensokyo:TarnishedGold","ats:Revitalization"],"relics":["ats:Sanity","HushsDoor","NeowsBlessing","Chaos","Gensokyo:PortableGap","ats:Originium","Bird Faced Urn","Juzu Bracelet","Pear","Omamori","GuppysHairball","ats:Ability Aura"],"acts_visited":["Exordium","Gensokyo:Gensokyo"],"potions_floor_usage":[16,16,24],"damage_taken":[{"damage":0,"enemies":"Gensokyo:3_Fairies","floor":1,"turns":1},{"damage":0,"enemies":"Gensokyo:Gryphon","floor":5,"turns":1},{"damage":0,"enemies":"Gensokyo:Mamizou","floor":7,"turns":2},{"damage":0,"enemies":"Gensokyo:2_Kodama","floor":11,"turns":2},{"damage":18,"enemies":"Gensokyo:Kitsune","floor":14,"turns":3},{"damage":63,"enemies":"Gensokyo:Kokoro","floor":16,"turns":11},{"damage":34,"enemies":"Gensokyo:3_Dogs","floor":18,"turns":4},{"damage":6,"enemies":"Gensokyo:2_Gloops","floor":22,"turns":4},{"damage":62,"enemies":"Gensokyo:Swordslinger","floor":24,"turns":4}],"seed_played":"55885480258108795","potions_obtained":[{"floor":1,"key":"BlessingOfTheForge"},{"floor":5,"key":"PowerPotion"},{"floor":16,"key":"ats:Emergency Sanity Potion"},{"floor":22,"key":"Energy Potion"}],"is_trial":false,"path_per_floor":["M","?","?","?","M","R","E","$","T","R","M","?","$","M","R","B",null,"M","COS","?","?","M","R","M"],"character_chosen":"DOCTOR_CLASS","items_purchased":["Juzu Bracelet","GuppysHairball"],"campfire_rested":0,"item_purchase_floors":[8,17],"current_hp_per_floor":[72,65,65,56,56,56,56,56,66,66,66,66,66,50,50,24,65,38,38,38,38,42,42,0,0],"gold":23,"neow_bonus":"THREE_ENEMY_KILL","is_daily":false,"chose_seed":false,"campfire_upgraded":4,"win_rate":0.0,"timestamp":1611813747,"path_taken":["M","?","?","?","M","R","E","?","T","R","M","?","?","M","R","BOSS","M","COS","?","?","M","R","M"],"items_purchased_type":["Relic","Relic"],"build_version":"2020-12-22","purchased_purges":0,"victory":false,"max_hp_per_floor":[72,65,65,65,65,65,65,65,75,75,75,75,75,75,75,75,65,65,65,65,65,65,65,65,65],"card_choices":[{"not_picked":[],"picked":"DoctorFetus","floor":0},{"not_picked":["ats:Beaten Up","ats:LN2 Cannon"],"picked":"ats:Powerful Strike","floor":1},{"not_picked":["ats:Absolute Focus","ats:Assault Order"],"picked":"ats:Blood Oath","floor":5},{"not_picked":["ats:Consecutive Shot Auto","ats:Blood Oath"],"picked":"ats:Explosion Area Strengthen","floor":7},{"not_picked":["ats:Healing Strengthening","ats:Defend Order"],"picked":"ats:Apocalypse","floor":11},{"not_picked":["ats:Hammer On","ats:Phantom"],"picked":"ats:Explosion Area Strengthen","floor":14},{"not_picked":["ats:Ambush","ats:Nebulous Foxfire"],"picked":"ats:Soul Rend","floor":16},{"not_picked":["ats:Guardian Obelisk","ats:Poison Spread"],"picked":"ats:Directed Diagnosis","floor":18},{"not_picked":["ats:Directed Diagnosis","ats:Steam Pump"],"picked":"ats:Revitalization","floor":22}],"player_experience":120554,"relics_obtained":[{"floor":7,"key":"ats:Originium"},{"floor":7,"key":"Bird Faced Urn"},{"floor":9,"key":"Pear"}],"event_choices":[],"is_beta":false,"boss_relics":[{"not_picked":["Habit","Vajra"],"picked":"Omamori"},{"not_picked":[]}],"items_purged_floors":[],"is_endless":false,"potions_floor_spawned":[1,5,16,22],"killed_by":"Gensokyo:Swordslinger","ascension_level":0}}