{"host":"t9q14bihfoo75lsb","time":1611809562,"event":{"mods":["BaseMod","Better Third Choice","Challenge The Spire","Hermit","Infinite Spire","Koishi","Minty Spire (QoL Compilation)","Reworked Bosses","Shop Mod","Spicy Shops","StSLib","The Cursed","The Dragon Tamer","The Hierophant","The Runesmith"],"gold_per_floor":[113,113,188,198,198,198,227,227,273,291,319,338,338,349,349,349,349,349],"floor_reached":16,"language":"KOR","playtime":465,"items_purged":[],"score":142,"play_id":"f854790a-b056-469d-a96c-97d4e509abc0","local_time":"20210128135242","is_ascension_mode":true,"metric_token":991,"campfire_choices":[{"data":"DTMod:MagiciansMark","floor":6,"key":"SMITH"},{"data":"DTMod:PurifyingFlame","floor":8,"key":"SMITH"},{"floor":15,"key":"REST"}],"dtmod_dragon_data":[23,50,-1,-1,0,0],"circlet_count":0,"master_deck":["DTMod:Strike","DTMod:Strike","DTMod:Strike","DTMod:Strike","DTMod:DoubleHit+1","DTMod:TargetDefense","DTMod:TargetDefense","DTMod:TargetDefense","DTMod:TargetDefense","DTMod:SwitchingTactic","DTMod:DeepFocus","DTMod:MagiciansMark+1","DTMod:PurifyingFlame+1","DTMod:BreakAttack","DTMod:TriAttack","DTMod:Training","DTMod:Weaken"],"relics":["DTMod:PactStone","Potion Belt","Orichalcum","infinitespire:Satchel","Regal Pillow"],"acts_visited":["Exordium"],"potions_floor_usage":[11],"damage_taken":[{"damage":0.0,"enemies":"2 Louse","floor":1.0,"turns":2.0},{"damage":3.0,"enemies":"infinitespire:Voidling","floor":4.0,"turns":4.0},{"damage":13,"enemies":"Lagavulin","floor":7,"turns":6},{"damage":0,"enemies":"Cultist","floor":10,"turns":2},{"damage":0,"enemies":"3 Sentries","floor":11,"turns":11},{"damage":0,"enemies":"2 Fungi Beasts","floor":12,"turns":2},{"damage":0,"enemies":"Looter","floor":14,"turns":3},{"damage":0,"enemies":"The Guardian","floor":16,"turns":2}],"seed_played":"261449143151756000","potions_obtained":[{"floor":1.0,"key":"SteroidPotion"},{"floor":7,"key":"Explosive Potion"},{"floor":13,"key":"Strength Potion"},{"floor":13,"key":"SmokeBomb"},{"floor":13,"key":"FairyPotion"}],"is_trial":false,"path_per_floor":["M","?","?","M","?","R","E","R","T","M","E","M","?","M","R","B"],"character_chosen":"THE_DT","items_purchased":[],"campfire_rested":1,"item_purchase_floors":[],"current_hp_per_floor":[45,45,41,38,38,38,25,25,25,25,25,25,25,25,45,45,45,45],"gold":349,"neow_bonus":"RANDOM_COMMON_RELIC","is_daily":false,"chose_seed":false,"campfire_upgraded":2,"win_rate":0.0,"timestamp":1611809562,"path_taken":["M","?","?","?","?","R","E","R","T","M","E","M","?","?","R","BOSS"],"items_purchased_type":[],"build_version":"2020-12-22","purchased_purges":0,"victory":false,"max_hp_per_floor":[45,45,45,45,45,45,45,45,45,45,45,45,45,45,45,45,45,45],"card_choices":[{"not_picked":["DTMod:MagicField","DTMod:TauntingStrike"],"picked":"DTMod:DeepFocus","floor":1.0},{"not_picked":["DTMod:FlameSlash","DTMod:BurningForce"],"picked":"DTMod:MagiciansMark","floor":4.0},{"not_picked":["DTMod:Feint","DTMod:GhostSkin"],"picked":"DTMod:PurifyingFlame","floor":7},{"not_picked":["DTMod:Weaken","DTMod:Hide"],"picked":"DTMod:BreakAttack","floor":10},{"not_picked":["DTMod:Punisher","DTMod:Weaken"],"picked":"DTMod:TriAttack","floor":11},{"not_picked":["DTMod:BreakAttack","DTMod:BalancedStrike"],"picked":"DTMod:Training","floor":12},{"not_picked":["DTMod:Conduct","DTMod:ForkedFire"],"picked":"DTMod:Weaken","floor":14}],"player_experience":486749,"relics_obtained":[{"floor":7,"key":"Orichalcum"},{"floor":9,"key":"infinitespire:Satchel"},{"floor":11,"key":"Regal Pillow"}],"event_choices":[{"damage_healed":0.0,"max_hp_gain":0.0,"max_hp_loss":0.0,"gold_gain":75.0,"event_name":"FaceTrader","player_choice":"Touch","floor":3.0,"gold_loss":0.0,"damage_taken":4.0},{"damage_healed":0,"gold_gain":0,"player_choice":"Got Potions","damage_taken":0,"max_hp_gain":0,"max_hp_loss":0,"event_name":"Lab","floor":13,"gold_loss":0}],"is_beta":false,"boss_relics":[],"items_purged_floors":[],"is_endless":false,"potions_floor_spawned":[1,7],"killed_by":"The Guardian","ascension_level":1}}