{"host":"gltm229u6j2oow3a","time":1611815770,"event":{"mods":["BaseMod","Colored Powertips","Minty Spire (QoL Compilation)","[IsaacMod]ÒÔÈö¼âËþ"],"gold_per_floor":[119,133,133,147,147,147,174,174,174,30,65,65,85,114,114,214,214,227,227,273,33,58,58,481,509,509,509,545,67,166,216,216,244,244],"floor_reached":33,"language":"ZHS","playtime":869,"items_purged":["Regret"],"score":332,"play_id":"3e333e3a-efd4-4c4b-a1fe-c3ba41ad2629","local_time":"20210128143610","is_ascension_mode":true,"campfire_choices":[{"data":"Thunderclap","floor":6,"key":"SMITH"},{"data":"Juggernaut","floor":8,"key":"SMITH"},{"data":"Strike_R","floor":12,"key":"SMITH"},{"data":"Iron Wave","floor":15,"key":"SMITH"},{"data":"Corruption","floor":23,"key":"SMITH"},{"data":"Defend_R","floor":27,"key":"SMITH"},{"floor":32,"key":"REST"}],"circlet_count":0,"master_deck":["Strike_R","Strike_R","Strike_R","Strike_R+1","Strike_R+1","Defend_R+1","Defend_R","Defend_R","Defend_R","Bash+1","Sword Boomerang+1","Thunderclap+1","Juggernaut+1","Iron Wave+1","Corruption+1","Sword Boomerang+1","Burning Pact+1","Inflame","Feed"],"relics":["Burning Blood","HushsDoor","Void","Tiny Chest","Sozu","SalivaCoin","Paper Frog","BloodDonationMachine","Singing Bowl","Matryoshka","Anchor"],"acts_visited":["Exordium","TheCity"],"potions_floor_usage":[16,16,33],"damage_taken":[{"damage":12,"enemies":"Jaw Worm","floor":1,"turns":2},{"damage":6,"enemies":"Cultist","floor":2,"turns":3},{"damage":0,"enemies":"2 Louse","floor":4,"turns":3},{"damage":38,"enemies":"Lagavulin","floor":7,"turns":4},{"damage":31,"enemies":"Gremlin Nob","floor":11,"turns":4},{"damage":11,"enemies":"Looter","floor":13,"turns":2},{"damage":24,"enemies":"3 Sentries","floor":14,"turns":4},{"damage":21,"enemies":"The Guardian","floor":16,"turns":8},{"damage":11,"enemies":"Shell Parasite","floor":18,"turns":4},{"damage":3,"enemies":"Chosen","floor":22,"turns":2},{"damage":14,"enemies":"Book of Stabbing","floor":24,"turns":3},{"damage":14,"enemies":"Snake Plant","floor":28,"turns":3},{"damage":56,"enemies":"Collector","floor":33,"turns":6}],"seed_played":"6872693200134574432","potions_obtained":[{"floor":1,"key":"Explosive Potion"},{"floor":2,"key":"Dexterity Potion"},{"floor":11,"key":"SneckoOil"},{"floor":14,"key":"Energy Potion"}],"is_trial":false,"path_per_floor":["M","M","?","M","?","R","E","R","T","$","E","R","M","E","R","B",null,"M","?","T","$","M","R","E","?","T","R","M","$","?","T","R","B"],"character_chosen":"IRONCLAD","items_purchased":["Lee\u0027s Waffle","Paper Frog","Matryoshka","Inflame","Feed"],"campfire_rested":1,"item_purchase_floors":[10,21,29,29,29],"current_hp_per_floor":[74,74,58,64,64,64,32,32,32,87,62,62,57,39,39,24,87,82,82,82,82,85,85,52,36,36,36,30,25,25,25,51,0,0],"gold":244,"neow_bonus":"UPGRADE_CARD","is_daily":false,"chose_seed":false,"campfire_upgraded":6,"win_rate":0.0,"timestamp":1611815770,"path_taken":["M","M","?","?","?","R","E","R","T","?","E","R","?","E","R","BOSS","M","?","?","$","M","R","E","?","T","R","?","$","?","?","R","BOSS"],"items_purchased_type":["Relic","Relic","Relic","Card","Card"],"build_version":"2020-12-22","purchased_purges":1,"victory":false,"max_hp_per_floor":[80,80,80,80,80,80,80,80,80,87,87,87,87,87,87,87,87,87,87,87,87,87,87,87,87,87,87,89,89,89,89,89,89,89],"card_choices":[{"not_picked":[],"picked":"ChaosCard","floor":0},{"not_picked":["Armaments","Warcry"],"picked":"Sword Boomerang","floor":1},{"not_picked":["Sentinel","Metallicize"],"picked":"Bomb","floor":2},{"not_picked":["Anger","Shrug It Off"],"picked":"Thunderclap","floor":4},{"not_picked":["Rupture","Warcry"],"picked":"Juggernaut","floor":7},{"not_picked":["Anger","Carnage","Metallicize"],"picked":"SKIP","floor":11},{"not_picked":["Perfected Strike","Cleave"],"picked":"Iron Wave","floor":13},{"not_picked":["Anger","True Grit","Evolve"],"picked":"SKIP","floor":14},{"not_picked":["Impervious","Offering"],"picked":"Corruption","floor":16},{"not_picked":["Pummel","Disarm"],"picked":"Sword Boomerang+1","floor":18},{"not_picked":["Rampage","Body Slam"],"picked":"Burning Pact+1","floor":22},{"not_picked":["True Grit","Metallicize","Corruption"],"picked":"SKIP","floor":24},{"not_picked":["Armaments","Shockwave","Heavy Blade"],"picked":"Singing Bowl","floor":28}],"player_experience":105574,"relics_obtained":[{"floor":7,"key":"Tiny Chest"},{"floor":9,"key":"Bottled Flame"},{"floor":11,"key":"Ancient Tea Set"},{"floor":14,"key":"Oddly Smooth Stone"},{"floor":20,"key":"SalivaCoin"},{"floor":24,"key":"BloodDonationMachine"},{"floor":25,"key":"Nilry\u0027s Codex"},{"floor":26,"key":"Singing Bowl"},{"floor":31,"key":"MealTicket"},{"floor":31,"key":"Anchor"}],"event_choices":[{"damage_healed":0,"gold_gain":0,"player_choice":"Entered Light","damage_taken":16,"max_hp_gain":0,"max_hp_loss":0,"event_name":"Shining Light","floor":3,"gold_loss":0,"cards_upgraded":["Strike_R","Sword Boomerang"]},{"damage_healed":0,"gold_gain":0,"player_choice":"Box","damage_taken":0,"relics_obtained":["Centennial Puzzle"],"max_hp_gain":0,"max_hp_loss":0,"event_name":"Big Fish","floor":5,"gold_loss":0,"cards_obtained":["Regret"]},{"damage_healed":0,"gold_gain":0,"player_choice":"Inject Mutagens","damage_taken":0,"relics_obtained":["MutagenicStrength"],"max_hp_gain":0,"max_hp_loss":0,"event_name":"Drug Dealer","floor":19,"gold_loss":0},{"damage_healed":0,"gold_gain":0,"player_choice":"Obtained Book","damage_taken":16,"max_hp_gain":0,"max_hp_loss":0,"event_name":"Cursed Tome","floor":25,"gold_loss":0},{"damage_healed":0,"gold_gain":99,"player_choice":"Stole From Cult","damage_taken":0,"max_hp_gain":0,"max_hp_loss":0,"event_name":"Nest","floor":30,"gold_loss":0}],"is_beta":false,"boss_relics":[{"not_picked":["Black Blood","Pandora\u0027s Box"],"picked":"Sozu"},{"not_picked":[]}],"items_purged_floors":[29],"is_endless":false,"potions_floor_spawned":[1,2,11,14,24,28],"killed_by":"Collector","ascension_level":2}}