{"host":"usru02jcpe2a942d","time":1611826805,"event":{"mods":["Act Like it!","BaseMod","Colored Powertips","GifTheSpireLib","Highlight Path","Hubris","Infinite Spire","KinomotoSakuraMod(木之本樱)","Minty Spire (QoL Compilation)","MostiFishMod","Quick Restart","Relic Stats","RumiaBox-露米娅的神秘盒子","StSLib","noobMod","【遗物卡牌】REMEMod","篝火指南"],"gold_per_floor":[117,117,117,117,133,166,186,218,218,228,178,178,103,117,117,216,216,233,243,243,203,220,220,248,248,248,268,268,268,268,268,268],"floor_reached":31,"language":"ZHS","playtime":1769,"items_purged":["ClowCardTheShield"],"score":363,"play_id":"c44fb943-b49c-4261-8ecc-409fa87a0dbe","local_time":"20210128174005","is_ascension_mode":false,"campfire_choices":[{"data":"ClowCardTheFlower","floor":12.0,"key":"SMITH"},{"data":"ClowCardTheBig","floor":15.0,"key":"SMITH"},{"floor":23,"key":"DIG"},{"floor":30,"key":"DIG"}],"circlet_count":0,"master_deck":["SakuraCardTheBubbles+","ClowCardTheSword","ClowCardTheSword+1","ClowCardTheSword+1","ClowCardTheShield","ClowCardTheShield","ClowCardTheShield+1","SpellCardSeal","SpellCardRelease","MostiFishMod:TheEndOfMoonlight","MostiFishMod:SparklingWater","MostiFishMod:FantasySummer","MostiFishMod:NightSea","MostiFishMod:Overload","ClowCardTheFlower+1","ClowCardTheBig+1","ClowCardTheDream","ClowCardTheMist","ClowCardTheFight","ClowCardTheDream","ClowCardTheDash","CurseOfTheBell","ClowCardTheLittle","ClowCardTheIllusion","ClowCardTheJump","ClowCardTheCloud"],"relics":["KSMOD_SealedBook","KSMOD_SealedWand","DaveBox","ice","REME_ComplimentaryCards","MoonlightInvasionPlan","SynthV:TestCard","Bottled Lightning","hubris:TenFootPole","Ancient Tea Set","Whetstone","Calling Bell","Bronze Scales","GodSword5","Shovel","infinitespire:EmpoweringShard","hubris:CrystalStatue","infinitespire:PuzzleCube","Smiling Mask","hubris:EvacipatedBox","hubris:FruitBowl","infinitespire:FocusingShard","KSMOD_Compass","hubris:Icosahedron","hubris:BottledHeart","KSMOD_SwordJade"],"acts_visited":["Exordium","TheCity"],"potions_floor_usage":[24],"damage_taken":[{"damage":0.0,"enemies":"Small Slimes","floor":1.0,"turns":2.0},{"damage":0.0,"enemies":"2 Louse","floor":5.0,"turns":1.0},{"damage":0.0,"enemies":"Gremlin Nob","floor":6.0,"turns":1.0},{"damage":0.0,"enemies":"Jaw Worm","floor":7.0,"turns":1.0},{"damage":4.0,"enemies":"3 Sentries","floor":8.0,"turns":7.0},{"damage":0.0,"enemies":"Lots of Slimes","floor":10.0,"turns":2.0},{"damage":0.0,"enemies":"Looter","floor":14.0,"turns":1.0},{"damage":12.0,"enemies":"The Guardian","floor":16.0,"turns":6.0},{"damage":5.0,"enemies":"3 Byrds","floor":18.0,"turns":3.0},{"damage":0.0,"enemies":"2 Thieves","floor":19.0,"turns":1.0},{"damage":0,"enemies":"Snake Plant","floor":22,"turns":1},{"damage":0,"enemies":"Nightmare","floor":24,"turns":3},{"damage":0,"enemies":"Sentry and Sphere","floor":27,"turns":1},{"damage":0,"enemies":"Chosen and Byrds","floor":31,"turns":2}],"seed_played":"1556864372743097947","potions_obtained":[{"floor":8.0,"key":"Weak Potion"},{"floor":10.0,"key":"BlessingOfTheForge"},{"floor":19.0,"key":"FearPotion"},{"floor":24,"key":"Swift Potion"}],"is_trial":false,"path_per_floor":["M","?","?","T","M","E","M","E","T","M","?","R","$","M","R","B",null,"M","M","AVR","?","M","R","NM","$","T","M","?","?","R","M"],"character_chosen":"KINOMOTOSAKURA","items_purchased":["Smiling Mask","hubris:EvacipatedBox","hubris:FruitBowl","infinitespire:FocusingShard"],"campfire_rested":0,"item_purchase_floors":[25,25,25,25],"current_hp_per_floor":[77,70,70,70,70,70,70,66,66,66,66,66,66,66,66,54,77,72,72,72,72,72,72,72,9,9,9,9,1,1,1,1],"gold":268,"neow_bonus":"TEN_PERCENT_HP_BONUS","is_daily":false,"chose_seed":false,"campfire_upgraded":2,"win_rate":0.0,"timestamp":1611826805,"path_taken":["M","?","?","?","M","E","?","E","T","M","?","R","$","M","R","BOSS","M","M","AVR","?","?","R","NM","?","T","M","?","?","R","M"],"items_purchased_type":["Relic","Relic","Relic","Relic"],"build_version":"2020-12-22","purchased_purges":1,"victory":false,"max_hp_per_floor":[77,77,77,77,77,77,77,77,77,77,77,77,77,77,77,77,77,77,77,77,77,77,77,77,77,77,77,77,1,1,1,1],"relic_stats":{"Shovel":2,"counters":[14,32],"Bronze Scales":[33],"Whetstone":["ClowCardTheSword","ClowCardTheBubbles"],"Smiling Mask":0,"obtain_stats":[{"hubris:CrystalStatue":23,"DaveBox":0,"ice":0,"Whetstone":9,"Ancient Tea Set":8,"Smiling Mask":25,"hubris:EvacipatedBox":25,"Shovel":17,"hubris:Icosahedron":28,"KSMOD_SealedWand":0,"KSMOD_Compass":26,"KSMOD_SealedBook":0,"MoonlightInvasionPlan":0,"hubris:FruitBowl":25,"infinitespire:FocusingShard":25,"Calling Bell":17,"SynthV:TestCard":1,"hubris:BottledHeart":29,"Bronze Scales":17,"KSMOD_SwordJade":30,"hubris:TenFootPole":6,"infinitespire:EmpoweringShard":20,"Bottled Lightning":4,"GodSword5":17,"infinitespire:PuzzleCube":24,"REME_ComplimentaryCards":0},{"hubris:CrystalStatue":11,"DaveBox":0,"ice":0,"Whetstone":5,"Ancient Tea Set":5,"Smiling Mask":12,"hubris:EvacipatedBox":12,"Shovel":8,"hubris:Icosahedron":13,"KSMOD_SealedWand":0,"KSMOD_Compass":12,"KSMOD_SealedBook":0,"MoonlightInvasionPlan":0,"hubris:FruitBowl":12,"infinitespire:FocusingShard":12,"Calling Bell":8,"SynthV:TestCard":1,"hubris:BottledHeart":13,"Bronze Scales":8,"KSMOD_SwordJade":13,"hubris:TenFootPole":3,"infinitespire:EmpoweringShard":10,"Bottled Lightning":1,"GodSword5":8,"infinitespire:PuzzleCube":12,"REME_ComplimentaryCards":0},{"hubris:CrystalStatue":26,"DaveBox":0,"ice":0,"Whetstone":12,"Ancient Tea Set":12,"Smiling Mask":29,"hubris:EvacipatedBox":29,"Shovel":21,"hubris:Icosahedron":30,"KSMOD_SealedWand":0,"KSMOD_Compass":29,"KSMOD_SealedBook":0,"MoonlightInvasionPlan":0,"hubris:FruitBowl":29,"infinitespire:FocusingShard":29,"Calling Bell":21,"SynthV:TestCard":2,"hubris:BottledHeart":30,"Bronze Scales":21,"KSMOD_SwordJade":30,"hubris:TenFootPole":4,"infinitespire:EmpoweringShard":25,"Bottled Lightning":2,"GodSword5":21,"infinitespire:PuzzleCube":29,"REME_ComplimentaryCards":0}]},"card_choices":[{"not_picked":["ClowCardTheFly","ClowCardTheBubbles"],"picked":"ClowCardTheFlower","floor":1.0},{"not_picked":["ClowCardTheFly","ClowCardTheFlower"],"picked":"ClowCardTheBubbles","floor":1.0},{"not_picked":["ClowCardTheBubbles","ClowCardTheVoice","ClowCardTheDream","ClowCardTheSilent"],"picked":"ClowCardTheBig","floor":5.0},{"not_picked":["ClowCardTheFreeze","ClowCardTheCreate","ClowCardTheSleep","ClowCardTheMirror"],"picked":"ClowCardTheDream","floor":6.0},{"not_picked":["ClowCardTheStorm","ClowCardTheFly","ClowCardTheShadow","ClowCardTheArrow"],"picked":"ClowCardTheMist","floor":7.0},{"not_picked":["ClowCardTheBig","ClowCardTheSnow","ClowCardTheLibra","ClowCardTheLock","ClowCardTheMaze"],"picked":"SKIP","floor":8.0},{"not_picked":["ClowCardTheLibra","ClowCardTheRain","ClowCardTheIllusion","ClowCardTheVoice"],"picked":"ClowCardTheFight","floor":10.0},{"not_picked":["ClowCardTheSweet","ClowCardTheLittle","ClowCardTheJump","ClowCardTheMove"],"picked":"ClowCardTheDream","floor":14.0},{"not_picked":["ClowCardTheTwin","ClowCardTheFight","ClowCardTheDark","ClowCardTheThunder"],"picked":"ClowCardTheDash","floor":16.0},{"not_picked":["ClowCardTheSnow+1","ClowCardTheVoice","ClowCardTheSilent","ClowCardTheLoop"],"picked":"ClowCardTheLittle","floor":18.0},{"not_picked":["ClowCardTheFreeze","ClowCardTheSweet","ClowCardTheVoice","ClowCardTheShot+1","ClowCardTheWindy"],"picked":"SKIP","floor":19.0},{"not_picked":["ClowCardTheWindy","ClowCardTheMaze","ClowCardTheShadow+1","ClowCardTheMist"],"picked":"ClowCardTheIllusion","floor":22},{"not_picked":["ClowCardTheThrough","ClowCardTheMirror+1","ClowCardTheLoop","ClowCardTheVoice"],"picked":"ClowCardTheJump","floor":24},{"not_picked":["ClowCardTheVoice","ClowCardTheDream","ClowCardTheMirror","ClowCardTheShadow+1"],"picked":"ClowCardTheCloud","floor":27}],"player_experience":226130,"relics_obtained":[{"floor":1.0,"key":"SynthV:TestCard"},{"floor":4.0,"key":"Bottled Lightning"},{"floor":6.0,"key":"hubris:TenFootPole"},{"floor":8.0,"key":"Ancient Tea Set"},{"floor":9.0,"key":"Whetstone"},{"floor":17.0,"key":"Bronze Scales"},{"floor":17.0,"key":"GodSword5"},{"floor":17.0,"key":"Shovel"},{"floor":23,"key":"hubris:CrystalStatue"},{"floor":24,"key":"infinitespire:PuzzleCube"},{"floor":26,"key":"KSMOD_Compass"},{"floor":30,"key":"KSMOD_SwordJade"}],"event_choices":[{"cards_removed":["ClowCardTheSword"],"damage_healed":0.0,"max_hp_gain":0.0,"max_hp_loss":0.0,"gold_gain":0.0,"event_name":"Golden Wing","player_choice":"Card Removal","floor":2.0,"gold_loss":0.0,"damage_taken":7.0},{"cards_removed":["MostiFishMod:Neptune"],"damage_healed":0.0,"max_hp_gain":0.0,"max_hp_loss":0.0,"gold_gain":0.0,"event_name":"The Cleric","player_choice":"Card Removal","floor":11.0,"gold_loss":50.0,"damage_taken":0.0},{"damage_healed":0,"gold_gain":0,"player_choice":"Upgraded Two","damage_taken":0,"max_hp_gain":0,"max_hp_loss":0,"event_name":"Designer","floor":21,"gold_loss":40,"cards_upgraded":["ClowCardTheShield","ClowCardTheSword"]}],"is_beta":false,"boss_relics":[{"not_picked":["Cursed Key","Astrolabe"],"picked":"Calling Bell"}],"items_purged_floors":[13],"is_endless":true,"potions_floor_spawned":[8,10,19,24,27],"killed_by":"Chosen and Byrds","ascension_level":0}}