{"host":"y3h3n3f7seyagppx","time":1611860693,"event":{"mods":["AlwaysNeverKeys","BaseMod","Better Vampires","Colored Powertips","DeckTracker","Emptier Cage","Minty Spire (QoL Compilation)","Permanent Neow","Quick Restart","Rare Cards Sparkle","Relic Sorter","Relic Stats","StSLib","Transform Curses"],"gold_per_floor":[113,113,126,201,219,219,252,282,294,316,347,387,419,444,456,468,468],"floor_reached":16,"language":"ENG","playtime":30173,"items_purged":[],"score":232,"play_id":"42a34e2c-0792-4155-b0ee-b56eebfcebdd","local_time":"20210128140453","is_ascension_mode":true,"campfire_choices":[{"data":"Bash","floor":6,"key":"SMITH"},{"data":"Fire Breathing","floor":15,"key":"SMITH"}],"circlet_count":0,"master_deck":["AscendersBane","Strike_R","Strike_R","Strike_R","Strike_R","Defend_R","Defend_R","Defend_R","Defend_R","Bash+1","Anger","Fire Breathing+1","Twin Strike","Impervious","Flame Barrier","Power Through","Offering","Body Slam+1"],"relics":["Burning Blood","Peace Pipe","MawBank","Orichalcum","Molten Egg 2"],"acts_visited":["Exordium"],"potions_floor_usage":[7,11,12,12,13],"damage_taken":[{"damage":6,"enemies":"Jaw Worm","floor":1,"turns":6},{"damage":3,"enemies":"2 Louse","floor":3,"turns":3},{"damage":7,"enemies":"Cultist","floor":5,"turns":4},{"damage":20,"enemies":"3 Sentries","floor":7,"turns":6},{"damage":1,"enemies":"Looter","floor":8,"turns":4},{"damage":3,"enemies":"2 Fungi Beasts","floor":10,"turns":4},{"damage":4,"enemies":"Gremlin Gang","floor":11,"turns":5},{"damage":28,"enemies":"Lagavulin","floor":12,"turns":8},{"damage":10,"enemies":"Exordium Wildlife","floor":13,"turns":4},{"damage":7,"enemies":"Blue Slaver","floor":14,"turns":5},{"damage":42,"enemies":"Hexaghost","floor":16,"turns":9}],"seed_played":"-3770196454966229054","potions_obtained":[{"floor":1,"key":"Strength Potion"},{"floor":3,"key":"Energy Potion"},{"floor":7,"key":"EntropicBrew"},{"floor":12,"key":"Fire Potion"},{"floor":14,"key":"Regen Potion"}],"is_trial":false,"path_per_floor":["M","?","M","?","M","R","E","M","T","M","M","E","M","M","R","B"],"character_chosen":"IRONCLAD","items_purchased":[],"campfire_rested":0,"item_purchase_floors":[],"current_hp_per_floor":[68,68,68,57,56,56,42,47,47,50,52,43,39,38,38,0,0],"gold":468,"neow_bonus":"ONE_RARE_RELIC","is_daily":false,"chose_seed":false,"campfire_upgraded":2,"win_rate":0.0,"timestamp":1611860693,"path_taken":["M","?","M","?","M","R","E","M","T","M","M","E","M","M","R","BOSS"],"items_purchased_type":[],"build_version":"2020-12-22","purchased_purges":0,"victory":false,"max_hp_per_floor":[68,68,68,68,68,68,68,68,68,68,68,68,68,68,68,68,68],"relic_stats":{"Peace Pipe":0,"counters":[11,58],"Orichalcum":[84],"MawBank":108,"obtain_stats":[{"Peace Pipe":0,"Molten Egg 2":12,"Orichalcum":9,"MawBank":7,"Burning Blood":0},{"Peace Pipe":0,"Molten Egg 2":8,"Orichalcum":5,"MawBank":4,"Burning Blood":0},{"Peace Pipe":0,"Molten Egg 2":40,"Orichalcum":23,"MawBank":19,"Burning Blood":0}],"Burning Blood":57},"card_choices":[{"not_picked":["Dual Wield","Rage"],"picked":"Anger","floor":1},{"not_picked":["Wild Strike","Iron Wave"],"picked":"Twin Strike","floor":3},{"not_picked":["Cleave","Twin Strike"],"picked":"Impervious","floor":5},{"not_picked":["Twin Strike","Anger"],"picked":"Flame Barrier","floor":7},{"not_picked":["Second Wind","Flex","Sentinel"],"picked":"SKIP","floor":8},{"not_picked":["Pommel Strike","Blood for Blood","Reckless Charge"],"picked":"SKIP","floor":10},{"not_picked":["Clash","Thunderclap"],"picked":"Power Through","floor":11},{"not_picked":["Flex","Entrench","Wild Strike+1"],"picked":"SKIP","floor":12},{"not_picked":["Clothesline+1","Wild Strike+1"],"picked":"Offering","floor":13},{"not_picked":["Metallicize","Dark Embrace"],"picked":"Body Slam+1","floor":14}],"player_experience":21706392,"relics_obtained":[{"floor":7,"key":"MawBank"},{"floor":9,"key":"Orichalcum"},{"floor":12,"key":"Molten Egg 2"}],"event_choices":[{"damage_healed":0,"gold_gain":0,"cards_transformed":["Strike_R"],"player_choice":"Change","damage_taken":0,"max_hp_gain":0,"max_hp_loss":0,"event_name":"Living Wall","floor":2,"gold_loss":0,"cards_obtained":["Fire Breathing"]},{"damage_healed":0,"gold_gain":75,"player_choice":"Gather Gold","damage_taken":11,"max_hp_gain":0,"max_hp_loss":0,"event_name":"World of Goop","floor":4,"gold_loss":0}],"is_beta":false,"boss_relics":[],"items_purged_floors":[],"is_endless":false,"potions_floor_spawned":[1,3,7,8,12,14],"killed_by":"Hexaghost","ascension_level":20}}