{"host":"kydqlojjt9mno5rv","time":1611868378,"event":{"mods":["AchievementEnabler","BaseMod","Colored Powertips","Curses Come First","DeckTracker","Minty Spire (QoL Compilation)","Quick Restart","Replay The Spire","Shop Mod","Spicy Shops","StSLib","SuperFastMode","Synergy Search","Weighted Paths"],"gold_per_floor":[116,176,25,25,41,70,70,100,100,119,119,57,57,57,57,159,159,170,170,23,0,0,32,32,32,55,55,0,33,33,47,47,47,47],"floor_reached":33,"language":"ENG","playtime":1272,"items_purged":[],"score":341,"play_id":"3e4035a1-321f-454d-acc6-d03d1408d6f9","local_time":"20210128161258","is_ascension_mode":true,"campfire_choices":[{"data":"Clothesline","floor":7,"key":"SMITH"},{"floor":11,"key":"REST"},{"data":"ReplayTheSpireMod:Limb From Limb","floor":13,"key":"SMITH"},{"floor":15,"key":"REST"},{"floor":24,"key":"REST"},{"data":"Entrench","floor":27,"key":"SMITH"},{"data":"Seeing Red","floor":30,"key":"SMITH"},{"data":"Impervious","floor":32,"key":"SMITH"}],"circlet_count":0,"master_deck":["Strike_R","Strike_R","Strike_R","Defend_R","Defend_R","Defend_R","Defend_R","Bash+1","Clothesline","Decay","Clothesline+1","Seeing Red+1","Life Link","Clothesline","Pride","Impervious+1","Burning Pact","ReplayTheSpireMod:Limb From Limb+1","Run Through","Flex+1","Corruption","Entrench+1","Pummel","Dark Embrace","Abandon"],"relics":["Burning Blood","NeowsBlessing","ReplayTheSpireMod:CursedCoin","Replay:Kaleidoscope","Garlic","Replay:Rubber Ducky","Pear","Orrery","Busted Crown","Sling","Divine Protection","Ancient Tea Set","MutagenicStrength","Nunchaku","Replay:PocketPolymizer"],"acts_visited":["Exordium","TheCity"],"potions_floor_usage":[],"damage_taken":[{"damage":0,"enemies":"Jaw Worm","floor":1,"turns":1},{"damage":0,"enemies":"Small Slimes","floor":5,"turns":1},{"damage":0,"enemies":"Gremlin Nob","floor":6,"turns":1},{"damage":50,"enemies":"3 Sentries","floor":8,"turns":11},{"damage":5,"enemies":"Cultist","floor":10,"turns":4},{"damage":68,"enemies":"Fading Forest","floor":16,"turns":11},{"damage":21,"enemies":"Spheric Guardian","floor":18,"turns":4},{"damage":17,"enemies":"Replay:Snechameleon","floor":23,"turns":6},{"damage":0,"enemies":"2 Thieves","floor":28,"turns":4},{"damage":16,"enemies":"Book of Stabbing","floor":29,"turns":3},{"damage":4,"enemies":"Shelled Parasite and Fungi","floor":31,"turns":4},{"damage":87,"enemies":"Automaton","floor":33,"turns":6}],"seed_played":"7424941609216154293","potions_obtained":[{"floor":4,"key":"Fire Potion"},{"floor":4,"key":"SmokeBomb"},{"floor":4,"key":"Explosive Potion"},{"floor":18,"key":"BloodPotion"},{"floor":31,"key":"DuplicationPotion"}],"is_trial":false,"path_per_floor":["M","?","$","?","M","E","R","E","T","M","R","$","R","?","R","B",null,"M","?","$","?","T","E","R","?","T","R","M","E","R","M","R","B"],"character_chosen":"IRONCLAD","items_purchased":["ReplayTheSpireMod:CursedCoin","Replay:Kaleidoscope","Orrery","Sling"],"campfire_rested":3,"item_purchase_floors":[3,3,12,20],"current_hp_per_floor":[80,80,80,80,80,80,80,36,46,47,74,74,74,56,83,37,90,75,75,75,75,75,64,90,90,90,90,90,80,80,82,82,0,0],"gold":47,"neow_bonus":"THREE_ENEMY_KILL","is_daily":false,"chose_seed":false,"campfire_upgraded":5,"win_rate":0.0,"timestamp":1611868378,"path_taken":["M","?","$","?","?","E","R","E","T","M","R","?","R","?","R","BOSS","M","?","$","?","?","E","R","?","T","R","M","E","R","M","R","BOSS"],"items_purchased_type":["Relic","Relic","Relic","Relic"],"build_version":"2020-12-22","purchased_purges":0,"victory":false,"max_hp_per_floor":[80,80,80,80,80,80,80,80,90,90,90,90,90,90,90,90,90,90,90,90,90,90,90,90,90,90,90,90,90,90,90,90,90,90],"card_choices":[{"not_picked":["Anger","Massacre"],"picked":"Clothesline","floor":1},{"not_picked":["Run Through","Abandon"],"picked":"Clothesline","floor":5},{"not_picked":["Clothesline","ReplayTheSpireMod:LeadingStrike"],"picked":"Seeing Red","floor":6},{"not_picked":["Shrug It Off","Hemokinesis"],"picked":"Life Link","floor":8},{"not_picked":["Thunderclap","Iron Wave"],"picked":"Clothesline","floor":10},{"not_picked":["Sword Boomerang","Armaments"],"picked":"Impervious","floor":12},{"not_picked":["Perfected Strike","Thunderclap"],"picked":"Burning Pact","floor":12},{"not_picked":["Wild Strike","Pommel Strike"],"picked":"ReplayTheSpireMod:Limb From Limb","floor":12},{"not_picked":["Sword Boomerang","Clash"],"picked":"Run Through","floor":12},{"not_picked":["Brutality","Clothesline"],"picked":"Flex","floor":12},{"not_picked":["Berserk","Brutality"],"picked":"Corruption","floor":16},{"not_picked":["Abandon"],"picked":"SKIP","floor":18},{"not_picked":[],"picked":"Pummel","floor":23},{"not_picked":["Feel No Pain"],"picked":"SKIP","floor":28},{"not_picked":["Hemokinesis"],"picked":"SKIP","floor":29},{"not_picked":["Thunderclap"],"picked":"SKIP","floor":31}],"player_experience":151681,"relics_obtained":[{"floor":6,"key":"Garlic"},{"floor":8,"key":"Replay:Rubber Ducky"},{"floor":9,"key":"Pear"},{"floor":22,"key":"Divine Protection"},{"floor":23,"key":"Ancient Tea Set"},{"floor":26,"key":"Nunchaku"},{"floor":29,"key":"Replay:PocketPolymizer"}],"event_choices":[{"damage_healed":0,"gold_gain":60,"player_choice":"Gained Gold","damage_taken":0,"max_hp_gain":0,"max_hp_loss":0,"event_name":"Golden Wing","floor":2,"gold_loss":0},{"damage_healed":0,"gold_gain":0,"player_choice":"Got Potions","damage_taken":0,"max_hp_gain":0,"max_hp_loss":0,"event_name":"Lab","floor":4,"gold_loss":0},{"damage_healed":0,"gold_gain":0,"player_choice":"Entered Light","damage_taken":18,"max_hp_gain":0,"max_hp_loss":0,"event_name":"Shining Light","floor":14,"gold_loss":0,"cards_upgraded":["Flex","Bash"]},{"damage_healed":0,"gold_gain":0,"player_choice":"Read","damage_taken":0,"max_hp_gain":0,"max_hp_loss":0,"event_name":"The Library","floor":19,"gold_loss":0,"cards_obtained":["Entrench"]},{"damage_healed":0,"gold_gain":0,"player_choice":"Paid Fearfully","damage_taken":0,"max_hp_gain":0,"max_hp_loss":0,"event_name":"Masked Bandits","floor":21,"gold_loss":23},{"damage_healed":0,"gold_gain":0,"player_choice":"Inject Mutagens","damage_taken":0,"relics_obtained":["MutagenicStrength"],"max_hp_gain":0,"max_hp_loss":0,"event_name":"Drug Dealer","floor":25,"gold_loss":0}],"is_beta":false,"boss_relics":[{"not_picked":["Kintsugi","Empty Cage"],"picked":"Busted Crown"}],"items_purged_floors":[],"is_endless":false,"potions_floor_spawned":[10,18,31],"killed_by":"Automaton","ascension_level":2}}