{"host":"lnt5dzsuhru0aonl","time":1611830826,"event":{"mods":["2.2 Compatiblity","BaseMod","Colored Map","Colored Powertips","DeckTracker","Keyboard Shortcuts","Minty Spire (QoL Compilation)","Permanent Neow","Rare Cards Sparkle","StSLib","SuperFastMode","everything is the same but u backflip on backflip"],"gold_per_floor":[112,112,112,112,37,66,85,103,103,103,119,99,99,109,109,109,109],"floor_reached":16,"language":"KOR","playtime":507,"items_purged":["Strike_G"],"score":200,"play_id":"3bcf85b9-08ee-4faa-83c3-b0c9a3c23ddb","local_time":"20210128194706","is_ascension_mode":true,"campfire_choices":[{"data":"Calculated Gamble","floor":10,"key":"SMITH"},{"data":"Blade Dance","floor":13,"key":"SMITH"},{"data":"Leg Sweep","floor":15,"key":"SMITH"}],"circlet_count":0,"master_deck":["AscendersBane","Strike_G","Strike_G","Strike_G","Strike_G","Defend_G","Defend_G+1","Defend_G","Defend_G","Defend_G","Survivor+1","Neutralize","Deadly Poison+1","Leg Sweep+1","Flying Knee","Escape Plan","Calculated Gamble","Calculated Gamble+1","Blade Dance+1","Dagger Throw","PiercingWail","Quick Slash"],"relics":["Ring of the Snake","Bag of Marbles","Prayer Wheel","War Paint","Ginger"],"acts_visited":["Exordium"],"potions_floor_usage":[16],"damage_taken":[{"damage":11.0,"enemies":"Jaw Worm","floor":1.0,"turns":8.0},{"damage":26.0,"enemies":"3 Sentries","floor":6.0,"turns":13.0},{"damage":0,"enemies":"2 Louse","floor":7,"turns":3},{"damage":0,"enemies":"Cultist","floor":8,"turns":2},{"damage":1,"enemies":"3 Louse","floor":11,"turns":3},{"damage":0,"enemies":"Large Slime","floor":14,"turns":4},{"damage":66,"enemies":"Slime Boss","floor":16,"turns":11}],"seed_played":"3744014166408005269","potions_obtained":[{"floor":1.0,"key":"Swift Potion"},{"floor":7,"key":"FairyPotion"},{"floor":11,"key":"Weak Potion"},{"floor":14,"key":"Dexterity Potion"}],"is_trial":false,"path_per_floor":["M","?","?","?","$","E","M","M","T","R","M","?","R","M","R","B"],"character_chosen":"THE_SILENT","items_purchased":[],"campfire_rested":0,"item_purchase_floors":[],"current_hp_per_floor":[48,48,37,59,59,33,33,33,33,33,32,32,32,32,32,0,0],"gold":109,"neow_bonus":"RANDOM_COMMON_RELIC","is_daily":false,"chose_seed":false,"campfire_upgraded":3,"win_rate":0.0,"timestamp":1611830826,"path_taken":["M","?","?","?","$","E","?","M","T","R","M","?","R","?","R","BOSS"],"items_purchased_type":[],"build_version":"2020-12-22","purchased_purges":1,"victory":false,"max_hp_per_floor":[66,66,66,66,66,66,66,66,66,66,66,66,66,66,66,66,66],"card_choices":[{"not_picked":["Flechettes","Prepared"],"picked":"Deadly Poison","floor":1.0},{"not_picked":["Dagger Spray","PiercingWail"],"picked":"Leg Sweep","floor":6},{"not_picked":["Leg Sweep","Outmaneuver"],"picked":"Flying Knee","floor":7},{"not_picked":["All Out Attack","Poisoned Stab"],"picked":"Escape Plan","floor":7},{"not_picked":["Riddle With Holes","Acrobatics"],"picked":"Calculated Gamble","floor":8},{"not_picked":["Deflect","Sucker Punch"],"picked":"Calculated Gamble","floor":8},{"not_picked":["Escape Plan","Masterful Stab"],"picked":"Blade Dance","floor":11},{"not_picked":["Quick Slash","Slice"],"picked":"Dagger Throw","floor":11},{"not_picked":["Sucker Punch","Leg Sweep"],"picked":"PiercingWail","floor":14},{"not_picked":["Terror","Sucker Punch"],"picked":"Quick Slash","floor":14}],"player_experience":779713,"relics_obtained":[{"floor":6,"key":"War Paint"},{"floor":9,"key":"Ginger"}],"event_choices":[{"damage_healed":0.0,"max_hp_gain":0.0,"max_hp_loss":0.0,"gold_gain":0.0,"event_name":"Living Wall","player_choice":"Grow","floor":2.0,"gold_loss":0.0,"damage_taken":0.0,"cards_upgraded":["Deadly Poison"]},{"damage_healed":0.0,"max_hp_gain":0.0,"max_hp_loss":0.0,"gold_gain":0.0,"event_name":"Scrap Ooze","player_choice":"Success","floor":3.0,"gold_loss":0.0,"damage_taken":11.0,"relics_obtained":["Prayer Wheel"]},{"damage_healed":22.0,"max_hp_gain":0.0,"max_hp_loss":0.0,"gold_gain":0.0,"event_name":"Big Fish","player_choice":"Banana","floor":4.0,"gold_loss":0.0,"damage_taken":0.0},{"damage_healed":0,"gold_gain":0,"player_choice":"Bought 1 Potion","damage_taken":0,"max_hp_gain":0,"max_hp_loss":0,"event_name":"The Woman in Blue","floor":12,"gold_loss":0}],"is_beta":false,"boss_relics":[],"items_purged_floors":[5],"is_endless":false,"potions_floor_spawned":[1,7,11,14],"killed_by":"Slime Boss","ascension_level":20}}