{"host":"kkntor5wdjky96yl","time":1611854963,"event":{"mods":["AchievementEnabler","BaseMod","Colored Map","KOR Keyword Fix","Minty Spire (QoL Compilation)","Shop Mod","StSLib","SuperFastMode","Swap Starting Deck Mod"],"gold_per_floor":[113,132,144,144,164,194,194,207,207,241,241,316,335,352,352,456,456,476,36,111,125,50,50,77,93,93,118,137,163,78,97,97,202,202,215,230,248,267,283,283,36,364,410,458,458,476,94,105,105,105],"floor_reached":51,"language":"KOR","playtime":2084,"items_purged":["All Out Attack"],"score":1513,"play_id":"2ee9fbd7-eba0-41f2-8273-61f843c9d336","local_time":"20210129022923","is_ascension_mode":true,"campfire_choices":[{"data":"Tactician","floor":7.0,"key":"SMITH"},{"data":"Phantasmal Killer","floor":11,"key":"SMITH"},{"data":"Prepared","floor":15,"key":"SMITH"},{"data":"Tactician","floor":23,"key":"SMITH"},{"data":"Adrenaline","floor":32,"key":"SMITH"},{"data":"Adrenaline","floor":40,"key":"SMITH"},{"data":"Tactician","floor":49,"key":"SMITH"}],"circlet_count":0,"master_deck":["Underhanded Strike","Underhanded Strike","Underhanded Strike","Eviscerate","Acrobatics","Backflip+1","Backflip","Backflip+1","Prepared+1","Blur","Tactician+1","Eviscerate","Phantasmal Killer+1","Unload","Tactician+1","Acrobatics","Adrenaline+1","Prepared","Adrenaline+1","Adrenaline","Underhanded Strike","Backflip+1","Eviscerate+1","Finisher","Dagger Throw+1","Tactician+1","Acrobatics"],"relics":["swapstartingdeckmod:Bellows","Turnip","Bronze Scales","Sozu","MerchantsRug","Pen Nib","Sundial","The Courier","Kunai","Meat on the Bone","Centennial Puzzle","Runic Pyramid","Bag of Preparation","Bird Faced Urn","Vajra","Lizard Tail"],"acts_visited":["Exordium","TheCity","TheBeyond"],"potions_floor_usage":[],"damage_taken":[{"damage":0.0,"enemies":"Cultist","floor":1.0,"turns":1.0},{"damage":0.0,"enemies":"Jaw Worm","floor":2.0,"turns":1.0},{"damage":0.0,"enemies":"Small Slimes","floor":3.0,"turns":1.0},{"damage":0.0,"enemies":"Blue Slaver","floor":5.0,"turns":1.0},{"damage":0.0,"enemies":"Gremlin Nob","floor":6.0,"turns":2.0},{"damage":10,"enemies":"Gremlin Gang","floor":8,"turns":2},{"damage":0,"enemies":"3 Sentries","floor":10,"turns":2},{"damage":7,"enemies":"3 Louse","floor":13,"turns":2},{"damage":0,"enemies":"Exordium Wildlife","floor":14,"turns":1},{"damage":0,"enemies":"Slime Boss","floor":16,"turns":3},{"damage":0,"enemies":"Spheric Guardian","floor":18,"turns":1},{"damage":0,"enemies":"2 Thieves","floor":21,"turns":2},{"damage":14,"enemies":"Book of Stabbing","floor":24,"turns":3},{"damage":0,"enemies":"Snecko","floor":25,"turns":2},{"damage":3,"enemies":"Gremlin Leader","floor":27,"turns":2},{"damage":0,"enemies":"Centurion and Healer","floor":28,"turns":1},{"damage":0,"enemies":"Slavers","floor":29,"turns":2},{"damage":0,"enemies":"Snake Plant","floor":31,"turns":2},{"damage":0,"enemies":"Collector","floor":33,"turns":3},{"damage":0,"enemies":"3 Darklings","floor":35,"turns":1},{"damage":0,"enemies":"Orb Walker","floor":36,"turns":1},{"damage":0,"enemies":"Sphere and 2 Shapes","floor":37,"turns":2},{"damage":0,"enemies":"Spire Growth","floor":38,"turns":2},{"damage":0,"enemies":"3 Darklings","floor":39,"turns":1},{"damage":0,"enemies":"Giant Head","floor":42,"turns":2},{"damage":0,"enemies":"2 Orb Walkers","floor":44,"turns":1},{"damage":0,"enemies":"4 Shapes","floor":46,"turns":1},{"damage":0,"enemies":"Spire Growth","floor":48,"turns":1},{"damage":0,"enemies":"Awakened One","floor":50,"turns":3}],"seed_played":"-3724103610570252096","potions_obtained":[{"floor":1.0,"key":"GhostInAJar"},{"floor":5.0,"key":"Swift Potion"},{"floor":13,"key":"Block Potion"},{"floor":16,"key":"CunningPotion"}],"is_trial":false,"path_per_floor":["M","M","M","?","M","E","R","M","T","E","R","?","M","M","R","B",null,"M","$","?","M","?","R","E","M","T","E","M","E","?","M","R","B",null,"M","M","M","M","M","R","$","E","T","?","?","M","$","M","R","B",null],"character_chosen":"THE_SILENT","items_purchased":["MerchantsRug","Pen Nib","Sundial","Lee\u0027s Waffle","Bag of Preparation","Tactician","Vajra","Lizard Tail"],"campfire_rested":0,"item_purchase_floors":[19,19,19,41,41,47,47,47],"current_hp_per_floor":[63,63,63,68,68,68,68,58,58,58,58,47,40,40,40,40,66,66,66,59,59,59,59,45,45,45,42,42,42,42,42,42,42,67,67,67,67,67,67,67,82,82,82,82,82,82,82,82,82,82],"gold":105,"neow_bonus":"","is_daily":false,"chose_seed":false,"campfire_upgraded":7,"win_rate":0.0,"timestamp":1611854963,"path_taken":["M","M","?","?","M","E","R","M","T","E","R","?","M","M","R","BOSS","M","$","?","?","?","R","E","M","T","E","M","E","?","M","R","BOSS","M","M","M","M","M","R","$","E","T","?","?","M","?","?","R","BOSS"],"items_purchased_type":["Relic","Relic","Relic","Relic","Relic","Card","Relic","Relic"],"build_version":"2020-12-22","purchased_purges":1,"victory":true,"max_hp_per_floor":[70,70,70,75,75,75,75,75,75,75,75,75,75,75,75,75,75,75,75,75,75,75,75,75,75,75,75,75,75,75,75,75,75,75,75,75,75,75,75,75,82,82,82,82,82,82,82,82,82,82],"card_choices":[{"not_picked":["Deflect","Backflip"],"picked":"All Out Attack","floor":1.0},{"not_picked":["Outmaneuver","Deadly Poison"],"picked":"Blur","floor":2.0},{"not_picked":["Bane","Deadly Poison"],"picked":"Tactician","floor":3.0},{"not_picked":["Cloak And Dagger","Blade Dance","Backflip"],"picked":"SKIP","floor":5.0},{"not_picked":["Flying Knee","All Out Attack"],"picked":"Eviscerate","floor":6.0},{"not_picked":["Caltrops","Dagger Spray","Outmaneuver"],"picked":"SKIP","floor":8},{"not_picked":["Riddle With Holes","Escape Plan","Poisoned Stab"],"picked":"Phantasmal Killer","floor":10},{"not_picked":["Dodge and Roll","Acrobatics","Leg Sweep","Deadly Poison"],"picked":"SKIP","floor":13},{"not_picked":["PiercingWail","Bane","Quick Slash","Riddle With Holes"],"picked":"SKIP","floor":14},{"not_picked":["Envenom","A Thousand Cuts","Glass Knife"],"picked":"Unload","floor":16},{"not_picked":["Quick Slash","Backflip","Outmaneuver"],"picked":"Tactician","floor":18},{"not_picked":["Poisoned Stab+1","Slice+1","Flying Knee","Choke"],"picked":"SKIP","floor":21},{"not_picked":["Blade Dance","Footwork+1","Noxious Fumes"],"picked":"Acrobatics","floor":24},{"not_picked":["Well Laid Plans","Bane","Deadly Poison","Dagger Spray+1"],"picked":"SKIP","floor":25},{"not_picked":["Cloak And Dagger","Skewer","Deadly Poison"],"picked":"Adrenaline","floor":27},{"not_picked":["Outmaneuver","Escape Plan+1","All Out Attack+1"],"picked":"Prepared","floor":28},{"not_picked":["Setup","Underhanded Strike","Riddle With Holes"],"picked":"Adrenaline","floor":29},{"not_picked":["Deflect","PiercingWail+1","Slice","Heel Hook"],"picked":"SKIP","floor":31},{"not_picked":["Phantasmal Killer","Doppelganger","Envenom"],"picked":"Adrenaline","floor":33},{"not_picked":["Quick Slash+1","Leg Sweep","Dagger Throw"],"picked":"Underhanded Strike","floor":35},{"not_picked":["Cloak And Dagger+1","PiercingWail+1","Bane+1"],"picked":"Backflip+1","floor":36},{"not_picked":["Flying Knee+1","Backstab+1","Sucker Punch+1","Flechettes"],"picked":"SKIP","floor":37},{"not_picked":["Dagger Spray","Noxious Fumes","Prepared+1"],"picked":"Eviscerate+1","floor":38},{"not_picked":["Bane","Bullet Time","Noxious Fumes","Caltrops"],"picked":"SKIP","floor":39},{"not_picked":["Deadly Poison","Skewer","Deflect","PiercingWail"],"picked":"SKIP","floor":42},{"not_picked":["Outmaneuver+1","Slice+1","Bane+1"],"picked":"Finisher","floor":44},{"not_picked":["Quick Slash","Cloak And Dagger","Catalyst"],"picked":"Dagger Throw+1","floor":46},{"not_picked":["Backstab","Accuracy+1"],"picked":"Acrobatics","floor":48}],"player_experience":114180,"relics_obtained":[{"floor":6.0,"key":"Turnip"},{"floor":9,"key":"Question Card"},{"floor":10,"key":"Bronze Scales"},{"floor":24,"key":"The Courier"},{"floor":26,"key":"Kunai"},{"floor":27,"key":"Meat on the Bone"},{"floor":29,"key":"War Paint"},{"floor":42,"key":"Old Coin"},{"floor":44,"key":"Bird Faced Urn"}],"event_choices":[{"damage_healed":0.0,"max_hp_gain":5.0,"max_hp_loss":0.0,"gold_gain":0.0,"event_name":"Big Fish","player_choice":"Donut","floor":4.0,"gold_loss":0.0,"damage_taken":0.0},{"damage_healed":0,"gold_gain":75,"player_choice":"Gather Gold","damage_taken":11,"max_hp_gain":0,"max_hp_loss":0,"event_name":"World of Goop","floor":12,"gold_loss":0},{"damage_healed":0,"gold_gain":75,"player_choice":"Touch","damage_taken":7,"max_hp_gain":0,"max_hp_loss":0,"event_name":"FaceTrader","floor":20,"gold_loss":0},{"cards_removed":["Backflip"],"damage_healed":0,"gold_gain":0,"player_choice":"Gave Gold","damage_taken":0,"max_hp_gain":0,"max_hp_loss":0,"event_name":"Beggar","floor":22,"gold_loss":75},{"damage_healed":0,"gold_gain":0,"player_choice":"Obtained Relic","damage_taken":0,"relics_obtained":["Centennial Puzzle"],"max_hp_gain":0,"max_hp_loss":0,"event_name":"Addict","floor":30,"gold_loss":85},{"damage_healed":0,"gold_gain":0,"player_choice":"Fight","damage_taken":0,"max_hp_gain":0,"max_hp_loss":0,"event_name":"Mysterious Sphere","floor":44,"gold_loss":0},{"damage_healed":0,"gold_gain":0,"player_choice":"Ignored","damage_taken":0,"max_hp_gain":0,"max_hp_loss":0,"event_name":"Tomb of Lord Red Mask","floor":45,"gold_loss":0}],"is_beta":false,"boss_relics":[{"not_picked":["SlaversCollar","Cursed Key"],"picked":"Sozu"},{"not_picked":["Pandora\u0027s Box","Runic Dome"],"picked":"Runic Pyramid"}],"items_purged_floors":[47],"is_endless":false,"potions_floor_spawned":[1,5,13,16,24,25,31,33,36,38,39,44,48],"ascension_level":7}}