{"host":"jrmqsbok61y7b34d","time":1611796181,"event":{"mods":["BaseMod","Better Skull","Colored Map","Colored Powertips","Downfall","Emptier Cage","Minty Spire (QoL Compilation)","Permanent Neow","Quick Restart","Relic Stats","StSLib","Unceasing Turn Reminder"],"gold_per_floor":[99,109,109,125,135,147,147,180,207,207,207,207,248,267,290,393,393,293,313,313,421,440,458,485,251,251,272,308,308,334,70,105,214,214,114,131,167,185,197,222,248,268,302,324,324,207,207,225,242,242,242,242],"floor_reached":50,"language":"ENG","playtime":16903,"items_purged":["hexamod:Strike","hexamod:Defend","hexamod:Defend","hexamod:Defend+1"],"score":684,"play_id":"5f4add4e-40f7-445f-8d65-e3d0689a4ec7","local_time":"20210128010941","is_ascension_mode":true,"campfire_choices":[{"data":"hexamod:Sear","floor":1.0,"key":"SMITH"},{"data":"hexamod:GhostflameBarrier","floor":10.0,"key":"SMITH"},{"data":"hexamod:Incineration","floor":12.0,"key":"SMITH"},{"data":"hexamod:TimeWarp","floor":18.0,"key":"SMITH"},{"data":"hexamod:Float","floor":26.0,"key":"SMITH"},{"floor":29,"key":"RECALL"},{"data":"expansioncontent:StudyTheSpire","floor":35,"key":"SMITH"},{"data":"hexamod:VolcanoVisage","floor":47,"key":"SMITH"}],"circlet_count":0,"master_deck":["hexamod:Strike+1","hexamod:Defend+1","hexamod:Sear+1","hexamod:Float+1","hexamod:UnlimitedPower+1","hexamod:StepThrough+1","hexamod:Incineration+1","hexamod:SpectersWail+1","hexamod:GhostflameBarrier+1","hexamod:TimeWarp+1","hexamod:PhantomCloak+1","hexamod:HeatShield+1","hexamod:EmpoweredFlame+1","hexamod:DynamicBlow+1","hexamod:SpectralAdrenaline+1","hexamod:HeatMetal+1","hexamod:ExtraCrispy+1","hexamod:AdvancingGuard+1","expansioncontent:StudyTheSpire+1","hexamod:Incineration+1","hexamod:TurnItUp+1","hexamod:ThermalTransfer+1","expansioncontent:QuickStudy+1","hexamod:HeatShield","hexamod:EmpoweredFlame+1","hexamod:VolcanoVisage+1","hexamod:ExtraCrispy","hexamod:Hexaguard","hexamod:HeatCrush","hexamod:ThermalTransfer"],"relics":["hexamod:SpiritBrand","PreservedInsect","Pear","Nunchaku","Velvet Choker","downfall:HeartBlessingGreen","Mango","Bottled Lightning","Orichalcum","Lee\u0027s Waffle","Ornamental Fan","CeramicFish","Membership Card","hexamod:TheBrokenSeal","Sozu","downfall:HeartBlessingRed","Whetstone","War Paint","Happy Flower","Blood Vial"],"acts_visited":["Exordium","TheCity","TheBeyond"],"potions_floor_usage":[28,28,28,31,50,50],"damage_taken":[{"damage":1.0,"enemies":"Jaw Worm","floor":2.0,"turns":3.0},{"damage":1.0,"enemies":"Small Slimes","floor":4.0,"turns":4.0},{"damage":0.0,"enemies":"Cultist","floor":5.0,"turns":3.0},{"damage":4.0,"enemies":"3 Louse","floor":6.0,"turns":3.0},{"damage":9.0,"enemies":"Gremlin Nob","floor":8.0,"turns":3.0},{"damage":3.0,"enemies":"Red Slaver","floor":9.0,"turns":3.0},{"damage":8.0,"enemies":"3 Sentries","floor":13.0,"turns":3.0},{"damage":0.0,"enemies":"Lots of Slimes","floor":14.0,"turns":2.0},{"damage":1.0,"enemies":"2 Fungi Beasts","floor":15.0,"turns":3.0},{"damage":25.0,"enemies":"SI_SHIV_ARCHETYPE","floor":16.0,"turns":9.0},{"damage":0.0,"enemies":"Spheric Guardian","floor":19.0,"turns":3.0},{"damage":6.0,"enemies":"Colosseum Nobs","floor":21.0,"turns":5.0},{"damage":5.0,"enemies":"Centurion and Healer","floor":22.0,"turns":9.0},{"damage":25.0,"enemies":"Shelled Parasite and Fungi","floor":23.0,"turns":7.0},{"damage":4.0,"enemies":"downfall:FleeingMerchant","floor":25.0,"turns":4.0},{"damage":15.0,"enemies":"Cultist and Chosen","floor":27.0,"turns":6.0},{"damage":21,"enemies":"Gremlin Leader","floor":28,"turns":5},{"damage":30,"enemies":"Slavers","floor":30,"turns":4},{"damage":0,"enemies":"downfall:FleeingMerchant","floor":31,"turns":4},{"damage":18,"enemies":"Snake Plant","floor":32,"turns":5},{"damage":11,"enemies":"DF_ARCHETYPE_CLAW","floor":33,"turns":8},{"damage":5,"enemies":"3 Shapes","floor":36,"turns":5},{"damage":0,"enemies":"downfall:FleeingMerchant","floor":37,"turns":2},{"damage":0,"enemies":"Orb Walker","floor":38,"turns":4},{"damage":10,"enemies":"Spire Growth","floor":39,"turns":4},{"damage":0,"enemies":"Sphere and 2 Shapes","floor":40,"turns":3},{"damage":0,"enemies":"Transient","floor":42,"turns":5},{"damage":0,"enemies":"Giant Head","floor":43,"turns":5},{"damage":8,"enemies":"Spire Growth","floor":44,"turns":4},{"damage":0,"enemies":"Maw","floor":48,"turns":6},{"damage":1,"enemies":"Transient","floor":49,"turns":5},{"damage":107,"enemies":"IC_BLOCK_ARCHETYPE","floor":50,"turns":7}],"seed_played":"-2172701373618954602","potions_obtained":[{"floor":2.0,"key":"SteroidPotion"},{"floor":5.0,"key":"Fruit Juice"},{"floor":9.0,"key":"Weak Potion"},{"floor":15.0,"key":"Swift Potion"},{"floor":21.0,"key":"AttackPotion"},{"floor":23.0,"key":"DistilledChaos"},{"floor":25.0,"key":"Regen Potion"},{"floor":27.0,"key":"hexamod:SoulburnPotion"},{"floor":28,"key":"SkillPotion"},{"floor":31,"key":"hexamod:EctoCoolerPotion"},{"floor":32,"key":"hexamod:InfernoChargePotion"},{"floor":32,"key":"FearPotion"},{"floor":33,"key":"champ:CounterPotion"}],"is_trial":false,"path_per_floor":["R","M","?","M","M","M","T","E","M","R","?","R","E","M","M","B",null,"R","M","?","?","M","M","T","$","R","M","E","R","E","$","M","B",null,"R","M","$","M","M","M","T","M","E","M","?","$","R","M","M","B"],"character_chosen":"THE_SPIRIT","items_purchased":["Lee\u0027s Waffle","Membership Card","expansioncontent:StudyTheSpire","expansioncontent:QuickStudy","Whetstone","War Paint","hexamod:Hexaguard","hexamod:HeatCrush","hexamod:ThermalTransfer"],"campfire_rested":0,"item_purchase_floors":[25,31,31,37,37,37,46,46,46],"current_hp_per_floor":[70,69,74,73,73,69,69,70,67,67,67,67,59,59,58,38,90,90,90,90,104,104,86,86,111,111,103,102,102,79,79,121,110,121,121,116,116,116,106,106,106,106,106,100,100,100,100,102,103,0,0,0],"gold":242,"neow_bonus":"ONE_RANDOM_RARE_CARD","is_daily":false,"chose_seed":false,"campfire_upgraded":7,"win_rate":0.0,"timestamp":1611796181,"path_taken":["R","M","?","M","M","M","T","E","M","R","?","R","E","M","M","BOSS","R","M","?","?","M","M","T","$","R","M","E","R","E","?","M","BOSS","R","M","$","M","M","M","T","M","E","?","?","$","R","M","M","BOSS"],"items_purchased_type":["Relic","Relic","Card","Card","Relic","Relic","Card","Card","Card"],"build_version":"2020-12-22","purchased_purges":4,"victory":false,"max_hp_per_floor":[70,70,75,75,75,75,75,85,85,85,85,85,85,85,85,90,90,90,90,90,104,104,104,104,111,111,111,111,111,111,111,121,121,121,121,121,121,121,121,121,121,121,121,121,121,121,121,121,121,121,121,121],"relic_stats":{"Lee\u0027s Waffle":22,"Happy Flower":[10],"counters":[32,146],"CeramicFish":126,"PreservedInsect":405,"Whetstone":["hexamod:Incineration","hexamod:StepThrough"],"Orichalcum":[90],"War Paint":["expansioncontent:QuickStudy","hexamod:TurnItUp"],"Sozu":4,"Blood Vial":8,"Nunchaku":[18],"Ornamental Fan":[64],"obtain_stats":[{"Lee\u0027s Waffle":25,"Pear":8,"downfall:HeartBlessingRed":35,"Happy Flower":41,"CeramicFish":30,"Velvet Choker":17,"hexamod:TheBrokenSeal":32,"downfall:HeartBlessingGreen":18,"Mango":21,"PreservedInsect":7,"Whetstone":37,"Orichalcum":24,"War Paint":37,"Sozu":34,"Blood Vial":43,"Nunchaku":13,"Ornamental Fan":28,"Bottled Lightning":21,"Membership Card":31,"hexamod:SpiritBrand":0},{"Lee\u0027s Waffle":15,"Pear":5,"downfall:HeartBlessingRed":21,"Happy Flower":26,"CeramicFish":18,"Velvet Choker":10,"hexamod:TheBrokenSeal":20,"downfall:HeartBlessingGreen":10,"Mango":12,"PreservedInsect":4,"Whetstone":23,"Orichalcum":14,"War Paint":23,"Sozu":21,"Blood Vial":28,"Nunchaku":7,"Ornamental Fan":17,"Bottled Lightning":12,"Membership Card":19,"hexamod:SpiritBrand":0},{"Lee\u0027s Waffle":64,"Pear":16,"downfall:HeartBlessingRed":96,"Happy Flower":114,"CeramicFish":79,"Velvet Choker":36,"hexamod:TheBrokenSeal":88,"downfall:HeartBlessingGreen":36,"Mango":44,"PreservedInsect":13,"Whetstone":103,"Orichalcum":60,"War Paint":103,"Sozu":96,"Blood Vial":124,"Nunchaku":22,"Ornamental Fan":75,"Bottled Lightning":44,"Membership Card":83,"hexamod:SpiritBrand":0}]},"card_choices":[{"not_picked":["hexamod:ExtraCrispy","hexamod:ThermalTransfer"],"picked":"hexamod:StepThrough","floor":2.0},{"not_picked":["hexamod:RadiantFlame","hexamod:Firestarter"],"picked":"hexamod:Incineration","floor":4.0},{"not_picked":["hexamod:FastForward","hexamod:AdvancingGuard"],"picked":"hexamod:SpectersWail","floor":5.0},{"not_picked":["hexamod:RadiantFlame","hexamod:HeatMetal"],"picked":"hexamod:SecondSeal","floor":6.0},{"not_picked":["hexamod:BacktrackSmack","hexamod:HauntingEcho"],"picked":"hexamod:GhostflameBarrier","floor":8.0},{"not_picked":["hexamod:Rewind","hexamod:Firestarter","hexamod:GhostLash"],"picked":"SKIP","floor":9.0},{"not_picked":["hexamod:Haunt","hexamod:Firestarter","hexamod:AdvancingGuard"],"picked":"SKIP","floor":13.0},{"not_picked":["hexamod:BurningTouch","hexamod:SwordOfDarkness","hexamod:Rewind"],"picked":"SKIP","floor":14.0},{"not_picked":["hexamod:PowerFromBeyond","hexamod:NightmareGuise"],"picked":"hexamod:FifthSeal","floor":15.0},{"not_picked":["hexamod:FourthSeal","hexamod:FirstSeal"],"picked":"hexamod:SixthSeal","floor":16.0},{"not_picked":["hexamod:TimeOfNeed","hexamod:UnlimitedPower"],"picked":"hexamod:TimeWarp","floor":16.0},{"not_picked":["hexamod:ThirdSeal","hexamod:SixthSeal"],"picked":"hexamod:FirstSeal","floor":19.0},{"not_picked":["hexamod:SpectersWail","hexamod:GhostLash+1"],"picked":"hexamod:PhantomCloak+1","floor":19.0},{"not_picked":["hexamod:InspiringFlames","hexamod:NightmareGuise+1"],"picked":"hexamod:HeatShield","floor":21.0},{"not_picked":["hexamod:ThirdSeal","hexamod:GhostShield+1"],"picked":"hexamod:EmpoweredFlame+1","floor":22.0},{"not_picked":["hexamod:GhostLash","hexamod:ShieldOfDarkness"],"picked":"hexamod:DynamicBlow","floor":23.0},{"not_picked":["hexamod:FirstSeal","hexamod:ThirdSeal"],"picked":"hexamod:FourthSeal","floor":23.0},{"not_picked":["hexamod:SoulSteal","hexamod:BacktrackSmack"],"picked":"hexamod:SpectralAdrenaline+1","floor":25.0},{"not_picked":["hexamod:SixthSeal","hexamod:FirstSeal"],"picked":"hexamod:ThirdSeal","floor":27.0},{"not_picked":["hexamod:GhostOfSpireFuture","hexamod:FlamesFromBeyond"],"picked":"hexamod:HeatMetal+1","floor":27.0},{"not_picked":["hexamod:FourthSeal","hexamod:SwordOfDarkness+1","hexamod:AdvancingGuard"],"picked":"SKIP","floor":28},{"not_picked":["hexamod:GhostOfSpirePast","hexamod:FifthSeal","hexamod:SkipABeat"],"picked":"SKIP","floor":28},{"not_picked":["hexamod:ChargedBarrage","hexamod:SpectersWail","hexamod:Rewind"],"picked":"SKIP","floor":30},{"not_picked":["hexamod:GhostShield","hexamod:NecessarySacrifice","hexamod:HauntingEcho+1"],"picked":"SKIP","floor":30},{"not_picked":["hexamod:ShieldOfDarkness","hexamod:HeatCrush"],"picked":"hexamod:ExtraCrispy+1","floor":31},{"not_picked":["hexamod:FlamesFromBeyond","hexamod:PhantomCloak"],"picked":"hexamod:AdvancingGuard+1","floor":31},{"not_picked":["hexamod:GhostLash+1","hexamod:RadiantFlame"],"picked":"hexamod:Incineration","floor":32},{"not_picked":["hexamod:GiftsFromTheDead","hexamod:UnleashSpirits"],"picked":"hexamod:TurnItUp","floor":33},{"not_picked":["hexamod:FourthSeal","hexamod:SpectralAdrenaline+1","hexamod:InspiringFlames"],"picked":"SKIP","floor":36},{"not_picked":["hexamod:Hexaguard","hexamod:GhostLash+1"],"picked":"hexamod:ThermalTransfer+1","floor":37},{"not_picked":["hexamod:FlamesFromBeyond","hexamod:NightmareGuise","hexamod:ThirdSeal"],"picked":"SKIP","floor":38},{"not_picked":["hexamod:ShieldOfDarkness","hexamod:Firestarter+1","hexamod:FastForward"],"picked":"SKIP","floor":39},{"not_picked":["hexamod:SoulSteal+1","hexamod:HauntingEcho"],"picked":"hexamod:HeatShield","floor":40},{"not_picked":["hexamod:InspiringFlames","hexamod:FourthSeal"],"picked":"hexamod:EmpoweredFlame+1","floor":42},{"not_picked":["hexamod:HeatMetal+1","hexamod:AdvancingGuard+1"],"picked":"hexamod:VolcanoVisage","floor":43},{"not_picked":["hexamod:SwordOfDarkness+1","hexamod:Rewind+1"],"picked":"hexamod:ExtraCrispy","floor":44},{"not_picked":["hexamod:PhantomCloak","hexamod:HeatMetal","hexamod:HauntingEcho"],"picked":"SKIP","floor":48},{"not_picked":["hexamod:PhantomCloak","hexamod:HeatMetal","hexamod:HauntingEcho"],"picked":"SKIP","floor":48},{"not_picked":["hexamod:RainOfEmbers+1","hexamod:GhostOfSpirePresent","hexamod:AdvancingGuard"],"picked":"SKIP","floor":49}],"player_experience":1145734,"relics_obtained":[{"floor":7.0,"key":"PreservedInsect"},{"floor":8.0,"key":"Pear"},{"floor":13.0,"key":"Nunchaku"},{"floor":21.0,"key":"Mango"},{"floor":21.0,"key":"Bottled Lightning"},{"floor":24.0,"key":"Orichalcum"},{"floor":28,"key":"Ornamental Fan"},{"floor":30,"key":"CeramicFish"},{"floor":41,"key":"Happy Flower"},{"floor":43,"key":"Blood Vial"}],"event_choices":[{"damage_healed":0.0,"max_hp_gain":5.0,"max_hp_loss":0.0,"gold_gain":0.0,"event_name":"Big Fish","player_choice":"Donut","floor":3.0,"gold_loss":0.0,"damage_taken":0.0}],"is_beta":false,"boss_relics":[{"not_picked":["hexamod:IceCube","Snecko Eye"],"picked":"Velvet Choker"},{"not_picked":["Runic Dome","Astrolabe"],"picked":"Sozu"}],"items_purged_floors":[25,31,37,46],"is_endless":false,"potions_floor_spawned":[2,5,9,15,21,23,27,32,33,38,39,44,48,49],"killed_by":"IC_BLOCK_ARCHETYPE","ascension_level":1}}