{"host":"c2vrdknshfutmcsq","time":1611843265,"event":{"mods":["BaseMod","Minty Spire (QoL Compilation)"],"gold_per_floor":[110,127,277,88,163,193,193,118,118,149,149,160,160,160,160,256,256,275,275,300,300,300,300],"floor_reached":22,"language":"ENG","playtime":921,"items_purged":["Doubt"],"score":409,"play_id":"41968f6a-8cdc-4eda-9a4a-274162800130","local_time":"20210128151425","is_ascension_mode":true,"campfire_choices":[{"data":"Zap","floor":7.0,"key":"SMITH"},{"data":"1","floor":11.0,"key":"LIFT"},{"data":"2","floor":15.0,"key":"LIFT"}],"circlet_count":0,"master_deck":["AscendersBane","Strike_B","Strike_B","Strike_B","Defend_B","Defend_B","Defend_B","Defend_B","Zap+1","Conserve Battery","Reboot","Sweeping Beam","Undo","Rip and Tear","Biased Cognition","Sweeping Beam","Tempest","Seek","Conserve Battery","Necronomicurse","Streamline"],"relics":["Cracked Core","NeowsBlessing","PreservedInsect","Strawberry","Girya","Golden Idol","SlaversCollar","Necronomicon"],"acts_visited":["Exordium","TheCity"],"potions_floor_usage":[22],"damage_taken":[{"damage":0.0,"enemies":"Small Slimes","floor":1.0,"turns":1.0},{"damage":0.0,"enemies":"2 Louse","floor":2.0,"turns":1.0},{"damage":0.0,"enemies":"Gremlin Nob","floor":6.0,"turns":1.0},{"damage":10.0,"enemies":"3 Sentries","floor":10.0,"turns":7.0},{"damage":0.0,"enemies":"Jaw Worm","floor":12.0,"turns":3.0},{"damage":21.0,"enemies":"Slime Boss","floor":16.0,"turns":8.0},{"damage":22.0,"enemies":"2 Thieves","floor":18.0,"turns":4.0},{"damage":0.0,"enemies":"Chosen","floor":20.0,"turns":3.0},{"damage":45,"enemies":"Shelled Parasite and Fungi","floor":22,"turns":5}],"seed_played":"7866221883115121763","potions_obtained":[{"floor":6.0,"key":"LiquidMemories"},{"floor":10.0,"key":"FairyPotion"},{"floor":20.0,"key":"ColorlessPotion"}],"is_trial":false,"path_per_floor":["M","M","?","$","?","E","R","?","T","E","R","M","?","?","R","B",null,"M","?","M","?","M"],"character_chosen":"DEFECT","items_purchased":["Sweeping Beam","Undo"],"campfire_rested":0,"item_purchase_floors":[4,4],"current_hp_per_floor":[64,64,64,64,53,53,53,53,60,50,50,50,50,23,23,2,59,37,16,16,16,4,4],"gold":300,"neow_bonus":"THREE_ENEMY_KILL","is_daily":false,"chose_seed":false,"campfire_upgraded":1,"win_rate":0.0,"timestamp":1611843265,"path_taken":["M","M","?","$","?","E","R","?","T","E","R","M","?","?","R","BOSS","M","?","M","?","M"],"items_purchased_type":["Card","Card"],"build_version":"2020-12-22","purchased_purges":1,"victory":false,"max_hp_per_floor":[71,71,71,71,71,71,71,71,78,78,78,78,78,78,78,78,78,78,78,78,78,78,78],"card_choices":[{"not_picked":["Stack","Cold Snap"],"picked":"Conserve Battery","floor":1.0},{"not_picked":["Self Repair","Recycle"],"picked":"Reboot","floor":2.0},{"not_picked":["Cold Snap","Go for the Eyes"],"picked":"Rip and Tear","floor":6.0},{"not_picked":["Ball Lightning","Chaos"],"picked":"Biased Cognition","floor":10.0},{"not_picked":["Loop","Redo"],"picked":"Sweeping Beam","floor":12.0},{"not_picked":["Multi-Cast","Electrodynamics"],"picked":"Seek","floor":16.0},{"not_picked":["Go for the Eyes","Leap"],"picked":"Conserve Battery","floor":18.0},{"not_picked":["Hologram","Beam Cell"],"picked":"Streamline","floor":20.0}],"player_experience":1303583,"relics_obtained":[{"floor":6.0,"key":"PreservedInsect"},{"floor":9.0,"key":"Strawberry"},{"floor":10.0,"key":"Girya"},{"floor":19.0,"key":"Necronomicon"}],"event_choices":[{"damage_healed":0.0,"max_hp_gain":0.0,"max_hp_loss":0.0,"gold_gain":150.0,"event_name":"Liars Game","player_choice":"AGREE","floor":3.0,"gold_loss":0.0,"damage_taken":0.0,"cards_obtained":["Doubt"]},{"damage_healed":0.0,"max_hp_gain":0.0,"max_hp_loss":0.0,"gold_gain":75.0,"event_name":"World of Goop","player_choice":"Gather Gold","floor":5.0,"gold_loss":0.0,"damage_taken":11.0},{"cards_removed":["Strike_B"],"damage_healed":0.0,"max_hp_gain":0.0,"max_hp_loss":0.0,"gold_gain":0.0,"event_name":"The Cleric","player_choice":"Card Removal","floor":8.0,"gold_loss":75.0,"damage_taken":0.0},{"damage_healed":0.0,"max_hp_gain":0.0,"max_hp_loss":0.0,"gold_gain":0.0,"cards_transformed":["Dualcast"],"event_name":"Living Wall","player_choice":"Change","floor":13.0,"gold_loss":0.0,"damage_taken":0.0,"cards_obtained":["Tempest"]},{"damage_healed":0.0,"max_hp_gain":0.0,"max_hp_loss":0.0,"gold_gain":0.0,"event_name":"Golden Idol","player_choice":"Take Damage","floor":14.0,"gold_loss":0.0,"damage_taken":27.0,"relics_obtained":["Golden Idol"]},{"damage_healed":0.0,"max_hp_gain":0.0,"max_hp_loss":0.0,"gold_gain":0.0,"event_name":"Cursed Tome","player_choice":"Obtained Book","floor":19.0,"gold_loss":0.0,"damage_taken":21.0},{"damage_healed":0.0,"max_hp_gain":0.0,"max_hp_loss":0.0,"gold_gain":0.0,"event_name":"Vampires","player_choice":"Ignored","floor":21.0,"gold_loss":0.0,"damage_taken":0.0}],"is_beta":false,"boss_relics":[{"not_picked":["Sozu","Runic Pyramid"],"picked":"SlaversCollar"}],"items_purged_floors":[4],"is_endless":false,"potions_floor_spawned":[6,10,12,20],"killed_by":"Shelled Parasite and Fungi","ascension_level":18}}