{"host":"s70y0f04p82oqwsp","time":1611826452,"event":{"mods":["Act Like it!","BaseMod","Energized Spire","Minty Spire (QoL Compilation)","StSLib","¡¾ÒÅÎï¿¨ÅÆ¡¿REMEMod"],"gold_per_floor":[116,131,146,162,172,172,190,200,226,245,259,188,200,214,214,319,319,335,354,372,382,399,416,427,446,446,462,473,489,508,518,518,625,625,645,657,676,687,687,687,779,811,811,854,863,246,267,287,287,413,413,431,221,240,256,268,268,268,22,94,112,127,127,127,148,148,249,249,267,296,310,329,344,344,368,383,419,438,450,463,474,491,491,591,591,607,626,640,659,675,675,688,704,741,770,815,838,856,878,878,881,881],"floor_reached":101,"language":"ZHS","playtime":8531,"items_purged":["Writhe"],"score":1854,"play_id":"77682049-add5-4d9d-ae37-9c1d1cb8f21e","local_time":"20210128173412","daily_mods":["SealedDeck","Vintage","Blue Cards","Heirloom","Time Dilation","Flight"],"is_ascension_mode":false,"campfire_choices":[{"data":"CarveReality","floor":6.0,"key":"SMITH"},{"data":"Sunder","floor":15.0,"key":"SMITH"},{"data":"ClearTheMind","floor":32.0,"key":"SMITH"},{"floor":40.0,"key":"REST"},{"floor":49.0,"key":"REST"},{"data":"Secret Technique","floor":57.0,"key":"SMITH"},{"data":"Seek","floor":58.0,"key":"SMITH"},{"floor":64.0,"key":"REST"},{"floor":66.0,"key":"REST"},{"floor":74.0,"key":"REST"},{"floor":83.0,"key":"REST"},{"floor":91,"key":"REST"},{"floor":100,"key":"REST"}],"circlet_count":0,"master_deck":["Gash+1","BowlingBash+1","FTL+1","Turbo+1","Conclude+1","FollowUp+1","Consecrate+1","CarveReality+1","Weave+1","Conclude+1","ClearTheMind+1","Sunder+1","DeusExMachina+1","Alpha+1","Seek+1","Secret Technique+1","Go for the Eyes+1","REME_CRH+1","DevaForm+1"],"relics":["Unceasing Top","REME_ComplimentaryCards","TungstenRod","White Beast Statue","CeramicFish","Potion Belt","Akabeko","Darkstone Periapt","InkBottle","Matryoshka","Blood Vial","Orichalcum","REME_PuzzleBoxRelic","Art of War","Gambling Chip","Centennial Puzzle","Mummified Hand","Tiny Chest","Toy Ornithopter","Turnip","Pear","Calipers","Question Card","Meat on the Bone","REME_HandOfSuture","REME_LimitBreaker","Regal Pillow","Pantograph","Nunchaku","CloakClasp","FossilizedHelix","VioletLotus","Thread and Needle","Vajra","Sundial","REME_ArchaeologicalTools","Mark of the Bloom","Gremlin Horn","Ornamental Fan","Letter Opener","Anchor","Molten Egg 2","Bronze Scales","Strange Spoon","Blue Candle","Bottled Flame","energizedSpire:DeadBattery","Oddly Smooth Stone","Ginger","Shuriken","Mango","Singing Bowl","Eternal Feather","Bag of Preparation","Mercury Hourglass","Kunai","energizedSpire:BlackCloud","GoldenEye","REME_HourglassOfDeath","TeardropLocket","StrikeDummy","Whetstone","Incense Burner","Bottled Lightning","Yang","Ancient Tea Set","PreservedInsect","Bag of Marbles","REME_LowDesire","Lantern","Happy Flower","The Courier","Toxic Egg 2","Omamori","Prayer Wheel","Frozen Egg 2","MealTicket","Bird Faced Urn","StoneCalendar","Peace Pipe","Smiling Mask","Lizard Tail"],"acts_visited":["Exordium","TheCity","TheBeyond","Exordium","TheCity","TheBeyond"],"potions_floor_usage":[],"damage_taken":[{"damage":0.0,"enemies":"2 Louse","floor":1.0,"turns":2.0},{"damage":0.0,"enemies":"Small Slimes","floor":2.0,"turns":1.0},{"damage":0.0,"enemies":"Jaw Worm","floor":3.0,"turns":1.0},{"damage":0.0,"enemies":"Gremlin Gang","floor":4.0,"turns":1.0},{"damage":0.0,"enemies":"Lots of Slimes","floor":5.0,"turns":2.0},{"damage":0.0,"enemies":"Exordium Wildlife","floor":7.0,"turns":1.0},{"damage":0.0,"enemies":"Large Slime","floor":8.0,"turns":1.0},{"damage":0.0,"enemies":"3 Louse","floor":10.0,"turns":1.0},{"damage":0.0,"enemies":"Blue Slaver","floor":11.0,"turns":1.0},{"damage":0.0,"enemies":"Lots of Slimes","floor":13.0,"turns":1.0},{"damage":0.0,"enemies":"Looter","floor":14.0,"turns":1.0},{"damage":30.0,"enemies":"Hexaghost","floor":16.0,"turns":3.0},{"damage":0.0,"enemies":"Spheric Guardian","floor":18.0,"turns":2.0},{"damage":0.0,"enemies":"2 Thieves","floor":19.0,"turns":1.0},{"damage":0.0,"enemies":"3 Cultists","floor":20.0,"turns":2.0},{"damage":0.0,"enemies":"Snake Plant","floor":21.0,"turns":1.0},{"damage":0.0,"enemies":"Snecko","floor":22.0,"turns":1.0},{"damage":3.0,"enemies":"Chosen and Byrds","floor":23.0,"turns":2.0},{"damage":0.0,"enemies":"3 Cultists","floor":24.0,"turns":1.0},{"damage":0.0,"enemies":"Sentry and Sphere","floor":25.0,"turns":1.0},{"damage":0.0,"enemies":"Snake Plant","floor":27.0,"turns":1.0},{"damage":3.0,"enemies":"Cultist and Chosen","floor":28.0,"turns":2.0},{"damage":0.0,"enemies":"Shelled Parasite and Fungi","floor":29.0,"turns":3.0},{"damage":12.0,"enemies":"Snake Plant","floor":30.0,"turns":2.0},{"damage":0.0,"enemies":"Snecko","floor":31.0,"turns":1.0},{"damage":14.0,"enemies":"Automaton","floor":33.0,"turns":6.0},{"damage":10.0,"enemies":"3 Shapes","floor":35.0,"turns":1.0},{"damage":0.0,"enemies":"3 Darklings","floor":36.0,"turns":3.0},{"damage":0.0,"enemies":"Writhing Mass","floor":37.0,"turns":2.0},{"damage":0.0,"enemies":"Jaw Worm Horde","floor":38.0,"turns":2.0},{"damage":0.0,"enemies":"Spire Growth","floor":41.0,"turns":3.0},{"damage":8.0,"enemies":"4 Shapes","floor":42.0,"turns":1.0},{"damage":0.0,"enemies":"Jaw Worm Horde","floor":44.0,"turns":2.0},{"damage":0.0,"enemies":"3 Darklings","floor":47.0,"turns":1.0},{"damage":0.0,"enemies":"Writhing Mass","floor":48.0,"turns":2.0},{"damage":21.0,"enemies":"Donu and Deca","floor":50.0,"turns":5.0},{"damage":0.0,"enemies":"Jaw Worm","floor":52.0,"turns":1.0},{"damage":0.0,"enemies":"Cultist","floor":54.0,"turns":2.0},{"damage":0.0,"enemies":"2 Louse","floor":55.0,"turns":1.0},{"damage":0.0,"enemies":"2 Fungi Beasts","floor":56.0,"turns":1.0},{"damage":0.0,"enemies":"Red Slaver","floor":61.0,"turns":1.0},{"damage":0.0,"enemies":"Exordium Wildlife","floor":62.0,"turns":1.0},{"damage":0.0,"enemies":"Gremlin Gang","floor":65.0,"turns":1.0},{"damage":0.0,"enemies":"Slime Boss","floor":67.0,"turns":1.0},{"damage":0.0,"enemies":"Spheric Guardian","floor":69.0,"turns":1.0},{"damage":0.0,"enemies":"REME_1_Revenger","floor":70.0,"turns":2.0},{"damage":0.0,"enemies":"Shell Parasite","floor":71.0,"turns":1.0},{"damage":0.0,"enemies":"Sentry and Sphere","floor":72.0,"turns":1.0},{"damage":0.0,"enemies":"Centurion and Healer","floor":73.0,"turns":1.0},{"damage":0.0,"enemies":"Snecko","floor":75.0,"turns":2.0},{"damage":0.0,"enemies":"Snake Plant","floor":76.0,"turns":2.0},{"damage":0.0,"enemies":"Slavers","floor":77.0,"turns":2.0},{"damage":0.0,"enemies":"Chosen and Byrds","floor":78.0,"turns":1.0},{"damage":0.0,"enemies":"3 Cultists","floor":79.0,"turns":1.0},{"damage":0.0,"enemies":"Shelled Parasite and Fungi","floor":80.0,"turns":1.0},{"damage":0.0,"enemies":"Snake Plant","floor":81.0,"turns":1.0},{"damage":0.0,"enemies":"3 Cultists","floor":82.0,"turns":1.0},{"damage":0.0,"enemies":"Champ","floor":84.0,"turns":3.0},{"damage":0.0,"enemies":"Orb Walker","floor":86.0,"turns":1.0},{"damage":0.0,"enemies":"3 Shapes","floor":87.0,"turns":1.0},{"damage":0.0,"enemies":"Jaw Worm Horde","floor":88.0,"turns":1.0},{"damage":0.0,"enemies":"Transient","floor":89.0,"turns":5.0},{"damage":0,"enemies":"Spire Growth","floor":90,"turns":1},{"damage":0,"enemies":"Sphere and 2 Shapes","floor":92,"turns":1},{"damage":0,"enemies":"4 Shapes","floor":93,"turns":1},{"damage":0,"enemies":"Giant Head","floor":94,"turns":3},{"damage":0,"enemies":"Maw","floor":95,"turns":1},{"damage":0,"enemies":"Reptomancer","floor":96,"turns":1},{"damage":0,"enemies":"Jaw Worm Horde","floor":97,"turns":1},{"damage":0,"enemies":"4 Shapes","floor":98,"turns":1},{"damage":0,"enemies":"Transient","floor":99,"turns":1},{"damage":53,"enemies":"Time Eater","floor":101,"turns":4}],"seed_played":"-8482525692099253581","potions_obtained":[{"floor":2.0,"key":"AttackPotion"},{"floor":3.0,"key":"PowerPotion"},{"floor":4.0,"key":"Weak Potion"},{"floor":5.0,"key":"SteroidPotion"},{"floor":7.0,"key":"Fire Potion"},{"floor":8.0,"key":"FairyPotion"},{"floor":10.0,"key":"Fire Potion"},{"floor":11.0,"key":"StancePotion"},{"floor":13.0,"key":"EntropicBrew"},{"floor":14.0,"key":"PowerPotion"},{"floor":16.0,"key":"Ambrosia"},{"floor":18.0,"key":"DistilledChaos"},{"floor":19.0,"key":"SpeedPotion"},{"floor":20.0,"key":"Energy Potion"},{"floor":25.0,"key":"Swift Potion"},{"floor":27.0,"key":"Weak Potion"},{"floor":29.0,"key":"PowerPotion"},{"floor":31.0,"key":"BottledMiracle"},{"floor":33.0,"key":"EssenceOfSteel"},{"floor":37.0,"key":"StancePotion"},{"floor":41.0,"key":"LiquidMemories"},{"floor":48.0,"key":"Ancient Potion"},{"floor":65.0,"key":"FairyPotion"},{"floor":84.0,"key":"DistilledChaos"},{"floor":86.0,"key":"Ambrosia"},{"floor":89.0,"key":"LiquidBronze"}],"is_trial":true,"path_per_floor":["M","M","M","M","M","R","M","M","T","M","M","$","M","M","R","B",null,"M","M","M","M","M","M","M","M","T","M","M","M","M","M","R","B",null,"M","M","M","M","?","R","M","M","T","M","?","$","M","M","R","B",null,"M","$","M","M","M","R","R","$","T","M","M","?","R","M","R","B",null,"M","E","M","M","M","R","M","M","E","M","M","M","M","M","R","B",null,"M","M","M","M","M","R","M","M","E","M","E","M","M","M","R","B"],"character_chosen":"WATCHER","items_purchased":["ClearTheMind","Sunder","Molten Egg 2","Bronze Scales","Strange Spoon","Secret Technique","Go for the Eyes+1","Singing Bowl"],"campfire_rested":8,"item_purchase_floors":[12,12,46,46,46,53,53,59],"current_hp_per_floor":[72,72,72,72,72,72,72,72,72,72,72,72,72,72,72,42,72,72,72,72,72,82,79,82,82,82,82,79,82,70,82,82,68,82,72,74,81,82,82,82,82,74,74,74,74,74,74,74,74,53,53,53,53,53,53,53,53,53,53,53,53,53,53,53,53,53,53,53,53,53,53,53,53,53,53,53,53,53,53,53,53,53,53,53,53,53,53,53,53,53,53,53,53,53,53,53,53,53,53,53,0,0],"gold":881,"neow_bonus":"","is_daily":false,"chose_seed":false,"campfire_upgraded":5,"win_rate":0.0,"timestamp":1611826452,"path_taken":["M","M","M","M","M","R","M","M","T","M","M","$","M","M","R","BOSS","M","M","M","M","M","M","M","M","T","M","M","M","M","M","R","BOSS","M","M","M","M","?","R","M","M","T","M","?","$","M","M","R","BOSS","M","$","M","M","M","R","R","$","T","M","M","?","R","M","R","BOSS","M","?","M","M","M","R","M","M","E","M","M","M","M","M","R","BOSS","M","M","M","M","M","R","M","M","E","M","E","M","M","M","R","BOSS"],"items_purchased_type":["Card","Card","Relic","Relic","Relic","Card","Card","Relic"],"build_version":"2020-12-22","purchased_purges":1,"victory":false,"max_hp_per_floor":[72,72,72,72,72,72,72,72,72,72,72,72,72,72,72,72,72,72,72,72,72,82,82,82,82,82,82,82,82,82,82,82,82,82,82,82,82,82,82,82,82,82,82,82,88,88,88,88,88,88,88,88,88,88,88,102,102,102,102,102,102,102,102,102,102,102,104,104,104,106,106,106,106,106,106,106,108,108,108,108,108,108,108,110,110,110,110,110,110,110,110,110,110,110,110,110,110,110,110,110,110,110],"card_choices":[{"not_picked":["All For One","Vault"],"picked":"DeusExMachina","floor":16.0},{"not_picked":["Electrodynamics","Omniscience","Hyperbeam","Reboot"],"picked":"Alpha","floor":33.0},{"not_picked":["All For One+1","Fission","SpiritShield"],"picked":"Seek","floor":50.0},{"not_picked":["Multi-Cast","Brilliance+1","REME_EmptyShield","LessonLearned+1"],"picked":"Singing Bowl","floor":67.0},{"not_picked":["Turbo","Gash+1","Static Discharge+1","REME_MusicOfDeath"],"picked":"Singing Bowl","floor":70.0},{"not_picked":["FTL+1","Auto Shields","Gash+1","Wireheading+1"],"picked":"Singing Bowl","floor":77.0},{"not_picked":["Rainbow","Blasphemy","REME_EmptyShield","Reboot"],"picked":"Singing Bowl","floor":84.0},{"not_picked":["Compile Driver+1","Redo+1","TalkToTheHand+1","Chrysalis+1"],"picked":"REME_CRH+1","floor":94},{"not_picked":["Melter+1","Barrage+1","Worship+1","Dark Shackles+1"],"picked":"DevaForm+1","floor":96}],"player_experience":12378,"relics_obtained":[{"floor":1.0,"key":"White Beast Statue"},{"floor":2.0,"key":"CeramicFish"},{"floor":3.0,"key":"Potion Belt"},{"floor":4.0,"key":"Akabeko"},{"floor":5.0,"key":"Darkstone Periapt"},{"floor":7.0,"key":"InkBottle"},{"floor":8.0,"key":"Matryoshka"},{"floor":9.0,"key":"Blood Vial"},{"floor":9.0,"key":"Orichalcum"},{"floor":10.0,"key":"REME_PuzzleBoxRelic"},{"floor":11.0,"key":"Art of War"},{"floor":13.0,"key":"Gambling Chip"},{"floor":14.0,"key":"Centennial Puzzle"},{"floor":18.0,"key":"Mummified Hand"},{"floor":19.0,"key":"Tiny Chest"},{"floor":20.0,"key":"Toy Ornithopter"},{"floor":21.0,"key":"Turnip"},{"floor":22.0,"key":"Pear"},{"floor":23.0,"key":"Calipers"},{"floor":24.0,"key":"Question Card"},{"floor":25.0,"key":"Meat on the Bone"},{"floor":26.0,"key":"REME_HandOfSuture"},{"floor":26.0,"key":"REME_LimitBreaker"},{"floor":27.0,"key":"Regal Pillow"},{"floor":28.0,"key":"Pantograph"},{"floor":29.0,"key":"Nunchaku"},{"floor":30.0,"key":"CloakClasp"},{"floor":31.0,"key":"FossilizedHelix"},{"floor":35.0,"key":"Thread and Needle"},{"floor":36.0,"key":"Vajra"},{"floor":37.0,"key":"Sundial"},{"floor":38.0,"key":"REME_ArchaeologicalTools"},{"floor":41.0,"key":"Gremlin Horn"},{"floor":42.0,"key":"Ornamental Fan"},{"floor":43.0,"key":"Letter Opener"},{"floor":44.0,"key":"Anchor"},{"floor":47.0,"key":"Blue Candle"},{"floor":48.0,"key":"Bottled Flame"},{"floor":52.0,"key":"Oddly Smooth Stone"},{"floor":54.0,"key":"Ginger"},{"floor":55.0,"key":"Shuriken"},{"floor":56.0,"key":"Mango"},{"floor":60.0,"key":"Eternal Feather"},{"floor":61.0,"key":"Bag of Preparation"},{"floor":62.0,"key":"Mercury Hourglass"},{"floor":65.0,"key":"Kunai"},{"floor":69.0,"key":"GoldenEye"},{"floor":71.0,"key":"REME_HourglassOfDeath"},{"floor":72.0,"key":"TeardropLocket"},{"floor":73.0,"key":"StrikeDummy"},{"floor":75.0,"key":"Whetstone"},{"floor":76.0,"key":"Incense Burner"},{"floor":78.0,"key":"Bottled Lightning"},{"floor":79.0,"key":"Yang"},{"floor":80.0,"key":"Ancient Tea Set"},{"floor":81.0,"key":"PreservedInsect"},{"floor":82.0,"key":"Bag of Marbles"},{"floor":85.0,"key":"Lantern"},{"floor":85.0,"key":"Happy Flower"},{"floor":86.0,"key":"The Courier"},{"floor":87.0,"key":"Toxic Egg 2"},{"floor":88.0,"key":"Omamori"},{"floor":89.0,"key":"Prayer Wheel"},{"floor":90,"key":"Frozen Egg 2"},{"floor":92,"key":"MealTicket"},{"floor":93,"key":"Bird Faced Urn"},{"floor":95,"key":"StoneCalendar"},{"floor":97,"key":"Peace Pipe"},{"floor":98,"key":"Smiling Mask"},{"floor":99,"key":"Lizard Tail"}],"event_choices":[{"damage_healed":0.0,"max_hp_gain":0.0,"max_hp_loss":0.0,"gold_gain":0.0,"event_name":"MindBloom","player_choice":"Upgrade","floor":39.0,"gold_loss":0.0,"damage_taken":0.0,"cards_upgraded":["Gash","BowlingBash","FTL","Turbo","Conclude","FollowUp","Consecrate","Weave","Conclude","DeusExMachina","Alpha"],"relics_obtained":["Mark of the Bloom"]},{"damage_healed":21.0,"max_hp_gain":0.0,"max_hp_loss":0.0,"gold_gain":0.0,"event_name":"Winding Halls","player_choice":"Writhe","floor":45.0,"gold_loss":0.0,"damage_taken":0.0,"cards_obtained":["Writhe"]},{"damage_healed":34.0,"max_hp_gain":0.0,"max_hp_loss":0.0,"gold_gain":0.0,"event_name":"Big Fish","player_choice":"Banana","floor":63.0,"gold_loss":0.0,"damage_taken":0.0}],"is_beta":false,"boss_relics":[{"not_picked":["Velvet Choker","Runic Dome","Sozu"]},{"not_picked":["REME_DemonsWealth","SacredBark"],"picked":"VioletLotus"},{"not_picked":["energizedSpire:RedRose","Snecko Eye"],"picked":"energizedSpire:DeadBattery"},{"not_picked":["Cursed Key","Philosopher\u0027s Stone"],"picked":"energizedSpire:BlackCloud"},{"not_picked":["REME_ChargedStone","Sozu"],"picked":"REME_LowDesire"}],"items_purged_floors":[46],"is_endless":true,"potions_floor_spawned":[2,3,4,5,7,8,10,11,13,14,16,18,19,20,21,22,23,24,25,27,28,29,30,31,33,35,36,37,38,41,42,44,47,48,50,52,54,55,56,61,62,65,67,69,70,71,72,73,75,76,77,78,79,80,81,82,84,86,87,88,89,90,92,93,94,95,96,97,98,99],"killed_by":"Time Eater","ascension_level":0}}