{"host":"0kk91h4bq4kgfj0u","time":1611855324,"event":{"mods":["BaseMod","Minty Spire (QoL Compilation)","StSLib"],"gold_per_floor":[116,116,126,145,145,145,173,193,217,217,237,258,6,31,31,160,160,174,188,139,154,154,154],"floor_reached":22,"language":"ENG","playtime":1197,"items_purged":[],"score":238,"play_id":"7611d7d1-64c1-4c03-acdf-8d480955043a","local_time":"20210128123524","is_ascension_mode":true,"campfire_choices":[{"data":"Survivor","floor":6,"key":"SMITH"},{"data":"Calculated Gamble","floor":15,"key":"SMITH"}],"circlet_count":0,"master_deck":["Strike_G","Strike_G+1","Strike_G","Strike_G","Strike_G","Defend_G","Defend_G","Defend_G","Defend_G+1","Defend_G","Survivor+1","Neutralize","Sucker Punch","Deflect","Blade Dance","Caltrops","Dagger Spray","Injury","Distraction","Deflect","Caltrops","Blade Dance","Calculated Gamble+1","A Thousand Cuts","Backflip","Infinite Blades","Flying Knee","Dagger Throw+1"],"relics":["Ring of the Snake","Strawberry","Toy Ornithopter","Blood Vial","Golden Idol","Lee\u0027s Waffle"],"acts_visited":["Exordium","TheCity"],"potions_floor_usage":[21,21,22],"damage_taken":[{"damage":2,"enemies":"Jaw Worm","floor":1,"turns":6},{"damage":0,"enemies":"2 Louse","floor":3,"turns":3},{"damage":0,"enemies":"Small Slimes","floor":4,"turns":3},{"damage":29,"enemies":"Gremlin Nob","floor":7,"turns":6},{"damage":6,"enemies":"3 Louse","floor":8,"turns":4},{"damage":0,"enemies":"Looter","floor":11,"turns":3},{"damage":11,"enemies":"Exordium Thugs","floor":12,"turns":5},{"damage":8,"enemies":"Exordium Wildlife","floor":14,"turns":4},{"damage":59,"enemies":"Hexaghost","floor":16,"turns":12},{"damage":4,"enemies":"3 Byrds","floor":18,"turns":4},{"damage":30,"enemies":"Spheric Guardian","floor":19,"turns":5},{"damage":35,"enemies":"Chosen and Byrds","floor":21,"turns":9},{"damage":23,"enemies":"Snake Plant","floor":22,"turns":3}],"seed_played":"-8457364840750076505","potions_obtained":[{"floor":3,"key":"Block Potion"},{"floor":7,"key":"Poison Potion"},{"floor":8,"key":"AttackPotion"},{"floor":14,"key":"Energy Potion"}],"is_trial":false,"path_per_floor":["M","?","M","M","?","R","E","M","T","?","M","M","$","M","R","B",null,"M","M","$","M","M"],"character_chosen":"THE_SILENT","items_purchased":["Lee\u0027s Waffle","Caltrops","Blade Dance","Flying Knee"],"campfire_rested":0,"item_purchase_floors":[13,13,13,20],"current_hp_per_floor":[75,60,60,60,60,60,31,25,25,25,27,18,84,76,76,19,68,66,38,38,15,0,0],"gold":154,"neow_bonus":"RANDOM_COMMON_RELIC","is_daily":false,"chose_seed":false,"campfire_upgraded":2,"win_rate":0.0,"timestamp":1611855324,"path_taken":["M","?","M","M","?","R","E","M","T","?","M","M","$","M","R","BOSS","M","M","$","M","M"],"items_purchased_type":["Relic","Card","Card","Card"],"build_version":"2020-12-22","purchased_purges":0,"victory":false,"max_hp_per_floor":[77,77,77,77,77,77,77,77,77,77,77,77,84,84,84,84,84,84,84,84,84,84,84],"card_choices":[{"not_picked":["Dagger Spray","Tactician"],"picked":"Sucker Punch","floor":1},{"not_picked":["PiercingWail","Dodge and Roll"],"picked":"Deflect","floor":3},{"not_picked":["Acrobatics","Backflip"],"picked":"Blade Dance","floor":4},{"not_picked":["Riddle With Holes","Dash"],"picked":"Caltrops","floor":7},{"not_picked":["Dodge and Roll","Bouncing Flask"],"picked":"Dagger Spray","floor":8},{"not_picked":["Flechettes","Malaise"],"picked":"Distraction","floor":11},{"not_picked":["PiercingWail","Predator"],"picked":"Deflect","floor":12},{"not_picked":["Underhanded Strike","Setup"],"picked":"Calculated Gamble","floor":14},{"not_picked":["Grand Finale","Bullet Time"],"picked":"A Thousand Cuts","floor":16},{"not_picked":["Sucker Punch","Outmaneuver"],"picked":"Backflip","floor":18},{"not_picked":["Flying Knee","Blade Dance"],"picked":"Infinite Blades","floor":19},{"not_picked":["Quick Slash","Skewer"],"picked":"Dagger Throw+1","floor":21}],"player_experience":815494,"relics_obtained":[{"floor":7,"key":"Toy Ornithopter"},{"floor":9,"key":"Blood Vial"}],"event_choices":[{"damage_healed":0,"gold_gain":0,"player_choice":"Entered Light","damage_taken":15,"max_hp_gain":0,"max_hp_loss":0,"event_name":"Shining Light","floor":2,"gold_loss":0,"cards_upgraded":["Strike_G","Defend_G"]},{"damage_healed":0,"gold_gain":0,"player_choice":"Ignored","damage_taken":0,"max_hp_gain":0,"max_hp_loss":0,"event_name":"Liars Game","floor":5,"gold_loss":0},{"damage_healed":0,"gold_gain":0,"player_choice":"Take Wound","damage_taken":0,"relics_obtained":["Golden Idol"],"max_hp_gain":0,"max_hp_loss":0,"event_name":"Golden Idol","floor":10,"gold_loss":0,"cards_obtained":["Injury"]}],"is_beta":false,"boss_relics":[{"not_picked":["Sozu","Runic Pyramid","Velvet Choker"]}],"items_purged_floors":[],"is_endless":false,"potions_floor_spawned":[3,7,8,14,19],"killed_by":"Snake Plant","ascension_level":5}}