{"host":"684z1xpuwaoqmmh1","time":1611840112,"event":{"mods":["BaseMod","Downfall","Hermit","Jorbs\u0027s Wanderer Trilogy","Marisa????????","Minty Spire (QoL Compilation)","Robot Space Explorer","Shade Mod","StSLib","The Bug Knight","The Cursed","The Dragon Tamer","The Hayseed","The Hierophant","The Marked","The Mystic","The Runesmith","The Senshi"],"gold_per_floor":[217,217,237,251,262,262,290,290,290,316,335,36,64,64,64,167,167,177,188,287,287,302,334,334,366,417,417,417,417],"floor_reached":28,"language":"ENG","playtime":1091,"items_purged":[],"score":431,"play_id":"fc822eab-705a-4876-8d00-dfd13d490e02","local_time":"20210128152152","is_ascension_mode":true,"campfire_choices":[{"data":"theMarked:SoldierOfQuellstein","floor":6.0,"key":"SMITH"},{"floor":8.0,"key":"REST"},{"data":"theMarked:TheMission","floor":15,"key":"SMITH"},{"floor":24,"key":"REST"},{"data":"theMarked:Indomitable","floor":27,"key":"SMITH"}],"circlet_count":0,"master_deck":["theMarked:Strike","theMarked:Strike","theMarked:Strike","theMarked:Defend","theMarked:Defend","theMarked:Defend","theMarked:Defend","theMarked:SoldierOfQuellstein+1","theMarked:Heritage","theMarked:TheMission+1","theMarked:SwordAndMagic","theMarked:TakeCover","theMarked:Friction","theMarked:Memento","theMarked:BanishingStrike","theMarked:Defy","theMarked:ParalyzingBlade+1","theMarked:Overthink","theMarked:Indomitable+1","theMarked:WastefulAttack","theMarked:Improvise+1"],"relics":["theMarked:ArtifactOfAir","Lantern","Regal Pillow","StrikeDummy","Bronze Scales","Medical Kit","Pear","theMarked:Eyepatch","Boot","Tiny Chest"],"acts_visited":["Exordium","TheCity"],"potions_floor_usage":[16,23,25],"damage_taken":[{"damage":3.0,"enemies":"Jaw Worm","floor":1.0,"turns":4.0},{"damage":0.0,"enemies":"Small Slimes","floor":3.0,"turns":5.0},{"damage":0.0,"enemies":"Cultist","floor":4.0,"turns":5.0},{"damage":15.0,"enemies":"Gremlin Gang","floor":5.0,"turns":4.0},{"damage":20.0,"enemies":"3 Sentries","floor":7.0,"turns":9.0},{"damage":16,"enemies":"Gremlin Nob","floor":10,"turns":4},{"damage":0,"enemies":"3 Louse","floor":11,"turns":2},{"damage":0,"enemies":"HollowMod:MossKnight","floor":13,"turns":4},{"damage":11,"enemies":"Hexaghost","floor":16,"turns":9},{"damage":2,"enemies":"Chosen","floor":18,"turns":5},{"damage":4,"enemies":"Spheric Guardian","floor":19,"turns":4},{"damage":13,"enemies":"Centurion and Healer","floor":22,"turns":7},{"damage":29,"enemies":"Book of Stabbing","floor":23,"turns":6},{"damage":8,"enemies":"HollowMod:Nosk","floor":25,"turns":5},{"damage":55,"enemies":"Book of Stabbing","floor":28,"turns":5}],"seed_played":"2034209620824026234","potions_obtained":[{"floor":3.0,"key":"Swift Potion"},{"floor":4.0,"key":"GamblersBrew"},{"floor":5.0,"key":"sneckomod:MuddlingPotion"},{"floor":10,"key":"SteroidPotion"},{"floor":13,"key":"AttackPotion"},{"floor":22,"key":"SneckoOil"},{"floor":25,"key":"Strength Potion"}],"is_trial":false,"path_per_floor":["M","?","M","M","M","R","E","R","T","E","M","$","E","?","R","B",null,"M","M","?","?","M","E","R","E","T","R","E"],"character_chosen":"THE_DEFAULT","items_purchased":["Bronze Scales","Medical Kit"],"campfire_rested":2,"item_purchase_floors":[12,12],"current_hp_per_floor":[60,65,65,65,50,50,30,52,52,36,36,36,46,39,39,28,71,69,65,65,65,52,23,63,55,55,55,0,0],"gold":417,"neow_bonus":"HUNDRED_GOLD","is_daily":false,"chose_seed":false,"campfire_upgraded":3,"win_rate":0.0,"timestamp":1611840112,"path_taken":["M","?","M","M","M","R","E","R","T","E","M","$","E","?","R","BOSS","M","M","?","?","M","E","R","E","T","R","E"],"items_purchased_type":["Relic","Relic"],"build_version":"2020-12-22","purchased_purges":0,"victory":false,"max_hp_per_floor":[70,75,75,75,75,75,75,75,75,75,75,75,85,85,85,85,85,85,85,85,85,85,85,85,85,85,85,85,85],"card_choices":[{"not_picked":["theMarked:TakeCover","theMarked:Improvise"],"picked":"theMarked:Heritage","floor":1.0},{"not_picked":["theMarked:Aftermath","theMarked:WastefulAttack"],"picked":"theMarked:TheMission","floor":3.0},{"not_picked":["theMarked:Frustration","theMarked:KeepCalmAndFight"],"picked":"theMarked:SwordAndMagic","floor":4.0},{"not_picked":["theMarked:Electrocute","theMarked:MuscleMemory"],"picked":"theMarked:TakeCover","floor":5.0},{"not_picked":["theMarked:GodGivenPower","theMarked:KeepCalmAndFight","theMarked:SwordAndMagic"],"picked":"SKIP","floor":7.0},{"not_picked":["theMarked:OneWithTheBlade","theMarked:RepellingDischarge"],"picked":"theMarked:Friction","floor":10},{"not_picked":["theMarked:ChannelForce","theMarked:Improvise"],"picked":"theMarked:Memento","floor":11},{"not_picked":["theMarked:EmpowerWeapon","theMarked:HeightenedSenses"],"picked":"theMarked:BanishingStrike","floor":13},{"not_picked":["theMarked:UnarmedFury","theMarked:TurnInvisible"],"picked":"theMarked:Defy","floor":16},{"not_picked":["theMarked:TheMission","theMarked:Parkour+1","theMarked:SwordAndMagic"],"picked":"SKIP","floor":18},{"not_picked":["theMarked:TakeCover","theMarked:SwordAndMagic"],"picked":"theMarked:ParalyzingBlade+1","floor":19},{"not_picked":["theMarked:LightningStrikesTwice","theMarked:Memento"],"picked":"theMarked:Indomitable","floor":22},{"not_picked":["theMarked:Static","theMarked:TakeCover"],"picked":"theMarked:WastefulAttack","floor":23},{"not_picked":["theMarked:KeepCalmAndFight","theMarked:EmpowerWeapon+1"],"picked":"theMarked:Improvise+1","floor":25}],"player_experience":2977159,"relics_obtained":[{"floor":7.0,"key":"Lantern"},{"floor":9.0,"key":"Regal Pillow"},{"floor":10,"key":"StrikeDummy"},{"floor":13,"key":"Pear"},{"floor":23,"key":"Boot"},{"floor":25,"key":"Tiny Chest"}],"event_choices":[{"damage_healed":0.0,"max_hp_gain":5.0,"max_hp_loss":0.0,"gold_gain":0.0,"event_name":"Big Fish","player_choice":"Donut","floor":2.0,"gold_loss":0.0,"damage_taken":0.0},{"cards_removed":["theMarked:Strike"],"damage_healed":0,"gold_gain":0,"player_choice":"Card Removal","damage_taken":7,"max_hp_gain":0,"max_hp_loss":0,"event_name":"Golden Wing","floor":14,"gold_loss":0},{"damage_healed":0,"gold_gain":99,"player_choice":"Stole From Cult","damage_taken":0,"max_hp_gain":0,"max_hp_loss":0,"event_name":"Nest","floor":20,"gold_loss":0},{"damage_healed":0,"gold_gain":0,"cards_transformed":["theMarked:Strike"],"player_choice":"Transformed","damage_taken":0,"max_hp_gain":0,"max_hp_loss":0,"event_name":"Transmorgrifier","floor":21,"gold_loss":0,"cards_obtained":["theMarked:Overthink"]}],"is_beta":false,"boss_relics":[{"not_picked":["Runesmith:UraniumAnvil","Astrolabe"],"picked":"theMarked:Eyepatch"}],"items_purged_floors":[],"is_endless":false,"potions_floor_spawned":[3,4,5,10,13,22,25],"killed_by":"Book of Stabbing","ascension_level":7}}