{"host":"qdfumeom6htv8yxl","time":1611849082,"event":{"mods":["AchievementEnabler","BaseMod","Bestiary","Block Reminder","Minty Spire (QoL Compilation)","Quick Restart","Relic Stats"],"gold_per_floor":[118,118,2,2,2,27,27,62,141,216,216,230,258,277,277,351,351,271,271,271,271,271,271,271,271,271,10,10,10,10,10,10,10,10,10,10,10,10,10,10,10,10,10,10,10,10,10,10,10,10],"floor_reached":51,"language":"ENG","playtime":2059,"items_purged":[],"score":1509,"play_id":"4323386a-5d6f-4647-880e-90e962fe8ef5","local_time":"20210128095122","is_ascension_mode":true,"campfire_choices":[{"data":"Sunder","floor":7.0,"key":"SMITH"},{"data":"Machine Learning","floor":11.0,"key":"SMITH"},{"data":"Beam Cell","floor":15.0,"key":"SMITH"},{"data":"Buffer","floor":23.0,"key":"SMITH"},{"floor":25.0,"key":"REST"},{"data":"Hyperbeam","floor":29.0,"key":"SMITH"},{"data":"Leap","floor":32.0,"key":"SMITH"},{"data":"Gash","floor":42,"key":"SMITH"},{"data":"Go for the Eyes","floor":49,"key":"SMITH"}],"circlet_count":0,"master_deck":["AscendersBane","Strike_B","Strike_B","Defend_B","Defend_B","Defend_B","Zap","Dualcast","Beam Cell+1","FTL","Leap+1","Machine Learning+1","Sunder+1","Rebound","Hyperbeam+1","Gash+1","Buffer+1","Beam Cell+1","BootSequence+1","Gash+1","Reinforced Body+1","Skim+1","Core Surge","Seek+1","Hologram+1","Gash+1","Go for the Eyes+1"],"relics":["Cracked Core","NeowsBlessing","Meat on the Bone","Tiny Chest","Toxic Egg 2","Ornamental Fan","Potion Belt","Ectoplasm","Red Mask","MutagenicStrength","Question Card","Blood Vial","Whetstone","Coffee Dripper","Dream Catcher","Incense Burner","White Beast Statue","The Courier","Juzu Bracelet","Cables"],"acts_visited":["Exordium","TheCity","TheBeyond"],"potions_floor_usage":[33,44,50,50,50,50],"damage_taken":[{"damage":0.0,"enemies":"Small Slimes","floor":1.0,"turns":1.0},{"damage":0.0,"enemies":"3 Sentries","floor":6.0,"turns":1.0},{"damage":0.0,"enemies":"Gremlin Nob","floor":8.0,"turns":1.0},{"damage":0.0,"enemies":"Jaw Worm","floor":12.0,"turns":1.0},{"damage":27.0,"enemies":"3 Sentries","floor":13.0,"turns":8.0},{"damage":4.0,"enemies":"2 Louse","floor":14.0,"turns":2.0},{"damage":2.0,"enemies":"Slime Boss","floor":16.0,"turns":6.0},{"damage":18.0,"enemies":"2 Thieves","floor":18.0,"turns":4.0},{"damage":21.0,"enemies":"Masked Bandits","floor":19.0,"turns":3.0},{"damage":0.0,"enemies":"Spheric Guardian","floor":20.0,"turns":3.0},{"damage":28.0,"enemies":"Snake Plant","floor":24.0,"turns":4.0},{"damage":0.0,"enemies":"Centurion and Healer","floor":28.0,"turns":5.0},{"damage":0.0,"enemies":"Snecko","floor":30.0,"turns":3.0},{"damage":3.0,"enemies":"3 Cultists","floor":31.0,"turns":4.0},{"damage":22,"enemies":"Collector","floor":33,"turns":7},{"damage":0,"enemies":"3 Shapes","floor":35,"turns":2},{"damage":0,"enemies":"2 Orb Walkers","floor":38,"turns":4},{"damage":34,"enemies":"Giant Head","floor":40,"turns":8},{"damage":0,"enemies":"Orb Walker","floor":41,"turns":2},{"damage":0,"enemies":"Writhing Mass","floor":44,"turns":4},{"damage":0,"enemies":"Nemesis","floor":45,"turns":5},{"damage":0,"enemies":"Jaw Worm Horde","floor":47,"turns":2},{"damage":0,"enemies":"Sphere and 2 Shapes","floor":48,"turns":3},{"damage":39,"enemies":"Time Eater","floor":50,"turns":13}],"seed_played":"-3718814828404420527","potions_obtained":[{"floor":8.0,"key":"SteroidPotion"},{"floor":13.0,"key":"PotionOfCapacity"},{"floor":14.0,"key":"Dexterity Potion"},{"floor":16.0,"key":"Energy Potion"},{"floor":18.0,"key":"FearPotion"},{"floor":20.0,"key":"LiquidBronze"},{"floor":31.0,"key":"Strength Potion"},{"floor":41,"key":"DistilledChaos"},{"floor":44,"key":"GamblersBrew"},{"floor":45,"key":"Strength Potion"},{"floor":47,"key":"Weak Potion"},{"floor":48,"key":"DuplicationPotion"}],"is_trial":false,"path_per_floor":["M","?","$","?","$","E","R","E","T","?","R","M","E","M","R","B",null,"M","?","M","?","T","R","M","R","T","$","M","R","M","M","R","B",null,"M","?","T","?","?","E","M","R","T","M","E","T","M","M","R","B",null],"character_chosen":"DEFECT","items_purchased":["FTL","Leap","Gash","Whetstone","Reinforced Body+1"],"campfire_rested":1,"item_purchase_floors":[3,3,27,27,27],"current_hp_per_floor":[64,59,59,59,59,59,59,59,59,48,48,48,33,41,41,39,63,45,36,36,36,36,36,20,41,41,41,43,43,45,44,44,36,62,64,64,64,66,66,46,48,48,48,50,52,52,54,56,56,31],"gold":10,"neow_bonus":"THREE_ENEMY_KILL","is_daily":false,"chose_seed":false,"campfire_upgraded":8,"win_rate":0.0,"timestamp":1611849082,"path_taken":["M","?","$","?","$","E","R","E","T","?","R","M","E","M","R","BOSS","M","?","M","?","?","R","M","R","T","?","?","R","M","M","R","BOSS","M","?","?","?","?","E","M","R","T","?","E","?","M","M","R","BOSS"],"items_purchased_type":["Card","Card","Card","Relic","Card"],"build_version":"2020-12-22","purchased_purges":0,"victory":true,"max_hp_per_floor":[71,71,71,71,71,71,71,71,71,71,71,71,71,71,71,71,71,71,71,71,71,71,71,71,71,71,71,71,71,71,71,71,71,71,71,71,71,71,71,71,71,71,71,71,71,71,71,71,71,71],"relic_stats":{"Blood Vial":26,"Dream Catcher":0,"counters":[24,96],"Ornamental Fan":[176],"Tiny Chest":3,"Ectoplasm":580,"Juzu Bracelet":0,"Whetstone":["Gash","Beam Cell"],"Question Card":13,"obtain_stats":[{"Potion Belt":13,"NeowsBlessing":0,"The Courier":43,"Incense Burner":38,"Juzu Bracelet":45,"Whetstone":27,"Question Card":22,"White Beast Statue":40,"Cables":46,"Blood Vial":26,"Dream Catcher":37,"Ornamental Fan":9,"MutagenicStrength":21,"Tiny Chest":6,"Ectoplasm":17,"Red Mask":19,"Coffee Dripper":34,"Toxic Egg 2":8,"Cracked Core":0,"Meat on the Bone":2},{"Potion Belt":5,"NeowsBlessing":0,"The Courier":19,"Incense Burner":17,"Juzu Bracelet":21,"Whetstone":11,"Question Card":10,"White Beast Statue":18,"Cables":21,"Blood Vial":11,"Dream Catcher":16,"Ornamental Fan":3,"MutagenicStrength":10,"Tiny Chest":2,"Ectoplasm":7,"Red Mask":9,"Coffee Dripper":15,"Toxic Egg 2":3,"Cracked Core":0,"Meat on the Bone":1},{"Potion Belt":12,"NeowsBlessing":0,"The Courier":69,"Incense Burner":59,"Juzu Bracelet":78,"Whetstone":34,"Question Card":30,"White Beast Statue":67,"Cables":78,"Blood Vial":34,"Dream Catcher":55,"Ornamental Fan":3,"MutagenicStrength":30,"Tiny Chest":2,"Ectoplasm":20,"Red Mask":27,"Coffee Dripper":53,"Toxic Egg 2":3,"Cracked Core":0,"Meat on the Bone":1}],"Meat on the Bone":84,"Cables":[15,15,0,0,0]},"card_choices":[{"not_picked":["Compile Driver","Fusion"],"picked":"Beam Cell","floor":1.0},{"not_picked":["Melter","Recycle"],"picked":"Sunder","floor":6.0},{"not_picked":["Ball Lightning","Turbo+1","Cold Snap"],"picked":"SKIP","floor":8.0},{"not_picked":["Double Energy+1","Hello World"],"picked":"Rebound","floor":12.0},{"not_picked":["Ball Lightning","Reprogram+1"],"picked":"Hyperbeam","floor":13.0},{"not_picked":["Compile Driver","Capacitor"],"picked":"Gash","floor":14.0},{"not_picked":["Multi-Cast+1","Thunder Strike"],"picked":"Buffer","floor":16.0},{"not_picked":["Turbo+1","Cold Snap"],"picked":"Beam Cell","floor":18.0},{"not_picked":["Consume+1","Loop"],"picked":"BootSequence+1","floor":20.0},{"not_picked":["Force Field+1","White Noise+1","Cold Snap","Leap+1"],"picked":"SKIP","floor":24.0},{"not_picked":["Steam+1","Blizzard","Compile Driver","Thunder Strike"],"picked":"SKIP","floor":28.0},{"not_picked":["Steam+1","BootSequence+1","Coolheaded+1"],"picked":"Skim+1","floor":30.0},{"not_picked":["Aggregate+1","Rebound+1","Reinforced Body+1","Stack+1"],"picked":"SKIP","floor":31.0},{"not_picked":["Multi-Cast+1","Machine Learning","Amplify+1"],"picked":"Core Surge","floor":33},{"not_picked":["Darkness+1","Tempest+1","Blizzard","Consume+1"],"picked":"SKIP","floor":35},{"not_picked":["Compile Driver+1","Reinforced Body+1","Consume+1"],"picked":"Seek+1","floor":40},{"not_picked":["Redo+1","Leap+1","Ball Lightning","Steam+1"],"picked":"SKIP","floor":41},{"not_picked":["Streamline","Barrage+1","Core Surge"],"picked":"Hologram+1","floor":44},{"not_picked":["Barrage","Undo+1","Auto Shields+1"],"picked":"Gash+1","floor":45},{"not_picked":["Static Discharge","Blizzard","Leap+1"],"picked":"Go for the Eyes","floor":47},{"not_picked":["Turbo+1","Streamline","Compile Driver+1","Darkness+1"],"picked":"SKIP","floor":48}],"player_experience":1939877,"relics_obtained":[{"floor":6.0,"key":"Tiny Chest"},{"floor":8.0,"key":"Toxic Egg 2"},{"floor":9.0,"key":"Ornamental Fan"},{"floor":13.0,"key":"Potion Belt"},{"floor":19.0,"key":"Red Mask"},{"floor":22.0,"key":"Question Card"},{"floor":26.0,"key":"Blood Vial"},{"floor":37,"key":"Dream Catcher"},{"floor":38,"key":"Incense Burner"},{"floor":40,"key":"White Beast Statue"},{"floor":43,"key":"The Courier"},{"floor":45,"key":"Juzu Bracelet"},{"floor":46,"key":"Cables"}],"event_choices":[{"damage_healed":0.0,"max_hp_gain":0.0,"max_hp_loss":0.0,"gold_gain":0.0,"event_name":"Scrap Ooze","player_choice":"Success","floor":2.0,"gold_loss":0.0,"damage_taken":5.0,"relics_obtained":["Meat on the Bone"]},{"damage_healed":0.0,"max_hp_gain":0.0,"max_hp_loss":0.0,"gold_gain":0.0,"cards_transformed":["Strike_B"],"event_name":"Living Wall","player_choice":"Change","floor":4.0,"gold_loss":0.0,"damage_taken":0.0,"cards_obtained":["Machine Learning"]},{"damage_healed":0.0,"max_hp_gain":0.0,"max_hp_loss":0.0,"gold_gain":75.0,"event_name":"World of Goop","player_choice":"Gather Gold","floor":10.0,"gold_loss":0.0,"damage_taken":11.0},{"damage_healed":0.0,"max_hp_gain":0.0,"max_hp_loss":0.0,"gold_gain":0.0,"event_name":"Masked Bandits","player_choice":"Fought Bandits","floor":19.0,"gold_loss":0.0,"damage_taken":0.0},{"damage_healed":0.0,"max_hp_gain":0.0,"max_hp_loss":0.0,"gold_gain":0.0,"event_name":"Drug Dealer","player_choice":"Inject Mutagens","floor":21.0,"gold_loss":0.0,"damage_taken":0.0,"relics_obtained":["MutagenicStrength"]},{"cards_removed":["Strike_B"],"damage_healed":0,"gold_gain":0,"player_choice":"Purged","damage_taken":0,"max_hp_gain":0,"max_hp_loss":0,"event_name":"Purifier","floor":36,"gold_loss":0},{"damage_healed":0,"gold_gain":0,"player_choice":"Fight","damage_taken":0,"max_hp_gain":0,"max_hp_loss":0,"event_name":"Mysterious Sphere","floor":38,"gold_loss":0},{"cards_removed":["Defend_B"],"damage_healed":0,"gold_gain":0,"player_choice":"Removed Skill","damage_taken":0,"max_hp_gain":0,"max_hp_loss":0,"event_name":"Falling","floor":39,"gold_loss":0}],"is_beta":false,"boss_relics":[{"not_picked":["Inserter","Black Star"],"picked":"Ectoplasm"},{"not_picked":["Runic Dome","SacredBark"],"picked":"Coffee Dripper"}],"items_purged_floors":[],"is_endless":false,"potions_floor_spawned":[8,13,14,16,18,20,31,41,44,45,47,48],"ascension_level":19}}