{"host":"omgphoea13lnyb7y","time":1611799576,"event":{"mods":["Aspiration","BaseMod","Better Note","BetterRewards","Colored Map","DeckTracker","Hubris","Minty Spire (QoL Compilation)","StSLib","The Construct","The Cursed","The Jungle","The Necromancer"],"gold_per_floor":[116,291,291,305,230,256,256,285,285,285,32,32,32],"floor_reached":12,"language":"ENG","playtime":555,"items_purged":["Doubt","Defend_G"],"score":88,"play_id":"5fa8835b-c206-47be-9996-3203d3fc895c","local_time":"20210127180616","is_ascension_mode":true,"campfire_choices":[{"data":"Cloak And Dagger","floor":7,"key":"SMITH"}],"circlet_count":0,"master_deck":["Strike_G","Strike_G","Strike_G","Strike_G","Strike_G","Defend_G","Defend_G","Defend_G","Defend_G","Survivor","Neutralize","Accuracy","Accuracy","Cloak And Dagger+1","Caltrops"],"relics":["Ring of the Snake","Nunchaku","Boot","Omamori","Meat on the Bone","Matryoshka"],"acts_visited":["Exordium"],"potions_floor_usage":[6],"damage_taken":[{"damage":2,"enemies":"Small Slimes","floor":1,"turns":4},{"damage":7,"enemies":"Jaw Worm","floor":4,"turns":4},{"damage":21,"enemies":"3 Sentries","floor":6,"turns":12},{"damage":9,"enemies":"Lagavulin","floor":8,"turns":8},{"damage":22,"enemies":"3 Sentries","floor":12,"turns":6}],"seed_played":"-1243505304517828862","potions_obtained":[{"floor":4,"key":"AttackPotion"}],"is_trial":false,"path_per_floor":["M","?","?","M","$","E","R","E","T","$","$","E"],"character_chosen":"THE_SILENT","items_purchased":["Meat on the Bone","Matryoshka"],"campfire_rested":0,"item_purchase_floors":[10,11],"current_hp_per_floor":[68,68,73,66,66,45,45,36,36,15,15,0,0],"gold":32,"neow_bonus":"RANDOM_COMMON_RELIC","is_daily":false,"chose_seed":false,"campfire_upgraded":1,"win_rate":0.0,"timestamp":1611799576,"path_taken":["M","?","?","M","$","E","R","E","T","?","$","E"],"items_purchased_type":["Relic","Relic"],"build_version":"2020-12-22","purchased_purges":2,"victory":false,"max_hp_per_floor":[70,70,75,75,75,75,75,75,75,75,75,75,75],"card_choices":[{"not_picked":["Dagger Spray","Masterful Stab"],"picked":"Accuracy","floor":1},{"not_picked":["All Out Attack","Prepared"],"picked":"Accuracy","floor":4},{"not_picked":["hubris:Sniper","Calculated Gamble"],"picked":"Cloak And Dagger","floor":6},{"not_picked":["Sucker Punch","Flying Knee"],"picked":"Caltrops","floor":8}],"player_experience":58665,"relics_obtained":[{"floor":6,"key":"Boot"},{"floor":8,"key":"Omamori"}],"event_choices":[{"damage_healed":0,"gold_gain":175,"player_choice":"AGREE","damage_taken":0,"max_hp_gain":0,"max_hp_loss":0,"event_name":"Liars Game","floor":2,"gold_loss":0,"cards_obtained":["Doubt"]},{"damage_healed":0,"gold_gain":0,"player_choice":"Donut","damage_taken":0,"max_hp_gain":5,"max_hp_loss":0,"event_name":"Big Fish","floor":3,"gold_loss":0}],"is_beta":false,"boss_relics":[],"items_purged_floors":[5,10],"is_endless":false,"potions_floor_spawned":[4],"killed_by":"3 Sentries","ascension_level":1}}