{"host":"eejzrjedqvzqboz2","time":1611849065,"event":{"mods":["BaseMod","Colored Map","Minty Spire (QoL Compilation)"],"gold_per_floor":[109,59,77,91,109,109,119,136,161,161,161,161,184,199,199,298,298,315,230,230,230,240,240,13,33,59,71,71,84,103,103,103,103,103],"floor_reached":33,"language":"ENG","playtime":2983,"items_purged":[],"score":241,"play_id":"33e855d8-775c-4edc-8ef2-c1a9b6a079f9","local_time":"20210128155105","is_ascension_mode":false,"campfire_choices":[{"data":"Eruption","floor":6,"key":"SMITH"},{"data":"CrushJoints","floor":12,"key":"SMITH"},{"data":"SashWhip","floor":15,"key":"SMITH"},{"floor":23,"key":"REST"},{"floor":32,"key":"REST"}],"circlet_count":0,"master_deck":["Strike_P+1","Strike_P+1","Strike_P+1","Defend_P+1","Defend_P+1","Defend_P+1","Defend_P+1","Eruption+1","Vigilance","Consecrate","FearNoEvil+1","CrushJoints+1","SashWhip+1","FollowUp","FollowUp","DevaForm","Worship+1","Adaptation","Halt","Tantrum+1"],"relics":["PureWater","Centennial Puzzle","Smiling Mask","SlaversCollar","Meat on the Bone","Lantern","Pen Nib","Toy Ornithopter"],"acts_visited":["Exordium","TheCity"],"potions_floor_usage":[27,29,33],"damage_taken":[{"damage":6,"enemies":"Jaw Worm","floor":1,"turns":6},{"damage":0,"enemies":"2 Louse","floor":3,"turns":1},{"damage":7,"enemies":"Small Slimes","floor":4,"turns":2},{"damage":0,"enemies":"Looter","floor":5,"turns":2},{"damage":0,"enemies":"Large Slime","floor":7,"turns":3},{"damage":0,"enemies":"2 Fungi Beasts","floor":8,"turns":3},{"damage":0,"enemies":"Looter","floor":14,"turns":3},{"damage":21,"enemies":"Hexaghost","floor":16,"turns":7},{"damage":37,"enemies":"Spheric Guardian","floor":18,"turns":4},{"damage":0,"enemies":"Shell Parasite","floor":22,"turns":2},{"damage":16,"enemies":"Snecko","floor":25,"turns":4},{"damage":7,"enemies":"Snake Plant","floor":27,"turns":2},{"damage":4,"enemies":"Shelled Parasite and Fungi","floor":29,"turns":3},{"damage":5,"enemies":"Cultist and Chosen","floor":30,"turns":5},{"damage":77,"enemies":"Automaton","floor":33,"turns":6}],"seed_played":"2836139548249600842","potions_obtained":[{"floor":5,"key":"StancePotion"},{"floor":7,"key":"LiquidBronze"},{"floor":8,"key":"BottledMiracle"},{"floor":16,"key":"SteroidPotion"},{"floor":27,"key":"Strength Potion"}],"is_trial":false,"path_per_floor":["M","?","M","M","M","R","M","M","T","?","?","R","T","M","R","B",null,"M","?","?","?","M","R","$","M","T","M","$","M","M","?","R","B"],"character_chosen":"WATCHER","items_purchased":["Adaptation","Pen Nib"],"campfire_rested":2,"item_purchase_floors":[24,24],"current_hp_per_floor":[73,73,73,66,66,66,66,66,66,66,66,66,66,66,66,45,79,42,42,42,42,42,65,65,49,49,47,47,48,43,43,66,0,0],"gold":103,"neow_bonus":"TEN_PERCENT_HP_BONUS","is_daily":false,"chose_seed":false,"campfire_upgraded":3,"win_rate":0.0,"timestamp":1611849065,"path_taken":["M","?","M","M","M","R","M","M","T","?","?","R","?","M","R","BOSS","M","?","?","?","M","R","?","M","T","?","$","M","M","?","R","BOSS"],"items_purchased_type":["Card","Relic"],"build_version":"2020-12-22","purchased_purges":0,"victory":false,"max_hp_per_floor":[79,79,79,79,79,79,79,79,79,79,79,79,79,79,79,79,79,79,79,79,79,79,79,79,79,79,79,79,79,79,79,79,79,79],"card_choices":[{"not_picked":["Protect","CrushJoints"],"picked":"Consecrate","floor":1},{"not_picked":["Nirvana","Halt"],"picked":"FearNoEvil","floor":3},{"not_picked":["FlyingSleeves","Weave"],"picked":"CrushJoints","floor":4},{"not_picked":["CarveReality","Vengeance"],"picked":"SashWhip","floor":5},{"not_picked":["CrushJoints","PathToVictory"],"picked":"FollowUp","floor":7},{"not_picked":["EmptyFist","Weave","Evaluate"],"picked":"SKIP","floor":8},{"not_picked":["ThirdEye","Crescendo"],"picked":"FollowUp","floor":14},{"not_picked":["Brilliance","Judgement"],"picked":"DevaForm","floor":16},{"not_picked":["Protect+1","EmptyBody","CarveReality"],"picked":"SKIP","floor":18},{"not_picked":["Perseverance+1","Swivel"],"picked":"Worship+1","floor":22},{"not_picked":["Worship","Crescendo","BowlingBash"],"picked":"SKIP","floor":25},{"not_picked":["Consecrate","Crescendo"],"picked":"Halt","floor":27},{"not_picked":["ThirdEye+1","FollowUp","Consecrate"],"picked":"SKIP","floor":29},{"not_picked":["Collect+1","ClearTheMind"],"picked":"Tantrum+1","floor":30}],"player_experience":114333,"relics_obtained":[{"floor":9,"key":"Centennial Puzzle"},{"floor":13,"key":"Smiling Mask"},{"floor":26,"key":"Toy Ornithopter"}],"event_choices":[{"cards_removed":["Strike_P"],"damage_healed":0,"gold_gain":0,"player_choice":"Card Removal","damage_taken":0,"max_hp_gain":0,"max_hp_loss":0,"event_name":"The Cleric","floor":2,"gold_loss":50},{"damage_healed":0,"gold_gain":0,"player_choice":"Grow","damage_taken":0,"max_hp_gain":0,"max_hp_loss":0,"event_name":"Living Wall","floor":10,"gold_loss":0,"cards_upgraded":["FearNoEvil"]},{"damage_healed":0,"gold_gain":0,"player_choice":"Fled","damage_taken":0,"max_hp_gain":0,"max_hp_loss":0,"event_name":"Scrap Ooze","floor":11,"gold_loss":0},{"damage_healed":0,"gold_gain":0,"player_choice":"Obtained Relic","damage_taken":0,"relics_obtained":["Meat on the Bone"],"max_hp_gain":0,"max_hp_loss":0,"event_name":"Addict","floor":19,"gold_loss":85},{"damage_healed":0,"gold_gain":0,"player_choice":"Opened","damage_taken":0,"relics_obtained":["Lantern"],"max_hp_gain":0,"max_hp_loss":0,"event_name":"The Mausoleum","floor":20,"gold_loss":0},{"damage_healed":0,"gold_gain":0,"player_choice":"Simplicity","damage_taken":0,"max_hp_gain":0,"max_hp_loss":0,"event_name":"Back to Basics","floor":21,"gold_loss":0,"cards_upgraded":["Strike_P","Strike_P","Strike_P","Defend_P","Defend_P","Defend_P","Defend_P"]},{"damage_healed":0,"gold_gain":0,"player_choice":"Ignored","damage_taken":0,"max_hp_gain":0,"max_hp_loss":0,"event_name":"Beggar","floor":31,"gold_loss":0}],"is_beta":false,"boss_relics":[{"not_picked":["Cursed Key","Calling Bell"],"picked":"SlaversCollar"}],"items_purged_floors":[],"is_endless":false,"potions_floor_spawned":[5,7,8,16,22,25,27],"killed_by":"Automaton","ascension_level":0}}