{"host":"97gqqvl04geh4ia8","time":1611813945,"event":{"mods":["BaseMod","Curses Come First","Downfall","Minty Spire (QoL Compilation)","Robot Space Explorer","Say the Spire","StSLib","TestMod","UnlockEverythingMod","[IsaacMod]ÒÔÈö¼âËþ"],"gold_per_floor":[116,116,191,191,191,191,224,224,295,322,351,368,368,400,400,498,498,517,164,164,197,212,212,212,212,264,264,294,294,305,324,324,427,427,443,443,263,133,153,153,172,394,476,476,176,176,176,196,196,196],"floor_reached":51,"language":"ZHS","playtime":1294,"items_purged":["RobotSpaceExplorer:Strike","RobotSpaceExplorer:Strike","RobotSpaceExplorer:Strike+1","RobotSpaceExplorer:Strike+1","RobotSpaceExplorer:Defend"],"score":1075,"play_id":"a62f1041-3f49-4018-a48f-5925f566cb1b","local_time":"20210128140545","is_ascension_mode":false,"campfire_choices":[{"data":"RobotSpaceExplorer:MiniLasers","floor":6,"key":"SMITH"},{"data":"RobotSpaceExplorer:Pulsar","floor":8,"key":"SMITH"},{"data":"RobotSpaceExplorer:StarLightning","floor":13,"key":"SMITH"},{"data":"RobotSpaceExplorer:Jetpack","floor":15,"key":"SMITH"},{"data":"RobotSpaceExplorer:FranticSearch","floor":23,"key":"SMITH"},{"data":"testmod-ChaoticCore","floor":25,"key":"SMITH"},{"data":"RobotSpaceExplorer:Comet","floor":32,"key":"SMITH"},{"data":"RobotSpaceExplorer:Exploration","floor":40,"key":"SMITH"},{"data":"RobotSpaceExplorer:Discharger","floor":44,"key":"SMITH"},{"data":"RobotSpaceExplorer:Electroshield","floor":46,"key":"SMITH"},{"data":"RobotSpaceExplorer:ScrapMissile","floor":49,"key":"SMITH"}],"circlet_count":0,"master_deck":["RobotSpaceExplorer:Defend+1","RobotSpaceExplorer:Defend","RobotSpaceExplorer:Scan+1","RobotSpaceExplorer:MiniLasers+1","RobotSpaceExplorer:Jetpack+1","RobotSpaceExplorer:Pulsar+1","RobotSpaceExplorer:StarLightning+1","RobotSpaceExplorer:ScrapMissile+1","RobotSpaceExplorer:Scanner+1","RobotSpaceExplorer:Discharger+1","RobotSpaceExplorer:Comet+1","testmod-WeaknessCounterattack+1","testmod-ChaoticCore+1","RobotSpaceExplorer:FranticSearch+1","RobotSpaceExplorer:StunGrenade+1","RobotSpaceExplorer:Electropulse+1","RobotSpaceExplorer:ScrapToss+1","RobotSpaceExplorer:ShockKick+1","RobotSpaceExplorer:Electroshield+1","RobotSpaceExplorer:Electropulse+1"],"relics":["RobotSpaceExplorer:RoboCore","HushsDoor","testmod-TestBox","BFFS","testmod-ArcanaOfDestiny","NeowsBlessing","Ice Cream","Omamori","Whetstone","Ornamental Fan","CaptainsWheel","Odd Mushroom","Molten Egg 2","testmod-SaigiyounoYou","GuppysPaw","Membership Card","War Paint","BookofShadows","Red Mask","Tiny Chest","Matryoshka","Happy Flower","Runic Dome","GuppysHead","GuppysCollar","NineLifeCat","Darkstone Periapt","testmod-Antiphasic","Pear","Gremlin Horn","Akabeko","testmod-Hope","Medical Kit","Sundial","Kunai"],"acts_visited":["Exordium","TheCity","TheBeyond"],"potions_floor_usage":[21,28,28],"damage_taken":[{"damage":0,"enemies":"Cultist","floor":1,"turns":1},{"damage":0,"enemies":"Gremlin Nob","floor":7,"turns":1},{"damage":0,"enemies":"3 Sentries","floor":10,"turns":1},{"damage":3,"enemies":"The Mushroom Lair","floor":11,"turns":4},{"damage":0,"enemies":"2 Louse","floor":12,"turns":2},{"damage":0,"enemies":"Lagavulin","floor":14,"turns":4},{"damage":0,"enemies":"Hexaghost","floor":16,"turns":9},{"damage":1,"enemies":"3 Byrds","floor":18,"turns":3},{"damage":33,"enemies":"Masked Bandits","floor":21,"turns":4},{"damage":0,"enemies":"Chosen","floor":22,"turns":3},{"damage":0,"enemies":"Slavers","floor":28,"turns":4},{"damage":6,"enemies":"Centurion and Healer","floor":30,"turns":4},{"damage":3,"enemies":"Snake Plant","floor":31,"turns":3},{"damage":0,"enemies":"Automaton","floor":33,"turns":6},{"damage":0,"enemies":"Orb Walker","floor":35,"turns":1},{"damage":0,"enemies":"3 Shapes","floor":39,"turns":2},{"damage":0,"enemies":"3 Darklings","floor":41,"turns":1},{"damage":0,"enemies":"Spire Growth","floor":48,"turns":2},{"damage":0,"enemies":"Donu and Deca","floor":50,"turns":2}],"seed_played":"4567146589669476719","potions_obtained":[{"floor":1,"key":"Fire Potion"},{"floor":7,"key":"RobotSpaceExplorer:PlasmaFlask"},{"floor":11,"key":"FearPotion"},{"floor":21,"key":"Fruit Juice"},{"floor":28,"key":"Ancient Potion"},{"floor":30,"key":"ColorlessPotion"},{"floor":31,"key":"Strength Potion"}],"is_trial":false,"path_per_floor":["M","T","?","?","?","R","E","R","T","E","?","M","R","E","R","B",null,"M","$","?","?","M","R","?","R","T","T","E","?","M","M","R","B",null,"M","T","$","$","M","R","M","?","T","R","$","R","T","M","R","B",null],"character_chosen":"RobotSpaceExplorer","items_purchased":["testmod-WeaknessCounterattack+1","GuppysPaw","Membership Card","War Paint","testmod-ChaoticCore","GuppysHead","GuppysCollar","RobotSpaceExplorer:Electropulse+1","RobotSpaceExplorer:ScrapToss+1","RobotSpaceExplorer:Exploration","NineLifeCat","Pear","Gremlin Horn","Medical Kit","Sundial","RobotSpaceExplorer:Electroshield"],"campfire_rested":0,"item_purchase_floors":[17,17,19,19,19,34,34,34,34,34,34,37,38,45,45,45],"current_hp_per_floor":[75,75,64,61,61,61,61,61,61,61,58,58,58,58,58,58,58,58,58,58,40,50,50,35,35,35,35,52,52,63,62,62,63,3,3,3,13,13,13,13,13,13,13,13,13,13,13,13,13,1],"gold":196,"neow_bonus":"THREE_ENEMY_KILL","is_daily":false,"chose_seed":false,"campfire_upgraded":11,"win_rate":0.0,"timestamp":1611813945,"path_taken":["M","?","?","?","?","R","E","R","T","E","?","?","R","E","R","BOSS","M","$","?","?","M","R","?","R","T","?","E","?","?","M","R","BOSS","M","?","?","$","?","R","M","?","T","R","$","R","?","M","R","BOSS"],"items_purchased_type":["Card","Relic","Relic","Relic","Card","Relic","Relic","Card","Card","Card","Relic","Relic","Relic","Relic","Relic","Card"],"build_version":"2020-12-22","purchased_purges":5,"victory":true,"max_hp_per_floor":[75,75,75,75,75,75,75,75,75,75,75,75,75,75,75,75,58,58,58,58,63,63,63,63,63,63,63,63,63,63,63,63,63,3,3,3,13,13,13,13,13,13,13,13,13,13,13,13,13,1],"card_choices":[{"not_picked":["RobotSpaceExplorer:SwiftStep","RobotSpaceExplorer:MiniDrones"],"picked":"RobotSpaceExplorer:Jetpack","floor":1},{"not_picked":["RobotSpaceExplorer:FranticSearch","RobotSpaceExplorer:MetalStrike"],"picked":"RobotSpaceExplorer:Pulsar","floor":7},{"not_picked":["RobotSpaceExplorer:LaserBurst","RobotSpaceExplorer:Electropulse"],"picked":"RobotSpaceExplorer:StarLightning","floor":10},{"not_picked":["RobotSpaceExplorer:Probe","RobotSpaceExplorer:StarDust"],"picked":"RobotSpaceExplorer:ScrapMissile","floor":11},{"not_picked":["RobotSpaceExplorer:PlasmaMissile","RobotSpaceExplorer:ShovelStrike"],"picked":"RobotSpaceExplorer:Scanner","floor":12},{"not_picked":["RobotSpaceExplorer:SurgingShield","RobotSpaceExplorer:RigExplosive"],"picked":"RobotSpaceExplorer:Discharger","floor":14},{"not_picked":["RobotSpaceExplorer:ChargingLaser+1","RobotSpaceExplorer:Blaster+1"],"picked":"RobotSpaceExplorer:Comet","floor":16},{"not_picked":["RobotSpaceExplorer:SelfCleaning","RobotSpaceExplorer:Fix","RobotSpaceExplorer:Reload"],"picked":"SKIP","floor":18},{"not_picked":["RobotSpaceExplorer:RigExplosive","RobotSpaceExplorer:GlueShot"],"picked":"RobotSpaceExplorer:FranticSearch","floor":21},{"not_picked":["RobotSpaceExplorer:Discharger","RobotSpaceExplorer:DualCore","RobotSpaceExplorer:Counterblock"],"picked":"SKIP","floor":22},{"not_picked":["RobotSpaceExplorer:SurgingStrike+1","RobotSpaceExplorer:BigMissile+1","RobotSpaceExplorer:Probe+1"],"picked":"SKIP","floor":28},{"not_picked":["RobotSpaceExplorer:SurgingShield","RobotSpaceExplorer:Ammunition"],"picked":"RobotSpaceExplorer:StunGrenade+1","floor":30},{"not_picked":["RobotSpaceExplorer:DualCore","RobotSpaceExplorer:Ammunition+1","RobotSpaceExplorer:FranticSearch"],"picked":"SKIP","floor":31},{"not_picked":["RobotSpaceExplorer:Autoloader","RobotSpaceExplorer:DroneSwarm"],"picked":"RobotSpaceExplorer:Wormhole","floor":33},{"not_picked":["RobotSpaceExplorer:ImprovisedAttack+1","RobotSpaceExplorer:PowerGlove+1","RobotSpaceExplorer:SurgingStrike+1"],"picked":"SKIP","floor":35},{"not_picked":["RobotSpaceExplorer:Jetpack","RobotSpaceExplorer:ExhaustFan+1","RobotSpaceExplorer:SurgingShield+1"],"picked":"SKIP","floor":39},{"not_picked":["RobotSpaceExplorer:FrostMissile+1","RobotSpaceExplorer:PlasmaMissile+1"],"picked":"RobotSpaceExplorer:ShockKick+1","floor":41},{"not_picked":["RobotSpaceExplorer:FranticSearch+1","RobotSpaceExplorer:SurgingShield"],"picked":"RobotSpaceExplorer:Electropulse+1","floor":48}],"player_experience":14136,"relics_obtained":[{"floor":2,"key":"Ice Cream"},{"floor":7,"key":"Whetstone"},{"floor":9,"key":"Ornamental Fan"},{"floor":10,"key":"CaptainsWheel"},{"floor":11,"key":"Odd Mushroom"},{"floor":14,"key":"Molten Egg 2"},{"floor":21,"key":"Red Mask"},{"floor":26,"key":"Tiny Chest"},{"floor":27,"key":"Matryoshka"},{"floor":28,"key":"Happy Flower"},{"floor":36,"key":"Darkstone Periapt"},{"floor":36,"key":"testmod-Antiphasic"},{"floor":43,"key":"Akabeko"},{"floor":43,"key":"testmod-Hope"},{"floor":47,"key":"Kunai"}],"event_choices":[{"damage_healed":0,"gold_gain":75,"player_choice":"Gather Gold","damage_taken":11,"max_hp_gain":0,"max_hp_loss":0,"event_name":"World of Goop","floor":3,"gold_loss":0},{"damage_healed":0,"gold_gain":0,"player_choice":"Success","damage_taken":3,"relics_obtained":["Omamori"],"max_hp_gain":0,"max_hp_loss":0,"event_name":"Scrap Ooze","floor":4,"gold_loss":0},{"damage_healed":0,"gold_gain":0,"player_choice":"Bought 0 Potions","damage_taken":0,"max_hp_gain":0,"max_hp_loss":0,"event_name":"The Woman in Blue","floor":5,"gold_loss":0},{"damage_healed":0,"gold_gain":0,"player_choice":"Fought Mushrooms","damage_taken":0,"max_hp_gain":0,"max_hp_loss":0,"event_name":"Mushrooms","floor":11,"gold_loss":0},{"damage_healed":0,"gold_gain":0,"player_choice":"Opened","damage_taken":0,"relics_obtained":["BookofShadows"],"max_hp_gain":0,"max_hp_loss":0,"event_name":"The Mausoleum","floor":20,"gold_loss":0},{"damage_healed":0,"gold_gain":0,"player_choice":"Fought Bandits","damage_taken":0,"max_hp_gain":0,"max_hp_loss":0,"event_name":"Masked Bandits","floor":21,"gold_loss":0},{"damage_healed":0,"gold_gain":0,"player_choice":"Upgraded","damage_taken":0,"max_hp_gain":0,"max_hp_loss":0,"event_name":"Upgrade Shrine","floor":29,"gold_loss":0,"cards_upgraded":["RobotSpaceExplorer:Scanner"]},{"damage_healed":0,"gold_gain":222,"player_choice":"Wore Mask","damage_taken":0,"max_hp_gain":0,"max_hp_loss":0,"event_name":"Tomb of Lord Red Mask","floor":42,"gold_loss":0}],"is_beta":false,"boss_relics":[{"not_picked":["testmod-Prudence","Velvet Choker"],"picked":"testmod-SaigiyounoYou"},{"not_picked":[]},{"not_picked":["Calling Bell","testmod-StringDisintegrator"],"picked":"Runic Dome"},{"not_picked":[]}],"items_purged_floors":[17,19,34,37,45],"is_endless":false,"potions_floor_spawned":[1,7,11,21,28,30,31,33,39],"ascension_level":0}}