{"host":"mnpd8gh7cwxsn5kh","time":1611839965,"event":{"mods":["BaseMod","Block Reminder","Colored Map","Colored Powertips","Highlight Path","Minty Spire (QoL Compilation)","Relic Sorter","Relic Stats"],"gold_per_floor":[113,63,63,63,82,118,118,159,159,179,199,374,374,407,407,407,407],"floor_reached":16,"language":"ENG","playtime":854,"items_purged":[],"score":136,"play_id":"aea9536d-fe8f-433a-ba70-76dc92df7ec7","local_time":"20210128141925","is_ascension_mode":true,"campfire_choices":[{"data":"Zap","floor":7,"key":"SMITH"},{"data":"Dualcast","floor":15,"key":"SMITH"}],"circlet_count":0,"master_deck":["Strike_B","Strike_B","Strike_B","Defend_B","Defend_B","Defend_B","Defend_B","Zap+1","Dualcast+1","Ball Lightning","FTL","All For One","Conserve Battery","Beam Cell","Ball Lightning","Doubt","Parasite","Chill"],"relics":["Runic Dome","Golden Idol","Matryoshka","Bag of Marbles","Question Card","Bottled Lightning","White Beast Statue"],"acts_visited":["Exordium"],"potions_floor_usage":[11,16],"damage_taken":[{"damage":0,"enemies":"Small Slimes","floor":1,"turns":3},{"damage":2,"enemies":"Jaw Worm","floor":5,"turns":3},{"damage":33,"enemies":"Lagavulin","floor":6,"turns":6},{"damage":15,"enemies":"3 Sentries","floor":8,"turns":5},{"damage":0,"enemies":"2 Louse","floor":10,"turns":3},{"damage":6,"enemies":"Looter","floor":11,"turns":2},{"damage":2,"enemies":"Gremlin Nob","floor":14,"turns":3},{"damage":33,"enemies":"Slime Boss","floor":16,"turns":7}],"seed_played":"-1070952441794727911","potions_obtained":[{"floor":8,"key":"SpeedPotion"},{"floor":10,"key":"EssenceOfDarkness"},{"floor":11,"key":"SteroidPotion"},{"floor":14,"key":"FearPotion"}],"is_trial":false,"path_per_floor":["M","?","?","$","M","E","R","E","T","M","M","?","?","E","R","B"],"character_chosen":"DEFECT","items_purchased":[],"campfire_rested":0,"item_purchase_floors":[],"current_hp_per_floor":[75,75,69,69,67,34,34,19,19,19,13,13,30,28,28,0,0],"gold":407,"neow_bonus":"BOSS_RELIC","is_daily":false,"chose_seed":false,"campfire_upgraded":2,"win_rate":0.0,"timestamp":1611839965,"path_taken":["M","?","?","$","M","E","R","E","T","M","M","?","?","E","R","BOSS"],"items_purchased_type":[],"build_version":"2020-12-22","purchased_purges":0,"victory":false,"max_hp_per_floor":[75,75,69,69,69,69,69,69,69,69,69,69,69,69,69,69,69],"relic_stats":{"counters":[8,32],"Golden Idol":34,"Question Card":3,"obtain_stats":[{"Runic Dome":0,"Matryoshka":6,"Golden Idol":3,"Bag of Marbles":8,"Bottled Lightning":9,"Cracked Core":0,"Question Card":9,"White Beast Statue":14},{"Runic Dome":0,"Matryoshka":3,"Golden Idol":1,"Bag of Marbles":4,"Bottled Lightning":4,"Cracked Core":0,"Question Card":4,"White Beast Statue":7},{"Runic Dome":0,"Matryoshka":12,"Golden Idol":3,"Bag of Marbles":17,"Bottled Lightning":17,"Cracked Core":0,"Question Card":17,"White Beast Statue":25}]},"card_choices":[{"not_picked":["Streamline","Barrage"],"picked":"Ball Lightning","floor":1},{"not_picked":["Double Energy","Redo"],"picked":"FTL","floor":5},{"not_picked":["Blizzard","Double Energy"],"picked":"All For One","floor":6},{"not_picked":["Meteor Strike","Reprogram"],"picked":"Conserve Battery","floor":8},{"not_picked":["Force Field","Darkness","Fusion"],"picked":"Beam Cell","floor":10},{"not_picked":["Turbo","Compile Driver","Force Field"],"picked":"Ball Lightning","floor":11},{"not_picked":["Compile Driver","Leap","Machine Learning"],"picked":"Chill","floor":14}],"player_experience":130805,"relics_obtained":[{"floor":6,"key":"Matryoshka"},{"floor":8,"key":"Bag of Marbles"},{"floor":9,"key":"Question Card"},{"floor":9,"key":"Bottled Lightning"},{"floor":14,"key":"White Beast Statue"}],"event_choices":[{"cards_removed":["Strike_B"],"damage_healed":0,"gold_gain":0,"player_choice":"Card Removal","damage_taken":0,"max_hp_gain":0,"max_hp_loss":0,"event_name":"The Cleric","floor":2,"gold_loss":50},{"damage_healed":0,"gold_gain":0,"player_choice":"Lose Max HP","damage_taken":0,"relics_obtained":["Golden Idol"],"max_hp_gain":0,"max_hp_loss":6,"event_name":"Golden Idol","floor":3,"gold_loss":0},{"damage_healed":0,"gold_gain":175,"player_choice":"AGREE","damage_taken":0,"max_hp_gain":0,"max_hp_loss":0,"event_name":"Liars Game","floor":12,"gold_loss":0,"cards_obtained":["Doubt"]},{"damage_healed":17,"gold_gain":0,"player_choice":"Healed and dodged fight","damage_taken":0,"max_hp_gain":0,"max_hp_loss":0,"event_name":"Mushrooms","floor":13,"gold_loss":0,"cards_obtained":["Parasite"]}],"is_beta":false,"boss_relics":[],"items_purged_floors":[],"is_endless":false,"potions_floor_spawned":[8,10,11,14],"killed_by":"Slime Boss","ascension_level":3}}