{"host":"4jpe1m3cviuzvkch","time":1611829631,"event":{"mods":["BaseMod","Marisa£®ÏF”Í°°ƒß¿Ì…≥£©","Minty Spire (QoL Compilation)","Remilia£®¿Ÿ√◊¿Ú—«£©","StSLib","The Servant 0.9.4","Youmu£®ªÍ∆«—˝√Œ£©"],"gold_per_floor":[109,61,61,61,61,92,17,17,17,35,35,78,98,121,121,241,241,254,353,369,0,0,0,0,100,150,150,150],"floor_reached":27,"language":"ZHS","playtime":819,"items_purged":["Strike_RM"],"score":254,"play_id":"062bd48b-9fee-44fc-8baf-9f79cff049e4","local_time":"20210128182711","is_ascension_mode":true,"campfire_choices":[{"data":"MastersStateliness","floor":8.0,"key":"SMITH"},{"data":"BloodAndWine","floor":15.0,"key":"SMITH"},{"floor":23,"key":"REST"}],"circlet_count":0,"master_deck":["Strike_RM","Strike_RM","Strike_RM","Defend_RM","Defend_RM","Defend_RM","Defend_RM","RedMoon","ScarletShoot","BlasphemousPunishment","MastersStateliness+1","CharismaGuard","BloodAndWine+1","VampireKiss","RedRainbow","NightDance","TransientEternity","ScarletNetherworld","BloodHunter+1"],"relics":["ScarletHat","NeowsBlessing","Golden Idol","ScarletDevilRocket","TungstenRod","Orichalcum","Philosopher\u0027s Stone","Tiny Chest"],"acts_visited":["Exordium","TheCity"],"potions_floor_usage":[],"damage_taken":[{"damage":0.0,"enemies":"Jaw Worm","floor":1.0,"turns":1.0},{"damage":0.0,"enemies":"Lagavulin","floor":6.0,"turns":1.0},{"damage":0.0,"enemies":"2 Louse","floor":10.0,"turns":1.0},{"damage":4.0,"enemies":"3 Sentries","floor":12.0,"turns":12.0},{"damage":0.0,"enemies":"Cultist","floor":13.0,"turns":6.0},{"damage":0.0,"enemies":"2 Fungi Beasts","floor":14.0,"turns":3.0},{"damage":89.0,"enemies":"Hexaghost","floor":16.0,"turns":18.0},{"damage":59.0,"enemies":"Spheric Guardian","floor":18.0,"turns":8.0},{"damage":8.0,"enemies":"Shell Parasite","floor":20.0,"turns":5.0},{"damage":61,"enemies":"Shelled Parasite and Fungi","floor":27,"turns":5}],"seed_played":"4932349676877136459","potions_obtained":[{"floor":1.0,"key":"LiquidMemories"},{"floor":12.0,"key":"Explosive Potion"},{"floor":13.0,"key":"Energy Potion"},{"floor":14.0,"key":"Dexterity Potion"},{"floor":20.0,"key":"SpeedPotion"}],"is_trial":false,"path_per_floor":["M","$","?","?","$","E","$","R","T","M","$","E","M","M","R","B",null,"M","?","M","?","$","R","$","?","T","M"],"character_chosen":"REMILIA","items_purchased":["MastersStateliness"],"campfire_rested":1,"item_purchase_floors":[2],"current_hp_per_floor":[75,75,75,75,75,75,75,75,75,75,75,71,75,75,75,7,75,21,21,21,21,21,43,43,43,43,0,0],"gold":150,"neow_bonus":"THREE_ENEMY_KILL","is_daily":false,"chose_seed":false,"campfire_upgraded":2,"win_rate":0.0,"timestamp":1611829631,"path_taken":["M","$","?","?","$","E","?","R","T","M","?","E","M","M","R","BOSS","M","?","M","?","$","R","$","?","T","?"],"items_purchased_type":["Card"],"build_version":"2020-12-22","purchased_purges":1,"victory":false,"max_hp_per_floor":[75,75,75,75,75,75,75,75,75,75,75,75,75,75,75,75,75,75,75,75,75,75,75,75,75,75,75,75],"card_choices":[{"not_picked":["MiserableFate","ScarletSymphony"],"picked":"BlasphemousPunishment","floor":1.0},{"not_picked":["BatForm","BadLadyScramble"],"picked":"CharismaGuard","floor":6.0},{"not_picked":["UnderTheZenith","ScarletImprint"],"picked":"BloodAndWine","floor":10.0},{"not_picked":["BlasphemousPunishment","ScarletDevil"],"picked":"VampireKiss","floor":12.0},{"not_picked":["MastersStateliness","ScarletDevilSign"],"picked":"RedRainbow","floor":13.0},{"not_picked":["GlobalNightmare","ScarletDevil"],"picked":"NightDance","floor":14.0},{"not_picked":["CurseOfVladTepes","HeartBreak"],"picked":"TransientEternity","floor":16.0},{"not_picked":["Stigmanizer+1","GlobalNightmare+1"],"picked":"ScarletNetherworld","floor":18.0},{"not_picked":["VampireFantasy","RedRainbow"],"picked":"BloodHunter+1","floor":20.0}],"player_experience":310274,"relics_obtained":[{"floor":6.0,"key":"ScarletDevilRocket"},{"floor":9.0,"key":"TungstenRod"},{"floor":12.0,"key":"Orichalcum"},{"floor":26,"key":"Tiny Chest"}],"event_choices":[{"damage_healed":0.0,"max_hp_gain":0.0,"max_hp_loss":0.0,"gold_gain":0.0,"event_name":"Golden Idol","player_choice":"Take Wound","floor":3.0,"gold_loss":0.0,"damage_taken":0.0,"relics_obtained":["Golden Idol"],"cards_obtained":["Injury"]},{"cards_removed":["Injury"],"damage_healed":0.0,"max_hp_gain":0.0,"max_hp_loss":0.0,"gold_gain":0.0,"event_name":"Living Wall","player_choice":"Forget","floor":4.0,"gold_loss":0.0,"damage_taken":0.0},{"damage_healed":0.0,"max_hp_gain":0.0,"max_hp_loss":0.0,"gold_gain":99.0,"event_name":"Nest","player_choice":"Stole From Cult","floor":19.0,"gold_loss":0.0,"damage_taken":0.0},{"damage_healed":0,"gold_gain":0,"player_choice":"Paid Fearfully","damage_taken":0,"max_hp_gain":0,"max_hp_loss":0,"event_name":"Masked Bandits","floor":21,"gold_loss":369},{"damage_healed":0,"gold_gain":100,"player_choice":"Pray","damage_taken":0,"max_hp_gain":0,"max_hp_loss":0,"event_name":"Golden Shrine","floor":25,"gold_loss":0}],"is_beta":false,"boss_relics":[{"not_picked":["Sozu","Snecko Eye"],"picked":"Philosopher\u0027s Stone"}],"items_purged_floors":[7],"is_endless":false,"potions_floor_spawned":[1,12,13,14,20],"killed_by":"Shelled Parasite and Fungi","ascension_level":1}}