{"host":"lxgv1wbl12oya7hr","time":1611845489,"event":{"mods":["BaseMod","Minty Spire (QoL Compilation)","Permanent Neow","StSLib"],"gold_per_floor":[117,117,4,18,30,56,68,88,88,88,99,99,109,121,121,121,121],"floor_reached":16,"language":"ENG","playtime":726,"items_purged":[],"score":111,"play_id":"9137e1a2-6c40-4bfe-b401-1a45e517c79c","local_time":"20210128065129","is_ascension_mode":true,"campfire_choices":[{"data":"Forethought","floor":10,"key":"SMITH"},{"data":"Concentrate","floor":12,"key":"SMITH"},{"data":"Acrobatics","floor":15,"key":"SMITH"}],"circlet_count":0,"master_deck":["Strike_G","Strike_G","Strike_G","Strike_G","Strike_G","Defend_G","Defend_G","Defend_G","Defend_G","Defend_G","Survivor","Neutralize","Dagger Spray","Forethought+1","Deadly Poison","Infinite Blades","Slice","Dagger Spray","Flying Knee","Flying Knee","Slice","Acrobatics+1","Concentrate+1","Backflip","Terror"],"relics":["Runic Pyramid","Tough Bandages"],"acts_visited":["Exordium"],"potions_floor_usage":[6,11],"damage_taken":[{"damage":0,"enemies":"2 Louse","floor":1,"turns":4},{"damage":0,"enemies":"Cultist","floor":4,"turns":3},{"damage":0,"enemies":"Small Slimes","floor":5,"turns":3},{"damage":20,"enemies":"3 Sentries","floor":6,"turns":6},{"damage":1,"enemies":"Exordium Wildlife","floor":7,"turns":2},{"damage":2,"enemies":"Red Slaver","floor":8,"turns":3},{"damage":9,"enemies":"Exordium Thugs","floor":11,"turns":5},{"damage":3,"enemies":"Lots of Slimes","floor":13,"turns":4},{"damage":4,"enemies":"Red Slaver","floor":14,"turns":3},{"damage":33,"enemies":"Slime Boss","floor":16,"turns":8}],"seed_played":"-8646226552719556680","potions_obtained":[{"floor":1,"key":"Weak Potion"},{"floor":8,"key":"Dexterity Potion"},{"floor":14,"key":"SmokeBomb"}],"is_trial":false,"path_per_floor":["M","?","$","M","M","E","M","M","T","R","M","R","M","M","R","B"],"character_chosen":"THE_SILENT","items_purchased":["Infinite Blades","Slice"],"campfire_rested":0,"item_purchase_floors":[3,3],"current_hp_per_floor":[70,70,70,70,70,50,49,47,47,47,38,38,35,31,31,0,0],"gold":121,"neow_bonus":"BOSS_RELIC","is_daily":false,"chose_seed":false,"campfire_upgraded":3,"win_rate":0.0,"timestamp":1611845489,"path_taken":["M","?","$","?","M","E","M","M","T","R","M","R","M","M","R","BOSS"],"items_purchased_type":["Card","Card"],"build_version":"2020-12-22","purchased_purges":0,"victory":false,"max_hp_per_floor":[70,70,70,70,70,70,70,70,70,70,70,70,70,70,70,70,70],"card_choices":[{"not_picked":["Leg Sweep","Riddle With Holes"],"picked":"Dagger Spray","floor":1},{"not_picked":["Deadly Poison","Cloak And Dagger"],"picked":"Dagger Spray","floor":4},{"not_picked":["Sucker Punch","Cloak And Dagger"],"picked":"Flying Knee","floor":5},{"not_picked":["Venomology","Masterful Stab"],"picked":"Flying Knee","floor":6},{"not_picked":["Blade Dance","Acrobatics"],"picked":"Slice","floor":7},{"not_picked":["Cloak And Dagger","Well Laid Plans"],"picked":"Acrobatics","floor":8},{"not_picked":["Tactician","Heel Hook"],"picked":"Concentrate","floor":11},{"not_picked":["Bane","Bouncing Flask"],"picked":"Backflip","floor":13},{"not_picked":["Sucker Punch","Dagger Throw"],"picked":"Terror","floor":14}],"player_experience":2288879,"relics_obtained":[{"floor":6,"key":"Tough Bandages"}],"event_choices":[{"damage_healed":0,"gold_gain":0,"player_choice":"2 cards matched","damage_taken":0,"max_hp_gain":0,"max_hp_loss":0,"event_name":"Match and Keep!","floor":2,"gold_loss":0,"cards_obtained":["Forethought","Deadly Poison"]}],"is_beta":false,"boss_relics":[],"items_purged_floors":[],"is_endless":false,"potions_floor_spawned":[1,8,14],"killed_by":"Slime Boss","ascension_level":1}}