{"host":"3498uni0c31c9bdm","time":1611816153,"event":{"mods":["BaseMod","Better Third Choice","Minty Spire (QoL Compilation)","Replay The Spire","StSLib"],"gold_per_floor":[110,126,145,4,4,4,34,49,49,49,49,49,49,64,64,64,64],"floor_reached":16,"language":"ENG","playtime":463,"items_purged":[],"score":140,"play_id":"5c8fa6c9-01c4-4cdb-9ff8-25c50fa00a40","local_time":"20210128174233","is_ascension_mode":true,"campfire_choices":[{"floor":11,"key":"REST"},{"floor":15,"key":"REST"}],"circlet_count":0,"master_deck":["Strike_P","Strike_P","Strike_P","Defend_P","Defend_P+1","Defend_P","Eruption","Vigilance+1","EmptyBody","Tantrum","SashWhip","LessonLearned","LessonLearned","WheelKick","ForeignInfluence","Steam","Eruption","Scrawl","Burn","Wallop"],"relics":["PureWater","Calipers","Akabeko","Juzu Bracelet"],"acts_visited":["Exordium"],"potions_floor_usage":[7,7,7,16],"damage_taken":[{"damage":4,"enemies":"Jaw Worm","floor":1,"turns":5},{"damage":16,"enemies":"Cultist","floor":2,"turns":5},{"damage":2,"enemies":"Small Slimes","floor":3,"turns":4},{"damage":35,"enemies":"Lagavulin","floor":7,"turns":6},{"damage":1,"enemies":"Red Slaver","floor":8,"turns":3},{"damage":0,"enemies":"3 Louse","floor":14,"turns":2},{"damage":47,"enemies":"The Guardian","floor":16,"turns":10}],"seed_played":"7328848686036773501","potions_obtained":[{"floor":2,"key":"PowerPotion"},{"floor":3,"key":"Elixir"},{"floor":5,"key":"PowerPotion"},{"floor":5,"key":"BlessingOfTheForge"},{"floor":14,"key":"SteroidPotion"}],"is_trial":false,"path_per_floor":["M","M","M","$","?","$","E","M","T","?","R","?","?","M","R","B"],"character_chosen":"WATCHER","items_purchased":["LessonLearned"],"campfire_rested":2,"item_purchase_floors":[4],"current_hp_per_floor":[61,45,43,43,43,43,8,7,7,7,26,26,26,26,45,0,0],"gold":64,"neow_bonus":"ONE_RARE_RELIC","is_daily":false,"chose_seed":false,"campfire_upgraded":0,"win_rate":0.0,"timestamp":1611816153,"path_taken":["M","M","M","$","?","?","E","M","T","?","R","?","?","M","R","BOSS"],"items_purchased_type":["Card"],"build_version":"2020-12-22","purchased_purges":0,"victory":false,"max_hp_per_floor":[65,65,65,65,65,65,65,65,65,65,65,65,65,65,65,65,65],"card_choices":[{"not_picked":["Replay:AtTheReady","EmptyMind"],"picked":"EmptyBody","floor":1},{"not_picked":["Adaptation","FlurryOfBlows"],"picked":"Tantrum","floor":2},{"not_picked":["CutThroughFate","Halt"],"picked":"SashWhip","floor":3},{"not_picked":["EmptyBody","Replay:BluntJabs"],"picked":"LessonLearned","floor":7},{"not_picked":["Nirvana","FlyingSleeves"],"picked":"WheelKick","floor":8},{"not_picked":["SignatureMove","ThirdEye"],"picked":"Wallop","floor":14}],"player_experience":747822,"relics_obtained":[{"floor":7,"key":"Akabeko"},{"floor":9,"key":"Juzu Bracelet"}],"event_choices":[{"damage_healed":0,"gold_gain":0,"player_choice":"Got Potions","damage_taken":0,"max_hp_gain":0,"max_hp_loss":0,"event_name":"Lab","floor":5,"gold_loss":0},{"damage_healed":0,"gold_gain":0,"player_choice":"2 cards matched","damage_taken":0,"max_hp_gain":0,"max_hp_loss":0,"event_name":"Match and Keep!","floor":12,"gold_loss":0,"cards_obtained":["Eruption","Scrawl"]},{"damage_healed":26,"gold_gain":0,"player_choice":"Embrace Burn","damage_taken":0,"max_hp_gain":0,"max_hp_loss":65,"event_name":"betterThird:BetterShining","floor":13,"gold_loss":0}],"is_beta":false,"boss_relics":[],"items_purged_floors":[],"is_endless":false,"potions_floor_spawned":[2,3,14],"killed_by":"The Guardian","ascension_level":8}}