{"host":"jhywql2x2v3ppvhm","time":1611846924,"event":{"mods":["BaseMod","Colored Map","Colored Powertips","Downfall","Googly Eyes","Hermit","Marisa????????","Minty Spire (QoL Compilation)","Rare Cards Sparkle","Slay the Relics Exporter","StSLib","The Animator","The Bug Knight","The Cursed","The Disciple","The Necromancer","The Runesmith","The Servant 0.9.4","slay the spire mod where everything is the same but ironclad has a cowboy hat"],"gold_per_floor":[112,127,127,146,40,74,349,349,349,368,383,383,398,410,410,410,410],"floor_reached":16,"language":"ENG","playtime":1308,"items_purged":[],"score":104,"play_id":"6025689b-ea9e-4c53-aebf-ff2a70a05f53","local_time":"20210128101524","is_ascension_mode":false,"campfire_choices":[{"floor":8,"key":"REST"},{"data":"BestPractice","floor":12,"key":"SMITH"},{"floor":15,"key":"RECALL"}],"circlet_count":0,"master_deck":["Strike_S","Strike_S","Strike_S+1","Strike_S","Defend_S","Defend_S+1","Defend_S","Defend_S","KidneyShot","Exchange","Ricochet","Revamp","ShatteredReality","InstantArmor","Snipe","Starlight","Regret","Replace","BestPractice+1","Gouge","BottledTime"],"relics":["Uniform","HollowMod:LifeEnderRelic","Letter Opener"],"acts_visited":["Exordium"],"potions_floor_usage":[],"damage_taken":[{"damage":7,"enemies":"2 Louse","floor":1,"turns":3},{"damage":6,"enemies":"Jaw Worm","floor":2,"turns":4},{"damage":0,"enemies":"Cultist","floor":4,"turns":3},{"damage":34,"enemies":"3 Sentries","floor":6,"turns":8},{"damage":0,"enemies":"Exordium Wildlife","floor":10,"turns":2},{"damage":0,"enemies":"3 Louse","floor":11,"turns":3},{"damage":13,"enemies":"Large Slime","floor":13,"turns":6},{"damage":0,"enemies":"Blue Slaver","floor":14,"turns":3},{"damage":21,"enemies":"Slime Boss","floor":16,"turns":3}],"seed_played":"9207538473552037500","potions_obtained":[{"floor":4,"key":"ColorlessPotion"},{"floor":11,"key":"SneckoOil"},{"floor":13,"key":"DuplicationPotion"}],"is_trial":false,"path_per_floor":["M","M","?","M","$","E","?","R","T","M","M","R","M","M","R","B"],"character_chosen":"THE_SERVANT","items_purchased":["InstantArmor","Snipe"],"campfire_rested":1,"item_purchase_floors":[5,5],"current_hp_per_floor":[64,58,44,44,44,10,10,31,31,31,31,31,18,18,18,0,0],"gold":410,"neow_bonus":"TEN_PERCENT_HP_BONUS","is_daily":false,"chose_seed":false,"campfire_upgraded":1,"win_rate":0.0,"timestamp":1611846924,"path_taken":["M","M","?","M","$","E","?","R","T","M","M","R","M","?","R","BOSS"],"items_purchased_type":["Card","Card"],"build_version":"2020-12-22","purchased_purges":0,"victory":false,"max_hp_per_floor":[71,71,71,71,71,71,71,71,71,71,71,71,71,71,71,71,71],"card_choices":[{"not_picked":["Rewind","Alleviate"],"picked":"Ricochet","floor":1},{"not_picked":["Unruled","Rewind"],"picked":"Revamp","floor":2},{"not_picked":["TimeWarp","Ricochet"],"picked":"ShatteredReality","floor":4},{"not_picked":["Duplication","Revamp"],"picked":"Starlight","floor":6},{"not_picked":["Unruled","Potential"],"picked":"Replace","floor":10},{"not_picked":["StarChef","Reset"],"picked":"BestPractice","floor":11},{"not_picked":["Moonlight","FastForward"],"picked":"Gouge","floor":13},{"not_picked":["ShatteredReality","Defy"],"picked":"BottledTime","floor":14}],"player_experience":178776,"relics_obtained":[{"floor":6,"key":"HollowMod:LifeEnderRelic"},{"floor":9,"key":"Letter Opener"}],"event_choices":[{"damage_healed":0,"gold_gain":0,"player_choice":"Entered Light","damage_taken":14,"max_hp_gain":0,"max_hp_loss":0,"event_name":"Shining Light","floor":3,"gold_loss":0,"cards_upgraded":["Defend_S","Strike_S"]},{"damage_healed":0,"gold_gain":275,"player_choice":"Desecrate","damage_taken":0,"max_hp_gain":0,"max_hp_loss":0,"event_name":"Golden Shrine","floor":7,"gold_loss":0,"cards_obtained":["Regret"]}],"is_beta":false,"boss_relics":[],"items_purged_floors":[],"is_endless":false,"potions_floor_spawned":[4,11,13],"killed_by":"Slime Boss","ascension_level":0}}