{"host":"7qqg3hyzrz6apiso","time":1611860301,"event":{"mods":["AchievementEnabler","BaseMod","Better Debug","Colored Map","Keyboard Shortcuts","Minty Spire (QoL Compilation)","Permanent Neow","Quick Restart","StSLib","SuperFastMode"],"gold_per_floor":[17,17,17,80,93,125,136,136,136],"floor_reached":8,"language":"KOR","playtime":375,"items_purged":[],"score":64,"play_id":"55b27782-dca1-4a7d-8be8-60b68161d98a","local_time":"20210129035821","is_ascension_mode":true,"campfire_choices":[],"circlet_count":0,"master_deck":["Strike_R","Strike_R","Strike_R","Strike_R","Strike_R","Defend_R","Defend_R","Defend_R","Bash","Sword Boomerang","Pommel Strike","Pommel Strike","Pommel Strike","Dual Wield"],"relics":["Burning Blood","Gambling Chip","SsserpentHead","Anchor"],"acts_visited":["Exordium"],"potions_floor_usage":[],"damage_taken":[{"damage":4,"enemies":"Small Slimes","floor":1,"turns":5},{"damage":1,"enemies":"Cultist","floor":4,"turns":3},{"damage":17,"enemies":"2 Louse","floor":5,"turns":4},{"damage":48,"enemies":"3 Sentries","floor":6,"turns":10},{"damage":11,"enemies":"Looter","floor":7,"turns":3},{"damage":18,"enemies":"Lagavulin","floor":8,"turns":3}],"seed_played":"-8474294773043317537","potions_obtained":[{"floor":1,"key":"ElixirPotion"}],"is_trial":false,"path_per_floor":["M","?","?","M","M","E","M","E"],"character_chosen":"IRONCLAD","items_purchased":[],"campfire_rested":0,"item_purchase_floors":[],"current_hp_per_floor":[80,80,80,80,69,27,22,4,4],"gold":136,"neow_bonus":"ONE_RARE_RELIC","is_daily":false,"chose_seed":false,"campfire_upgraded":0,"win_rate":0.0,"timestamp":1611860301,"path_taken":["M","?","?","?","M","E","M","E"],"items_purchased_type":[],"build_version":"2020-12-22","purchased_purges":0,"victory":false,"max_hp_per_floor":[80,80,80,80,80,80,80,80,80],"card_choices":[{"not_picked":["Wild Strike","Whirlwind"],"picked":"Sword Boomerang","floor":1},{"not_picked":["Clothesline","Entrench"],"picked":"Pommel Strike","floor":4},{"not_picked":["Cleave","Reckless Charge"],"picked":"Pommel Strike","floor":5},{"not_picked":["Thunderclap","Armaments"],"picked":"Pommel Strike","floor":6},{"not_picked":["Fire Breathing","Bludgeon"],"picked":"Dual Wield","floor":7}],"player_experience":165194,"relics_obtained":[{"floor":6,"key":"Anchor"}],"event_choices":[{"cards_removed":["Defend_R"],"damage_healed":0,"gold_gain":0,"player_choice":"Forget","damage_taken":0,"max_hp_gain":0,"max_hp_loss":0,"event_name":"Living Wall","floor":2,"gold_loss":0},{"damage_healed":0,"gold_gain":0,"player_choice":"Trade","damage_taken":0,"relics_obtained":["SsserpentHead"],"max_hp_gain":0,"max_hp_loss":0,"event_name":"FaceTrader","floor":3,"gold_loss":0}],"is_beta":false,"boss_relics":[],"items_purged_floors":[],"is_endless":false,"potions_floor_spawned":[1],"killed_by":"Lagavulin","ascension_level":2}}