{"host":"msfr2axb1w9025n0","time":1611810496,"event":{"mods":["BaseMod","Colored Map","DeckTracker","Minty Spire (QoL Compilation)"],"gold_per_floor":[119,194,214,225,237,237,268,268,268,268,268,268,268,281,281,379,379,402,402,317,93,93,93,129,129,129,152,185,185,185,198,198,198,198],"floor_reached":33,"language":"ENG","playtime":1160,"items_purged":[],"score":478,"play_id":"e9773d3d-1cd7-490c-8575-710dea861891","local_time":"20210128120816","is_ascension_mode":true,"campfire_choices":[{"data":"1","floor":6,"key":"LIFT"},{"floor":8,"key":"REST"},{"data":"2","floor":10,"key":"LIFT"},{"data":"3","floor":12,"key":"LIFT"},{"floor":15,"key":"REST"},{"floor":23,"key":"REST"},{"floor":25,"key":"REST"},{"floor":32,"key":"REST"}],"circlet_count":0,"master_deck":["AscendersBane","Strike_G","Strike_G","Strike_G","Strike_G","Strike_G","Defend_G","Defend_G+1","Defend_G","Defend_G","Defend_G","Survivor","Neutralize","Regret","Leg Sweep+1","Infinite Blades","Sucker Punch","Footwork+1","Eviscerate","Dagger Spray","Adrenaline","Cloak And Dagger","J.A.X.","Well Laid Plans","Eviscerate","Terror","Leg Sweep"],"relics":["Ring of the Snake","Girya","StoneCalendar","WingedGreaves","Bloody Idol","Black Star","Du-Vu Doll","Regal Pillow","Blue Candle","Orichalcum","War Paint","Paper Crane","Snake Skull","Frozen Egg 2"],"acts_visited":["Exordium","TheCity"],"potions_floor_usage":[7,24,28],"damage_taken":[{"damage":0,"enemies":"2 Louse","floor":1,"turns":5},{"damage":4,"enemies":"Small Slimes","floor":3,"turns":4},{"damage":3,"enemies":"Jaw Worm","floor":4,"turns":5},{"damage":5,"enemies":"Blue Slaver","floor":5,"turns":6},{"damage":33,"enemies":"3 Sentries","floor":7,"turns":10},{"damage":5,"enemies":"Looter","floor":14,"turns":4},{"damage":21,"enemies":"The Guardian","floor":16,"turns":10},{"damage":16,"enemies":"Spheric Guardian","floor":18,"turns":6},{"damage":51,"enemies":"Book of Stabbing","floor":24,"turns":7},{"damage":14,"enemies":"Chosen","floor":27,"turns":4},{"damage":29,"enemies":"Slavers","floor":28,"turns":6},{"damage":9,"enemies":"Centurion and Healer","floor":31,"turns":6},{"damage":44,"enemies":"Collector","floor":33,"turns":7}],"seed_played":"5611667490010042114","potions_obtained":[{"floor":3,"key":"SkillPotion"},{"floor":14,"key":"ColorlessPotion"},{"floor":16,"key":"Block Potion"},{"floor":18,"key":"Regen Potion"},{"floor":27,"key":"SpeedPotion"},{"floor":28,"key":"EssenceOfSteel"}],"is_trial":false,"path_per_floor":["M","?","M","M","M","R","E","R","T","R","?","R","?","M","R","B",null,"M","?","?","$","?","R","E","R","T","M","E","?","?","M","R","B"],"character_chosen":"THE_SILENT","items_purchased":["Well Laid Plans","Regal Pillow"],"campfire_rested":5,"item_purchase_floors":[21,21],"current_hp_per_floor":[59,48,44,41,36,36,3,22,22,22,22,22,22,17,35,14,49,33,33,33,33,33,61,10,43,43,29,15,15,15,11,44,0,0],"gold":198,"neow_bonus":"ONE_RARE_RELIC","is_daily":false,"chose_seed":false,"campfire_upgraded":0,"win_rate":0.0,"timestamp":1611810496,"path_taken":["M","?","M","M","M","R","E","R","T","R","?","R","?","?","R","BOSS","M","?","?","$","?","R","E","R","T","M","E","?","?","M","R","BOSS"],"items_purchased_type":["Card","Relic"],"build_version":"2020-12-22","purchased_purges":0,"victory":false,"max_hp_per_floor":[66,66,66,66,66,66,66,66,66,66,61,61,61,61,61,61,61,61,61,61,61,61,61,61,61,61,61,61,61,61,61,61,61,61],"card_choices":[{"not_picked":["Quick Slash","Poisoned Stab"],"picked":"Leg Sweep","floor":1},{"not_picked":["Leg Sweep","Acrobatics"],"picked":"Infinite Blades","floor":3},{"not_picked":["Dagger Throw","Bane"],"picked":"Sucker Punch","floor":4},{"not_picked":["Dodge and Roll","Backstab"],"picked":"Footwork","floor":5},{"not_picked":["Caltrops","Dagger Throw"],"picked":"Eviscerate","floor":7},{"not_picked":["Outmaneuver","Deadly Poison"],"picked":"Dagger Spray","floor":14},{"not_picked":["Storm of Steel","Corpse Explosion"],"picked":"Adrenaline","floor":16},{"not_picked":["Sucker Punch","Poisoned Stab"],"picked":"Cloak And Dagger","floor":18},{"not_picked":["Acrobatics","Dash"],"picked":"Eviscerate","floor":24},{"not_picked":["Sucker Punch","Acrobatics"],"picked":"Terror","floor":27},{"not_picked":["Dodge and Roll","Grand Finale","Well Laid Plans"],"picked":"SKIP","floor":28},{"not_picked":["Endless Agony","Acrobatics"],"picked":"Leg Sweep","floor":31}],"player_experience":271610,"relics_obtained":[{"floor":7,"key":"StoneCalendar"},{"floor":9,"key":"WingedGreaves"},{"floor":24,"key":"Blue Candle"},{"floor":24,"key":"Orichalcum"},{"floor":26,"key":"War Paint"},{"floor":28,"key":"Paper Crane"},{"floor":28,"key":"Snake Skull"}],"event_choices":[{"damage_healed":0,"gold_gain":75,"player_choice":"Gather Gold","damage_taken":11,"max_hp_gain":0,"max_hp_loss":0,"event_name":"World of Goop","floor":2,"gold_loss":0},{"damage_healed":0,"gold_gain":0,"player_choice":"Lose Max HP","damage_taken":0,"relics_obtained":["Golden Idol"],"max_hp_gain":0,"max_hp_loss":5,"event_name":"Golden Idol","floor":11,"gold_loss":0},{"damage_healed":0,"gold_gain":0,"player_choice":"Grow","damage_taken":0,"max_hp_gain":0,"max_hp_loss":0,"event_name":"Living Wall","floor":13,"gold_loss":0,"cards_upgraded":["Footwork"]},{"damage_healed":0,"gold_gain":0,"player_choice":"Obtain J.A.X.","damage_taken":0,"max_hp_gain":0,"max_hp_loss":0,"event_name":"Drug Dealer","floor":19,"gold_loss":0,"cards_obtained":["J.A.X."]},{"damage_healed":0,"gold_gain":0,"player_choice":"Obtained Relic","damage_taken":0,"relics_obtained":["Du-Vu Doll"],"max_hp_gain":0,"max_hp_loss":0,"event_name":"Addict","floor":20,"gold_loss":85},{"damage_healed":0,"gold_gain":0,"player_choice":"Ignored","damage_taken":0,"max_hp_gain":0,"max_hp_loss":0,"event_name":"Ghosts","floor":22,"gold_loss":0},{"damage_healed":0,"gold_gain":0,"player_choice":"Opened","damage_taken":0,"relics_obtained":["Frozen Egg 2"],"max_hp_gain":0,"max_hp_loss":0,"event_name":"The Mausoleum","floor":29,"gold_loss":0},{"damage_healed":0,"gold_gain":0,"player_choice":"Gave Idol","damage_taken":0,"relics_obtained":["Bloody Idol"],"max_hp_gain":0,"max_hp_loss":0,"event_name":"Forgotten Altar","floor":30,"relics_lost":["Golden Idol"],"gold_loss":0}],"is_beta":false,"boss_relics":[{"not_picked":["Coffee Dripper","Runic Pyramid"],"picked":"Black Star"}],"items_purged_floors":[],"is_endless":false,"potions_floor_spawned":[3,14,16,18,27,28],"killed_by":"Collector","ascension_level":14}}