{"host":"yx5rao87132cy5xq","time":1611804121,"event":{"mods":["2.2 Compatiblity","AchievementEnabler","BaseMod","Bestiary","Colored Map","Colored Powertips","Minty Spire (QoL Compilation)","Quick Restart","Relic Stats","Slay-I","SuperFastMode"],"gold_per_floor":[114,132,132,148,148,180,191,201,278,278,278,306,317,335,335,431,431,447,463,562,562,562,562,487,515,515,515,585,612,612,629,629,629,629],"floor_reached":33,"language":"ENG","playtime":1539,"items_purged":[],"score":537,"play_id":"cfd6d0a8-85a3-4a0e-b61f-cca4ab6ff0e6","local_time":"20210128042201","is_ascension_mode":true,"campfire_choices":[{"floor":15.0,"key":"REST"},{"floor":23,"key":"REST"},{"data":"Whirlwind","floor":27,"key":"SMITH"},{"data":"Flame Barrier","floor":32,"key":"SMITH"}],"circlet_count":0,"master_deck":["AscendersBane","Strike_R+1","Defend_R+1","Defend_R+1","Defend_R","Defend_R+1","Bash","Clothesline","Flame Barrier+1","Bloodletting","Pommel Strike","Whirlwind+1","Pommel Strike","Fiend Fire","Reckless Charge+1","Shockwave+1","Disarm+1","Cleave+1","Necronomicurse","Ghostly Armor","Disarm","Disarm","Ghostly","Ghostly","Ghostly","Ghostly","Ghostly","Whirlwind+1"],"relics":["Burning Blood","NeowsBlessing","CultistMask","War Paint","Pantograph","Gambling Chip","Astrolabe","Necronomicon","Vajra","Molten Egg 2","Letter Opener","Matryoshka"],"acts_visited":["Exordium","TheCity"],"potions_floor_usage":[29,33,33],"damage_taken":[{"damage":0.0,"enemies":"Small Slimes","floor":1.0,"turns":1.0},{"damage":0.0,"enemies":"Cultist","floor":2.0,"turns":1.0},{"damage":0.0,"enemies":"2 Louse","floor":4.0,"turns":1.0},{"damage":20.0,"enemies":"Gremlin Nob","floor":6.0,"turns":5.0},{"damage":8.0,"enemies":"Large Slime","floor":7.0,"turns":5.0},{"damage":24.0,"enemies":"Lots of Slimes","floor":8.0,"turns":4.0},{"damage":25.0,"enemies":"3 Sentries","floor":12.0,"turns":5.0},{"damage":5.0,"enemies":"Red Slaver","floor":13.0,"turns":3.0},{"damage":11.0,"enemies":"Exordium Wildlife","floor":14.0,"turns":4.0},{"damage":73.0,"enemies":"Slime Boss","floor":16.0,"turns":13.0},{"damage":14.0,"enemies":"Shell Parasite","floor":18.0,"turns":5.0},{"damage":24,"enemies":"Spheric Guardian","floor":19,"turns":5},{"damage":18,"enemies":"Slavers","floor":25,"turns":2},{"damage":3,"enemies":"Gremlin Leader","floor":29,"turns":2},{"damage":4,"enemies":"Centurion and Healer","floor":31,"turns":4},{"damage":40,"enemies":"Champ","floor":33,"turns":11}],"seed_played":"-8850726606462377320","potions_obtained":[{"floor":2.0,"key":"BloodPotion"},{"floor":6.0,"key":"DistilledChaos"},{"floor":7.0,"key":"PowerPotion"},{"floor":14.0,"key":"LiquidBronze"},{"floor":16.0,"key":"ColorlessPotion"},{"floor":19,"key":"DuplicationPotion"},{"floor":25,"key":"LiquidBronze"},{"floor":31,"key":"ColorlessPotion"}],"is_trial":false,"path_per_floor":["M","M","?","M","?","E","M","M","T","?","?","E","M","M","R","B",null,"M","M","?","?","?","R","?","E","T","R","T","E","?","M","R","B"],"character_chosen":"IRONCLAD","items_purchased":[],"campfire_rested":2,"item_purchase_floors":[],"current_hp_per_floor":[78,80,64,70,70,56,54,36,36,36,36,17,18,13,37,11,63,55,37,37,21,21,45,45,33,33,33,33,36,36,38,38,0,0],"gold":629,"neow_bonus":"THREE_ENEMY_KILL","is_daily":false,"chose_seed":false,"campfire_upgraded":2,"win_rate":0.0,"timestamp":1611804121,"path_taken":["M","M","?","M","?","E","?","M","T","?","?","E","?","M","R","BOSS","M","M","?","?","?","R","?","E","T","R","?","E","?","M","R","BOSS"],"items_purchased_type":[],"build_version":"2020-12-22","purchased_purges":0,"victory":false,"max_hp_per_floor":[80,80,80,80,80,80,80,80,80,80,80,80,80,80,80,80,80,80,80,80,80,80,80,80,80,80,80,80,80,40,40,40,40,40],"relic_stats":{"counters":[16,71],"Pantograph":27,"Gambling Chip":[22],"Astrolabe":["Reckless Charge","Shockwave","Disarm"],"Necronomicon":[13],"Letter Opener":[0],"War Paint":["Defend_R","Defend_R"],"obtain_stats":[{"Matryoshka":29,"NeowsBlessing":0,"Pantograph":9,"Gambling Chip":12,"Astrolabe":17,"Vajra":25,"Molten Egg 2":26,"CultistMask":5,"Necronomicon":21,"Letter Opener":28,"War Paint":6,"Burning Blood":0},{"Matryoshka":14,"NeowsBlessing":0,"Pantograph":6,"Gambling Chip":7,"Astrolabe":10,"Vajra":13,"Molten Egg 2":13,"CultistMask":3,"Necronomicon":12,"Letter Opener":13,"War Paint":4,"Burning Blood":0},{"Matryoshka":56,"NeowsBlessing":0,"Pantograph":17,"Gambling Chip":22,"Astrolabe":42,"Vajra":54,"Molten Egg 2":54,"CultistMask":3,"Necronomicon":52,"Letter Opener":54,"War Paint":8,"Burning Blood":0}],"Burning Blood":86},"card_choices":[{"not_picked":["Flex","Dark Embrace"],"picked":"Clothesline","floor":1.0},{"not_picked":["True Grit","Thunderclap"],"picked":"Flame Barrier","floor":2.0},{"not_picked":["Perfected Strike","Seeing Red"],"picked":"Bloodletting","floor":4.0},{"not_picked":["Clothesline","Burning Pact"],"picked":"Cleave","floor":6.0},{"not_picked":["Twin Strike","Wild Strike"],"picked":"Pommel Strike","floor":7.0},{"not_picked":["Thunderclap","Seeing Red","Heavy Blade"],"picked":"SKIP","floor":8.0},{"not_picked":["Dual Wield","Twin Strike","Uppercut"],"picked":"SKIP","floor":12.0},{"not_picked":["Feed","Heavy Blade"],"picked":"Whirlwind","floor":13.0},{"not_picked":["Twin Strike","Headbutt"],"picked":"Pommel Strike","floor":14.0},{"not_picked":["Bludgeon","Feed"],"picked":"Fiend Fire","floor":16.0},{"not_picked":["Clash","Twin Strike"],"picked":"Cleave+1","floor":18.0},{"not_picked":["Headbutt","Anger","Heavy Blade"],"picked":"SKIP","floor":19},{"not_picked":["Flex","Warcry+1"],"picked":"Disarm","floor":25},{"not_picked":["Clash+1","Limit Break"],"picked":"Disarm","floor":29},{"not_picked":["Iron Wave+1","Dark Embrace+1"],"picked":"Whirlwind+1","floor":31}],"player_experience":862813,"relics_obtained":[{"floor":6.0,"key":"War Paint"},{"floor":9.0,"key":"Pantograph"},{"floor":12.0,"key":"Gambling Chip"},{"floor":21,"key":"Necronomicon"},{"floor":25,"key":"Vajra"},{"floor":26,"key":"Molten Egg 2"},{"floor":28,"key":"Letter Opener"},{"floor":29,"key":"Matryoshka"}],"event_choices":[{"damage_healed":0.0,"max_hp_gain":0.0,"max_hp_loss":0.0,"gold_gain":0.0,"event_name":"Shining Light","player_choice":"Entered Light","floor":3.0,"gold_loss":0.0,"damage_taken":16.0,"cards_upgraded":["Defend_R","Strike_R"]},{"damage_healed":0.0,"max_hp_gain":0.0,"max_hp_loss":0.0,"gold_gain":0.0,"event_name":"FaceTrader","player_choice":"Trade","floor":5.0,"gold_loss":0.0,"damage_taken":0.0,"relics_obtained":["CultistMask"]},{"damage_healed":0.0,"max_hp_gain":0.0,"max_hp_loss":0.0,"gold_gain":0.0,"event_name":"Liars Game","player_choice":"Ignored","floor":10.0,"gold_loss":0.0,"damage_taken":0.0},{"damage_healed":0.0,"max_hp_gain":0.0,"max_hp_loss":0.0,"gold_gain":0.0,"cards_transformed":["Strike_R"],"event_name":"Transmorgrifier","player_choice":"Transformed","floor":11.0,"gold_loss":0.0,"damage_taken":0.0,"cards_obtained":["Armaments"]},{"damage_healed":0,"gold_gain":99,"player_choice":"Stole From Cult","damage_taken":0,"max_hp_gain":0,"max_hp_loss":0,"event_name":"Nest","floor":20,"gold_loss":0},{"damage_healed":0,"gold_gain":0,"player_choice":"Obtained Book","damage_taken":16,"max_hp_gain":0,"max_hp_loss":0,"event_name":"Cursed Tome","floor":21,"gold_loss":0},{"damage_healed":0,"gold_gain":0,"cards_transformed":["Cleave","Armaments"],"player_choice":"Became Test Subject","damage_taken":0,"max_hp_gain":0,"max_hp_loss":0,"event_name":"Drug Dealer","floor":22,"gold_loss":0,"cards_obtained":["Clothesline","Ghostly Armor"]},{"cards_removed":["Clothesline"],"damage_healed":0,"gold_gain":0,"player_choice":"Gave Gold","damage_taken":0,"max_hp_gain":0,"max_hp_loss":0,"event_name":"Beggar","floor":24,"gold_loss":75},{"damage_healed":0,"gold_gain":0,"player_choice":"Became a Ghost","damage_taken":0,"max_hp_gain":0,"max_hp_loss":40,"event_name":"Ghosts","floor":30,"gold_loss":0,"cards_obtained":["Ghostly","Ghostly","Ghostly","Ghostly","Ghostly"]}],"is_beta":false,"boss_relics":[{"not_picked":["Black Blood","Velvet Choker"],"picked":"Astrolabe"}],"items_purged_floors":[],"is_endless":false,"potions_floor_spawned":[2,6,7,14,16,19,25,31],"killed_by":"Champ","ascension_level":12}}