{"host":"4a6fro0of1ie0h2w","time":1611855972,"event":{"mods":["Aspiration","BaseMod","CCEM2","Colored Map","Conspire","Downfall","GifTheSpireLib","Halation","Highlight Path","Hubris","Infinite Spire","Marisa????????","Minty Spire (QoL Compilation)","Permanent Neow","Replay The Spire","StSLib","Stuff the Spire","The Servant 0.9.4"],"gold_per_floor":[99,118,131,131,146,146,146,179,79,179,179,196,96,116,127,223,223,223,223],"floor_reached":17,"language":"ENG","playtime":587,"items_purged":[],"score":165,"play_id":"dc36c0f4-61b0-49fb-b790-7a4993957230","local_time":"20210128194612","is_ascension_mode":true,"campfire_choices":[{"floor":1,"key":"RECALL"},{"data":"hubris:Fate","floor":9,"key":"SMITH"},{"floor":13,"key":"REST"}],"circlet_count":0,"master_deck":["sneckomod:SnekBite","sneckomod:SoulExchange","sneckomod:UnendingSupply","sneckomod:SnakeSap","sneckomod:UnknownRareAttack","sneckomod:UnknownStrike","hubris:Fate+1","sneckomod:CheapStock+1","sneckomod:SlitherStrike","sneckomod:UnknownUncommonPower","sneckomod:UnknownClassBLUE","sneckomod:SlitherStrike","sneckomod:UnknownBoss","sneckomod:UnknownRareSkill","Doubt","hubris:Greed"],"relics":["sneckomod:SneckoSoul","Replay:Baseball","downfall:HeartBlessingRed","CCEMRelics:FiftyFTOfRope","downfall:HeartBlessingBlue","Kintsugi"],"acts_visited":["Exordium","TheCity"],"potions_floor_usage":[10,16,16],"damage_taken":[{"damage":0,"enemies":"Cultist","floor":2,"turns":4},{"damage":0,"enemies":"2 Louse","floor":3,"turns":2},{"damage":0,"enemies":"Small Slimes","floor":5,"turns":2},{"damage":8,"enemies":"Gremlin Nob","floor":8,"turns":3},{"damage":13,"enemies":"downfall:Heads","floor":10,"turns":3},{"damage":0,"enemies":"3 Louse","floor":12,"turns":2},{"damage":15,"enemies":"2 Fungi Beasts","floor":14,"turns":3},{"damage":12,"enemies":"Blue Slaver","floor":15,"turns":2},{"damage":43,"enemies":"IC_STATUS_ARCHETYPE","floor":16,"turns":6}],"seed_played":"-942555174811057994","potions_obtained":[{"floor":3,"key":"infinitespire:BlackPotion"},{"floor":8,"key":"Explosive Potion"},{"floor":10,"key":"sneckomod:DiceRollPotion"},{"floor":12,"key":"Regen Potion"}],"is_trial":false,"path_per_floor":["R","M","M","?","M","?","T","E","R","?","?","M","R","M","M","B",null],"character_chosen":"THE_SNECKO","items_purchased":[],"campfire_rested":1,"item_purchase_floors":[],"current_hp_per_floor":[90,90,90,90,90,68,68,60,60,47,14,14,54,39,27,21,100,100,100],"gold":223,"neow_bonus":"TRANSFORM_CARD","is_daily":false,"chose_seed":false,"campfire_upgraded":1,"win_rate":0.0,"timestamp":1611855972,"path_taken":["R","M","?","?","?","?","T","E","R","?","?","M","R","M","M","BOSS"],"items_purchased_type":[],"build_version":"2020-12-22","purchased_purges":0,"victory":false,"max_hp_per_floor":[90,90,90,90,90,90,90,90,90,90,90,90,100,100,100,100,100,100,100],"card_choices":[{"not_picked":["sneckomod:SoulRoll","sneckomod:UnknownClassMARISA_DERIVATIONS"],"picked":"sneckomod:UnendingSupply","floor":2},{"not_picked":["sneckomod:IronFang","sneckomod:SoulRoll"],"picked":"sneckomod:SnakeSap","floor":3},{"not_picked":["sneckomod:UnknownWeak","sneckomod:PureSnecko"],"picked":"sneckomod:UnknownStrike","floor":5},{"not_picked":["infinitespire:Starlight","infinitespire:TheBestDefense"],"picked":"hubris:Fate","floor":6},{"not_picked":["sneckomod:ImprovisedGuard","sneckomod:SoulDraw"],"picked":"sneckomod:CheapStock","floor":8},{"not_picked":["sneckomod:UnknownExhaust","sneckomod:Unknown2Cost"],"picked":"sneckomod:UnknownUncommonPower","floor":10},{"not_picked":["sneckomod:QuickMove","sneckomod:UnknownClassSYNTHESIST_COLOR"],"picked":"sneckomod:UnknownClassBLUE","floor":12},{"not_picked":["sneckomod:Memorize","sneckomod:Rotation"],"picked":"sneckomod:SlitherStrike","floor":14},{"not_picked":["sneckomod:UnknownClassRED","sneckomod:UnknownUncommonAttack"],"picked":"sneckomod:UnknownBoss","floor":15},{"not_picked":["sneckomod:Cheat","sneckomod:UnknownBoss"],"picked":"sneckomod:UnknownRareSkill","floor":16}],"player_experience":226259,"relics_obtained":[{"floor":8,"key":"Replay:Baseball"}],"event_choices":[{"damage_healed":0,"gold_gain":0,"player_choice":"Success","damage_taken":33,"relics_obtained":["CCEMRelics:FiftyFTOfRope"],"max_hp_gain":0,"max_hp_loss":0,"event_name":"Scrap Ooze","floor":11,"gold_loss":0}],"is_beta":false,"boss_relics":[{"not_picked":["SacredBark","aspiration:FutureDiary"],"picked":"Kintsugi"}],"items_purged_floors":[],"is_endless":false,"potions_floor_spawned":[3,8,10,12,15],"ascension_level":1}}