{"host":"g01l53quoe6lrer0","time":1611828050,"event":{"mods":["2.2 Compatiblity","AchievementEnabler","BaseMod","Colored Map","Highlight Path","Keyboard Shortcuts","Minty Spire (QoL Compilation)","Permanent Neow","StSLib","SuperFastMode","everything is the same but u backflip on backflip"],"gold_per_floor":[19,33,50,50,66,66,79,79,152,44,44,63,63,91,91,196,196,212,127,139,139,151,151,163,192,239,139,157,191,66,66,66,164,164,184,184,184,34,47,47,79,96,120,138,158,171,204,204,204,204],"floor_reached":51,"language":"KOR","playtime":3299,"items_purged":["Defend_P","PathToVictory","DeusExMachina","Decay"],"score":1324,"play_id":"fdae78a4-c94d-4f93-83f0-f783483e1e1e","local_time":"20210128190050","is_ascension_mode":true,"campfire_choices":[{"data":"Eruption","floor":6.0,"key":"SMITH"},{"data":"Adaptation","floor":8.0,"key":"SMITH"},{"floor":11.0,"key":"REST"},{"data":"Wallop","floor":15.0,"key":"SMITH"},{"data":"FearNoEvil","floor":23.0,"key":"SMITH"},{"floor":32.0,"key":"REST"},{"data":"Evaluate","floor":40.0,"key":"SMITH"},{"floor":49,"key":"REST"}],"circlet_count":0,"master_deck":["AscendersBane","Eruption+1","Vigilance","Wallop+1","Adaptation+1","FearNoEvil+1","Evaluate+1","JustLucky+1","MentalFortress+1","DevaForm+1","LikeWater+1","BowlingBash+1","Parasite"],"relics":["PureWater","Pear","Torii","Runic Pyramid","Potion Belt","Vajra","Regal Pillow","Anchor","Astrolabe","FossilizedHelix","Pen Nib","Whetstone"],"acts_visited":["Exordium","TheCity","TheBeyond"],"potions_floor_usage":[],"damage_taken":[{"damage":0.0,"enemies":"Cultist","floor":1.0,"turns":4.0},{"damage":3.0,"enemies":"Small Slimes","floor":2.0,"turns":2.0},{"damage":0.0,"enemies":"2 Louse","floor":3.0,"turns":2.0},{"damage":12.0,"enemies":"Exordium Wildlife","floor":5.0,"turns":6.0},{"damage":9.0,"enemies":"Red Slaver","floor":7.0,"turns":2.0},{"damage":5.0,"enemies":"Gremlin Gang","floor":12.0,"turns":4.0},{"damage":0.0,"enemies":"Gremlin Nob","floor":14.0,"turns":3.0},{"damage":15.0,"enemies":"The Guardian","floor":16.0,"turns":11.0},{"damage":8.0,"enemies":"3 Byrds","floor":18.0,"turns":4.0},{"damage":0.0,"enemies":"Chosen","floor":20.0,"turns":4.0},{"damage":1.0,"enemies":"3 Cultists","floor":22.0,"turns":4.0},{"damage":9.0,"enemies":"Snake Plant","floor":24.0,"turns":4.0},{"damage":1.0,"enemies":"Gremlin Leader","floor":25.0,"turns":4.0},{"damage":0.0,"enemies":"Snecko","floor":28.0,"turns":3.0},{"damage":25.0,"enemies":"Slavers","floor":29.0,"turns":5.0},{"damage":2.0,"enemies":"Colosseum Slavers","floor":31.0,"turns":3.0},{"damage":0.0,"enemies":"Collector","floor":33.0,"turns":3.0},{"damage":0.0,"enemies":"3 Shapes","floor":35.0,"turns":4.0},{"damage":1.0,"enemies":"3 Darklings","floor":39.0,"turns":3.0},{"damage":40.0,"enemies":"Nemesis","floor":41.0,"turns":7.0},{"damage":0.0,"enemies":"Spire Growth","floor":42.0,"turns":4.0},{"damage":0.0,"enemies":"Writhing Mass","floor":44.0,"turns":3.0},{"damage":0.0,"enemies":"Sphere and 2 Shapes","floor":45.0,"turns":3.0},{"damage":14.0,"enemies":"Jaw Worm Horde","floor":46.0,"turns":4.0},{"damage":9,"enemies":"Reptomancer","floor":47,"turns":4},{"damage":24,"enemies":"Donu and Deca","floor":50,"turns":5}],"seed_played":"-8027744286992004288","potions_obtained":[{"floor":1.0,"key":"Block Potion"},{"floor":3.0,"key":"Block Potion"},{"floor":5.0,"key":"SkillPotion"},{"floor":12.0,"key":"Weak Potion"},{"floor":14.0,"key":"FearPotion"},{"floor":20.0,"key":"Swift Potion"},{"floor":22.0,"key":"ColorlessPotion"},{"floor":24.0,"key":"Ancient Potion"},{"floor":39.0,"key":"SneckoOil"},{"floor":44.0,"key":"Fire Potion"},{"floor":45.0,"key":"Block Potion"},{"floor":47,"key":"SteroidPotion"}],"is_trial":false,"path_per_floor":["M","M","M","?","M","R","M","R","T","$","R","M","?","E","R","B",null,"M","?","M","?","M","R","M","E","T","$","M","E","$","?","R","B",null,"M","?","?","$","M","R","E","M","T","M","M","M","E","?","R","B",null],"character_chosen":"WATCHER","items_purchased":["FearNoEvil"],"campfire_rested":3,"item_purchase_floors":[10],"current_hp_per_floor":[65,62,62,55,43,43,34,34,44,44,68,63,63,63,63,48,74,66,66,66,66,65,65,56,55,55,55,55,30,30,28,67,67,78,78,78,78,78,77,77,37,37,37,37,37,23,14,14,52,28],"gold":204,"neow_bonus":"TRANSFORM_TWO_CARDS","is_daily":false,"chose_seed":false,"campfire_upgraded":5,"win_rate":0.0,"timestamp":1611828050,"path_taken":["M","M","M","?","?","R","M","R","T","$","R","M","?","E","R","BOSS","M","?","M","?","M","R","M","E","T","$","M","E","$","?","R","BOSS","M","?","?","$","?","R","E","M","T","?","M","M","E","?","R","BOSS"],"items_purchased_type":["Card"],"build_version":"2020-12-22","purchased_purges":4,"victory":true,"max_hp_per_floor":[72,72,72,72,72,72,72,72,82,82,82,82,82,82,82,82,82,82,82,82,82,82,82,82,82,82,82,82,82,82,82,82,82,82,82,78,78,78,78,78,78,78,78,78,78,78,78,78,78,78],"card_choices":[{"not_picked":["FollowUp","Halt"],"picked":"Adaptation","floor":1.0},{"not_picked":["ThirdEye","CarveReality","Prostrate"],"picked":"SKIP","floor":2.0},{"not_picked":["Nirvana","Vengeance","CutThroughFate"],"picked":"SKIP","floor":3.0},{"not_picked":["SignatureMove","Fasting2","JustLucky"],"picked":"SKIP","floor":5.0},{"not_picked":["CarveReality","InnerPeace","FlyingSleeves"],"picked":"SKIP","floor":7.0},{"not_picked":["BowlingBash","BattleHymn"],"picked":"Evaluate","floor":12.0},{"not_picked":["ThirdEye","Evaluate","Vengeance"],"picked":"SKIP","floor":14.0},{"not_picked":["PathToVictory","FlurryOfBlows+1","Consecrate"],"picked":"SKIP","floor":18.0},{"not_picked":["SashWhip+1","PathToVictory","SandsOfTime"],"picked":"SKIP","floor":20.0},{"not_picked":["Study","WindmillStrike","BowlingBash"],"picked":"SKIP","floor":22.0},{"not_picked":["Indignation","Prostrate","FollowUp"],"picked":"SKIP","floor":24.0},{"not_picked":["CutThroughFate","WheelKick","Blasphemy"],"picked":"SKIP","floor":25.0},{"not_picked":["WheelKick","Crescendo+1"],"picked":"MentalFortress+1","floor":28.0},{"not_picked":["ClearTheMind","WheelKick+1","FlurryOfBlows+1"],"picked":"SKIP","floor":29.0},{"not_picked":["Evaluate","ClearTheMind+1","Perseverance"],"picked":"SKIP","floor":35.0},{"not_picked":["Worship","ThirdEye+1","SignatureMove"],"picked":"SKIP","floor":39.0},{"not_picked":["CrushJoints","SashWhip","Conclude+1"],"picked":"SKIP","floor":41.0},{"not_picked":["EmptyBody","BowlingBash+1","WaveOfTheHand+1"],"picked":"SKIP","floor":42.0},{"not_picked":["EmptyFist+1","BowlingBash","MentalFortress"],"picked":"SKIP","floor":44.0},{"not_picked":["ConjureBlade","Weave+1","PathToVictory"],"picked":"SKIP","floor":45.0},{"not_picked":["ClearTheMind","LikeWater","FollowUp"],"picked":"SKIP","floor":46.0},{"not_picked":["ThirdEye","EmptyMind+1","Halt"],"picked":"SKIP","floor":47}],"player_experience":315974,"relics_obtained":[{"floor":9.0,"key":"Pear"},{"floor":14.0,"key":"Torii"},{"floor":25.0,"key":"Vajra"},{"floor":26.0,"key":"Regal Pillow"},{"floor":29.0,"key":"Anchor"},{"floor":41.0,"key":"FossilizedHelix"},{"floor":43.0,"key":"Pen Nib"},{"floor":47,"key":"Whetstone"}],"event_choices":[{"damage_healed":0.0,"max_hp_gain":0.0,"max_hp_loss":0.0,"gold_gain":0.0,"event_name":"Wheel of Change","player_choice":"Damaged","floor":4.0,"gold_loss":0.0,"damage_taken":7.0},{"damage_healed":0.0,"max_hp_gain":0.0,"max_hp_loss":0.0,"gold_gain":0.0,"event_name":"Golden Idol","player_choice":"Ignored","floor":13.0,"gold_loss":0.0,"damage_taken":0.0},{"damage_healed":0.0,"max_hp_gain":0.0,"max_hp_loss":0.0,"gold_gain":0.0,"event_name":"Addict","player_choice":"Obtained Relic","floor":19.0,"gold_loss":85.0,"damage_taken":0.0,"relics_obtained":["Potion Belt"]},{"damage_healed":0.0,"max_hp_gain":0.0,"max_hp_loss":0.0,"gold_gain":0.0,"cards_transformed":["Defend_P","Strike_P"],"event_name":"Drug Dealer","player_choice":"Became Test Subject","floor":21.0,"gold_loss":0.0,"damage_taken":0.0,"cards_obtained":["PathToVictory","JustLucky"]},{"damage_healed":0.0,"max_hp_gain":0.0,"max_hp_loss":0.0,"gold_gain":0.0,"event_name":"Colosseum","player_choice":"Fight","floor":31.0,"gold_loss":0.0,"damage_taken":0.0},{"damage_healed":0.0,"max_hp_gain":0.0,"max_hp_loss":0.0,"gold_gain":0.0,"event_name":"Colosseum","player_choice":"Fled From Nobs","floor":31.0,"gold_loss":0.0,"damage_taken":0.0},{"damage_healed":0.0,"max_hp_gain":0.0,"max_hp_loss":4.0,"gold_gain":0.0,"event_name":"Winding Halls","player_choice":"Max HP","floor":36.0,"gold_loss":0.0,"damage_taken":0.0},{"damage_healed":0.0,"max_hp_gain":0.0,"max_hp_loss":0.0,"gold_gain":0.0,"event_name":"Wheel of Change","player_choice":"Cursed","floor":37.0,"gold_loss":0.0,"damage_taken":0.0,"cards_obtained":["Decay"]},{"damage_healed":0,"gold_gain":0,"player_choice":"Memory 1","damage_taken":0,"max_hp_gain":0,"max_hp_loss":0,"event_name":"SensoryStone","floor":48,"gold_loss":0}],"is_beta":false,"boss_relics":[{"not_picked":["Runic Dome","Ectoplasm"],"picked":"Runic Pyramid"},{"not_picked":["Cursed Key","Velvet Choker"],"picked":"Astrolabe"}],"items_purged_floors":[10,27,30,38],"is_endless":false,"potions_floor_spawned":[1,3,5,12,14,20,22,24,39,44,45,47],"ascension_level":10}}