{"host":"tq99ucv8ezzqzioe","time":1611804891,"event":{"mods":["BaseMod","Colored Map","Downfall","Highlight Path","Minty Spire (QoL Compilation)","StSLib"],"gold_per_floor":[99,115,125,125,125,139,165,198,209,235,335,4,4,21,39,39,39,39],"floor_reached":16,"language":"ENG","playtime":1135,"items_purged":["hexamod:Strike"],"score":118,"play_id":"9e85ec3c-f11c-4520-96be-db1a202dd5d9","local_time":"20210127223451","is_ascension_mode":true,"campfire_choices":[{"data":"hexamod:Float","floor":1,"key":"SMITH"},{"floor":13,"key":"RECALL"}],"circlet_count":0,"master_deck":["hexamod:Strike","hexamod:Strike","hexamod:Strike","hexamod:Defend","hexamod:Defend","hexamod:Defend","hexamod:Defend","hexamod:Sear","hexamod:Float+1","hexamod:EtherealExpedition","hexamod:ThermalTransfer","hexamod:EtherealExpedition","hexamod:ShieldOfDarkness","hexamod:SwordOfDarkness","hexamod:HeatCrush","hexamod:ThermalTransfer","hexamod:HeatCrush","hexamod:Firestarter+1","hexamod:FlamesFromBeyond"],"relics":["Runic Pyramid","downfall:ShatteredFragment","Matryoshka","Omamori","Molten Egg 2"],"acts_visited":["Exordium"],"potions_floor_usage":[10,16],"damage_taken":[{"damage":5,"enemies":"Small Slimes","floor":2,"turns":3},{"damage":6,"enemies":"Jaw Worm","floor":3,"turns":3},{"damage":1,"enemies":"Cultist","floor":6,"turns":3},{"damage":9,"enemies":"Lagavulin","floor":8,"turns":6},{"damage":0,"enemies":"Blue Slaver","floor":9,"turns":2},{"damage":22,"enemies":"3 Sentries","floor":10,"turns":8},{"damage":0,"enemies":"downfall:FleeingMerchant","floor":12,"turns":4},{"damage":0,"enemies":"Large Slime","floor":14,"turns":4},{"damage":4,"enemies":"Gremlin Gang","floor":15,"turns":4},{"damage":11,"enemies":"IC_STATUS_ARCHETYPE","floor":16,"turns":4}],"seed_played":"-6749275855572956752","potions_obtained":[{"floor":2,"key":"SteroidPotion"},{"floor":9,"key":"LiquidMemories"},{"floor":10,"key":"Fruit Juice"}],"is_trial":false,"path_per_floor":["R","M","M","?","?","M","T","E","M","E","?","$","R","M","M","B"],"character_chosen":"THE_SPIRIT","items_purchased":["Molten Egg 2"],"campfire_rested":0,"item_purchase_floors":[12],"current_hp_per_floor":[70,65,59,38,38,37,37,28,28,11,11,11,11,11,7,0,0,0],"gold":39,"neow_bonus":"BOSS_RELIC","is_daily":false,"chose_seed":false,"campfire_upgraded":1,"win_rate":0.0,"timestamp":1611804891,"path_taken":["R","M","M","?","?","?","T","E","M","E","?","$","R","M","M","BOSS"],"items_purchased_type":["Relic"],"build_version":"2020-12-22","purchased_purges":1,"victory":false,"max_hp_per_floor":[70,70,70,70,70,70,70,70,70,75,75,75,75,75,75,75,75,75],"card_choices":[{"not_picked":["hexamod:ShieldOfDarkness","hexamod:AdvancingGuard"],"picked":"hexamod:EtherealExpedition","floor":2},{"not_picked":["hexamod:FastForward","hexamod:NightmareGuise"],"picked":"hexamod:ThermalTransfer","floor":3},{"not_picked":["hexamod:Haunt","hexamod:InspiringFlames"],"picked":"hexamod:ShieldOfDarkness","floor":6},{"not_picked":["hexamod:SpectralAdrenaline","hexamod:Hexaguard"],"picked":"hexamod:SwordOfDarkness","floor":8},{"not_picked":["hexamod:ShieldOfDarkness","hexamod:RetreatToShadows"],"picked":"hexamod:HeatCrush","floor":9},{"not_picked":["hexamod:GiftsFromTheDead","hexamod:InspiringFlames"],"picked":"hexamod:ThermalTransfer","floor":10},{"not_picked":["hexamod:PhantomCloak","hexamod:FourthSeal"],"picked":"hexamod:HeatCrush","floor":12},{"not_picked":["hexamod:FlamesFromBeyond","hexamod:NecessarySacrifice"],"picked":"hexamod:Firestarter+1","floor":14},{"not_picked":["hexamod:PowerFromBeyond","hexamod:NightmareGuise"],"picked":"hexamod:FlamesFromBeyond","floor":15}],"player_experience":796692,"relics_obtained":[{"floor":8,"key":"Matryoshka"},{"floor":10,"key":"Omamori"}],"event_choices":[],"is_beta":false,"boss_relics":[],"items_purged_floors":[12],"is_endless":false,"potions_floor_spawned":[2,9,10],"killed_by":"IC_STATUS_ARCHETYPE","ascension_level":1}}