{"host":"aqym1xxr3lb31d9m","time":1611822650,"event":{"mods":["BaseMod","Block Reminder","Colored Map","Colored Powertips","DeckTracker","Highlight Path","Minty Spire (QoL Compilation)","Quick Restart","Random Character Button","StSLib","SuperFastMode","UnlockEverythingMod"],"gold_per_floor":[14,14,29,39,55,88,88,117,117,117,117,132,166,181,181,258,258,275,275,275,275,309,309,341,361,384,384,384,384],"floor_reached":28,"language":"JPN","playtime":1131,"items_purged":[],"score":562,"play_id":"e36b567a-728f-4972-8827-daad3c25f7e4","local_time":"20210128173050","is_ascension_mode":true,"campfire_choices":[{"data":"Apotheosis","floor":7.0,"key":"SMITH"},{"data":"Sunder","floor":11.0,"key":"SMITH"},{"data":"Self Repair","floor":15.0,"key":"SMITH"},{"data":"Ghostly","floor":23,"key":"SMITH"}],"circlet_count":0,"master_deck":["AscendersBane","Strike_B","Strike_B","Strike_B","Strike_B","Defend_B","Defend_B","Defend_B","Defend_B","Zap","Dualcast","Apotheosis+1","Compile Driver","Hologram","Melter","Beam Cell","All For One","Sunder+1","Self Repair+1","Turbo","Go for the Eyes","Echo Form","Hologram","Ghostly+1","Ghostly","Ghostly","Undo","Sunder","Force Field","Doom and Gloom"],"relics":["Cracked Core","Matryoshka","Kunai","Tiny Chest","Pantograph","Pen Nib","Snecko Eye","Oddly Smooth Stone","Ornamental Fan","Red Mask","Boot","Nunchaku"],"acts_visited":["Exordium","TheCity"],"potions_floor_usage":[28],"damage_taken":[{"damage":0.0,"enemies":"Small Slimes","floor":1.0,"turns":3.0},{"damage":0.0,"enemies":"2 Louse","floor":3.0,"turns":3.0},{"damage":0.0,"enemies":"Cultist","floor":4.0,"turns":3.0},{"damage":13.0,"enemies":"Looter","floor":5.0,"turns":4.0},{"damage":8.0,"enemies":"Gremlin Nob","floor":6.0,"turns":3.0},{"damage":14.0,"enemies":"3 Sentries","floor":8.0,"turns":6.0},{"damage":0.0,"enemies":"3 Louse","floor":12.0,"turns":2.0},{"damage":8.0,"enemies":"Gremlin Nob","floor":13.0,"turns":3.0},{"damage":3.0,"enemies":"Exordium Wildlife","floor":14.0,"turns":4.0},{"damage":29.0,"enemies":"Hexaghost","floor":16.0,"turns":7.0},{"damage":12.0,"enemies":"Chosen","floor":18.0,"turns":3.0},{"damage":17,"enemies":"Masked Bandits","floor":22,"turns":6},{"damage":0,"enemies":"Gremlin Leader","floor":24,"turns":5},{"damage":20,"enemies":"3 Byrds","floor":25,"turns":6},{"damage":27,"enemies":"Book of Stabbing","floor":28,"turns":5}],"seed_played":"3026562667966611834","potions_obtained":[{"floor":3.0,"key":"Swift Potion"},{"floor":4.0,"key":"Energy Potion"},{"floor":6.0,"key":"SteroidPotion"},{"floor":12.0,"key":"Energy Potion"},{"floor":25,"key":"LiquidMemories"}],"is_trial":false,"path_per_floor":["M","$","M","M","M","E","R","E","T","?","R","M","E","M","R","B",null,"M","?","?","T","?","R","E","M","T","?","E"],"character_chosen":"DEFECT","items_purchased":[],"campfire_rested":0,"item_purchase_floors":[],"current_hp_per_floor":[64,64,64,64,51,43,43,29,29,34,34,34,33,30,30,36,66,64,38,38,38,31,31,38,28,28,22,0,0],"gold":384,"neow_bonus":"RANDOM_COLORLESS_2","is_daily":false,"chose_seed":false,"campfire_upgraded":4,"win_rate":0.0,"timestamp":1611822650,"path_taken":["M","$","M","M","M","E","R","E","T","?","R","M","E","M","R","BOSS","M","?","?","?","?","R","E","M","T","?","E"],"items_purchased_type":[],"build_version":"2020-12-22","purchased_purges":0,"victory":false,"max_hp_per_floor":[71,71,71,71,71,71,71,71,71,76,76,76,76,76,76,76,76,76,38,38,38,38,38,38,38,38,38,38,38],"card_choices":[{"not_picked":["Violence","Secret Technique"],"picked":"Apotheosis","floor":0.0},{"not_picked":["Stack","Turbo"],"picked":"Compile Driver","floor":1.0},{"not_picked":["Redo","Conserve Battery"],"picked":"Hologram","floor":3.0},{"not_picked":["Steam","Skim"],"picked":"Melter","floor":4.0},{"not_picked":["Coolheaded","Recycle"],"picked":"Beam Cell","floor":5.0},{"not_picked":["Reprogram","Chill"],"picked":"All For One","floor":6.0},{"not_picked":["Stack","Compile Driver"],"picked":"Sunder","floor":8.0},{"not_picked":["Hello World","Steam"],"picked":"Self Repair","floor":12.0},{"not_picked":["Streamline","Lockon"],"picked":"Turbo","floor":13.0},{"not_picked":["Force Field","Coolheaded"],"picked":"Go for the Eyes","floor":14.0},{"not_picked":["Biased Cognition","Meteor Strike"],"picked":"Echo Form","floor":16.0},{"not_picked":["Stack","Conserve Battery"],"picked":"Hologram","floor":18.0},{"not_picked":["Doom and Gloom","Coolheaded"],"picked":"Sunder","floor":22},{"not_picked":["Steam","Reprogram+1"],"picked":"Force Field","floor":24},{"not_picked":["Barrage+1","Go for the Eyes"],"picked":"Doom and Gloom","floor":25}],"player_experience":4119281,"relics_obtained":[{"floor":6.0,"key":"Matryoshka"},{"floor":8.0,"key":"Kunai"},{"floor":9.0,"key":"Tiny Chest"},{"floor":9.0,"key":"Pantograph"},{"floor":13.0,"key":"Pen Nib"},{"floor":21.0,"key":"Oddly Smooth Stone"},{"floor":21.0,"key":"Ornamental Fan"},{"floor":22,"key":"Red Mask"},{"floor":24,"key":"Boot"},{"floor":26,"key":"Nunchaku"}],"event_choices":[{"damage_healed":0.0,"max_hp_gain":5.0,"max_hp_loss":0.0,"gold_gain":0.0,"event_name":"Big Fish","player_choice":"Donut","floor":10.0,"gold_loss":0.0,"damage_taken":0.0},{"damage_healed":0.0,"max_hp_gain":0.0,"max_hp_loss":38.0,"gold_gain":0.0,"event_name":"Ghosts","player_choice":"Became a Ghost","floor":19.0,"gold_loss":0.0,"damage_taken":0.0,"cards_obtained":["Ghostly","Ghostly","Ghostly"]},{"damage_healed":0.0,"max_hp_gain":0.0,"max_hp_loss":0.0,"gold_gain":0.0,"event_name":"The Library","player_choice":"Read","floor":20.0,"gold_loss":0.0,"damage_taken":0.0,"cards_obtained":["Undo"]},{"damage_healed":0,"gold_gain":0,"player_choice":"Fought Bandits","damage_taken":0,"max_hp_gain":0,"max_hp_loss":0,"event_name":"Masked Bandits","floor":22,"gold_loss":0},{"damage_healed":0,"gold_gain":0,"player_choice":"","damage_taken":6,"max_hp_gain":0,"max_hp_loss":0,"event_name":"Knowing Skull","floor":27,"potions_obtained":[],"gold_loss":0,"cards_obtained":[]}],"is_beta":false,"boss_relics":[{"not_picked":["Busted Crown","Black Star"],"picked":"Snecko Eye"}],"items_purged_floors":[],"is_endless":false,"potions_floor_spawned":[3,4,6,12,25],"killed_by":"Book of Stabbing","ascension_level":20}}