{"host":"hbel9g7s7ibv8po6","time":1611843259,"event":{"mods":["Act Like it!","BaseMod","Duelist Mod","Minty Spire (QoL Compilation)","StSLib"],"gold_per_floor":[140,140,140,68,68,402,402,431,431,431,431,431,51,86,86,181,181,195,205,205,105,119,154,168,168,247,282,282,282,157,157,157],"floor_reached":31,"language":"ENG","playtime":688,"items_purged":["theDuelist:BlockMetronome","theDuelist:CurseArmaments","Bite"],"score":565,"play_id":"c2fb1b1d-6168-4013-9e23-509f67865229","local_time":"20210128221419","is_ascension_mode":true,"campfire_choices":[{"data":"theDuelist:Raigeki","floor":7,"key":"SMITH"},{"data":"theDuelist:Metronome","floor":10,"key":"SMITH"},{"data":"theDuelist:Metronome","floor":15,"key":"SMITH"},{"data":"theDuelist:RareMonsterMetronome","floor":25,"key":"SMITH"},{"data":"Bite","floor":29,"key":"SMITH"}],"circlet_count":0,"master_deck":["Bite+1","theDuelist:TrapMetronome","Bite","theDuelist:AttackMetronome","theDuelist:Metronome+1","theDuelist:UncommonAttackMetronome","theDuelist:BlockMetronome","theDuelist:SkillMetronome","theDuelist:BlockMetronome","theDuelist:Metronome+1","theDuelist:ForbiddenLance+1","Bite","theDuelist:MachineMetronome+1","Bite","theDuelist:RareMonsterMetronome+1","theDuelist:Raigeki+1","theDuelist:UncommonAttackMetronome","theDuelist:SkillMetronome","theDuelist:PowerMetronome","AscendersBane","theDuelist:AttackMetronome","theDuelist:BlockMetronome"],"relics":["theDuelist:MillenniumPuzzle","theDuelist:CardPoolRelic","theDuelist:CardPoolBasicRelic","theDuelist:BoosterPackPoolRelic","theDuelist:CardPoolAddRelic","theDuelist:CardPoolMinusRelic","theDuelist:CardPoolSaveRelic","theDuelist:CardPoolOptionsRelic","NeowsBlessing","Old Coin","Gremlin Horn","theDuelist:DuelistUrn","theDuelist:MillenniumScale","theDuelist:ResummonBranch","Bag of Preparation","Runic Cube","theDuelist:BoosterPackTrapEgg","theDuelist:MetronomeRelicD","Dead Branch"],"acts_visited":["Exordium","TheCity"],"potions_floor_usage":[31,31,31],"damage_taken":[{"damage":0,"enemies":"Jaw Worm","floor":1,"turns":1},{"damage":0,"enemies":"3 Sentries","floor":6,"turns":1},{"damage":0,"enemies":"Lagavulin","floor":8,"turns":1},{"damage":11,"enemies":"3 Sentries","floor":14,"turns":4},{"damage":10,"enemies":"Slime Boss","floor":16,"turns":5},{"damage":1,"enemies":"2 Thieves","floor":18,"turns":3},{"damage":1,"enemies":"Spheric Guardian","floor":19,"turns":1},{"damage":36,"enemies":"Shelled Parasite and Fungi","floor":22,"turns":4},{"damage":0,"enemies":"Gremlin Leader","floor":23,"turns":3},{"damage":3,"enemies":"Snecko","floor":24,"turns":4},{"damage":32,"enemies":"Book of Stabbing","floor":27,"turns":4},{"damage":22,"enemies":"Book of Stabbing","floor":31,"turns":3}],"seed_played":"-3904119891161163209","potions_obtained":[{"floor":1,"key":"theDuelist:MayhemPotion"},{"floor":14,"key":"theDuelist:SummonFuryPotion"},{"floor":16,"key":"BlessingOfTheForge"},{"floor":18,"key":"theDuelist:IcePotion"}],"is_trial":false,"path_per_floor":["M","?","?","$","?","E","R","E","T","R","T","?","$","E","R","B",null,"M","M","?","$","M","E","M","R","T","E","?","R","$","?"],"character_chosen":"THE_DUELIST","items_purchased":["theDuelist:UncommonAttackMetronome","theDuelist:ResummonBranch"],"campfire_rested":0,"item_purchase_floors":[4,13],"current_hp_per_floor":[72,72,65,65,65,65,65,65,65,65,65,65,65,54,54,46,72,73,72,72,72,38,38,35,35,35,3,3,3,3,0,0],"gold":157,"neow_bonus":"THREE_ENEMY_KILL","is_daily":false,"chose_seed":false,"campfire_upgraded":5,"win_rate":0.0,"timestamp":1611843259,"path_taken":["M","?","?","$","?","E","R","E","T","R","?","?","?","E","R","BOSS","M","M","?","$","?","E","M","R","T","E","?","R","$","?"],"items_purchased_type":["Card","Relic"],"build_version":"2020-12-22","purchased_purges":3,"victory":false,"max_hp_per_floor":[80,80,80,80,80,80,80,80,80,80,80,80,80,80,80,80,80,80,80,80,80,80,80,80,80,80,80,56,56,56,56,56],"card_choices":[{"not_picked":["theDuelist:BigFire","theDuelist:GraniteLoyalist","theDuelist:Sangan","theDuelist:Blockman"],"picked":"theDuelist:ForbiddenLance","floor":1},{"not_picked":["theDuelist:BattleguardKing","theDuelist:EarthquakeGiant","theDuelist:WormKing","theDuelist:WormWarlord"],"picked":"theDuelist:Raigeki","floor":6},{"not_picked":["theDuelist:BattleguardKing","theDuelist:MillenniumGolem","theDuelist:GraniteLoyalist","theDuelist:EarthquakeGiant","theDuelist:WormKing"],"picked":"SKIP","floor":8},{"not_picked":["theDuelist:BattleOx","theDuelist:EvilswarmHeliotrope","theDuelist:GauntletWarrior","theDuelist:WormKing","theDuelist:BigFire"],"picked":"SKIP","floor":14},{"not_picked":["theDuelist:DestroyerGolem+1","theDuelist:EvilswarmHeliotrope","theDuelist:FeatherPho","theDuelist:PreventRat","theDuelist:RedHeadedOni"],"picked":"SKIP","floor":18},{"not_picked":["theDuelist:MillenniumGolem","theDuelist:ClearKuriboh","theDuelist:FuryFire","theDuelist:BigFire","theDuelist:ForbiddenLance"],"picked":"SKIP","floor":19},{"not_picked":["theDuelist:WarriorMetronome","theDuelist:UndeadMetronome","theDuelist:RareNatureMetronome","theDuelist:PredaplantMetronome"],"picked":"theDuelist:RareMonsterMetronome","floor":22},{"not_picked":["theDuelist:DestroyerGolem","theDuelist:EarthquakeGiant+1","theDuelist:WormKing","theDuelist:MillenniumGolem","theDuelist:WormWarlord"],"picked":"SKIP","floor":23},{"not_picked":["theDuelist:BigFire","theDuelist:EarthquakeGiant","theDuelist:GaiaMidNightSun","theDuelist:GraniteLoyalist","theDuelist:WormWarlord"],"picked":"SKIP","floor":24},{"not_picked":["theDuelist:RockMetronome","theDuelist:NaturiaMetronome","theDuelist:LabyrinthNightmareMetronome","theDuelist:CyberMetronome"],"picked":"theDuelist:MachineMetronome+1","floor":27}],"player_experience":158971,"relics_obtained":[{"floor":6,"key":"Old Coin"},{"floor":8,"key":"White Beast Statue"},{"floor":9,"key":"Gremlin Horn"},{"floor":11,"key":"theDuelist:DuelistUrn"},{"floor":14,"key":"Bag of Preparation"},{"floor":23,"key":"theDuelist:BoosterPackTrapEgg"},{"floor":26,"key":"theDuelist:MetronomeRelicD"},{"floor":27,"key":"Dead Branch"}],"event_choices":[{"damage_healed":0,"gold_gain":0,"player_choice":"Grow","damage_taken":0,"max_hp_gain":0,"max_hp_loss":0,"event_name":"Living Wall","floor":2,"gold_loss":0,"cards_upgraded":["theDuelist:ForbiddenLance"]},{"cards_removed":["theDuelist:AttackMetronome"],"damage_healed":0,"gold_gain":0,"player_choice":"Card Removal","damage_taken":7,"max_hp_gain":0,"max_hp_loss":0,"event_name":"Golden Wing","floor":3,"gold_loss":0},{"damage_healed":0,"gold_gain":0,"player_choice":"Leave","duelist":true,"damage_taken":0,"max_hp_gain":0,"max_hp_loss":0,"event_name":"Relic Duplicator","floor":5,"gold_loss":0},{"damage_healed":0,"gold_gain":0,"player_choice":"Took item - Received: Millennium Scale","duelist":true,"damage_taken":0,"max_hp_gain":0,"max_hp_loss":0,"event_name":"Millennium Items","floor":12,"gold_loss":0},{"damage_healed":0,"gold_gain":0,"player_choice":"Scored: 696","duelist":true,"damage_taken":0,"max_hp_gain":0,"max_hp_loss":0,"event_name":"Visit from Anubis","floor":20,"gold_loss":0},{"damage_healed":0,"gold_gain":0,"player_choice":"Became a vampire","damage_taken":0,"max_hp_gain":0,"max_hp_loss":24,"event_name":"Vampires","floor":28,"gold_loss":0,"cards_obtained":["Bite","Bite","Bite","Bite","Bite"]},{"damage_healed":0,"gold_gain":0,"player_choice":"Fight","duelist":true,"damage_taken":0,"max_hp_gain":0,"max_hp_loss":0,"event_name":"Battle City","floor":31,"gold_loss":0}],"is_beta":false,"boss_relics":[{"not_picked":["Empty Cage","Astrolabe"],"picked":"Runic Cube"}],"items_purged_floors":[13,21,30],"is_endless":false,"potions_floor_spawned":[1,14,16,18,19,24,27],"killed_by":"Book of Stabbing","ascension_level":10}}