{"host":"szp1d6dso4pv7ddl","time":1611805355,"event":{"mods":["AchievementEnabler","Alarm Clock","BaseMod","Bestiary","Block Reminder","Colored Map","Colored Powertips","Curses Come First","Dark Map","Displayed Cursed Tome","Highlight Path","Minty Spire (QoL Compilation)","Permanent Neow","Quick Restart","Relic Sorter","Relic Stats","StSLib","Synergy Search"],"gold_per_floor":[110,110,110,110,126,126,150,165,165,199,199,43,43,64,64,64,64],"floor_reached":16,"language":"ENG","playtime":775,"items_purged":["Strike_R"],"score":90,"play_id":"8bc7fb72-4f0a-457c-b94b-b0cbf4c6fc9a","local_time":"20210127194235","is_ascension_mode":false,"campfire_choices":[{"floor":6,"key":"REST"},{"floor":11,"key":"REST"},{"floor":15,"key":"REST"}],"circlet_count":0,"master_deck":["Strike_R+1","Strike_R","Strike_R","Strike_R","Defend_R","Defend_R","Defend_R","Bash","Dropkick+1","Sever Soul","Dual Wield"],"relics":["Burning Blood","InkBottle","Ice Cream","Question Card","Golden Idol","Odd Mushroom"],"acts_visited":["Exordium"],"potions_floor_usage":[16,16,16],"damage_taken":[{"damage":0,"enemies":"2 Louse","floor":1,"turns":3},{"damage":0,"enemies":"Small Slimes","floor":5,"turns":3},{"damage":1,"enemies":"Jaw Worm","floor":7,"turns":5},{"damage":12,"enemies":"Looter","floor":8,"turns":4},{"damage":29,"enemies":"The Mushroom Lair","floor":10,"turns":5},{"damage":5,"enemies":"3 Louse","floor":14,"turns":3},{"damage":54,"enemies":"The Guardian","floor":16,"turns":10}],"seed_played":"-151221637711725322","potions_obtained":[{"floor":5,"key":"Fire Potion"},{"floor":8,"key":"Swift Potion"},{"floor":14,"key":"FearPotion"}],"is_trial":false,"path_per_floor":["M","?","?","?","M","R","M","M","T","?","R","$","?","M","R","B"],"character_chosen":"IRONCLAD","items_purchased":["Dual Wield"],"campfire_rested":3,"item_purchase_floors":[12],"current_hp_per_floor":[72,65,40,22,28,49,54,48,48,25,46,46,32,33,54,0,0],"gold":64,"neow_bonus":"ONE_RARE_RELIC","is_daily":false,"chose_seed":false,"campfire_upgraded":0,"win_rate":0.0,"timestamp":1611805355,"path_taken":["M","?","?","?","M","R","?","M","T","?","R","$","?","M","R","BOSS"],"items_purchased_type":["Card"],"build_version":"2020-12-22","purchased_purges":1,"victory":false,"max_hp_per_floor":[72,72,72,72,72,72,72,72,72,72,72,72,72,72,72,72,72],"relic_stats":{"counters":[7,33],"Golden Idol":22,"Question Card":5,"obtain_stats":[{"Ice Cream":0,"Golden Idol":4,"Odd Mushroom":10,"Question Card":3,"Burning Blood":0,"InkBottle":9},{"Ice Cream":0,"Golden Idol":1,"Odd Mushroom":5,"Question Card":1,"Burning Blood":0,"InkBottle":4},{"Ice Cream":0,"Golden Idol":3,"Odd Mushroom":20,"Question Card":3,"Burning Blood":0,"InkBottle":15}],"Burning Blood":30,"InkBottle":[4]},"card_choices":[{"not_picked":["Headbutt","Pommel Strike","Rage"],"picked":"SKIP","floor":1},{"not_picked":["Intimidate","Warcry","Iron Wave","True Grit"],"picked":"SKIP","floor":5},{"not_picked":["Combust","Sentinel","Berserk","Pommel Strike"],"picked":"SKIP","floor":7},{"not_picked":["Havoc","Clothesline","Headbutt"],"picked":"Dropkick","floor":8},{"not_picked":["Clash","Perfected Strike","Iron Wave"],"picked":"Sever Soul","floor":10},{"not_picked":["Iron Wave","Dual Wield","Bloodletting","Clothesline"],"picked":"SKIP","floor":14}],"player_experience":1301027,"relics_obtained":[{"floor":9,"key":"InkBottle"},{"floor":10,"key":"Odd Mushroom"}],"event_choices":[{"cards_removed":["Defend_R"],"damage_healed":0,"gold_gain":0,"player_choice":"Card Removal","damage_taken":7,"max_hp_gain":0,"max_hp_loss":0,"event_name":"Golden Wing","floor":2,"gold_loss":0},{"damage_healed":0,"gold_gain":0,"player_choice":"Success","damage_taken":25,"relics_obtained":["Question Card"],"max_hp_gain":0,"max_hp_loss":0,"event_name":"Scrap Ooze","floor":3,"gold_loss":0},{"damage_healed":0,"gold_gain":0,"player_choice":"Take Damage","damage_taken":18,"relics_obtained":["Golden Idol"],"max_hp_gain":0,"max_hp_loss":0,"event_name":"Golden Idol","floor":4,"gold_loss":0},{"damage_healed":0,"gold_gain":0,"player_choice":"Fought Mushrooms","damage_taken":0,"max_hp_gain":0,"max_hp_loss":0,"event_name":"Mushrooms","floor":10,"gold_loss":0},{"damage_healed":0,"gold_gain":0,"player_choice":"Entered Light","damage_taken":14,"max_hp_gain":0,"max_hp_loss":0,"event_name":"Shining Light","floor":13,"gold_loss":0,"cards_upgraded":["Dropkick","Strike_R"]}],"is_beta":false,"boss_relics":[],"items_purged_floors":[12],"is_endless":false,"potions_floor_spawned":[5,8,14],"killed_by":"The Guardian","ascension_level":0}}