{"host":"5p9hybygolzp0efr","time":1611836351,"event":{"mods":["AchievementEnabler","BaseMod","Bestiary","Colored Map","Minty Spire (QoL Compilation)","Relic Stats"],"gold_per_floor":[110,110,122,122,139,139,170,188,188,188,188,188],"floor_reached":11,"language":"ENG","playtime":414,"items_purged":[],"score":95,"play_id":"9afc1d03-1cbe-463f-b497-2377241ece98","local_time":"20210128201911","is_ascension_mode":true,"campfire_choices":[{"floor":6,"key":"REST"},{"floor":10,"key":"REST"}],"circlet_count":0,"master_deck":["Strike_P","Strike_P+1","Strike_P","Defend_P","Defend_P+1","Defend_P","Eruption+1","Vigilance","CutThroughFate","ThirdEye","Crescendo","LikeWater","EmptyBody"],"relics":["Empty Cage","Bag of Preparation","Potion Belt"],"acts_visited":["Exordium"],"potions_floor_usage":[],"damage_taken":[{"damage":7,"enemies":"Small Slimes","floor":1,"turns":3},{"damage":10,"enemies":"2 Louse","floor":3,"turns":3},{"damage":0,"enemies":"Cultist","floor":5,"turns":2},{"damage":26,"enemies":"3 Sentries","floor":7,"turns":10},{"damage":0,"enemies":"Looter","floor":8,"turns":2},{"damage":13,"enemies":"Lagavulin","floor":11,"turns":6}],"seed_played":"5727262967993528756","potions_obtained":[{"floor":1,"key":"Strength Potion"},{"floor":3,"key":"Dexterity Potion"},{"floor":5,"key":"SpeedPotion"},{"floor":8,"key":"SteroidPotion"}],"is_trial":false,"path_per_floor":["M","?","M","?","M","R","E","M","T","R","E"],"character_chosen":"WATCHER","items_purchased":[],"campfire_rested":2,"item_purchase_floors":[],"current_hp_per_floor":[58,44,34,34,34,55,29,29,29,50,37,37],"gold":188,"neow_bonus":"BOSS_RELIC","is_daily":false,"chose_seed":false,"campfire_upgraded":0,"win_rate":0.0,"timestamp":1611836351,"path_taken":["M","?","M","?","M","R","E","M","T","R","E"],"items_purchased_type":[],"build_version":"2020-12-22","purchased_purges":0,"victory":false,"max_hp_per_floor":[72,72,72,72,72,72,72,72,72,72,72,72],"relic_stats":{"counters":[6,26],"Bag of Preparation":[4],"obtain_stats":[{"Potion Belt":9,"Bag of Preparation":7,"PureWater":0,"Empty Cage":0},{"Potion Belt":5,"Bag of Preparation":4,"PureWater":0,"Empty Cage":0},{"Potion Belt":20,"Bag of Preparation":18,"PureWater":0,"Empty Cage":0}]},"card_choices":[{"not_picked":["CarveReality","PathToVictory"],"picked":"CutThroughFate","floor":1},{"not_picked":["Nirvana","Crescendo"],"picked":"ThirdEye","floor":3},{"not_picked":["Evaluate","Establishment"],"picked":"Crescendo","floor":5},{"not_picked":["FlurryOfBlows","Pray"],"picked":"LikeWater","floor":7},{"not_picked":["DeceiveReality","Adaptation"],"picked":"EmptyBody","floor":8}],"player_experience":548278,"relics_obtained":[{"floor":7,"key":"Bag of Preparation"},{"floor":9,"key":"Potion Belt"}],"event_choices":[{"damage_healed":0,"gold_gain":0,"player_choice":"Entered Light","damage_taken":14,"max_hp_gain":0,"max_hp_loss":0,"event_name":"Shining Light","floor":2,"gold_loss":0,"cards_upgraded":["Strike_P","Defend_P"]},{"damage_healed":0,"gold_gain":0,"player_choice":"Upgraded","damage_taken":0,"max_hp_gain":0,"max_hp_loss":0,"event_name":"Upgrade Shrine","floor":4,"gold_loss":0,"cards_upgraded":["Eruption"]}],"is_beta":false,"boss_relics":[],"items_purged_floors":[],"is_endless":false,"potions_floor_spawned":[1,3,5,8],"killed_by":"Lagavulin","ascension_level":6}}