{"host":"n9lc5i44t98l6pio","time":1611810852,"event":{"mods":["BaseMod","Curses Come First","Downfall","Minty Spire (QoL Compilation)","Replay The Spire","Say the Spire","StSLib"],"gold_per_floor":[99,115,126,170,189,205,205,205,46,46,46,46,57,42,42,71,85,185,185,85,99,118,118,46,109,134,134,134,134],"floor_reached":27,"language":"ENG","playtime":1151,"items_purged":[],"score":238,"play_id":"18395b9a-3648-44bf-a1dc-cd54931e6770","local_time":"20210128061412","is_ascension_mode":false,"campfire_choices":[{"floor":1,"key":"DIG"},{"floor":8,"key":"DIG"},{"floor":15,"key":"REST"},{"floor":20,"key":"RECALL"}],"circlet_count":0,"master_deck":["champ:Strike","champ:Strike","champ:Strike","champ:Strike","champ:Defend+1","champ:Defend","champ:Defend","champ:Defend","champ:Execute","champ:Taunt","The Bomb","champ:BerserkersShout","champ:DeathBlow","champ:IronFortress","champ:BringItOn","champ:AdrenalArmor","champ:Devastate","champ:ShieldWall+1","champ:ShieldWall","champ:BringItOn","champ:ShieldWall","champ:Backstep","champ:LastStand","champ:BringItOn","champ:FocusedDefense+1","Spreading Infection","champ:BringItOn","champ:SteelEdge","champ:SteelEdge","champ:Improvising"],"relics":["champ:ChampionCrownUpgraded","Girya","Pear","Replay:Multitool","PreservedInsect","Gremlin Food","ReplayTheSpireMod:Ninjato","downfall:HeartBlessingGreen","ReplayTheSpireMod:Ring of Challenge","ReplayTheSpireMod:Ring of Collecting","Ring of Hypnosis"],"acts_visited":["Exordium","TheCity"],"potions_floor_usage":[9,9,18],"damage_taken":[{"damage":5,"enemies":"2 Louse","floor":2,"turns":3},{"damage":16,"enemies":"Jaw Worm","floor":3,"turns":3},{"damage":15,"enemies":"Small Slimes","floor":5,"turns":4},{"damage":19,"enemies":"Exordium Wildlife","floor":6,"turns":4},{"damage":35,"enemies":"downfall:FleeingMerchant","floor":9,"turns":4},{"damage":29,"enemies":"2 Fungi Beasts","floor":13,"turns":5},{"damage":20,"enemies":"downfall:FleeingMerchant","floor":14,"turns":4},{"damage":26,"enemies":"Lagavulin","floor":16,"turns":6},{"damage":7,"enemies":"Large Slime","floor":17,"turns":5},{"damage":37,"enemies":"IC_STATUS_ARCHETYPE","floor":18,"turns":7},{"damage":49,"enemies":"Spheric Guardian","floor":21,"turns":6},{"damage":19,"enemies":"3 Byrds","floor":22,"turns":3},{"damage":22,"enemies":"downfall:FleeingMerchant","floor":24,"turns":4},{"damage":74,"enemies":"Sentry and Sphere","floor":25,"turns":8},{"damage":26,"enemies":"Book of Stabbing","floor":27,"turns":4}],"seed_played":"2514900127580399371","potions_obtained":[{"floor":3,"key":"Energy Potion"},{"floor":6,"key":"hexamod:SoulburnPotion"},{"floor":16,"key":"champ:OpenerPotion"},{"floor":25,"key":"Weak Potion"}],"is_trial":false,"path_per_floor":["R","M","M","?","M","M","T","R","$","PTL","PTL","?","M","$","R","E","M","B",null,"R","M","M","?","$","M","T","E"],"character_chosen":"THE_CHAMP","items_purchased":["Gremlin Food","champ:SteelEdge"],"campfire_rested":1,"item_purchase_floors":[9,24],"current_hp_per_floor":[63,58,52,62,62,53,53,53,43,43,43,43,34,34,64,53,46,19,100,100,76,67,67,65,11,11,0,0,0],"gold":134,"neow_bonus":"RANDOM_COLORLESS_2","is_daily":false,"chose_seed":false,"campfire_upgraded":0,"win_rate":0.0,"timestamp":1611810852,"path_taken":["R","M","M","?","M","M","T","R","$","PTL","PTL","?","M","?","R","E","M","BOSS","R","M","M","?","$","M","T","E"],"items_purchased_type":["Relic","Card"],"build_version":"2020-12-22","purchased_purges":0,"victory":false,"max_hp_per_floor":[90,90,90,100,100,100,100,100,100,100,100,100,100,100,100,100,100,100,100,100,100,100,100,100,100,100,100,100,100],"card_choices":[{"not_picked":["Metamorphosis","Chrysalis"],"picked":"The Bomb","floor":0},{"not_picked":["champ:AdrenalArmor","champ:CrookedStrike"],"picked":"champ:BerserkersShout","floor":2},{"not_picked":["champ:EnragedBash","champ:IronFortress"],"picked":"champ:DeathBlow","floor":3},{"not_picked":["champ:Haymaker","champ:EnGarde"],"picked":"champ:IronFortress","floor":4},{"not_picked":["champ:StanceDance","champ:Backstep"],"picked":"champ:BringItOn","floor":4},{"not_picked":["champ:BerserkersShout","champ:BladeFlurry"],"picked":"champ:AdrenalArmor","floor":5},{"not_picked":["champ:BringItOn","champ:EnragedBash"],"picked":"champ:Devastate","floor":6},{"not_picked":["champ:Lariat","champ:FancyFootwork"],"picked":"champ:ShieldWall","floor":9},{"not_picked":["champ:PerfectedStrike","champ:StanceDance"],"picked":"champ:ShieldWall","floor":13},{"not_picked":["champ:Parry","champ:EnragedBash"],"picked":"champ:BringItOn","floor":14},{"not_picked":["champ:Haymaker","champ:GutPunch"],"picked":"champ:ShieldWall","floor":16},{"not_picked":["champ:EnGarde","champ:BringItOn"],"picked":"champ:Backstep","floor":17},{"not_picked":["champ:SteelEdge","champ:IgnorePain"],"picked":"champ:LastStand","floor":18},{"not_picked":["champ:CrownThrow","champ:Backstep"],"picked":"champ:BringItOn","floor":21},{"not_picked":["champ:RecklessLeap+1","champ:GutPunch"],"picked":"champ:FocusedDefense+1","floor":22},{"not_picked":["champ:BladeFlurry","champ:BerserkersShout"],"picked":"champ:BringItOn","floor":24},{"not_picked":["champ:EnGarde","champ:SkillfulDodge+1"],"picked":"champ:Improvising","floor":25}],"player_experience":211661,"relics_obtained":[{"floor":1,"key":"Girya"},{"floor":4,"key":"Pear"},{"floor":7,"key":"Replay:Multitool"},{"floor":8,"key":"PreservedInsect"},{"floor":16,"key":"ReplayTheSpireMod:Ninjato"},{"floor":23,"key":"ReplayTheSpireMod:Ring of Challenge"},{"floor":23,"key":"ReplayTheSpireMod:Ring of Collecting"},{"floor":26,"key":"Ring of Hypnosis"}],"event_choices":[{"damage_healed":0,"gold_gain":0,"player_choice":"Grow","damage_taken":0,"max_hp_gain":0,"max_hp_loss":0,"event_name":"Living Wall","floor":12,"gold_loss":0,"cards_upgraded":["champ:ShieldWall"]}],"is_beta":false,"boss_relics":[{"not_picked":["Astrolabe","Sozu"],"picked":"champ:ChampionCrownUpgraded"}],"items_purged_floors":[],"is_endless":false,"potions_floor_spawned":[3,6,16,25],"killed_by":"Book of Stabbing","ascension_level":0}}