{"host":"agbyy69nq62afhwx","time":1611854860,"event":{"mods":["BaseMod","Colored Map","DeckTracker","Highlight Path","Keyboard Shortcuts","Minty Spire (QoL Compilation)","Quick Restart","StSLib","SuperFastMode","everything is the same but u backflip on backflip"],"gold_per_floor":[117,42,59,69,144,176,195,195,195,195,195,210,175,188,188,259,259,270,270,29,29,39,39,52,69,96,128,128,147,180,180,180,256,256,269,285,235,253,85,85,85,85,85,119,19,19,68,80,80,80],"floor_reached":51,"language":"KOR","playtime":1395,"items_purged":["Shame","Defend_P"],"score":1323,"play_id":"7769c439-cbf1-4b77-b31f-e6117451f66e","local_time":"20210129022740","is_ascension_mode":true,"campfire_choices":[{"floor":8.0,"key":"REST"},{"data":"ForeignInfluence","floor":11.0,"key":"SMITH"},{"data":"WindmillStrike","floor":15.0,"key":"SMITH"},{"floor":23.0,"key":"REST"},{"floor":32.0,"key":"REST"},{"floor":40.0,"key":"REST"},{"floor":42.0,"key":"REST"},{"floor":46.0,"key":"REST"},{"floor":49.0,"key":"REST"}],"circlet_count":0,"master_deck":["AscendersBane","Strike_P","Strike_P+1","Defend_P","Defend_P","Defend_P","Eruption","Vigilance","Vengeance+1","InnerPeace+1","ForeignInfluence+1","TalkToTheHand","MentalFortress+1","CrushJoints","WindmillStrike+1","LessonLearned+1","Protect+1","Halt","BattleHymn+1","Evaluate+1","Crescendo","Wallop","ConjureBlade","FlurryOfBlows+1","ForeignInfluence+1","Flash of Steel+1","Panacea"],"relics":["PureWater","Pocketwatch","Centennial Puzzle","Vajra","Fusion Hammer","Toolbox","PreservedInsect","Bottled Tornado","Red Mask","Cursed Key","TheAbacus","GoldenEye","Lizard Tail"],"acts_visited":["Exordium","TheCity","TheBeyond"],"potions_floor_usage":[50],"damage_taken":[{"damage":6.0,"enemies":"Cultist","floor":1.0,"turns":3.0},{"damage":4.0,"enemies":"Small Slimes","floor":3.0,"turns":3.0},{"damage":0.0,"enemies":"2 Louse","floor":4.0,"turns":2.0},{"damage":22.0,"enemies":"3 Sentries","floor":6.0,"turns":5.0},{"damage":9.0,"enemies":"Red Slaver","floor":7.0,"turns":2.0},{"damage":7.0,"enemies":"2 Fungi Beasts","floor":12.0,"turns":2.0},{"damage":9.0,"enemies":"Exordium Wildlife","floor":14.0,"turns":3.0},{"damage":9.0,"enemies":"Slime Boss","floor":16.0,"turns":5.0},{"damage":10.0,"enemies":"Shell Parasite","floor":18.0,"turns":2.0},{"damage":0.0,"enemies":"Chosen","floor":22.0,"turns":2.0},{"damage":8.0,"enemies":"Centurion and Healer","floor":24.0,"turns":4.0},{"damage":21.0,"enemies":"Shelled Parasite and Fungi","floor":25.0,"turns":4.0},{"damage":8.0,"enemies":"Gremlin Leader","floor":27.0,"turns":4.0},{"damage":6.0,"enemies":"Chosen and Byrds","floor":29.0,"turns":3.0},{"damage":12.0,"enemies":"Masked Bandits","floor":30.0,"turns":3.0},{"damage":29.0,"enemies":"Champ","floor":33.0,"turns":7.0},{"damage":20.0,"enemies":"3 Darklings","floor":35.0,"turns":6.0},{"damage":12.0,"enemies":"Orb Walker","floor":36.0,"turns":4.0},{"damage":4.0,"enemies":"Jaw Worm Horde","floor":38.0,"turns":3.0},{"damage":4.0,"enemies":"Reptomancer","floor":44.0,"turns":4.0},{"damage":13.0,"enemies":"2 Orb Walkers","floor":47.0,"turns":3.0},{"damage":0.0,"enemies":"Maw","floor":48.0,"turns":5.0},{"damage":61,"enemies":"Awakened One","floor":50,"turns":11}],"seed_played":"8771506466839819669","potions_obtained":[{"floor":3.0,"key":"SneckoOil"},{"floor":4.0,"key":"SteroidPotion"},{"floor":12.0,"key":"Swift Potion"},{"floor":35.0,"key":"BlessingOfTheForge"},{"floor":36.0,"key":"LiquidMemories"},{"floor":47.0,"key":"Fire Potion"},{"floor":48.0,"key":"SkillPotion"}],"is_trial":false,"path_per_floor":["M","$","M","M","?","E","M","R","T","?","R","M","?","M","R","B",null,"M","?","$","?","M","R","M","M","T","E","?","M","?","?","R","B",null,"M","M","?","M","$","R","?","R","T","E","$","R","?","M","R","B",null],"character_chosen":"WATCHER","items_purchased":["Toolbox","BattleHymn","TheAbacus"],"campfire_rested":7,"item_purchase_floors":[20,20,39],"current_hp_per_floor":[55,55,51,51,40,18,9,29,29,29,29,22,39,30,30,21,56,46,46,46,46,46,66,58,37,37,29,29,23,11,11,31,2,52,32,20,20,16,16,36,26,46,46,42,42,62,49,49,68,7],"gold":80,"neow_bonus":"ONE_RARE_RELIC","is_daily":false,"chose_seed":false,"campfire_upgraded":2,"win_rate":0.0,"timestamp":1611854860,"path_taken":["M","$","M","?","?","E","M","R","T","?","R","?","?","M","R","BOSS","M","?","$","?","M","R","M","M","T","E","?","M","?","?","R","BOSS","M","M","?","?","$","R","?","R","T","E","$","R","?","M","R","BOSS"],"items_purchased_type":["Relic","Card","Relic"],"build_version":"2020-12-22","purchased_purges":2,"victory":true,"max_hp_per_floor":[68,68,68,68,68,68,68,68,68,68,68,68,68,68,68,68,68,68,68,68,68,68,68,68,68,68,68,68,68,68,68,68,68,68,68,68,68,68,68,68,68,68,68,68,68,68,68,68,68,68],"card_choices":[{"not_picked":["EmptyBody","Nirvana"],"picked":"Vengeance","floor":1.0},{"not_picked":["Nirvana","Prostrate"],"picked":"InnerPeace","floor":3.0},{"not_picked":["Tantrum","Pray"],"picked":"ForeignInfluence","floor":4.0},{"not_picked":["ThirdEye","EmptyBody"],"picked":"TalkToTheHand","floor":6.0},{"not_picked":["ClearTheMind","BowlingBash"],"picked":"MentalFortress","floor":7.0},{"not_picked":["JustLucky","SashWhip","FlurryOfBlows"],"picked":"SKIP","floor":12.0},{"not_picked":["JustLucky","SashWhip","FlurryOfBlows"],"picked":"SKIP","floor":12.0},{"not_picked":["FlurryOfBlows","WreathOfFlame"],"picked":"WindmillStrike","floor":14.0},{"not_picked":["Scrawl","Omniscience"],"picked":"LessonLearned","floor":16.0},{"not_picked":["Vengeance","Perseverance"],"picked":"Protect+1","floor":18.0},{"not_picked":["ThirdEye","SashWhip","JustLucky+1"],"picked":"SKIP","floor":22.0},{"not_picked":["FollowUp+1","SignatureMove"],"picked":"Evaluate","floor":24.0},{"not_picked":["Collect","Nirvana","SandsOfTime"],"picked":"SKIP","floor":25.0},{"not_picked":["SashWhip","Crescendo","LessonLearned"],"picked":"SKIP","floor":27.0},{"not_picked":["SashWhip","LessonLearned"],"picked":"Crescendo","floor":27.0},{"not_picked":["EmptyBody+1","Nirvana","Consecrate"],"picked":"SKIP","floor":29.0},{"not_picked":["ForeignInfluence","Crescendo"],"picked":"Wallop","floor":30.0},{"not_picked":["Omniscience","Alpha"],"picked":"ConjureBlade","floor":33.0},{"not_picked":["Crescendo","Prostrate"],"picked":"FlurryOfBlows+1","floor":35.0},{"not_picked":["Protect","EmptyBody","Halt"],"picked":"SKIP","floor":36.0},{"not_picked":["CrushJoints+1","EmptyBody+1"],"picked":"ForeignInfluence+1","floor":38.0},{"not_picked":["Bandage Up","Trip"],"picked":"Flash of Steel","floor":41.0},{"not_picked":["Impatience","Good Instincts"],"picked":"Panacea","floor":41.0},{"not_picked":["CarveReality+1","LikeWater","Meditate"],"picked":"SKIP","floor":44.0},{"not_picked":["WindmillStrike+1","Omniscience","Swivel"],"picked":"SKIP","floor":48.0}],"player_experience":490815,"relics_obtained":[{"floor":6.0,"key":"Centennial Puzzle"},{"floor":9.0,"key":"Vajra"},{"floor":26.0,"key":"PreservedInsect"},{"floor":27.0,"key":"Bottled Tornado"},{"floor":30.0,"key":"Red Mask"},{"floor":44.0,"key":"GoldenEye"},{"floor":47.0,"key":"Lizard Tail"}],"event_choices":[{"damage_healed":0.0,"max_hp_gain":0.0,"max_hp_loss":0.0,"gold_gain":75.0,"event_name":"World of Goop","player_choice":"Gather Gold","floor":5.0,"gold_loss":0.0,"damage_taken":11.0},{"damage_healed":0.0,"max_hp_gain":0.0,"max_hp_loss":0.0,"gold_gain":0.0,"cards_transformed":["Strike_P"],"event_name":"Transmorgrifier","player_choice":"Transformed","floor":10.0,"gold_loss":0.0,"damage_taken":0.0,"cards_obtained":["CrushJoints"]},{"damage_healed":17.0,"max_hp_gain":0.0,"max_hp_loss":0.0,"gold_gain":0.0,"event_name":"The Cleric","player_choice":"Healed","floor":13.0,"gold_loss":35.0,"damage_taken":0.0},{"damage_healed":0.0,"max_hp_gain":0.0,"max_hp_loss":0.0,"gold_gain":0.0,"event_name":"The Library","player_choice":"Read","floor":19.0,"gold_loss":0.0,"damage_taken":0.0,"cards_obtained":["Halt"]},{"damage_healed":0.0,"max_hp_gain":0.0,"max_hp_loss":0.0,"gold_gain":0.0,"event_name":"Vampires","player_choice":"Ignored","floor":21.0,"gold_loss":0.0,"damage_taken":0.0},{"cards_removed":["Strike_P"],"damage_healed":0.0,"max_hp_gain":0.0,"max_hp_loss":0.0,"gold_gain":0.0,"event_name":"Back to Basics","player_choice":"Elegance","floor":28.0,"gold_loss":0.0,"damage_taken":0.0},{"damage_healed":0.0,"max_hp_gain":0.0,"max_hp_loss":0.0,"gold_gain":0.0,"event_name":"Masked Bandits","player_choice":"Fought Bandits","floor":30.0,"gold_loss":0.0,"damage_taken":0.0},{"damage_healed":0.0,"max_hp_gain":0.0,"max_hp_loss":0.0,"gold_gain":0.0,"event_name":"The Mausoleum","player_choice":"Ignored","floor":31.0,"gold_loss":0.0,"damage_taken":0.0},{"damage_healed":0.0,"max_hp_gain":0.0,"max_hp_loss":0.0,"gold_gain":0.0,"event_name":"Designer","player_choice":"Upgraded Two","floor":37.0,"gold_loss":50.0,"damage_taken":0.0,"cards_upgraded":["Evaluate","Vengeance"]},{"damage_healed":0.0,"max_hp_gain":0.0,"max_hp_loss":0.0,"gold_gain":0.0,"event_name":"SensoryStone","player_choice":"Memory 3","floor":41.0,"gold_loss":0.0,"damage_taken":10.0},{"damage_healed":0.0,"max_hp_gain":0.0,"max_hp_loss":0.0,"gold_gain":0.0,"event_name":"Mysterious Sphere","player_choice":"Fight","floor":47.0,"gold_loss":0.0,"damage_taken":0.0}],"is_beta":false,"boss_relics":[{"not_picked":["SacredBark","Snecko Eye"],"picked":"Fusion Hammer"},{"not_picked":["Pandora\u0027s Box","Astrolabe"],"picked":"Cursed Key"}],"items_purged_floors":[2,45],"is_endless":false,"potions_floor_spawned":[3,4,7,12,14,16,18,22,35,36,47,48],"ascension_level":18}}