{"host":"bx8ylsmj2ob6hd5u","time":1611856846,"event":{"mods":["AchievementEnabler","Act Like it!","Aspiration","BaseMod","Colored Map","Downfall","Duelist Mod","Friendly Minions","Gensokyo","GifTheSpireLib","Hallownest","Hermit","HololiveMod","Hubris","Infinite Spire","Jorbs\u0027s Wanderer Trilogy","KinomotoSakuraMod(????)","Kiyohime????","Koishi","KomeijiMod","Lobotomy","LobotomyExtend","Marisa????????","Minty Spire (QoL Compilation)","Prisma Mod","Rare Cards Sparkle","Reimu??????","Remilia??????","Replay The Spire","StSLib","Td1madao Mod","The Administrix","The Animator","The Bug Knight","The Construct","The Cursed","The Disciple","The Hierophant","The Necromancer","The Poker Player","The Runesmith","The Senshi","The Servant 0.9.4","WarShipGirlsR/????R mod"],"gold_per_floor":[117,128,145,155,155,155,186,186,212,212,212,212,137,137,137,238,238,238,238],"floor_reached":18,"language":"ENG","playtime":1042,"items_purged":["Hallucinations"],"score":183,"play_id":"c649ca81-8fa2-43e4-b9fe-bfa91f277481","local_time":"20210128200046","is_ascension_mode":false,"campfire_choices":[{"floor":6,"key":"REST"},{"data":"construct:AttackMode","floor":8,"key":"SMITH"},{"data":"construct:DefenseMode","floor":10,"key":"SMITH"},{"data":"construct:FlakBarrage","floor":15,"key":"SMITH"}],"circlet_count":0,"master_deck":["construct:Strike_Gold","construct:Strike_Gold","construct:Strike_Gold","construct:Strike_Gold","construct:Strike_Gold","construct:Defend_Gold","construct:Defend_Gold","construct:Defend_Gold","construct:Defend_Gold","construct:Defend_Gold","construct:AttackMode+1","construct:DefenseMode+1","construct:QuickAttack","construct:FlakBarrage+1","construct:OneWayMirror","construct:FierceBash","construct:Bunker","construct:HammerDown"],"relics":["construct:Cogwheel","LetterFromLob","theSenshi:SuperSailorFukuRelic","RuthlessExorcism:ReiMu","construct:PurpleEmber","Blood Vial","ReplayTheSpireMod:Ring of Collecting","Hallownest:DreamNailRelic","Philosopher\u0027s Stone"],"acts_visited":["Exordium","Hallownest:Greenpath"],"potions_floor_usage":[1,3,7,7,7],"damage_taken":[{"damage":8,"enemies":"Hallownest:monsterHuskWarrior","floor":1,"turns":6},{"damage":0,"enemies":"Hallownest:2_Baldur","floor":2,"turns":4},{"damage":0,"enemies":"Hallownest:monsterHuskGuard","floor":3,"turns":4},{"damage":2,"enemies":"Hallownest:Wandering_and_Horned","floor":4,"turns":6},{"damage":0,"enemies":"Hallownest:eliteMossKnight","floor":7,"turns":3},{"damage":31,"enemies":"Hallownest:BossHornet","floor":16,"turns":12},{"damage":8,"enemies":"Gensokyo:AngelMirror","floor":18,"turns":5}],"seed_played":"-6494270350503518104","potions_obtained":[{"floor":0,"key":"sneckomod:MuddlingPotion"},{"floor":0,"key":"AttackPotion"},{"floor":0,"key":"DistilledChaos"},{"floor":3,"key":"hexamod:SoulburnPotion"},{"floor":4,"key":"champ:CounterPotion"}],"is_trial":false,"path_per_floor":["M","M","M","M","?","R","E","R","T","R","M","?","$","?","R","B",null,"M"],"character_chosen":"THE_CONSTRUCT_MOD","items_purchased":[],"campfire_rested":1,"item_purchase_floors":[],"current_hp_per_floor":[77,77,77,75,35,60,60,60,60,60,60,60,60,60,60,31,85,77,77],"gold":238,"neow_bonus":"THREE_SMALL_POTIONS","is_daily":false,"chose_seed":false,"campfire_upgraded":3,"win_rate":0.0,"timestamp":1611856846,"path_taken":["M","?","M","M","?","R","E","R","T","R","M","?","$","?","R","BOSS","M"],"items_purchased_type":[],"build_version":"2020-12-22","purchased_purges":1,"victory":false,"max_hp_per_floor":[85,85,85,85,85,85,85,85,85,85,85,85,85,85,85,85,85,85,85],"card_choices":[{"not_picked":["construct:Versatility","construct:SaveState"],"picked":"construct:QuickAttack","floor":1},{"not_picked":["construct:Versatility","construct:SyphonStrike"],"picked":"construct:FlakBarrage","floor":2},{"not_picked":["construct:FocusedBeam","construct:HeavyBolt"],"picked":"construct:OneWayMirror","floor":3},{"not_picked":["construct:Missile","construct:SyphonStrike"],"picked":"construct:FierceBash","floor":4},{"not_picked":["construct:ScrapCannon","construct:HeavyBolt"],"picked":"construct:Bunker","floor":7},{"not_picked":["construct:ShieldGenerator","construct:LongRangeLance"],"picked":"construct:HammerDown","floor":16}],"player_experience":1499647,"relics_obtained":[{"floor":1,"key":"LetterFromLob"},{"floor":7,"key":"construct:PurpleEmber"},{"floor":9,"key":"Blood Vial"},{"floor":12,"key":"ReplayTheSpireMod:Ring of Collecting"}],"event_choices":[],"is_beta":false,"boss_relics":[{"not_picked":["Ectoplasm","bronze:MakeshiftBattery"],"picked":"Philosopher\u0027s Stone"}],"items_purged_floors":[13],"is_endless":false,"potions_floor_spawned":[3,4],"killed_by":"Gensokyo:AngelMirror","ascension_level":0}}