{"host":"meib18gsulage5jw","time":1611805544,"event":{"mods":["AchievementEnabler","Aspiration","BaseMod","BetterRewards","Clockwork Mod","Colored Map","Colored Powertips","Conspire","Defuse TimeMaze Blight","Energized Spire","Halation","Highlight Path","Hubris","Infinite Spire","Minty Spire (QoL Compilation)","Permanent Neow","Quick Restart","Relic Sorter","Reliquary","Replay The Spire","Spikes Relics","StSLib","The Blue Laboratory","The Jungle","Uncapped"],"gold_per_floor":[109,109,120,120,132,132,167,167,167,182,195,195,195,212,212,317,317,328,328,344,344,344],"floor_reached":21,"language":"ENG","playtime":1441,"items_purged":[],"score":181,"play_id":"145771b2-fe72-4527-9b2e-098925e2a6bc","local_time":"20210128134544","is_ascension_mode":false,"campfire_choices":[{"data":"Clockwork:ChargingShield","floor":6.0,"key":"SMITH"},{"floor":8.0,"key":"REST"},{"floor":12.0,"key":"REST"},{"floor":15.0,"key":"REST"}],"circlet_count":0,"master_deck":["Clockwork:Strike","Clockwork:Strike+1","Clockwork:Strike","Clockwork:Strike","Clockwork:Shield","Clockwork:Shield","Clockwork:Shield","Clockwork:Shield","Clockwork:Tinker","Clockwork:WarmUp","Clockwork:Inspiration+1","Clockwork:ChargingShield+1","Clockwork:EnthusiasticStrike","Clockwork:SystemHardening","Clockwork:Pluck","Clockwork:RitualDaggerMk0+1","Replay:Parry","Clockwork:InertialShield"],"relics":["Clockwork:MomentumEngine","Clockwork:CopperScales","Omamori","MealTicket","Clockwork:BloodPhial","Runic Dome","Clockwork:QuicksilverHourglass"],"acts_visited":["Exordium","TheCity"],"potions_floor_usage":[],"damage_taken":[{"damage":0.0,"enemies":"Small Slimes","floor":1.0,"turns":6.0},{"damage":0.0,"enemies":"2 Louse","floor":3.0,"turns":6.0},{"damage":13.0,"enemies":"Cultist","floor":5.0,"turns":6.0},{"damage":53.0,"enemies":"3 Sentries","floor":7.0,"turns":10.0},{"damage":0.0,"enemies":"Looter","floor":10.0,"turns":5.0},{"damage":13.0,"enemies":"Lots of Slimes","floor":11.0,"turns":5.0},{"damage":2.0,"enemies":"Exordium Thugs","floor":14.0,"turns":8.0},{"damage":66.0,"enemies":"Slime Boss","floor":16.0,"turns":17.0},{"damage":36,"enemies":"Chosen","floor":18,"turns":8},{"damage":24,"enemies":"conspire:FuzzyDice","floor":20,"turns":8},{"damage":14,"enemies":"Centurion and Healer","floor":21,"turns":2}],"seed_played":"-8725977997454239098","potions_obtained":[{"floor":1.0,"key":"SneckoOil"},{"floor":3.0,"key":"SpeedPotion"},{"floor":14.0,"key":"Strength Potion"},{"floor":16.0,"key":"blueLaboratory:BottleOfRum"},{"floor":18,"key":"blueLaboratory:RememoryPotion"}],"is_trial":false,"path_per_floor":["M","?","M","?","M","R","E","R","T","M","M","R","?","M","R","B",null,"M","?","M","M"],"character_chosen":"CLOCKWORK","items_purchased":[],"campfire_rested":3,"item_purchase_floors":[],"current_hp_per_floor":[77,80,80,80,67,67,14,38,38,38,29,53,53,53,77,13,80,44,32,10,0,0],"gold":344,"neow_bonus":"THREE_RARE_CARDS","is_daily":false,"chose_seed":false,"campfire_upgraded":1,"win_rate":0.0,"timestamp":1611805544,"path_taken":["M","?","M","?","M","R","E","R","T","?","M","R","?","M","R","BOSS","M","?","M","M"],"items_purchased_type":[],"build_version":"2020-12-22","purchased_purges":0,"victory":false,"max_hp_per_floor":[77,80,80,80,80,80,80,80,80,80,80,80,80,80,80,80,80,80,80,80,80,80],"card_choices":[{"not_picked":["Clockwork:ReactiveNanites","Clockwork:ZeroPointEnergy"],"picked":"Clockwork:Inspiration","floor":0.0},{"not_picked":["Clockwork:Redundancy","Clockwork:SmithsMallet"],"picked":"Clockwork:ChargingShield","floor":1.0},{"not_picked":["Clockwork:SearchingStrike","Clockwork:MechanicalBulk"],"picked":"Clockwork:EnthusiasticStrike","floor":3.0},{"not_picked":["Clockwork:LiteraryArmor","Clockwork:CogBarrier"],"picked":"Clockwork:CraftCopperScales","floor":5.0},{"not_picked":["Clockwork:PerfectedStrike","Clockwork:CraftSomewhatSmoothStone"],"picked":"Clockwork:CraftCopperScales","floor":7.0},{"not_picked":["Clockwork:CogShield","Clockwork:RitualDaggerMk0"],"picked":"Clockwork:CraftBloodPhial","floor":10.0},{"not_picked":["Clockwork:SpringShield","Clockwork:Enhance"],"picked":"Clockwork:SystemHardening","floor":11.0},{"not_picked":["Clockwork:SearingStrike","Clockwork:HeadStart"],"picked":"Clockwork:Pluck","floor":14.0},{"not_picked":["Clockwork:PerfectForm","Clockwork:Halt"],"picked":"Clockwork:CraftQuicksilverHourglass","floor":16.0},{"not_picked":["Clockwork:AdaptiveShield","Clockwork:LogisticRegression"],"picked":"Clockwork:RitualDaggerMk0+1","floor":18},{"not_picked":["Clockwork:Clone","Clockwork:SearingStrike"],"picked":"Clockwork:InertialShield","floor":20}],"player_experience":339402,"relics_obtained":[{"floor":7.0,"key":"Omamori"},{"floor":9.0,"key":"MealTicket"}],"event_choices":[{"damage_healed":0.0,"max_hp_gain":0.0,"max_hp_loss":0.0,"gold_gain":0.0,"event_name":"Accursed Blacksmith","player_choice":"Forge","floor":4.0,"gold_loss":0.0,"damage_taken":0.0,"cards_upgraded":["Clockwork:Inspiration"]},{"damage_healed":0,"gold_gain":0,"player_choice":"CARD ","damage_taken":12,"max_hp_gain":0,"max_hp_loss":0,"event_name":"Knowing Skull","floor":19,"potions_obtained":[],"gold_loss":0,"cards_obtained":["Replay:Parry"]}],"is_beta":false,"boss_relics":[{"not_picked":["energizedSpire:CursedPentagram","conspire:SeveredTorchhead"],"picked":"Runic Dome"}],"items_purged_floors":[],"is_endless":false,"potions_floor_spawned":[1,3,14,16,18],"killed_by":"Centurion and Healer","ascension_level":0}}