{"host":"ormi09wwzv7sq47a","time":1611862730,"event":{"mods":["2.2 Compatiblity","AchievementEnabler","Act Like it!","BaseMod","Bestiary","Better Altar","Better Note","Better Sensory Stone","Better Silent Start","Better Skull","Better Third Choice","Better Vampires","BetterRewards","Block Reminder","Card Forge","Colored Map","Colored Powertips","Curses Come First","DeckTracker","Downfall","Highlight Path","Minty Spire (QoL Compilation)","Permanent Neow","Quick Restart","Rare Cards Sparkle","Relic Stats","Shop Mod","StSLib","The Jungle"],"gold_per_floor":[119,136,11,11,22,22,51,64,64,64,95,95,106,137,137,215,215,230,34,34,53,70,95,95,107,107,139,139,170,170,41,41,114,114,132,132,80,93,105,105,327,327,381,381,391,401,430,449,449,449,449,449],"floor_reached":50,"language":"ENG","playtime":8069,"items_purged":["Guardian:Strike_Guardian","Guardian:Defend_Guardian","Guardian:Strike_Guardian","Guardian:Strike_Guardian"],"score":1710,"play_id":"6f585a25-0b33-452e-aff6-18d07dafe3d2","local_time":"20210128173850","is_ascension_mode":true,"campfire_choices":[{"data":"Guardian:MultiBeam","floor":6,"key":"SMITH"},{"data":"Guardian:Defend_Guardian","floor":10,"key":"PURGE"},{"data":"Guardian:Strike_Guardian","floor":12,"key":"PURGE"},{"data":"Guardian:StasisField","floor":15,"key":"SMITH"},{"data":"Guardian:Defend_Guardian","floor":24,"key":"PURGE"},{"data":"Guardian:Orbwalk","floor":32,"key":"SMITH"},{"floor":40,"key":"RECALL"},{"data":"Guardian:Preprogram","floor":42,"key":"SMITH"},{"data":"Guardian:CurlUp","floor":44,"key":"SMITH"},{"data":"Guardian:TemporalShield","floor":49,"key":"SMITH"}],"circlet_count":0,"master_deck":["AscendersBane","Guardian:CurlUp+1","Guardian:TwinSlam","Apotheosis+1","Guardian:MultiBeam+1","Guardian:Preprogram+1","Guardian:TemporalShield+1","Guardian:BronzeOrb+1","Guardian:StasisField+1","Guardian:GemFire+1","Guardian:ShieldCharger+1","Guardian:ArmoredProtocol","Finesse","Guardian:Orbwalk+1","Guardian:StasisStrike+1","Guardian:Suspension+1"],"relics":["Guardian:ModeShifterPlus","Hammer of Thor","Seething Fire","Anvil of the Gods","Gambling Chip","Oddly Smooth Stone","FossilizedHelix","Torii","bronze:DonusWashers","Peace Pipe","Molten Egg 2","Kunai","Eternal Feather","Happy Flower","Guardian:StasisUpgradeRelic","Smiling Mask","Red Mask","Boot","sneckomod:SneckoTalon","Pocketwatch","Orichalcum","Meat on the Bone"],"acts_visited":["Exordium","TheCity","TheBeyond"],"potions_floor_usage":[14,16,23,25,27,29,50,50],"damage_taken":[{"damage":0,"enemies":"Jaw Worm","floor":1,"turns":4},{"damage":0,"enemies":"Cultist","floor":2,"turns":3},{"damage":0,"enemies":"2 Louse","floor":5,"turns":1},{"damage":0,"enemies":"Lagavulin","floor":7,"turns":8},{"damage":0,"enemies":"Looter","floor":8,"turns":3},{"damage":0,"enemies":"3 Sentries","floor":11,"turns":4},{"damage":0,"enemies":"3 Louse","floor":13,"turns":1},{"damage":26,"enemies":"Gremlin Nob","floor":14,"turns":4},{"damage":15,"enemies":"The Guardian","floor":16,"turns":10},{"damage":0,"enemies":"Chosen","floor":18,"turns":3},{"damage":0,"enemies":"2 Thieves","floor":21,"turns":2},{"damage":0,"enemies":"Sentry and Sphere","floor":22,"turns":4},{"damage":0,"enemies":"Slavers","floor":23,"turns":7},{"damage":0,"enemies":"3 Cultists","floor":25,"turns":1},{"damage":0,"enemies":"Masked Bandits","floor":27,"turns":4},{"damage":0,"enemies":"Gremlin Leader","floor":29,"turns":8},{"damage":7,"enemies":"Champ","floor":33,"turns":13},{"damage":0,"enemies":"Orb Walker","floor":35,"turns":2},{"damage":0,"enemies":"3 Shapes","floor":38,"turns":5},{"damage":0,"enemies":"Writhing Mass","floor":39,"turns":6},{"damage":0,"enemies":"Maw","floor":45,"turns":7},{"damage":0,"enemies":"Sphere and 2 Shapes","floor":46,"turns":5},{"damage":0,"enemies":"Giant Head","floor":47,"turns":6},{"damage":0,"enemies":"3 Darklings","floor":48,"turns":4},{"damage":87,"enemies":"Time Eater","floor":50,"turns":14}],"seed_played":"-5945401841443353149","potions_obtained":[{"floor":1,"key":"Swift Potion"},{"floor":5,"key":"BlessingOfTheForge"},{"floor":14,"key":"Regen Potion"},{"floor":16,"key":"hexamod:SoulburnPotion"},{"floor":23,"key":"SteroidPotion"},{"floor":25,"key":"GamblersBrew"},{"floor":29,"key":"Regen Potion"},{"floor":33,"key":"Slimebound:ThreeZeroPotion"}],"is_trial":false,"path_per_floor":["M","M","$","?","M","R","E","M","T","R","E","R","M","E","R","B",null,"M","$","?","M","M","E","R","M","T","?","?","E","?","$","R","B",null,"M","?","?","M","M","R","?","R","T","R","M","M","E","M","R","B"],"character_chosen":"GUARDIAN","items_purchased":["Oddly Smooth Stone","FossilizedHelix","Guardian:Gem_White","Apotheosis","bronze:DonusWashers","Guardian:Gem_Cyan","Guardian:StasisUpgradeRelic","Guardian:ArmoredProtocol","Guardian:Orbwalk"],"campfire_rested":0,"item_purchase_floors":[0,0,0,0,0,0,19,19,31],"current_hp_per_floor":[44,44,44,44,44,44,44,44,44,44,44,50,50,24,30,30,62,62,62,62,62,62,62,71,71,71,71,71,71,71,71,72,65,70,70,70,70,70,70,72,72,72,72,72,72,72,72,72,72,0,0,0],"gold":449,"neow_bonus":"","is_daily":false,"chose_seed":false,"campfire_upgraded":6,"win_rate":0.0,"timestamp":1611862730,"path_taken":["M","M","$","?","M","R","E","?","T","R","E","R","M","E","R","BOSS","M","$","?","M","M","E","R","M","T","?","?","E","?","$","R","BOSS","M","?","?","M","?","R","?","R","T","R","M","M","E","M","R","BOSS"],"items_purchased_type":["Relic","Relic","Card","Card","Relic","Card","Relic","Card","Card"],"build_version":"2020-12-22","purchased_purges":4,"victory":false,"max_hp_per_floor":[72,72,72,72,72,72,72,72,72,72,72,72,72,72,72,72,72,72,72,72,72,72,72,72,72,72,72,72,72,72,72,72,72,72,72,72,72,72,72,72,72,72,72,72,72,72,72,72,72,72,72,72],"relic_stats":{"Torii":1,"Happy Flower":[83],"counters":[249,1159],"Eternal Feather":24,"Orichalcum":[0],"Smiling Mask":100,"Boot":[8],"Peace Pipe":4,"Gambling Chip":[58],"Kunai":[89],"obtain_stats":[{"Ice Cream":37,"champ:DuelingGlove":29,"Gremlin Horn":0,"Nilry\u0027s Codex":19,"Hammer of Thor":0,"Ginger":54,"Whetstone":54,"Bottled Tornado":44,"Boot":9,"Guardian:PickAxe":3,"Blood Vial":43,"Sozu":17,"Lizard Tail":46,"Sundial":42,"Strawberry":26,"Philosopher\u0027s Stone":17,"MealTicket":41,"Kunai":23,"Toxic Egg 2":6,"Guardian:BottledStasis":41,"MerchantsRug":53,"Happy Flower":54,"Astrolabe":17,"Blue Candle":40,"Guardian:ModeShifter":0,"Oddly Smooth Stone":42,"Eternal Feather":26,"Pen Nib":54,"Guardian:PocketSentry":8,"War Paint":0,"sneckomod:SneckoTalon":34,"Akabeko":44,"Du-Vu Doll":46,"OrangePellets":45,"Bottled Flame":54,"Anvil of the Gods":0,"Shuriken":12,"Bird Faced Urn":0,"Bronze Scales":23,"Pandora\u0027s Box":17,"Molten Egg 2":7,"Black Star":17,"Nloth\u0027s Gift":19,"StrikeDummy":48,"Unceasing Top":43,"Meat on the Bone":29,"Pocketwatch":39,"Darkstone Periapt":25,"Lantern":31,"Guardian:ModeShifterPlus":34,"Torii":0,"sneckomod:BlankCard":48,"Guardian:StasisCodex":9,"Mango":0,"Incense Burner":36,"Bag of Preparation":20,"Juzu Bracelet":29,"Ancient Tea Set":9,"Smiling Mask":24,"ClockworkSouvenir":0,"Dream Catcher":27,"Nunchaku":55,"Matryoshka":20,"Mummified Hand":37,"Gambling Chip":0,"Tiny Chest":26,"WingedGreaves":7,"Red Mask":47,"Potion Belt":7,"bronze:DonusWashers":0,"Guardian:GemstoneGun":0,"bronze:DecasWashers":43,"Thread and Needle":0,"PreservedInsect":43,"The Courier":40,"champ:DeflectingBracers":0,"Omamori":7,"Seething Fire":0,"Orichalcum":44,"Odd Mushroom":10,"MawBank":45,"White Beast Statue":14,"bronze:BronzeIdol":11,"Peace Pipe":0,"Guardian:StasisUpgradeRelic":0,"CaptainsWheel":44,"Anchor":46,"Ornamental Fan":7,"Art of War":40,"Coffee Dripper":34,"Membership Card":20,"Bottled Lightning":20,"hexamod:BolsterEngine":30,"FossilizedHelix":0,"TungstenRod":30},{"Ice Cream":108,"champ:DuelingGlove":209,"Gremlin Horn":194,"Nilry\u0027s Codex":203,"Hammer of Thor":0,"Ginger":60,"Whetstone":87,"Bottled Tornado":21,"Boot":92,"Guardian:PickAxe":2,"Blood Vial":54,"Sozu":149,"Lizard Tail":57,"Sundial":216,"Strawberry":129,"Philosopher\u0027s Stone":7,"MealTicket":54,"Kunai":12,"Toxic Egg 2":171,"Guardian:BottledStasis":20,"MerchantsRug":86,"Happy Flower":167,"Astrolabe":69,"Blue Candle":187,"Guardian:ModeShifter":0,"Oddly Smooth Stone":21,"Eternal Feather":48,"Pen Nib":60,"Guardian:PocketSentry":3,"War Paint":26,"sneckomod:SneckoTalon":241,"Akabeko":55,"Du-Vu Doll":57,"OrangePellets":188,"Bottled Flame":25,"Anvil of the Gods":0,"Shuriken":94,"Bird Faced Urn":0,"Bronze Scales":101,"Pandora\u0027s Box":124,"Molten Egg 2":228,"Black Star":44,"Nloth\u0027s Gift":125,"StrikeDummy":23,"Unceasing Top":111,"Meat on the Bone":104,"Pocketwatch":186,"Darkstone Periapt":102,"Lantern":16,"Guardian:ModeShifterPlus":17,"Torii":224,"sneckomod:BlankCard":220,"Guardian:StasisCodex":3,"Mango":26,"Incense Burner":19,"Bag of Preparation":46,"Juzu Bracelet":49,"Ancient Tea Set":39,"Smiling Mask":48,"ClockworkSouvenir":61,"Dream Catcher":103,"Nunchaku":223,"Matryoshka":46,"Mummified Hand":134,"Gambling Chip":224,"Tiny Chest":206,"WingedGreaves":30,"Red Mask":22,"Potion Belt":92,"bronze:DonusWashers":224,"Guardian:GemstoneGun":194,"bronze:DecasWashers":216,"Thread and Needle":61,"PreservedInsect":21,"The Courier":110,"champ:DeflectingBracers":194,"Omamori":39,"Seething Fire":0,"Orichalcum":112,"Odd Mushroom":147,"MawBank":137,"White Beast Statue":68,"bronze:BronzeIdol":200,"Peace Pipe":88,"Guardian:StasisUpgradeRelic":34,"CaptainsWheel":55,"Anchor":114,"Ornamental Fan":120,"Art of War":54,"Coffee Dripper":78,"Membership Card":71,"Bottled Lightning":99,"hexamod:BolsterEngine":181,"FossilizedHelix":88,"TungstenRod":131},{"Ice Cream":532,"champ:DuelingGlove":953,"Gremlin Horn":896,"Nilry\u0027s Codex":934,"Hammer of Thor":0,"Ginger":315,"Whetstone":428,"Bottled Tornado":118,"Boot":452,"Guardian:PickAxe":6,"Blood Vial":291,"Sozu":700,"Lizard Tail":303,"Sundial":988,"Strawberry":609,"Philosopher\u0027s Stone":33,"MealTicket":291,"Kunai":60,"Toxic Egg 2":784,"Guardian:BottledStasis":111,"MerchantsRug":424,"Happy Flower":769,"Astrolabe":360,"Blue Candle":852,"Guardian:ModeShifter":0,"Oddly Smooth Stone":118,"Eternal Feather":265,"Pen Nib":315,"Guardian:PocketSentry":9,"War Paint":157,"sneckomod:SneckoTalon":1110,"Akabeko":294,"Du-Vu Doll":303,"OrangePellets":858,"Bottled Flame":152,"Anvil of the Gods":0,"Shuriken":464,"Bird Faced Urn":0,"Bronze Scales":497,"Pandora\u0027s Box":588,"Molten Egg 2":1046,"Black Star":252,"Nloth\u0027s Gift":593,"StrikeDummy":135,"Unceasing Top":544,"Meat on the Bone":511,"Pocketwatch":845,"Darkstone Periapt":502,"Lantern":84,"Guardian:ModeShifterPlus":96,"Torii":1030,"sneckomod:BlankCard":1003,"Guardian:StasisCodex":9,"Mango":157,"Incense Burner":108,"Bag of Preparation":258,"Juzu Bracelet":269,"Ancient Tea Set":232,"Smiling Mask":265,"ClockworkSouvenir":323,"Dream Catcher":506,"Nunchaku":1021,"Matryoshka":258,"Mummified Hand":634,"Gambling Chip":1030,"Tiny Chest":943,"WingedGreaves":172,"Red Mask":126,"Potion Belt":452,"bronze:DonusWashers":1030,"Guardian:GemstoneGun":896,"bronze:DecasWashers":988,"Thread and Needle":323,"PreservedInsect":118,"The Courier":540,"champ:DeflectingBracers":896,"Omamori":232,"Seething Fire":0,"Orichalcum":549,"Odd Mushroom":693,"MawBank":646,"White Beast Statue":347,"bronze:BronzeIdol":923,"Peace Pipe":437,"Guardian:StasisUpgradeRelic":201,"CaptainsWheel":294,"Anchor":555,"Ornamental Fan":575,"Art of War":291,"Coffee Dripper":393,"Membership Card":368,"Bottled Lightning":488,"hexamod:BolsterEngine":822,"FossilizedHelix":437,"TungstenRod":618}],"Pocketwatch":[10],"Meat on the Bone":144},"card_choices":[{"not_picked":["Guardian:PrimingBeam","Guardian:Gem_Blue"],"picked":"Guardian:MultiBeam","floor":1},{"not_picked":["Guardian:PrimingBeam","Guardian:MultiBeam"],"picked":"Guardian:Preprogram","floor":2},{"not_picked":["Guardian:Gem_White","Guardian:Gem_Green"],"picked":"Guardian:Gem_Blue","floor":5},{"not_picked":["Guardian:Suspension","Guardian:Planning"],"picked":"Guardian:TemporalShield","floor":7},{"not_picked":["Guardian:Recover","Guardian:VentSteam"],"picked":"Guardian:BronzeOrb+1","floor":8},{"not_picked":["Guardian:ChargeCore+1","Guardian:Incinerate+1","Guardian:Gem_Red"],"picked":"SKIP","floor":11},{"not_picked":["Guardian:Clone","Guardian:RollAttack+1","Guardian:PiercingHide"],"picked":"SKIP","floor":13},{"not_picked":["Guardian:DonusPower","Guardian:BronzeOrb+1"],"picked":"Guardian:StasisField","floor":14},{"not_picked":["Guardian:BaubleBeam+1","Guardian:StasisField"],"picked":"Guardian:GemFire+1","floor":16},{"not_picked":["Guardian:ChargeUp","Guardian:Gem_Fragmented"],"picked":"Guardian:ShieldCharger+1","floor":18},{"not_picked":["Sadistic Nature","Magnetism"],"picked":"Finesse","floor":20},{"not_picked":["Guardian:TemporalStrike+1","Guardian:ShieldCharger","Guardian:Planning"],"picked":"SKIP","floor":21},{"not_picked":["Guardian:Preprogram","Guardian:RollAttack+1","Guardian:Planning"],"picked":"SKIP","floor":22},{"not_picked":["Guardian:Clone+1","Guardian:RollAttack+1"],"picked":"Guardian:Gem_Cyan","floor":23},{"not_picked":["Guardian:Orbwalk","Guardian:WalkerClaw+1","Guardian:DecasProtection"],"picked":"SKIP","floor":25},{"not_picked":["Guardian:ChargeCore+1","Guardian:FloatingOrbs","Guardian:StasisField"],"picked":"SKIP","floor":29},{"not_picked":["Guardian:TimeSifter","Guardian:StasisEngine"],"picked":"Guardian:StasisStrike+1","floor":33},{"not_picked":["Guardian:TemporalShield","Guardian:Gem_Red"],"picked":"Guardian:Suspension+1","floor":35},{"not_picked":["Guardian:PrimingBeam+1","Guardian:Gem_Lightblue","Guardian:VentSteam"],"picked":"SKIP","floor":38},{"not_picked":["Guardian:Incinerate+1","Guardian:Reroute+1","Guardian:ChargeCore+1"],"picked":"SKIP","floor":39},{"not_picked":["Guardian:GatlingBeam+1","Guardian:Gem_Cyan","Guardian:PiercingHide"],"picked":"SKIP","floor":45},{"not_picked":["Guardian:SentryBeam+1","Guardian:PiercingHide+1","Guardian:ShieldSpikes+1"],"picked":"SKIP","floor":46},{"not_picked":["Guardian:Incinerate+1","Guardian:ShieldCharger+1","Guardian:TemporalShield"],"picked":"SKIP","floor":47},{"not_picked":["Guardian:Harden","Guardian:CrystalBeam+1","Guardian:PolyBeam+1"],"picked":"SKIP","floor":48}],"player_experience":991650,"relics_obtained":[{"floor":7,"key":"Molten Egg 2"},{"floor":9,"key":"Kunai"},{"floor":11,"key":"Eternal Feather"},{"floor":14,"key":"Happy Flower"},{"floor":23,"key":"Smiling Mask"},{"floor":27,"key":"Red Mask"},{"floor":29,"key":"Boot"},{"floor":43,"key":"Orichalcum"},{"floor":47,"key":"Meat on the Bone"}],"event_choices":[{"damage_healed":0,"gold_gain":2,"player_choice":"1","damage_taken":0,"max_hp_gain":0,"max_hp_loss":0,"event_name":"betterStone:BetterStone","floor":20,"gold_loss":0},{"damage_healed":0,"gold_gain":0,"player_choice":"Fought Bandits","damage_taken":0,"max_hp_gain":0,"max_hp_loss":0,"event_name":"Masked Bandits","floor":27,"gold_loss":0},{"damage_healed":0,"gold_gain":0,"player_choice":"Ignored","damage_taken":0,"max_hp_gain":0,"max_hp_loss":0,"event_name":"The Mausoleum","floor":28,"gold_loss":0},{"cards_removed":["Guardian:Defend_Guardian"],"damage_healed":0,"gold_gain":0,"player_choice":"Purged","damage_taken":0,"max_hp_gain":0,"max_hp_loss":0,"event_name":"Purifier","floor":30,"gold_loss":0},{"damage_healed":0,"gold_gain":0,"player_choice":"Paid Gold","damage_taken":0,"relics_obtained":["Pocketwatch"],"max_hp_gain":0,"max_hp_loss":0,"event_name":"WeMeetAgain","floor":37,"gold_loss":52},{"damage_healed":0,"gold_gain":222,"player_choice":"Wore Mask","damage_taken":0,"max_hp_gain":0,"max_hp_loss":0,"event_name":"Tomb of Lord Red Mask","floor":41,"gold_loss":0}],"is_beta":false,"boss_relics":[{"not_picked":["Guardian:StasisSlotReductionRelic","Velvet Choker"],"picked":"Guardian:ModeShifterPlus"},{"not_picked":["Pandora\u0027s Box","Sozu"],"picked":"sneckomod:SneckoTalon"}],"items_purged_floors":[0,0,3,31],"is_endless":false,"potions_floor_spawned":[1,5,7,13,14,16,18,23,25,29,33,46,48],"killed_by":"Time Eater","ascension_level":20}}