{"host":"k2mw1od0xoi9pcfj","time":1611802273,"event":{"mods":["100% Spire Juice","Act Like it!","Aspiration","BaseMod","Beaked The Cultist","Downfall","Energized Spire","Hermit","Highlight Path","Minty Spire (QoL Compilation)","Permanent Neow","Relic Stats","Replay The Spire","Retaliation","StSLib","TheHeartMod"],"gold_per_floor":[361,361,371,389,409,409,409,515,515,529,529,542,560,598,598,598,598],"floor_reached":16,"language":"ENG","playtime":954,"items_purged":[],"score":129,"play_id":"4d59c002-792a-4dce-9dee-684f22e73eea","local_time":"20210127205113","is_ascension_mode":false,"campfire_choices":[{"data":"beaked:Ceremony","floor":6,"key":"SMITH"},{"data":"beaked:SacrificialScars","floor":11,"key":"SMITH"},{"floor":15,"key":"RECALL"}],"circlet_count":0,"master_deck":["beaked:Strike_Y","beaked:Strike_Y","beaked:Strike_Y","beaked:Strike_Y","beaked:Strike_Y","beaked:Defend_Y","beaked:Defend_Y","beaked:Defend_Y","beaked:Defend_Y","beaked:Ceremony+1","beaked:Ceremony","beaked:Ceremony","sneckomod:Defend","theHeart:theHeartDefend","beaked:Overpower","Injury","beaked:SacrificialScars+1","beaked:VigorBurst","beaked:ScreechingChant","beaked:Insight+1"],"relics":["beaked:MendingPlumage","Frozen Egg 2","CeramicFish"],"acts_visited":["Exordium"],"potions_floor_usage":[13,13,13],"damage_taken":[{"damage":16,"enemies":"2 Louse","floor":1,"turns":8},{"damage":10,"enemies":"Cultist","floor":3,"turns":4},{"damage":0,"enemies":"Small Slimes","floor":4,"turns":5},{"damage":11,"enemies":"Blue Slaver","floor":5,"turns":7},{"damage":36,"enemies":"Exordium Thugs","floor":10,"turns":7},{"damage":17,"enemies":"Looter","floor":12,"turns":4},{"damage":18,"enemies":"3 Louse","floor":13,"turns":22},{"damage":76,"enemies":"3 Sentries","floor":14,"turns":11},{"damage":41,"enemies":"Fading Forest","floor":16,"turns":7}],"seed_played":"-1893837884461714210","potions_obtained":[{"floor":3,"key":"EssenceOfSteel"},{"floor":5,"key":"Energy Potion"},{"floor":10,"key":"Explosive Potion"}],"is_trial":false,"path_per_floor":["M","?","M","M","M","R","?","?","T","M","R","M","M","E","R","B"],"character_chosen":"BEAKED_THE_CULTIST","items_purchased":[],"campfire_rested":0,"item_purchase_floors":[],"current_hp_per_floor":[50,50,46,50,50,50,50,38,38,21,21,13,63,5,5,0,0],"gold":598,"neow_bonus":"TWO_FIFTY_GOLD","is_daily":false,"chose_seed":false,"campfire_upgraded":2,"win_rate":0.0,"timestamp":1611802273,"path_taken":["M","?","?","M","M","R","?","?","T","?","R","M","M","E","R","BOSS"],"items_purchased_type":[],"build_version":"2020-12-22","purchased_purges":0,"victory":false,"max_hp_per_floor":[50,50,50,50,50,50,50,50,50,57,57,60,63,66,66,66,66],"relic_stats":{"counters":[9,75],"CeramicFish":9,"obtain_stats":[{"CeramicFish":14,"beaked:MendingPlumage":0,"Frozen Egg 2":7},{"CeramicFish":8,"beaked:MendingPlumage":0,"Frozen Egg 2":4},{"CeramicFish":68,"beaked:MendingPlumage":0,"Frozen Egg 2":24}]},"card_choices":[{"not_picked":["beaked:CursingBlood","beaked:WarriorEssence","beaked:FeelMyPain"],"picked":"SKIP","floor":1},{"not_picked":["beaked:SurvivalInstinct","beaked:Roost"],"picked":"beaked:Overpower","floor":3},{"not_picked":["ReplayTheSpireMod:RavenHex","beaked:TuckingFeathers","beaked:DigDeep"],"picked":"SKIP","floor":4},{"not_picked":["beaked:TuckingFeathers","beaked:Negation","beaked:BounceBack"],"picked":"SKIP","floor":5},{"not_picked":["beaked:Replenish","beaked:Struggle"],"picked":"beaked:SacrificialScars","floor":8},{"not_picked":["beaked:Cower","beaked:Redirect"],"picked":"beaked:VigorBurst","floor":10},{"not_picked":["beaked:TuckingFeathers","beaked:Poke","beaked:Brace"],"picked":"SKIP","floor":12},{"not_picked":["beaked:Poke","beaked:Foresight"],"picked":"beaked:ScreechingChant","floor":13},{"not_picked":["beaked:Poke","beaked:Flinch"],"picked":"beaked:Insight+1","floor":14}],"player_experience":861976,"relics_obtained":[{"floor":14,"key":"CeramicFish"}],"event_choices":[{"cards_removed":["beaked:Strike_Y"],"damage_healed":0,"gold_gain":0,"player_choice":"Purged","damage_taken":0,"max_hp_gain":0,"max_hp_loss":0,"event_name":"Purifier","floor":2,"gold_loss":0}],"is_beta":false,"boss_relics":[],"items_purged_floors":[],"is_endless":false,"potions_floor_spawned":[3,5,10,12],"killed_by":"Fading Forest","ascension_level":0}}