{"host":"kdt6w7ix8lwe69i9","time":1611802143,"event":{"mods":["100% Spire Juice","BaseMod","ChefMod","Evolution","Minty Spire (QoL Compilation)","Reimu（博丽灵梦）","Robot Space Explorer","Shade Mod","StSLib","The Gatherer","TheSurvivalist"],"gold_per_floor":[113,113,113,34,34,50,70,98,98,115,139,168,187,197,197,197,197],"floor_reached":16,"language":"ENG","playtime":2933,"items_purged":[],"score":137,"play_id":"b9a21f65-f4ee-4226-8c71-84d34beff6b0","local_time":"20210127214903","is_ascension_mode":false,"campfire_choices":[{"data":"survmod:DeadlyAim","floor":15,"key":"SMITH"}],"circlet_count":0,"master_deck":["survmod:PenetratingShot","survmod:Strike","survmod:Strike","survmod:Strike","survmod:Defend","survmod:Defend+1","survmod:Defend","survmod:Defend","survmod:VersatileOffense","survmod:Sprint+1","survmod:SimpleMutation+1","survmod:FlashbangShot","survmod:SimpleMutation","survmod:LongShot","survmod:Camouflage","survmod:SurpriseTrap","survmod:TacticalManeuver","survmod:FocusedFire","survmod:DeadlyAim+1"],"relics":["EVO:Axolotl","Velvet Choker","Bird Faced Urn","Bottled Tornado","survmod:TrapManual","CrazyTorch:ReiMu"],"acts_visited":["Exordium"],"potions_floor_usage":[8,10,16],"damage_taken":[{"damage":0,"enemies":"Small Slimes","floor":1,"turns":3},{"damage":0,"enemies":"2 Louse","floor":6,"turns":2},{"damage":0,"enemies":"Jaw Worm","floor":7,"turns":5},{"damage":0,"enemies":"Lagavulin","floor":8,"turns":8},{"damage":0,"enemies":"Exordium Wildlife","floor":10,"turns":6},{"damage":4,"enemies":"Gremlin Nob","floor":12,"turns":8},{"damage":0,"enemies":"Looter","floor":13,"turns":3},{"damage":4,"enemies":"3 Louse","floor":14,"turns":4},{"damage":53,"enemies":"Hexaghost","floor":16,"turns":16}],"seed_played":"7379864946820787276","potions_obtained":[{"floor":6,"key":"Regen Potion"},{"floor":10,"key":"Fruit Juice"},{"floor":13,"key":"DistilledChaos"}],"is_trial":false,"path_per_floor":["M","?","?","$","?","M","M","E","T","M","T","E","M","M","R","B"],"character_chosen":"THE_SURVIVOR","items_purchased":["survmod:FlashbangShot"],"campfire_rested":0,"item_purchase_floors":[4],"current_hp_per_floor":[50,50,40,40,40,40,40,50,50,55,55,51,53,51,51,0,0],"gold":197,"neow_bonus":"BOSS_RELIC","is_daily":false,"chose_seed":false,"campfire_upgraded":1,"win_rate":0.0,"timestamp":1611802143,"path_taken":["M","?","?","$","?","M","M","E","T","M","?","E","M","M","R","BOSS"],"items_purchased_type":["Card"],"build_version":"2020-12-22","purchased_purges":0,"victory":false,"max_hp_per_floor":[50,50,50,50,50,50,50,50,50,55,55,55,55,55,55,55,55],"card_choices":[{"not_picked":["survmod:FenceTrap","survmod:PersonalMark"],"picked":"survmod:SimpleMutation","floor":1},{"not_picked":["survmod:FlashbangTrap","survmod:KnowThyEnemy"],"picked":"survmod:SimpleMutation","floor":6},{"not_picked":["survmod:TakeAim","survmod:AcidTrap"],"picked":"survmod:LongShot","floor":7},{"not_picked":["survmod:FindCover","survmod:SwiftKick"],"picked":"survmod:Camouflage","floor":8},{"not_picked":["survmod:PenetratingShot","survmod:PoisonTrap"],"picked":"survmod:SurpriseTrap","floor":10},{"not_picked":["survmod:DuckAndFlare","survmod:ComplexMutation"],"picked":"survmod:TacticalManeuver","floor":12},{"not_picked":["survmod:AcidTrap","survmod:DuckAndFlare"],"picked":"survmod:FocusedFire","floor":13},{"not_picked":["survmod:AcidTrap","survmod:QuickDash"],"picked":"survmod:DeadlyAim","floor":14}],"player_experience":1087636,"relics_obtained":[{"floor":8,"key":"Bird Faced Urn"},{"floor":9,"key":"Bottled Tornado"},{"floor":11,"key":"survmod:TrapManual"},{"floor":12,"key":"CrazyTorch:ReiMu"}],"event_choices":[{"damage_healed":0,"gold_gain":0,"player_choice":"Leave","damage_taken":0,"max_hp_gain":0,"max_hp_loss":0,"event_name":"The Cleric","floor":2,"gold_loss":0},{"damage_healed":0,"gold_gain":0,"player_choice":"Entered Light","damage_taken":10,"max_hp_gain":0,"max_hp_loss":0,"event_name":"Shining Light","floor":3,"gold_loss":0,"cards_upgraded":["survmod:Defend","survmod:Sprint"]},{"damage_healed":0,"gold_gain":0,"player_choice":"Grow","damage_taken":0,"max_hp_gain":0,"max_hp_loss":0,"event_name":"Living Wall","floor":5,"gold_loss":0,"cards_upgraded":["survmod:SimpleMutation"]}],"is_beta":false,"boss_relics":[],"items_purged_floors":[],"is_endless":false,"potions_floor_spawned":[6,10,13],"killed_by":"Hexaghost","ascension_level":0}}