{"host":"vx9g5eyuglzorf3u","time":1611861905,"event":{"mods":["2.2 Compatiblity","BaseMod","DeckTracker","Keyboard Shortcuts","Minty Spire (QoL Compilation)","Relic Stats","StSLib","SuperFastMode","everything is the same but u backflip on backflip"],"gold_per_floor":[116,116,126,199,209,235,235,235,261,261,277,291,303,328,328,406,406,419,429,354,364,42,57,83,133,160,160,171,171,171,185,185,262,262,274,285,160,170,20,20,20,47,73,23,49,49,83,100,100,100,100,100,100,50,81,81],"floor_reached":57,"language":"KOR","playtime":2298,"items_purged":["Strike_R","Strike_R","Bash","Defend_R","Defend_R","Defend_R"],"score":2794,"play_id":"76655bdf-4c74-4651-b73a-cba1555fdf81","local_time":"20210129042505","is_ascension_mode":true,"campfire_choices":[{"data":"Fire Breathing","floor":8.0,"key":"SMITH"},{"data":"Burning Pact","floor":10.0,"key":"SMITH"},{"floor":15.0,"key":"RECALL"},{"data":"Entrench","floor":30.0,"key":"SMITH"},{"floor":32.0,"key":"REST"},{"data":"Barricade","floor":40,"key":"SMITH"},{"data":"Havoc","floor":49,"key":"SMITH"},{"data":"Power Through","floor":53,"key":"SMITH"}],"circlet_count":0,"master_deck":["AscendersBane","Defend_R","Shrug It Off","Fire Breathing+1","Burning Pact+1","Power Through+1","Barricade+1","Entrench+1","Havoc+1","Shrug It Off","Burning Pact+1","Havoc+1","Body Slam+1","Impervious","Shrug It Off"],"relics":["Burning Blood","NeowsBlessing","Ornamental Fan","Kunai","Ice Cream","Blood Vial","Juzu Bracelet","Philosopher\u0027s Stone","Frozen Eye","Omamori","Bronze Scales","Empty Cage","Smiling Mask","Unceasing Top","Centennial Puzzle","Bag of Marbles"],"acts_visited":["TheCity","TheBeyond","TheEnding"],"potions_floor_usage":[56],"damage_taken":[{"damage":0.0,"enemies":"2 Louse","floor":1.0,"turns":1.0},{"damage":0.0,"enemies":"Jaw Worm","floor":3.0,"turns":1.0},{"damage":0.0,"enemies":"Cultist","floor":5.0,"turns":1.0},{"damage":20.0,"enemies":"3 Sentries","floor":6.0,"turns":5.0},{"damage":18.0,"enemies":"3 Louse","floor":11.0,"turns":4.0},{"damage":6.0,"enemies":"Blue Slaver","floor":12.0,"turns":12.0},{"damage":11.0,"enemies":"Looter","floor":13.0,"turns":4.0},{"damage":15.0,"enemies":"Lagavulin","floor":14.0,"turns":7.0},{"damage":13.0,"enemies":"Slime Boss","floor":16.0,"turns":6.0},{"damage":8.0,"enemies":"Chosen","floor":18.0,"turns":5.0},{"damage":21.0,"enemies":"3 Byrds","floor":19.0,"turns":3.0},{"damage":29.0,"enemies":"Snake Plant","floor":21.0,"turns":8.0},{"damage":5.0,"enemies":"Centurion and Healer","floor":23.0,"turns":10.0},{"damage":24.0,"enemies":"Gremlin Leader","floor":24.0,"turns":12.0},{"damage":9.0,"enemies":"Shelled Parasite and Fungi","floor":28.0,"turns":6.0},{"damage":8.0,"enemies":"Cultist and Chosen","floor":31.0,"turns":5.0},{"damage":2.0,"enemies":"Automaton","floor":33.0,"turns":13.0},{"damage":20.0,"enemies":"3 Darklings","floor":35.0,"turns":5.0},{"damage":11,"enemies":"Orb Walker","floor":36,"turns":6},{"damage":6,"enemies":"4 Shapes","floor":38,"turns":3},{"damage":5,"enemies":"Nemesis","floor":42,"turns":11},{"damage":6,"enemies":"Giant Head","floor":45,"turns":7},{"damage":4,"enemies":"Reptomancer","floor":47,"turns":6},{"damage":21,"enemies":"Jaw Worm Horde","floor":48,"turns":5},{"damage":3,"enemies":"Time Eater","floor":50,"turns":8},{"damage":21,"enemies":"Donu and Deca","floor":51,"turns":6},{"damage":0,"enemies":"Shield and Spear","floor":55,"turns":5},{"damage":67,"enemies":"The Heart","floor":56,"turns":9}],"seed_played":"7409914204831203484","potions_obtained":[{"floor":1.0,"key":"ColorlessPotion"},{"floor":11.0,"key":"SkillPotion"},{"floor":13.0,"key":"FearPotion"},{"floor":18.0,"key":"Fruit Juice"},{"floor":19.0,"key":"SkillPotion"},{"floor":23.0,"key":"ColorlessPotion"},{"floor":24.0,"key":"SpeedPotion"},{"floor":33.0,"key":"Regen Potion"},{"floor":38,"key":"Weak Potion"},{"floor":42,"key":"SmokeBomb"}],"is_trial":false,"path_per_floor":["M","?","M","T","M","E","?","R","T","R","M","M","M","E","R","B",null,"M","M","$","M","$","M","E","?","T","?","M","?","R","M","R","B",null,"M","M","$","M","$","R","?","E","T","$","E","?","E","M","R","B","B",null,"R","$","E","B",null],"character_chosen":"IRONCLAD","items_purchased":["Frozen Eye","Havoc"],"campfire_rested":1,"item_purchase_floors":[22,22],"current_hp_per_floor":[74,63,69,69,75,61,66,66,66,66,56,58,55,48,48,43,71,71,63,63,42,42,45,29,29,29,29,28,28,28,28,53,59,79,76,73,73,75,75,75,85,85,85,85,85,85,85,70,70,75,62,79,79,79,85,24],"gold":81,"neow_bonus":"THREE_ENEMY_KILL","is_daily":false,"chose_seed":false,"campfire_upgraded":6,"win_rate":0.0,"timestamp":1611861905,"path_taken":["M","?","M","?","?","E","?","R","T","R","M","M","M","E","R","BOSS","M","M","$","M","$","M","E","?","T","?","M","?","R","M","R","BOSS","M","M","$","M","$","R","?","E","T","?","E","?","E","M","R","BOSS","BOSS","R","$","E","BOSS"],"items_purchased_type":["Relic","Card"],"build_version":"2020-12-22","purchased_purges":6,"victory":true,"max_hp_per_floor":[75,75,75,75,75,75,80,80,80,80,80,80,80,80,80,80,80,80,85,85,85,85,85,85,85,85,85,85,85,85,85,85,85,85,85,85,85,85,85,85,85,85,85,85,85,85,85,85,85,85,85,85,85,85,85,85],"relic_stats":{"Blood Vial":36,"Centennial Puzzle":[12],"counters":[23,162],"Ornamental Fan":[4],"Bronze Scales":[423],"Juzu Bracelet":0,"Kunai":[1],"Smiling Mask":275,"obtain_stats":[{"Ice Cream":0,"NeowsBlessing":0,"Juzu Bracelet":14,"Omamori":24,"Empty Cage":34,"Smiling Mask":42,"Burning Blood":0,"Blood Vial":0,"Frozen Eye":22,"Centennial Puzzle":47,"Ornamental Fan":0,"Bronze Scales":26,"Philosopher\u0027s Stone":17,"Bag of Marbles":55,"Kunai":0,"Unceasing Top":45},{"Ice Cream":0,"NeowsBlessing":0,"Juzu Bracelet":3,"Omamori":9,"Empty Cage":12,"Smiling Mask":16,"Burning Blood":0,"Blood Vial":0,"Frozen Eye":7,"Centennial Puzzle":18,"Ornamental Fan":0,"Bronze Scales":9,"Philosopher\u0027s Stone":4,"Bag of Marbles":22,"Kunai":0,"Unceasing Top":17},{"Ice Cream":0,"NeowsBlessing":0,"Juzu Bracelet":23,"Omamori":67,"Empty Cage":91,"Smiling Mask":116,"Burning Blood":0,"Blood Vial":0,"Frozen Eye":45,"Centennial Puzzle":129,"Ornamental Fan":0,"Bronze Scales":67,"Philosopher\u0027s Stone":29,"Bag of Marbles":153,"Kunai":0,"Unceasing Top":123}],"Burning Blood":133,"Unceasing Top":[0]},"card_choices":[{"not_picked":["Warcry","Whirlwind"],"picked":"Shrug It Off","floor":1.0},{"not_picked":["Ghostly Armor","Sentinel"],"picked":"Fire Breathing","floor":3.0},{"not_picked":["Twin Strike","Rage","Rampage"],"picked":"SKIP","floor":5.0},{"not_picked":["Thunderclap","Feel No Pain"],"picked":"Burning Pact","floor":6.0},{"not_picked":["Burning Pact","Perfected Strike","Armaments"],"picked":"SKIP","floor":11.0},{"not_picked":["Intimidate","Combust"],"picked":"Power Through","floor":12.0},{"not_picked":["Thunderclap","Anger","Cleave"],"picked":"SKIP","floor":13.0},{"not_picked":["Sword Boomerang","Iron Wave","Warcry"],"picked":"SKIP","floor":14.0},{"not_picked":["Offering","Reaper"],"picked":"Barricade","floor":16.0},{"not_picked":["Warcry","Headbutt","Flex"],"picked":"SKIP","floor":18.0},{"not_picked":["Uppercut","Body Slam"],"picked":"Entrench","floor":19.0},{"not_picked":["Iron Wave","Clash","Sword Boomerang"],"picked":"SKIP","floor":21.0},{"not_picked":["Iron Wave","Cleave","Barricade"],"picked":"SKIP","floor":23.0},{"not_picked":["Iron Wave","Cleave","Barricade"],"picked":"SKIP","floor":23.0},{"not_picked":["Cleave","Havoc","Whirlwind"],"picked":"SKIP","floor":24.0},{"not_picked":["Twin Strike","Sentinel"],"picked":"Burning Pact+1","floor":28.0},{"not_picked":["Whirlwind","Perfected Strike","Infernal Blade+1"],"picked":"SKIP","floor":31.0},{"not_picked":["Havoc","Infernal Blade","True Grit"],"picked":"SKIP","floor":35.0},{"not_picked":["Headbutt","Cleave"],"picked":"Havoc+1","floor":36},{"not_picked":["Flame Barrier","Pummel","Twin Strike"],"picked":"SKIP","floor":38},{"not_picked":["Clothesline","Pommel Strike"],"picked":"Body Slam","floor":42},{"not_picked":["Twin Strike","Wild Strike+1"],"picked":"Impervious","floor":45},{"not_picked":["Sword Boomerang+1","Intimidate"],"picked":"Shrug It Off","floor":47},{"not_picked":["Havoc","Pommel Strike","Sever Soul"],"picked":"SKIP","floor":48},{"not_picked":["Pommel Strike+1","True Grit","Body Slam+1"],"picked":"SKIP","floor":55}],"player_experience":1499926,"relics_obtained":[{"floor":4.0,"key":"Kunai"},{"floor":6.0,"key":"Ice Cream"},{"floor":9.0,"key":"Blood Vial"},{"floor":14.0,"key":"Juzu Bracelet"},{"floor":24.0,"key":"Omamori"},{"floor":26.0,"key":"Bronze Scales"},{"floor":42,"key":"Smiling Mask"},{"floor":45,"key":"Unceasing Top"},{"floor":47,"key":"Centennial Puzzle"},{"floor":55,"key":"Bag of Marbles"}],"event_choices":[{"damage_healed":0.0,"max_hp_gain":0.0,"max_hp_loss":0.0,"gold_gain":0.0,"event_name":"Scrap Ooze","player_choice":"Success","floor":2.0,"gold_loss":0.0,"damage_taken":11.0,"relics_obtained":["Ornamental Fan"]},{"damage_healed":0.0,"max_hp_gain":5.0,"max_hp_loss":0.0,"gold_gain":0.0,"event_name":"Big Fish","player_choice":"Donut","floor":7.0,"gold_loss":0.0,"damage_taken":0.0},{"damage_healed":0.0,"max_hp_gain":0.0,"max_hp_loss":0.0,"gold_gain":50.0,"event_name":"Nest","player_choice":"Stole From Cult","floor":25.0,"gold_loss":0.0,"damage_taken":0.0},{"damage_healed":0.0,"max_hp_gain":0.0,"max_hp_loss":0.0,"gold_gain":0.0,"cards_transformed":["Strike_R","Strike_R"],"event_name":"Drug Dealer","player_choice":"Became Test Subject","floor":27.0,"gold_loss":0.0,"damage_taken":0.0,"cards_obtained":["Shrug It Off","Searing Blow"]},{"damage_healed":0.0,"max_hp_gain":0.0,"max_hp_loss":0.0,"gold_gain":0.0,"event_name":"Forgotten Altar","player_choice":"Smashed Altar","floor":29.0,"gold_loss":0.0,"damage_taken":0.0,"cards_obtained":["Decay"]},{"damage_healed":10,"gold_gain":0,"player_choice":"Full Heal","damage_taken":0,"max_hp_gain":0,"max_hp_loss":0,"event_name":"Wheel of Change","floor":41,"gold_loss":0},{"damage_healed":0,"gold_gain":0,"player_choice":"Upgraded","damage_taken":0,"max_hp_gain":0,"max_hp_loss":0,"event_name":"Upgrade Shrine","floor":46,"gold_loss":0,"cards_upgraded":["Body Slam"]}],"is_beta":false,"boss_relics":[{"not_picked":["Black Blood","Ectoplasm"],"picked":"Philosopher\u0027s Stone"},{"not_picked":["Sozu","Pandora\u0027s Box"],"picked":"Empty Cage"}],"items_purged_floors":[20,22,37,39,44,54],"is_endless":false,"potions_floor_spawned":[1,11,13,18,19,23,24,33,38,42,45,55],"ascension_level":20}}