{"host":"dboon444lh569hid","time":1611812975,"event":{"mods":["Act Like it!","Arknights The Spire","BaseMod","CapriCore","Chen","Gensokyo","GungeonMod","Jedi Mod","KinomotoSakuraMod(木之本樱)","Koishi","KomeijiMod","Lobotomy","LobotomyExtend","Marked Mod","Minty Spire (QoL Compilation)","Pale of the Ancients","Prisma Mod","READ ME - Guardian Mod","Reimu（博丽灵梦）","RumiaBox-露米娅的神秘盒子","SOS（斯巴达之子）","StSLib","The Immortal","Yakumo Yukari mod"],"gold_per_floor":[130,149,149,125,138,138,163,163,163,194,194,194,194,224,224,320,320,338,53,0,0,20,47,4,23,23,58,77,77,77,102,102,206,206,218,230,248,268,280,309,326,326,326,344,344,370,40,56,56,56],"floor_reached":51,"language":"ZHS","playtime":4869,"items_purged":[],"score":817,"play_id":"71bf01db-55de-4412-b9e2-b9be19ca40fe","local_time":"20210128134935","is_ascension_mode":true,"campfire_choices":[{"data":"PositiveMatter_Antimatter_Universe_purple","floor":6.0,"key":"SMITH"},{"floor":8.0,"key":"REST"},{"floor":11.0,"key":"REST"},{"data":"WorldDissolvedintheRealm_purple","floor":13.0,"key":"SMITH"},{"floor":15.0,"key":"REST"},{"floor":30.0,"key":"REST"},{"data":"Monsters_DoubleDeathButterfly_purple","floor":32.0,"key":"SMITH"},{"data":"Mirror_TwoAndThreeElementRealm_purple","floor":49,"key":"SMITH"}],"circlet_count":1,"master_deck":["AT_purpleEX","AT_purpleEX","AT_purpleEX","AT_purpleEX+1","Defend_purpleEX","Defend_purpleEX","Defend_purpleEX","Observe_purple_1","Observe_purple_2+1","StateErode_purple","Worldmountain_purple","DimensionStaggered_purple+1","Mirror_FourBoundary_purple","WingOfChimera_purple+1","WorldDissolvedintheRealm_purple+1","MNeedle_purple+1","CurseOfTheBell","CommonSense_AntiCommonSense_purple","Shame","StateErode_purple+1","Monsters_DoubleDeathButterfly_purple+1","DarkRealmRedLine_purple","BarrageBoundary_PipeDream_purple","Mirror_TwoAndThreeElementRealm_purple+1","Charmbait_purple","Anti_communist_purple+1","Gensokyo:ShootingStar+1","GluttonyofRealm_purpleEX","RuleDissolution_purple+1","Photoelasticity_Doppler_Effect_purple","PurpleNeedle_purple","Boundary_of_Extermination_purpleEX","Fantasy_PerpetualMotionMachine_purple","Nest_LightFlightworm_purple+1","Bait_HighSpeedFlying_purple+1","RuleDissolution_purple+1","Shallow_ocean_purpleEX+1","Gensokyo:LittleGreenMen","Gensokyo:Shovel","DarkRealmRedLine_purple+1","Boundary_DreamRealityDamnation_purple+1"],"relics":["Boundary_crack","Memoryfragments_purpleEX","Orichalcum","Mummified Hand","Anchor","Circlet","Calling Bell","Regal Pillow","DemoMod:MeltedRock","PlanX","Thread and Needle","GodSword7","Meat on the Bone","MagicDraw3","Gensokyo:RedStar","Shuriken","EasyGame_NEW","Lizard Tail","DemoMod:WhiteGuonStone","DemoMod:GreenGuonStone","War Paint","DemoMod:PoisonVial"],"acts_visited":["Exordium","Gensokyo:Gensokyoer","Gensokyo:Gensokyoest"],"potions_floor_usage":[48,50],"damage_taken":[{"damage":1.0,"enemies":"Jaw Worm","floor":1.0,"turns":5.0},{"damage":10.0,"enemies":"Small Slimes","floor":2.0,"turns":4.0},{"damage":2.0,"enemies":"Cultist","floor":5.0,"turns":4.0},{"damage":37.0,"enemies":"3 Sentries","floor":7.0,"turns":7.0},{"damage":44.0,"enemies":"Lagavulin","floor":10.0,"turns":7.0},{"damage":13.0,"enemies":"3 Sentries","floor":14.0,"turns":3.0},{"damage":7.0,"enemies":"Slime Boss","floor":16.0,"turns":8.0},{"damage":0.0,"enemies":"Gensokyo:CosmicMonolith","floor":18.0,"turns":5.0},{"damage":2.0,"enemies":"Gensokyo:AngelMirror","floor":22.0,"turns":4.0},{"damage":35.0,"enemies":"Gensokyo:Reisen","floor":23.0,"turns":5.0},{"damage":18.0,"enemies":"Gensokyo:Monolith_and_Dog","floor":25.0,"turns":4.0},{"damage":29.0,"enemies":"Gensokyo:Koishi","floor":27.0,"turns":6.0},{"damage":28.0,"enemies":"Gensokyo:Wraith","floor":28.0,"turns":5.0},{"damage":26.0,"enemies":"Gensokyo:Tenshi","floor":31.0,"turns":3.0},{"damage":51.0,"enemies":"Gensokyo:Eternal_Rivals","floor":33.0,"turns":7.0},{"damage":5.0,"enemies":"Gensokyo:3_Boulders","floor":35.0,"turns":5.0},{"damage":0.0,"enemies":"Gensokyo:3_Bats","floor":36.0,"turns":1.0},{"damage":1.0,"enemies":"Gensokyo:Sharpion","floor":37.0,"turns":4.0},{"damage":13.0,"enemies":"Gensokyo:AtlasGolem","floor":38.0,"turns":5.0},{"damage":9.0,"enemies":"Gensokyo:4_Bats","floor":39.0,"turns":2.0},{"damage":24,"enemies":"Gensokyo:Doremy","floor":40,"turns":5},{"damage":0,"enemies":"Gensokyo:3_Boulders","floor":41,"turns":2},{"damage":8,"enemies":"Gensokyo:Sharpion","floor":44,"turns":3},{"damage":11,"enemies":"Gensokyo:Marisa","floor":46,"turns":3},{"damage":26,"enemies":"Gensokyo:AtlasGolem","floor":48,"turns":5},{"damage":139,"enemies":"Gensokyo:Scarlet_Devils","floor":50,"turns":8}],"seed_played":"-2924144226647322117","potions_obtained":[{"floor":7.0,"key":"PowerPotion"},{"floor":10.0,"key":"Energy Potion"},{"floor":16.0,"key":"SkillPotion"},{"floor":18.0,"key":"Fruit Juice"},{"floor":31.0,"key":"Block Potion"},{"floor":37.0,"key":"AttackPotion"},{"floor":38.0,"key":"Weak Potion"},{"floor":41,"key":"SpeedPotion"}],"is_trial":false,"path_per_floor":["M","M","?","$","M","R","E","R","T","E","R","?","R","E","R","B",null,"M","$","?","?","M","E","COS","M","T","E","M","?","R","E","R","B",null,"M","M","M","M","M","E","M","?","T","M","?","E","COS","M","R","B",null],"character_chosen":"Youkari","items_purchased":["DimensionStaggered_purple","Thread and Needle"],"campfire_rested":4,"item_purchase_floors":[4,19],"current_hp_per_floor":[70,64,69,69,71,71,39,61,61,22,44,44,44,33,55,48,75,80,80,80,80,80,47,47,30,30,24,28,28,67,60,60,74,80,83,83,83,70,79,63,73,58,58,61,61,62,62,53,53,22],"gold":56,"neow_bonus":"UPGRADE_CARD","is_daily":false,"chose_seed":false,"campfire_upgraded":4,"win_rate":0.0,"timestamp":1611812975,"path_taken":["M","M","?","$","M","R","E","R","T","E","R","?","R","E","R","BOSS","M","?","?","?","?","E","COS","?","T","E","M","?","R","E","R","BOSS","M","M","M","M","M","E","M","?","T","?","?","E","COS","M","R","BOSS"],"items_purchased_type":["Card","Relic"],"build_version":"2020-12-22","purchased_purges":0,"victory":true,"max_hp_per_floor":[70,70,75,75,75,75,75,75,75,75,75,75,75,75,75,75,75,80,80,80,80,80,80,80,80,80,80,80,80,80,80,80,80,80,83,83,83,83,83,83,83,83,83,83,83,83,83,83,83,83],"card_choices":[{"not_picked":["Charmbait_purple","SharpContractionReality_purple"],"picked":"StateErode_purple","floor":1.0},{"not_picked":["Line_surface_state_purple","Mirror_FormAndEmptin_purple"],"picked":"Worldmountain_purple","floor":2.0},{"not_picked":["SharpContractionReality_purple","Yakumo_Ran_purple"],"picked":"PositiveMatter_Antimatter_Universe_purple","floor":5.0},{"not_picked":["Fancifulhole_purple","ExistenceContinue_purple"],"picked":"Mirror_FourBoundary_purple","floor":7.0},{"not_picked":["MeetDecomposer_purple","SharpContractionReality_purple"],"picked":"WingOfChimera_purple","floor":10.0},{"not_picked":["Realm_recovery_purpleEX","D_absorption_purple"],"picked":"MNeedle_purple","floor":14.0},{"not_picked":["Theboundaryofcreation_purpleEX","D_absorption_purple"],"picked":"UniverseChoice_purple","floor":16.0},{"not_picked":["WeekHit_purple","OmniscientAndOmnipotent_Monster_purple+1"],"picked":"CommonSense_AntiCommonSense_purple","floor":18.0},{"not_picked":["Shallow_ocean_purpleEX","CommonSense_AntiCommonSense_purple"],"picked":"StateErode_purple+1","floor":22.0},{"not_picked":["ExistenceContinue_purple","RuleDissolution_purple+1"],"picked":"Monsters_DoubleDeathButterfly_purple","floor":23.0},{"not_picked":["ExistenceContinue_purple","MeetDecomposer_purple"],"picked":"DarkRealmRedLine_purple","floor":25.0},{"not_picked":["Computing_the_future_purpleEX","UniverseChoice_purple"],"picked":"BarrageBoundary_PipeDream_purple","floor":27.0},{"not_picked":["SharpContractionReality_purple","Realm_recovery_purpleEX+1"],"picked":"Mirror_TwoAndThreeElementRealm_purple","floor":27.0},{"not_picked":["Fantasy_PerpetualMotionMachine_purple+1","StateErode_purple"],"picked":"Charmbait_purple","floor":28.0},{"not_picked":["StateErode_purple+1","SfantasyHide_purple"],"picked":"Anti_communist_purple+1","floor":31.0},{"not_picked":[],"picked":"Gensokyo:ShootingStar","floor":33.0},{"not_picked":["WasteWire_Metro_purple","UniverseChoice_purple"],"picked":"GluttonyofRealm_purpleEX","floor":33.0},{"not_picked":["ExistenceContinue_purple","AdvanceAttack_purple"],"picked":"RuleDissolution_purple+1","floor":35.0},{"not_picked":["Line_surface_state_purple+1","RuleDissolution_purple+1"],"picked":"Photoelasticity_Doppler_Effect_purple","floor":36.0},{"not_picked":["Mirror_FormAndEmptin_purple+1","Anti_communist_purple+1"],"picked":"PurpleNeedle_purple","floor":37.0},{"not_picked":["Mirror_FourBoundary_purple","SharpContractionReality_purple+1"],"picked":"Boundary_of_Extermination_purpleEX","floor":38.0},{"not_picked":["DimensionStaggered_purple","Charmbait_purple"],"picked":"Fantasy_PerpetualMotionMachine_purple","floor":39},{"not_picked":["Photoelasticity_Doppler_Effect_purple+1","Boundary_of_Extermination_purpleEX"],"picked":"Nest_LightFlightworm_purple+1","floor":40},{"not_picked":["Line_surface_state_purple","Boundary_LightAndDark_purple+1"],"picked":"Bait_HighSpeedFlying_purple+1","floor":41},{"not_picked":["WingOfChimera_purple","Extrememeaning_purpleEX+1"],"picked":"RuleDissolution_purple","floor":44},{"not_picked":["StretchesForeverDream_purple","CommonSense_AntiCommonSense_purple+1"],"picked":"Shallow_ocean_purpleEX+1","floor":46},{"not_picked":["Shallow_ocean_purpleEX+1","ExistenceContinue_purple+1"],"picked":"DarkRealmRedLine_purple+1","floor":48},{"not_picked":["RuleDissolution_purple+1","MonsterNeedle_purple"],"picked":"Boundary_DreamRealityDamnation_purple+1","floor":48}],"player_experience":179443,"relics_obtained":[{"floor":7.0,"key":"Orichalcum"},{"floor":9.0,"key":"Mummified Hand"},{"floor":10.0,"key":"Anchor"},{"floor":14.0,"key":"vexMod:ScavengeHelm"},{"floor":17.0,"key":"Regal Pillow"},{"floor":17.0,"key":"DemoMod:MeltedRock"},{"floor":17.0,"key":"PlanX"},{"floor":23.0,"key":"GodSword7"},{"floor":26.0,"key":"Meat on the Bone"},{"floor":27.0,"key":"MagicDraw3"},{"floor":31.0,"key":"Shuriken"},{"floor":40,"key":"Lizard Tail"},{"floor":43,"key":"DemoMod:GreenGuonStone"},{"floor":46,"key":"War Paint"}],"event_choices":[{"damage_healed":0.0,"max_hp_gain":0.0,"max_hp_loss":0.0,"gold_gain":0.0,"cards_transformed":["Defend_purpleEX"],"event_name":"Transmorgrifier","player_choice":"Transformed","floor":12.0,"gold_loss":0.0,"damage_taken":0.0,"cards_obtained":["WorldDissolvedintheRealm_purple"]}],"is_beta":false,"boss_relics":[{"not_picked":["Busted Crown","Fusion Hammer"],"picked":"Calling Bell"},{"not_picked":["SlaversCollar","Runic Pyramid"],"picked":"EasyGame_NEW"}],"items_purged_floors":[],"is_endless":false,"potions_floor_spawned":[7,10,16,18,31,37,38,41],"ascension_level":1}}