{"host":"zlrtw6zx2qjb37pc","time":1611822443,"event":{"mods":["BaseMod","Better Altar","Better Match","Better Note","Better Sensory Stone","Better Skull","Better Third Choice","Colored Map","Colored Powertips","Downfall","Highlight Path","Minty Spire (QoL Compilation)","Relic Stats","StSLib"],"gold_per_floor":[199,214,214,228,57,57,57,57,70,97,115,132,32,47,62,164,164,64,75,90,108,118,132,183,195,230,155,190,206,206,206,220,320,320,320,334,351,261,261,261,261,261,342,354,389,409,309,339,350,350,350,380,24,24,24,24,24,24],"floor_reached":56,"language":"ENG","playtime":2998,"items_purged":["champ:Defend","champ:Defend"],"score":830,"play_id":"0963b48d-0b97-49c6-a22d-b9a9153316ce","local_time":"20210128162723","is_ascension_mode":false,"campfire_choices":[{"floor":1.0,"key":"RECALL"},{"data":"champ:FanOfKnives","floor":6.0,"key":"SMITH"},{"data":"champ:Shatter","floor":8.0,"key":"SMITH"},{"data":"champ:Lariat","floor":13.0,"key":"SMITH"},{"data":"champ:RecklessLeap","floor":18.0,"key":"SMITH"},{"data":"champ:Duel","floor":30,"key":"SMITH"},{"data":"champ:Encircle","floor":35,"key":"SMITH"},{"data":"champ:RapidStrikes","floor":47,"key":"SMITH"},{"data":"champ:UltimateStance","floor":54,"key":"SMITH"}],"circlet_count":0,"master_deck":["champ:Strike+1","champ:Strike","champ:Strike","champ:Defend","champ:Defend","champ:Execute","champ:Taunt+1","champ:Shatter+1","champ:FocusedBerserking","champ:FanOfKnives+1","champ:LastStand","champ:Lariat+1","champ:RecklessLeap+1","champ:Encircle","champ:IgnorePain","champ:Shatter+1","champ:Duel+1","champ:Encircle+1","Dramatic Entrance+1","champ:VampiricStrike","champ:RapidStrikes+1","champ:Duel","champ:Haymaker+1","champ:LastStand","champ:RapidStrikes+1","champ:UltimateStance+1","champ:MurderStrike"],"relics":["champ:ChampionCrown","Bronze Scales","Thread and Needle","Bag of Preparation","downfall:HeartBlessingRed","Coffee Dripper","downfall:HeartBlessingGreen","PreservedInsect","Shuriken","Whetstone","Velvet Choker","DollysMirror","Vajra","downfall:HeartBlessingBlue","Gremlin Horn","Lantern","Bottled Flame"],"acts_visited":["Exordium","TheCity","TheBeyond","TheEnding"],"potions_floor_usage":[28,33,46,50,55,55,55,55,55,55],"damage_taken":[{"damage":10.0,"enemies":"Small Slimes","floor":2.0,"turns":3.0},{"damage":6.0,"enemies":"Cultist","floor":4.0,"turns":4.0},{"damage":25.0,"enemies":"downfall:FleeingMerchant","floor":5.0,"turns":4.0},{"damage":0.0,"enemies":"2 Louse","floor":9.0,"turns":2.0},{"damage":38.0,"enemies":"Lagavulin","floor":10.0,"turns":6.0},{"damage":15.0,"enemies":"Large Slime","floor":11.0,"turns":6.0},{"damage":18.0,"enemies":"Exordium Thugs","floor":12.0,"turns":3.0},{"damage":15.0,"enemies":"2 Fungi Beasts","floor":14.0,"turns":2.0},{"damage":25.0,"enemies":"Blue Slaver","floor":15.0,"turns":2.0},{"damage":64.0,"enemies":"IC_STATUS_ARCHETYPE","floor":16.0,"turns":5.0},{"damage":16.0,"enemies":"Shell Parasite","floor":19.0,"turns":4.0},{"damage":10.0,"enemies":"3 Byrds","floor":20.0,"turns":3.0},{"damage":40.0,"enemies":"Snecko","floor":21.0,"turns":4.0},{"damage":32.0,"enemies":"Shelled Parasite and Fungi","floor":22.0,"turns":4.0},{"damage":32.0,"enemies":"3 Cultists","floor":23.0,"turns":4.0},{"damage":52.0,"enemies":"Snake Plant","floor":25.0,"turns":5.0},{"damage":50.0,"enemies":"Gremlin Leader","floor":26.0,"turns":5.0},{"damage":30,"enemies":"Slavers","floor":28,"turns":2},{"damage":33,"enemies":"Centurion and Healer","floor":29,"turns":5},{"damage":0,"enemies":"Cultist and Chosen","floor":32,"turns":4},{"damage":48,"enemies":"WA_ARCHETYPE_CALM","floor":33,"turns":5},{"damage":38,"enemies":"3 Darklings","floor":36,"turns":3},{"damage":15,"enemies":"Orb Walker","floor":37,"turns":2},{"damage":50,"enemies":"downfall:FleeingMerchant","floor":38,"turns":4},{"damage":10,"enemies":"downfall:FleeingMerchant","floor":43,"turns":1},{"damage":30,"enemies":"Sphere and 2 Shapes","floor":44,"turns":2},{"damage":30,"enemies":"Nemesis","floor":45,"turns":3},{"damage":40,"enemies":"Writhing Mass","floor":46,"turns":3},{"damage":32,"enemies":"Reptomancer","floor":48,"turns":4},{"damage":20,"enemies":"Jaw Worm Horde","floor":49,"turns":3},{"damage":74,"enemies":"DF_ARCHETYPE_ORBS","floor":50,"turns":5},{"damage":99,"enemies":"downfall:CharBossMerchant","floor":52,"turns":5},{"damage":123,"enemies":"downfall:NeowBoss","floor":55,"turns":13},{"damage":20,"enemies":"downfall:NeowBossFinal","floor":56,"turns":2}],"seed_played":"-2549653825533983523","potions_obtained":[{"floor":4.0,"key":"SneckoOil"},{"floor":10.0,"key":"SpeedPotion"},{"floor":12.0,"key":"Weak Potion"},{"floor":15.0,"key":"BlessingOfTheForge"},{"floor":21.0,"key":"SkillPotion"},{"floor":23.0,"key":"Explosive Potion"},{"floor":25.0,"key":"EssenceOfSteel"},{"floor":32,"key":"champ:TechniquePotion"},{"floor":33,"key":"Block Potion"},{"floor":36,"key":"Fire Potion"},{"floor":45,"key":"SpeedPotion"},{"floor":48,"key":"FearPotion"}],"is_trial":false,"path_per_floor":["R","M","?","M","$","R","T","R","M","E","M","M","R","M","M","B",null,"R","M","M","M","M","M","T","M","E","?","E","M","R","?","M","B",null,"R","M","M","$","?","?","T","?","$","M","E","M","R","E","M","B",null,"E","$","R","B","B"],"character_chosen":"THE_CHAMP","items_purchased":["Bronze Scales","DollysMirror","Bottled Flame","EntropicBrew"],"campfire_rested":0,"item_purchase_floors":[5,43,53,53],"current_hp_per_floor":[90,90,90,84,79,79,79,79,79,61,56,53,53,53,53,29,90,90,84,84,84,82,80,80,58,58,58,58,55,55,40,40,31,90,90,82,82,87,87,87,87,87,87,87,87,87,97,75,75,70,100,64,64,64,20,0,0,0],"gold":24,"neow_bonus":"HUNDRED_GOLD","is_daily":false,"chose_seed":false,"campfire_upgraded":8,"win_rate":0.0,"timestamp":1611822443,"path_taken":["R","M","?","M","$","R","T","R","M","E","M","M","R","M","M","BOSS","R","M","?","M","M","M","T","M","E","?","E","M","R","?","M","BOSS","R","M","M","$","?","?","T","?","$","?","E","M","R","E","M","BOSS","E","$","R","BOSS","BOSS"],"items_purchased_type":["Relic","Relic","Relic","Potion"],"build_version":"2020-12-22","purchased_purges":2,"victory":false,"max_hp_per_floor":[90,90,90,90,90,90,90,90,90,90,90,90,90,90,90,90,90,90,90,90,90,90,90,90,90,90,90,90,90,90,90,90,90,90,90,90,90,90,90,90,90,90,90,90,90,90,100,100,100,100,100,100,100,100,100,100,100,100],"relic_stats":{"Gremlin Horn":[4,4],"counters":[34,132],"Shuriken":[40],"Bronze Scales":[249],"PreservedInsect":335,"Bag of Preparation":[58],"Whetstone":["champ:Shatter","champ:Strike"],"obtain_stats":[{"Lantern":52,"downfall:HeartBlessingRed":13,"Gremlin Horn":48,"Velvet Choker":34,"Vajra":45,"champ:ChampionCrown":0,"Thread and Needle":7,"downfall:HeartBlessingGreen":18,"PreservedInsect":24,"Bag of Preparation":10,"Whetstone":28,"Bottled Flame":53,"Shuriken":26,"DollysMirror":43,"downfall:HeartBlessingBlue":47,"Bronze Scales":5,"Coffee Dripper":17},{"Lantern":32,"downfall:HeartBlessingRed":7,"Gremlin Horn":29,"Velvet Choker":21,"Vajra":27,"champ:ChampionCrown":0,"Thread and Needle":3,"downfall:HeartBlessingGreen":10,"PreservedInsect":15,"Bag of Preparation":5,"Whetstone":18,"Bottled Flame":32,"Shuriken":17,"DollysMirror":25,"downfall:HeartBlessingBlue":28,"Bronze Scales":3,"Coffee Dripper":10},{"Lantern":117,"downfall:HeartBlessingRed":28,"Gremlin Horn":104,"Velvet Choker":82,"Vajra":97,"champ:ChampionCrown":0,"Thread and Needle":11,"downfall:HeartBlessingGreen":37,"PreservedInsect":56,"Bag of Preparation":19,"Whetstone":68,"Bottled Flame":117,"Shuriken":66,"DollysMirror":92,"downfall:HeartBlessingBlue":100,"Bronze Scales":11,"Coffee Dripper":37}]},"card_choices":[{"not_picked":["champ:FlashCut","champ:PerfectedStrike"],"picked":"champ:Shatter","floor":2.0},{"not_picked":["champ:FlashCut","champ:PreciseThrust"],"picked":"champ:FocusedBerserking","floor":4.0},{"not_picked":["champ:StanceDance","champ:DefensiveShout"],"picked":"champ:FanOfKnives","floor":5.0},{"not_picked":["champ:TornadoPunch","champ:IronFortress","champ:Backstep"],"picked":"SKIP","floor":9.0},{"not_picked":["champ:BladeFlurry","champ:GutPunch"],"picked":"champ:LastStand","floor":10.0},{"not_picked":["champ:Haymaker","champ:EndlessRage"],"picked":"champ:Lariat","floor":11.0},{"not_picked":["champ:PerfectedStrike","champ:Circumvent"],"picked":"champ:RecklessLeap","floor":12.0},{"not_picked":["champ:DefensiveShout","champ:GutPunch","champ:Circumvent"],"picked":"SKIP","floor":14.0},{"not_picked":["champ:PerfectedStrike","champ:DefensiveShout"],"picked":"champ:Encircle","floor":15.0},{"not_picked":["champ:DancingMaster","champ:HoldFirm"],"picked":"champ:IgnorePain","floor":16.0},{"not_picked":["champ:DeathBlow","champ:GutPunch+1","champ:BladeFlurry"],"picked":"SKIP","floor":19.0},{"not_picked":["champ:AdrenalArmor","champ:DefensiveShout"],"picked":"champ:Shatter","floor":20.0},{"not_picked":["champ:PerfectedStrike","champ:PreciseThrust+1","champ:FlashCut"],"picked":"SKIP","floor":21.0},{"not_picked":["champ:EndlessRage","champ:ShieldWall+1"],"picked":"champ:Duel","floor":22.0},{"not_picked":["champ:Circumvent","champ:RapidStrikes","champ:BerserkersShout+1"],"picked":"SKIP","floor":23.0},{"not_picked":["champ:HeartStrike+1","champ:StanceDance","champ:ShieldWall"],"picked":"SKIP","floor":25.0},{"not_picked":["champ:Parry","champ:Backstep"],"picked":"champ:Encircle","floor":26.0},{"not_picked":["Good Instincts+1","Madness+1"],"picked":"Dramatic Entrance+1","floor":27.0},{"not_picked":["champ:GladiatorStyle","champ:Backstep","champ:BladeFlurry"],"picked":"SKIP","floor":28},{"not_picked":["champ:DeathBlow","champ:PerfectedStrike","champ:IronFortress"],"picked":"SKIP","floor":29},{"not_picked":["champ:EnGarde","champ:Backstep","champ:FlashCut+1"],"picked":"SKIP","floor":32},{"not_picked":["champ:HoldFirm","champ:GladiatorForm"],"picked":"champ:VampiricStrike","floor":33},{"not_picked":["champ:Backstep","champ:Parry","champ:BladeFlurry+1"],"picked":"SKIP","floor":36},{"not_picked":["champ:CrownThrow+1","champ:StanceDance"],"picked":"champ:RapidStrikes","floor":37},{"not_picked":["champ:Encircle+1","champ:BringItOn+1","champ:FocusedDefense+1"],"picked":"SKIP","floor":38},{"not_picked":["champ:DeathBlow+1","champ:DefensiveShout"],"picked":"champ:Haymaker+1","floor":43},{"not_picked":["champ:PerfectedStrike","champ:BringItOn+1"],"picked":"champ:RapidStrikes+1","floor":44},{"not_picked":["champ:BringItOn","champ:Duel+1","champ:CalledShot"],"picked":"SKIP","floor":45},{"not_picked":["champ:Circumvent+1","champ:GladiatorStyle","champ:AdrenalArmor+1"],"picked":"SKIP","floor":46},{"not_picked":["champ:BringItOn","champ:EnGarde+1"],"picked":"champ:UltimateStance","floor":48},{"not_picked":["champ:Circumvent+1","champ:Endure","champ:BringItOn+1"],"picked":"SKIP","floor":49},{"not_picked":["champ:ArenaPreparation+1","champ:PreciseThrust+1"],"picked":"champ:MurderStrike","floor":52}],"player_experience":129900,"relics_obtained":[{"floor":7.0,"key":"Thread and Needle"},{"floor":10.0,"key":"Bag of Preparation"},{"floor":24.0,"key":"PreservedInsect"},{"floor":26.0,"key":"Shuriken"},{"floor":28,"key":"Whetstone"},{"floor":45,"key":"Vajra"},{"floor":48,"key":"Gremlin Horn"},{"floor":52,"key":"Lantern"}],"event_choices":[{"damage_healed":0.0,"max_hp_gain":0.0,"max_hp_loss":0.0,"gold_gain":0.0,"event_name":"Accursed Blacksmith","player_choice":"Forge","floor":3.0,"gold_loss":0.0,"damage_taken":0.0,"cards_upgraded":["champ:Taunt"]},{"damage_healed":0.0,"max_hp_gain":0.0,"max_hp_loss":0.0,"gold_gain":0.0,"event_name":"betterMatch:BetterMatch","player_choice":"2","floor":27.0,"gold_loss":0.0,"damage_taken":0.0,"cards_obtained":["betterMatch:CommonCard","betterMatch:ColorlessUncommonCard"]},{"damage_healed":0,"gold_gain":3,"player_choice":"1","damage_taken":0,"max_hp_gain":0,"max_hp_loss":0,"event_name":"betterStone:BetterStone","floor":40,"gold_loss":0}],"is_beta":false,"boss_relics":[{"not_picked":["Calling Bell","Astrolabe"],"picked":"Coffee Dripper"},{"not_picked":["Runic Dome","Pandora\u0027s Box"],"picked":"Velvet Choker"}],"items_purged_floors":[38,43],"is_endless":false,"potions_floor_spawned":[4,10,12,15,21,23,25,32,33,36,45,48],"killed_by":"downfall:NeowBossFinal","ascension_level":0}}