{"host":"c9qdigwavhre9ru1","time":1611792334,"event":{"mods":["AlwaysNeverKeys","BaseMod","BetterRewards","Minty Spire (QoL Compilation)","Quick Restart","Rare Cards Sparkle","Shop Mod"],"gold_per_floor":[119,94,110,121,21,21,21,56,56,84,94,111,111,61,61,156,156,168,168,156,31,48,48,48],"floor_reached":23,"language":"ENG","playtime":668,"items_purged":["Strike_R","Strike_R","Strike_R"],"score":391,"play_id":"44e219d4-9c46-4390-a552-d8ed67105350","local_time":"20210127180534","is_ascension_mode":true,"campfire_choices":[{"data":"Fire Breathing","floor":6,"key":"SMITH"},{"data":"Dark Embrace","floor":13,"key":"SMITH"},{"data":"Bash","floor":15,"key":"SMITH"}],"circlet_count":0,"master_deck":["Defend_R","Defend_R","Defend_R","Defend_R","Bash+1","Reckless Charge","Fire Breathing+1","Headbutt","Wild Strike","Wild Strike","Warcry","Dark Embrace+1","Headbutt","Corruption","Sever Soul"],"relics":["Black Blood","FossilizedHelix","Ornamental Fan","Toy Ornithopter"],"acts_visited":["Exordium","TheCity"],"potions_floor_usage":[0,10,12,16,18],"damage_taken":[{"damage":6,"enemies":"Cultist","floor":1,"turns":4},{"damage":7,"enemies":"Small Slimes","floor":3,"turns":3},{"damage":7,"enemies":"Jaw Worm","floor":4,"turns":3},{"damage":40,"enemies":"Lagavulin","floor":8,"turns":5},{"damage":5,"enemies":"3 Sentries","floor":10,"turns":4},{"damage":0,"enemies":"2 Fungi Beasts","floor":11,"turns":4},{"damage":8,"enemies":"Exordium Thugs","floor":12,"turns":4},{"damage":29,"enemies":"Hexaghost","floor":16,"turns":8},{"damage":5,"enemies":"Shell Parasite","floor":18,"turns":4},{"damage":28,"enemies":"2 Thieves","floor":20,"turns":4},{"damage":29,"enemies":"Snake Plant","floor":22,"turns":4},{"damage":55,"enemies":"Slavers","floor":23,"turns":3}],"seed_played":"5989978966629789838","potions_obtained":[{"floor":1,"key":"Energy Potion"},{"floor":10,"key":"DistilledChaos"},{"floor":12,"key":"Weak Potion"},{"floor":16,"key":"EssenceOfSteel"}],"is_trial":false,"path_per_floor":["M","$","M","M","$","R","$","E","T","E","M","M","R","?","R","B",null,"M","?","M","$","M","E"],"character_chosen":"IRONCLAD","items_purchased":["Reckless Charge","Fire Breathing","Fruit Juice","Wild Strike"],"campfire_rested":0,"item_purchase_floors":[0,0,0,2],"current_hp_per_floor":[77,77,76,75,75,75,75,41,41,42,48,51,51,51,51,33,72,84,84,68,68,51,0,0],"gold":48,"neow_bonus":"","is_daily":false,"chose_seed":false,"campfire_upgraded":3,"win_rate":0.0,"timestamp":1611792334,"path_taken":["M","$","M","M","$","R","$","E","T","E","M","M","R","?","R","BOSS","M","?","M","$","M","E"],"items_purchased_type":["Card","Card","Potion","Card"],"build_version":"2020-12-22","purchased_purges":3,"victory":false,"max_hp_per_floor":[85,85,85,85,85,85,85,85,85,85,85,85,85,85,85,85,85,85,85,85,85,85,85,85],"card_choices":[{"not_picked":["Anger","Armaments"],"picked":"Headbutt","floor":1},{"not_picked":["Blood for Blood","Second Wind"],"picked":"Wild Strike","floor":3},{"not_picked":["Carnage","Clash","Rupture"],"picked":"SKIP","floor":4},{"not_picked":["Entrench","Sword Boomerang","Twin Strike"],"picked":"SKIP","floor":8},{"not_picked":["Twin Strike","Wild Strike"],"picked":"Warcry","floor":10},{"not_picked":["Armaments","Wild Strike"],"picked":"Dark Embrace","floor":11},{"not_picked":["Rampage","Juggernaut"],"picked":"Headbutt","floor":12},{"not_picked":["Impervious","Demon Form"],"picked":"Corruption","floor":16},{"not_picked":["True Grit","Rampage","Cleave"],"picked":"SKIP","floor":18},{"not_picked":["Wild Strike","Twin Strike"],"picked":"Sever Soul","floor":20},{"not_picked":["Body Slam","Sever Soul","Wild Strike"],"picked":"SKIP","floor":22}],"player_experience":339124,"relics_obtained":[{"floor":8,"key":"FossilizedHelix"},{"floor":9,"key":"Ornamental Fan"},{"floor":10,"key":"Toy Ornithopter"}],"event_choices":[{"cards_removed":["Strike_R"],"damage_healed":0,"gold_gain":0,"player_choice":"Card Removal","damage_taken":0,"max_hp_gain":0,"max_hp_loss":0,"event_name":"The Cleric","floor":14,"gold_loss":50},{"cards_removed":["Strike_R"],"damage_healed":0,"gold_gain":0,"player_choice":"Offered Basic","damage_taken":0,"max_hp_gain":0,"max_hp_loss":0,"event_name":"Bonfire Elementals","floor":19,"gold_loss":0}],"is_beta":false,"boss_relics":[{"not_picked":["SlaversCollar","Pandora\u0027s Box"],"picked":"Black Blood"}],"items_purged_floors":[0,5,21],"is_endless":false,"potions_floor_spawned":[1,10,12,16],"killed_by":"Slavers","ascension_level":6}}