{"host":"9l1knhxfturzliqa","time":1611800814,"event":{"mods":["BaseMod","Colored Map","Colored Powertips","DeckTracker","Highlight Path","Keyboard Shortcuts","Minty Spire (QoL Compilation)","Random Character Button"],"gold_per_floor":[114,129,129,129,144,144,30,30,82,82,112,112,122,142,142,238,238,256,269,368,381,398,398,430,430,482,494,494,494],"floor_reached":28,"language":"KOR","playtime":1317,"items_purged":[],"score":300,"play_id":"b65d007b-0491-4afa-b71f-2deefd7de814","local_time":"20210128112654","is_ascension_mode":true,"campfire_choices":[{"data":"Eruption","floor":6.0,"key":"SMITH"},{"data":"MentalFortress","floor":8.0,"key":"SMITH"},{"data":"TalkToTheHand","floor":10.0,"key":"SMITH"},{"data":"Vigilance","floor":12.0,"key":"SMITH"},{"floor":15.0,"key":"REST"},{"data":"Ragnarok","floor":23.0,"key":"SMITH"},{"floor":25.0,"key":"REST"}],"circlet_count":0,"master_deck":["Strike_P","Strike_P","Strike_P","Strike_P","Defend_P","Defend_P","Defend_P","Defend_P","Eruption+1","Vigilance+1","Pray","MentalFortress+1","TalkToTheHand+1","CrushJoints","Worship","BowlingBash","Ragnarok+1","CurseOfTheBell","FlyingSleeves+1","Consecrate+1","Vault","Halt"],"relics":["PureWater","Kunai","Pen Nib","Bottled Lightning","Calling Bell","Toy Ornithopter","Molten Egg 2","Torii","Tiny Chest","Anchor"],"acts_visited":["Exordium","TheCity"],"potions_floor_usage":[],"damage_taken":[{"damage":4.0,"enemies":"2 Louse","floor":1.0,"turns":2.0},{"damage":0.0,"enemies":"Small Slimes","floor":2.0,"turns":4.0},{"damage":0.0,"enemies":"Cultist","floor":5.0,"turns":2.0},{"damage":10.0,"enemies":"3 Sentries","floor":11.0,"turns":7.0},{"damage":1.0,"enemies":"Looter","floor":13.0,"turns":4.0},{"damage":9.0,"enemies":"Large Slime","floor":14.0,"turns":6.0},{"damage":22.0,"enemies":"Slime Boss","floor":16.0,"turns":6.0},{"damage":0.0,"enemies":"Chosen","floor":18.0,"turns":4.0},{"damage":1.0,"enemies":"Spheric Guardian","floor":19.0,"turns":3.0},{"damage":8.0,"enemies":"Snake Plant","floor":21.0,"turns":3.0},{"damage":19.0,"enemies":"Centurion and Healer","floor":22.0,"turns":5.0},{"damage":46.0,"enemies":"Slavers","floor":24.0,"turns":3.0},{"damage":0.0,"enemies":"Cultist and Chosen","floor":27.0,"turns":3.0},{"damage":45,"enemies":"Book of Stabbing","floor":28,"turns":5}],"seed_played":"-951718779662477744","potions_obtained":[{"floor":2.0,"key":"ColorlessPotion"},{"floor":5.0,"key":"Energy Potion"},{"floor":14.0,"key":"PowerPotion"},{"floor":16.0,"key":"AttackPotion"},{"floor":21.0,"key":"Ancient Potion"},{"floor":24.0,"key":"AttackPotion"},{"floor":27.0,"key":"Explosive Potion"}],"is_trial":false,"path_per_floor":["M","M","?","?","M","R","$","R","T","R","E","R","M","M","R","B",null,"M","M","?","M","M","R","E","R","T","M","E"],"character_chosen":"WATCHER","items_purchased":["MentalFortress","TalkToTheHand"],"campfire_rested":2,"item_purchase_floors":[7,7],"current_hp_per_floor":[61,61,49,49,49,49,49,49,49,49,39,39,38,29,54,32,73,73,77,77,79,60,60,14,39,39,39,0,0],"gold":494,"neow_bonus":"TWENTY_PERCENT_HP_BONUS","is_daily":false,"chose_seed":false,"campfire_upgraded":5,"win_rate":0.0,"timestamp":1611800814,"path_taken":["M","M","?","?","M","R","$","R","T","R","E","R","?","M","R","BOSS","M","M","?","M","M","R","E","R","T","M","E"],"items_purchased_type":["Card","Card"],"build_version":"2020-12-22","purchased_purges":0,"victory":false,"max_hp_per_floor":[86,86,86,86,86,86,86,86,86,86,86,86,86,86,86,86,86,86,86,86,86,86,86,86,86,86,86,86,86],"card_choices":[{"not_picked":["PathToVictory","ThirdEye"],"picked":"Pray","floor":1.0},{"not_picked":["Collect","Wireheading","WheelKick"],"picked":"SKIP","floor":2.0},{"not_picked":["SashWhip","FollowUp","Swivel"],"picked":"SKIP","floor":5.0},{"not_picked":["Nirvana","CutThroughFate"],"picked":"CrushJoints","floor":11.0},{"not_picked":["BowlingBash","EmptyFist"],"picked":"Worship","floor":13.0},{"not_picked":["DevaForm","Wallop"],"picked":"BowlingBash","floor":14.0},{"not_picked":["ConjureBlade","Devotion"],"picked":"Ragnarok","floor":16.0},{"not_picked":["PathToVictory","Consecrate+1","Swivel"],"picked":"SKIP","floor":18.0},{"not_picked":["Swivel","PathToVictory"],"picked":"FlyingSleeves+1","floor":19.0},{"not_picked":["Consecrate+1","CrushJoints+1","Collect"],"picked":"SKIP","floor":21.0},{"not_picked":["Protect","Worship"],"picked":"Consecrate+1","floor":22.0},{"not_picked":["EmptyBody","Evaluate"],"picked":"Vault","floor":24.0},{"not_picked":["Conclude+1","ThirdEye"],"picked":"Halt","floor":27.0}],"player_experience":526551,"relics_obtained":[{"floor":9.0,"key":"Pen Nib"},{"floor":11.0,"key":"Bottled Lightning"},{"floor":17.0,"key":"Toy Ornithopter"},{"floor":17.0,"key":"Molten Egg 2"},{"floor":17.0,"key":"Torii"},{"floor":24.0,"key":"Tiny Chest"},{"floor":26.0,"key":"Anchor"}],"event_choices":[{"damage_healed":0.0,"max_hp_gain":0.0,"max_hp_loss":0.0,"gold_gain":0.0,"event_name":"Scrap Ooze","player_choice":"Success","floor":3.0,"gold_loss":0.0,"damage_taken":12.0,"relics_obtained":["Kunai"]},{"damage_healed":0.0,"max_hp_gain":0.0,"max_hp_loss":0.0,"gold_gain":0.0,"event_name":"Match and Keep!","player_choice":"0 cards matched","floor":4.0,"gold_loss":0.0,"damage_taken":0.0,"cards_obtained":[]},{"damage_healed":0.0,"max_hp_gain":0.0,"max_hp_loss":0.0,"gold_gain":99.0,"event_name":"Nest","player_choice":"Stole From Cult","floor":20.0,"gold_loss":0.0,"damage_taken":0.0}],"is_beta":false,"boss_relics":[{"not_picked":["Cursed Key","SacredBark"],"picked":"Calling Bell"}],"items_purged_floors":[],"is_endless":false,"potions_floor_spawned":[2,5,14,16,21,24,27],"killed_by":"Book of Stabbing","ascension_level":5}}