{"host":"kpzitzpzyl580zr6","time":1611805113,"event":{"mods":["AchievementEnabler","BaseMod","Better Altar","Better Third Choice","BetterRewards","Block Reminder","Disable Question Mark Monsters","Hubris","Infinite Spire","Minty Spire (QoL Compilation)","Rare Cards Sparkle","Relic Filter","Relic Stats","Replay The Spire","StSLib","The Senshi","Transform Curses"],"gold_per_floor":[114,114,114,114,114,140,174,191,215,185,185,143,15,25,25,128,128,138,138,138,53,70,99,99,125,125,154,185,86,86,104,104,203,203,222,100,0,50,50,82,82,95,143,243,262,262,136,46,46,141,141,141],"floor_reached":51,"language":"ENG","playtime":5209,"items_purged":["Decay","theSenshi:WarriorOfTheMoon","Sickly"],"score":852,"play_id":"4a398c93-6795-485f-b280-cda618b769a1","local_time":"20210127193833","daily_mods":["Heirloom","Flight"],"is_ascension_mode":false,"campfire_choices":[{"floor":15,"key":"REST"},{"floor":32,"key":"REST"},{"floor":41,"key":"REST"},{"floor":46,"key":"REST"},{"floor":49,"key":"REST"}],"circlet_count":0,"master_deck":["theSenshi:SailorKick","theSenshi:SailorKick","theSenshi:SailorKick","theSenshi:SailorKick","theSenshi:SailorBlock","theSenshi:SailorBlock","theSenshi:SailorBlock","theSenshi:SailorBlock","theSenshi:RoseThrow+1","theSenshi:MoonPrismPowerMakeUp","theSenshi:MoonsReflection+1","infinitespire:Punishment","theSenshi:StudyParty","theSenshi:SailorMarsAssists","theSenshi:TuxedoSmokingBomber","theSenshi:EncouragingSpeech","infinitespire:Punishment","theSenshi:SteeledNerves+1","theSenshi:CrisisMakeUp","theSenshi:NeptunesGrace+1","theSenshi:Sidestep","theSenshi:SailorCosmosAssists","theSenshi:SailorMarsAssists+1","hubris:Fate","theSenshi:SailorStarMakerAssists+1","theSenshi:MoonlightKnight","hubris:Fate","theSenshi:MoonTiaraMagic","theSenshi:MoonPrincessHalation+1","theSenshi:MoonCosmicPowerMakeUp","theSenshi:MarsPride","theSenshi:EncouragingSpeech+1","theSenshi:IWillPunishYou","theSenshi:GlimpseOfThePast+1","CurseOfTheBell","theSenshi:JupitersPower+1","theSenshi:MoonKick+1","theSenshi:WarriorOfTheMoon+1","theSenshi:WarriorOfTheMoon","theSenshi:VenusGlamour+1","theSenshi:MoonPunch+1","theSenshi:Overload+1","theSenshi:StudyParty","theSenshi:VenusGlamour+1","ReplayTheSpireMod:Black Plague","theSenshi:SailorPlanetPower+1","theSenshi:MoonPrincessHalation+1","theSenshi:SailorStarHealerAssists"],"relics":["theSenshi:TransformationBroochRelic","replay:Trail_Library","hubris:Spice","Ginger","hubris:Towel","theSenshi:SpiralHeartMoonRodRelic","TungstenRod","Blue Doll","hubris:EvacipatedBox","hubris:KleinBottle","Replay:Ancient Bell","theSenshi:CutieMoonRodRelic","Replay:Grab Bag","Fusion Hammer","hubris:ScarierMask","hubris:Reverence","Gremlin Food","Meat on the Bone","theSenshi:TiaraRelic","Molten Egg 2","Art of War","Spirit Poop","Sozu","Calling Bell","Du-Vu Doll","hubris:Reverence","Red Mask","hubris:Potato","Centennial Puzzle","Cursed Key","replay:Trail_Library"],"acts_visited":["Exordium","TheCity","TheBeyond","Exordium"],"potions_floor_usage":[6,14,18,23,23,27,33,33,34,40],"damage_taken":[{"damage":0,"enemies":"2 Louse","floor":1,"turns":3},{"damage":14,"enemies":"Lagavulin","floor":6,"turns":4},{"damage":10,"enemies":"Gremlin Nob","floor":7,"turns":4},{"damage":0,"enemies":"Small Slimes","floor":8,"turns":2},{"damage":0,"enemies":"Cultist","floor":14,"turns":2},{"damage":5,"enemies":"Hexaghost","floor":16,"turns":7},{"damage":1,"enemies":"Shell Parasite","floor":18,"turns":2},{"damage":0,"enemies":"3 Byrds","floor":22,"turns":3},{"damage":19,"enemies":"Nightmare","floor":23,"turns":5},{"damage":5,"enemies":"Book of Stabbing","floor":25,"turns":3},{"damage":17,"enemies":"Slavers","floor":27,"turns":2},{"damage":0,"enemies":"Gremlin Leader","floor":28,"turns":3},{"damage":0,"enemies":"Centurion and Healer","floor":31,"turns":1},{"damage":31,"enemies":"Automaton","floor":33,"turns":5},{"damage":1,"enemies":"Orb Walker","floor":35,"turns":2},{"damage":6,"enemies":"Mind Bloom Boss Battle","floor":38,"turns":4},{"damage":44,"enemies":"Nightmare","floor":40,"turns":7},{"damage":2,"enemies":"3 Shapes","floor":42,"turns":3},{"damage":0,"enemies":"infinitespire:Three Voidlings","floor":44,"turns":2},{"damage":41,"enemies":"Nightmare_Alpha","floor":44,"turns":8},{"damage":0,"enemies":"Writhing Mass","floor":45,"turns":2},{"damage":7,"enemies":"hubris:GrandSnecko","floor":50,"turns":4}],"seed_played":"5214193930547030581","potions_obtained":[{"floor":1,"key":"AttackPotion"},{"floor":7,"key":"FearPotion"},{"floor":10,"key":"Block Potion"},{"floor":10,"key":"EntropicBrew"},{"floor":14,"key":"Ancient Potion"},{"floor":16,"key":"Elixir"},{"floor":18,"key":"ColorlessPotion"},{"floor":25,"key":"Energy Potion"},{"floor":28,"key":"Weak Potion"},{"floor":31,"key":"BlessingOfTheForge"},{"floor":33,"key":"SteroidPotion"}],"is_trial":true,"path_per_floor":["M","?","?","?","?","E","E","M","T","?","$","$","$","M","R","B",null,"M","AVR","?","?","M","NM","T","E","T","E","E","$","?","M","R","B",null,"M","$","?","?","?","NM","R","M","T","?","M","R","$","?","R","B",null],"character_chosen":"THE_SENSHI","items_purchased":["Blue Doll","hubris:EvacipatedBox","hubris:KleinBottle","theSenshi:SteeledNerves+1","theSenshi:CrisisMakeUp","theSenshi:NeptunesGrace+1","theSenshi:EncouragingSpeech+1","theSenshi:MoonKick+1","theSenshi:WarriorOfTheMoon","theSenshi:MoonPrincessHalation+1"],"campfire_rested":5,"item_purchase_floors":[11,11,11,12,13,13,29,36,36,47],"current_hp_per_floor":[83,83,83,64,64,58,48,52,52,52,4,4,4,6,33,30,83,83,83,83,83,83,66,66,63,63,50,52,52,52,54,67,38,59,59,59,59,55,55,25,40,42,42,19,33,43,43,43,43,38,43,43],"gold":141,"neow_bonus":"","is_daily":false,"chose_seed":false,"campfire_upgraded":0,"win_rate":0.0,"timestamp":1611805113,"path_taken":["M","?","?","?","?","E","E","?","T","?","?","$","$","M","R","BOSS","M","AVR","?","?","?","NM","?","E","T","E","E","$","?","?","R","BOSS","M","$","?","?","?","NM","R","?","T","?","M","R","$","?","R","BOSS"],"items_purchased_type":["Relic","Relic","Relic","Card","Card","Card","Card","Card","Card","Card"],"build_version":"2020-12-22","purchased_purges":3,"victory":false,"max_hp_per_floor":[83,83,83,83,83,91,91,91,91,91,91,91,91,91,91,91,83,83,83,83,83,83,75,75,75,67,67,67,67,67,67,67,67,59,59,59,59,59,59,51,51,51,51,43,43,43,43,43,43,43,43,43],"relic_stats":{"Sozu":2,"Centennial Puzzle":[6],"counters":[22,78],"Art of War":[6],"Ginger":[1],"Cursed Key":0,"obtain_stats":[{"theSenshi:CutieMoonRodRelic":17,"Spirit Poop":30,"Blue Doll":11,"Ginger":2,"theSenshi:SpiralHeartMoonRodRelic":7,"Cursed Key":51,"hubris:EvacipatedBox":11,"theSenshi:TiaraRelic":25,"Sozu":34,"Centennial Puzzle":43,"hubris:ScarierMask":19,"Fusion Hammer":17,"Red Mask":37,"replay:Trail_Library":0,"hubris:KleinBottle":11,"Gremlin Food":21,"Replay:Grab Bag":17,"Replay:Ancient Bell":17,"hubris:Towel":3,"Calling Bell":34,"Du-Vu Doll":34,"theSenshi:TransformationBroochRelic":0,"hubris:Spice":0,"Molten Egg 2":27,"Art of War":28,"TungstenRod":9,"hubris:Potato":38,"hubris:Reverence":19,"Meat on the Bone":24},{"theSenshi:CutieMoonRodRelic":6,"Spirit Poop":12,"Blue Doll":4,"Ginger":1,"theSenshi:SpiralHeartMoonRodRelic":3,"Cursed Key":22,"hubris:EvacipatedBox":4,"theSenshi:TiaraRelic":10,"Sozu":14,"Centennial Puzzle":18,"hubris:ScarierMask":7,"Fusion Hammer":6,"Red Mask":15,"replay:Trail_Library":0,"hubris:KleinBottle":4,"Gremlin Food":7,"Replay:Grab Bag":6,"Replay:Ancient Bell":6,"hubris:Towel":1,"Calling Bell":14,"Du-Vu Doll":14,"theSenshi:TransformationBroochRelic":0,"hubris:Spice":0,"Molten Egg 2":11,"Art of War":12,"TungstenRod":4,"hubris:Potato":16,"hubris:Reverence":7,"Meat on the Bone":9},{"theSenshi:CutieMoonRodRelic":22,"Spirit Poop":40,"Blue Doll":13,"Ginger":3,"theSenshi:SpiralHeartMoonRodRelic":11,"Cursed Key":78,"hubris:EvacipatedBox":13,"theSenshi:TiaraRelic":35,"Sozu":46,"Centennial Puzzle":62,"hubris:ScarierMask":24,"Fusion Hammer":22,"Red Mask":48,"replay:Trail_Library":0,"hubris:KleinBottle":13,"Gremlin Food":24,"Replay:Grab Bag":22,"Replay:Ancient Bell":22,"hubris:Towel":3,"Calling Bell":46,"Du-Vu Doll":46,"theSenshi:TransformationBroochRelic":0,"hubris:Spice":0,"Molten Egg 2":37,"Art of War":40,"TungstenRod":13,"hubris:Potato":52,"hubris:Reverence":24,"Meat on the Bone":32}],"TungstenRod":52,"Meat on the Bone":36},"card_choices":[{"not_picked":["theSenshi:SailorChibiMoonAssists","theSenshi:SailorStarFighterAssists"],"picked":"theSenshi:MoonsReflection","floor":1},{"not_picked":["infinitespire:Menacing","infinitespire:TheBestDefense"],"picked":"infinitespire:Punishment","floor":4},{"not_picked":["theSenshi:SupersonicWaves","theSenshi:MoonPrincessHalation"],"picked":"theSenshi:StudyParty","floor":6},{"not_picked":["theSenshi:SailorPlanetAttack","theSenshi:SailorMercuryAssists"],"picked":"theSenshi:SailorMarsAssists","floor":7},{"not_picked":["theSenshi:SailorMercuryAssists","hubris:SpiceAddiction"],"picked":"theSenshi:TuxedoSmokingBomber","floor":8},{"not_picked":["infinitespire:TheBestDefense","infinitespire:UltimateForm"],"picked":"infinitespire:Punishment","floor":11},{"not_picked":["theSenshi:SilverMoonCrystalPowerKiss","hubris:SpiceAddiction"],"picked":"theSenshi:Sidestep","floor":14},{"not_picked":["theSenshi:ChibiMoonsLove","theSenshi:SailorStarHealerAssists"],"picked":"theSenshi:SailorCosmosAssists","floor":16},{"not_picked":["hubris:Wrath","Spreading Infection"],"picked":"Clumsy","floor":17},{"not_picked":["ReplayTheSpireMod:IOU","Regret"],"picked":"Sickly","floor":17},{"not_picked":["infinitespire:Pacifist","hubris:Compulsion"],"picked":"Decay","floor":17},{"not_picked":["theSenshi:LateForSchool","hubris:SpiceAddiction"],"picked":"theSenshi:SailorMarsAssists+1","floor":18},{"not_picked":["hubris:SpiceAddiction","theSenshi:MoonKick"],"picked":"theSenshi:SailorStarMakerAssists+1","floor":22},{"not_picked":["theSenshi:SailorVenusAssists","theSenshi:StudyParty"],"picked":"theSenshi:MoonlightKnight","floor":23},{"not_picked":["infinitespire:UltimateForm","infinitespire:Menacing"],"picked":"hubris:Fate","floor":23},{"not_picked":["theSenshi:MoonPrincessHalation","theSenshi:MoonPunch"],"picked":"theSenshi:MoonTiaraMagic","floor":25},{"not_picked":["theSenshi:SchoolBag","theSenshi:Sidestep"],"picked":"theSenshi:MoonCosmicPowerMakeUp","floor":27},{"not_picked":["theSenshi:UranusStrength","theSenshi:MoonKick+1"],"picked":"theSenshi:MarsPride","floor":28},{"not_picked":["theSenshi:Sidestep","theSenshi:SchoolBag"],"picked":"theSenshi:IWillPunishYou","floor":31},{"not_picked":["theSenshi:StudyParty","theSenshi:SailorStarHealerAssists"],"picked":"theSenshi:GlimpseOfThePast","floor":33},{"not_picked":["theSenshi:MoonPunch+1","theSenshi:TallSilhouette+1"],"picked":"theSenshi:JupitersPower+1","floor":35},{"not_picked":["theSenshi:InTheNickOfTime+1","theSenshi:LunasBite+1"],"picked":"theSenshi:VenusGlamour+1","floor":38},{"not_picked":["hubris:SpiceAddiction","theSenshi:ChibiMoonsLove"],"picked":"theSenshi:MoonPunch+1","floor":40},{"not_picked":["theSenshi:KlutzyLuck+1","theSenshi:SailorChibiMoonAssists+1"],"picked":"theSenshi:Overload+1","floor":42},{"not_picked":["theSenshi:NeptunesGrace+1","theSenshi:SteeledNerves"],"picked":"theSenshi:VenusGlamour+1","floor":44},{"not_picked":["infinitespire:NeuralNetwork","infinitespire:SealOfDarkness+"],"picked":"ReplayTheSpireMod:Black Plague","floor":44},{"not_picked":["hubris:SpiceAddiction","hubris:SpiceAddiction"],"picked":"theSenshi:SailorPlanetPower+1","floor":45},{"not_picked":["theSenshi:LunaSensingAllies","theSenshi:SailorCosmosAssists"],"picked":"theSenshi:SailorStarHealerAssists","floor":50}],"player_experience":490867,"relics_obtained":[{"floor":2,"key":"Ginger"},{"floor":6,"key":"hubris:Spice"},{"floor":7,"key":"theSenshi:SpiralHeartMoonRodRelic"},{"floor":9,"key":"TungstenRod"},{"floor":23,"key":"hubris:Spice"},{"floor":24,"key":"Meat on the Bone"},{"floor":25,"key":"theSenshi:TiaraRelic"},{"floor":26,"key":"hubris:Spice"},{"floor":27,"key":"Molten Egg 2"},{"floor":28,"key":"Art of War"},{"floor":34,"key":"Du-Vu Doll"},{"floor":34,"key":"hubris:Spice"},{"floor":34,"key":"hubris:Reverence"},{"floor":38,"key":"hubris:Potato"},{"floor":40,"key":"hubris:Spice"},{"floor":43,"key":"Centennial Puzzle"},{"floor":44,"key":"hubris:Spice"}],"event_choices":[{"damage_healed":0,"gold_gain":0,"player_choice":"Ignored","damage_taken":0,"max_hp_gain":0,"max_hp_loss":0,"event_name":"NoteForYourself","floor":5,"gold_loss":0},{"damage_healed":0,"gold_gain":0,"player_choice":"Bought 2 Potions","damage_taken":0,"max_hp_gain":0,"max_hp_loss":0,"event_name":"The Woman in Blue","floor":10,"gold_loss":0},{"damage_healed":0,"gold_gain":0,"player_choice":"Obtained Relic","damage_taken":0,"relics_obtained":["Gremlin Food"],"max_hp_gain":0,"max_hp_loss":0,"event_name":"Addict","floor":21,"gold_loss":85},{"cards_removed":["Sickly"],"damage_healed":0,"gold_gain":0,"player_choice":"Offered Curse","damage_taken":0,"relics_obtained":["Spirit Poop"],"max_hp_gain":0,"max_hp_loss":0,"event_name":"Bonfire Elementals","floor":30,"gold_loss":0},{"damage_healed":0,"gold_gain":0,"player_choice":"Paid","damage_taken":0,"relics_obtained":["Red Mask"],"max_hp_gain":0,"max_hp_loss":0,"event_name":"Tomb of Lord Red Mask","floor":37,"gold_loss":100},{"damage_healed":0,"gold_gain":0,"player_choice":"Fight","damage_taken":0,"max_hp_gain":0,"max_hp_loss":0,"event_name":"MindBloom","floor":38,"gold_loss":0},{"damage_healed":0,"gold_gain":0,"player_choice":"Got Potions","damage_taken":0,"max_hp_gain":0,"max_hp_loss":0,"event_name":"Lab","floor":39,"gold_loss":0},{"cards_removed":["Clumsy"],"damage_healed":0,"gold_gain":0,"player_choice":"Upgrade and Remove","damage_taken":0,"max_hp_gain":0,"max_hp_loss":0,"event_name":"Designer","floor":48,"gold_loss":90,"cards_upgraded":["theSenshi:GlimpseOfThePast"]}],"is_beta":false,"boss_relics":[{"not_picked":["hubris:Spice","hubris:HollowSoul","Ring of Chaos"],"picked":"Replay:Ancient Bell"},{"not_picked":["hubris:Spice","hubris:Spice","Painkiller Herb"],"picked":"theSenshi:CutieMoonRodRelic"},{"not_picked":["hubris:Spice","hubris:Spice","theSenshi:CrisisMoonCompactRelic"],"picked":"Replay:Grab Bag"},{"not_picked":["hubris:VirtuousBlindfold","infinitespire:Cupcake","hubris:Stopwatch"],"picked":"Fusion Hammer"},{"not_picked":["hubris:Spice","hubris:Spice","hubris:Spice"],"picked":"hubris:Spice"},{"not_picked":["hubris:CrackedHourglass","ReplayTheSpireMod:DimensionalGlitch","hubris:Spice"],"picked":"Sozu"},{"not_picked":["Empty Cage","Runic Pyramid","hubris:Spice"],"picked":"Calling Bell"},{"not_picked":["hubris:Spice","hubris:Spice","hubris:Spice"],"picked":"Cursed Key"}],"items_purged_floors":[19,29,47],"is_endless":true,"potions_floor_spawned":[1,7,14,16,18,25,28,31,33,38,44,44],"ascension_level":0}}