{"host":"v79nb9qnzs8cga96","time":1611839391,"event":{"mods":["Aspiration","BaseMod","Better Note","Block Reminder","GifTheSpireLib","Minty Spire (QoL Compilation)","Quarter Circle Forward PUNCH!","SacredBarkPlus","Slumbering Mod","Small Relic Pack","StSLib","Stuff the Spire","The Florist","The Poker Player","The Spell Scribe","[IsaacMod]????"],"gold_per_floor":[115,115,134,150,150,150,177,177,177,189,204,204,214,254,254,383,383,398,398,414,414,427,427,41,59,59,117,133,133,151,192,192,289,289,299,259,259,373,48,76,116,155,155,204,239,239,292,312,312,410],"floor_reached":51,"language":"ENG","playtime":2036,"items_purged":[],"score":876,"play_id":"fdbab422-78e8-43eb-bfa2-2365d2a5ad95","local_time":"20210128150951","daily_mods":["Vintage"],"is_ascension_mode":false,"campfire_choices":[{"data":"StuffTheSpire:Ambrosia","floor":6,"key":"SMITH"},{"data":"Bash","floor":15,"key":"SMITH"},{"data":"Bludgeon","floor":23,"key":"SMITH"},{"floor":32,"key":"REST"},{"data":"Spot Weakness","floor":46,"key":"SMITH"},{"data":"Bludgeon","floor":49,"key":"SMITH"}],"circlet_count":0,"master_deck":["Strike_R","Strike_R","Strike_R","Strike_R","Defend_R","Defend_R+1","Defend_R","Defend_R","Bash+1","BettingIsNotGood+1","StuffTheSpire:Ambrosia+1","Bludgeon+1","Dual Wield","StuffTheSpire:GnomedCurse","Reaper+1","Bludgeon+1","Spot Weakness+1","Parasite"],"relics":["Burning Blood","qcfpunch:Wrestler\u0027s_Cloak","qcfpunch:Wild_Herbs_Ointment","qcfpunch:Red_Cyclone_Teachings","HushsDoor","GuppysTail","relicPack:OneForAll","Nunchaku","StuffTheSpire:GrapeVine","SatanicBible","StuffTheSpire:Expresso","aspiration:ChemicalBlood","StuffTheSpire:ForceGauntlet","Potion Belt","Cursed Key","qcfpunch:Red_Beret","Bag of Marbles","Boot","Lantern","qcfpunch:Necklace_of_Skulls","aspiration:StickyExplosives_weak","StuffTheSpire:RubySignet","Oddly Smooth Stone","qcfpunch:Army_Boots","aspiration:FrozenJewel","SlaversCollar","GuppysHairball","SalivaCoin","DeadEye","Kunai","StuffTheSpire:ForceGauntlet","PillsDrop","StuffTheSpire:HeavyRock","Du-Vu Doll","Pen Nib","Darkstone Periapt","Blood Vial","Gremlin Horn"],"acts_visited":["Exordium","TheCity","TheBeyond"],"potions_floor_usage":[38,38,50,50,50],"damage_taken":[{"damage":0,"enemies":"Small Slimes","floor":1,"turns":1},{"damage":4,"enemies":"Jaw Worm","floor":3,"turns":2},{"damage":7,"enemies":"2 Louse","floor":4,"turns":3},{"damage":24,"enemies":"2 Fungi Beasts","floor":7,"turns":5},{"damage":7,"enemies":"Exordium Thugs","floor":10,"turns":4},{"damage":0,"enemies":"Large Slime","floor":11,"turns":5},{"damage":0,"enemies":"Lots of Slimes","floor":13,"turns":1},{"damage":0,"enemies":"3 Louse","floor":14,"turns":3},{"damage":72,"enemies":"Slime Boss","floor":16,"turns":16},{"damage":45,"enemies":"3 Byrds","floor":18,"turns":6},{"damage":12,"enemies":"Shell Parasite","floor":20,"turns":5},{"damage":0,"enemies":"Snake Plant","floor":22,"turns":2},{"damage":0,"enemies":"Shelled Parasite and Fungi","floor":25,"turns":2},{"damage":45,"enemies":"Slavers","floor":27,"turns":6},{"damage":56,"enemies":"Sentry and Sphere","floor":28,"turns":6},{"damage":10,"enemies":"Chosen and Byrds","floor":30,"turns":3},{"damage":4,"enemies":"Cultist and Chosen","floor":31,"turns":4},{"damage":55,"enemies":"Automaton","floor":33,"turns":9},{"damage":36,"enemies":"3 Shapes","floor":35,"turns":5},{"damage":52,"enemies":"3 Darklings","floor":38,"turns":7},{"damage":0,"enemies":"Nemesis","floor":40,"turns":3},{"damage":25,"enemies":"Jaw Worm Horde","floor":41,"turns":3},{"damage":0,"enemies":"Spire Growth","floor":42,"turns":3},{"damage":1,"enemies":"Transient","floor":44,"turns":5},{"damage":23,"enemies":"4 Shapes","floor":45,"turns":4},{"damage":65,"enemies":"Sphere and 2 Shapes","floor":47,"turns":4},{"damage":7,"enemies":"Jaw Worm Horde","floor":48,"turns":3},{"damage":139,"enemies":"Awakened One","floor":50,"turns":11}],"seed_played":"-1980662917152059298","potions_obtained":[{"floor":4,"key":"SkillPotion"},{"floor":10,"key":"Energy Potion"},{"floor":13,"key":"LiquidBronze"},{"floor":21,"key":"BloodPotion"},{"floor":38,"key":"BloodPotion"},{"floor":42,"key":"Regen Potion"},{"floor":45,"key":"BloodPotion"},{"floor":50,"key":"BloodPotion"},{"floor":50,"key":"Fruit Juice"}],"is_trial":true,"path_per_floor":["M","?","M","M","?","R","M","?","T","M","M","?","M","M","R","B",null,"M","?","M","?","M","R","$","M","T","E","M","?","M","M","R","B",null,"M","?","?","M","$","E","M","M","T","M","M","R","M","M","R","B",null],"character_chosen":"IRONCLAD","items_purchased":["Boot","Lantern","Dual Wield","GuppysHairball","Kunai","Spot Weakness"],"campfire_rested":1,"item_purchase_floors":[24,24,24,34,39,39],"current_hp_per_floor":[100,100,100,99,99,99,83,68,68,69,82,82,90,98,98,50,116,89,89,105,105,113,113,113,121,121,88,55,55,65,74,114,77,128,112,112,112,84,84,102,118,135,135,140,141,141,98,108,108,70],"gold":410,"neow_bonus":"","is_daily":false,"chose_seed":false,"campfire_upgraded":5,"win_rate":0.0,"timestamp":1611839391,"path_taken":["M","?","M","M","?","R","?","?","T","M","M","?","M","M","R","BOSS","M","?","M","?","M","R","$","M","T","E","M","?","?","M","R","BOSS","M","?","?","M","?","E","?","M","T","M","M","R","M","M","R","BOSS"],"items_purchased_type":["Relic","Relic","Card","Relic","Relic","Card"],"build_version":"2020-12-22","purchased_purges":0,"victory":true,"max_hp_per_floor":[100,100,100,100,100,100,102,102,102,104,106,106,108,110,110,116,116,118,118,120,120,122,122,122,124,124,130,132,132,134,136,136,138,128,130,130,130,132,132,134,136,138,138,140,142,142,148,145,145,156],"card_choices":[{"not_picked":[],"picked":"BettingIsNotGood","floor":0},{"not_picked":["StuffTheSpire:Rapture","StuffTheSpire:Harmony"],"picked":"StuffTheSpire:Ambrosia","floor":5},{"not_picked":["Double Tap","Juggernaut"],"picked":"Bludgeon","floor":16},{"not_picked":["StuffTheSpire:BloodClot","Dark Embrace+1"],"picked":"Reaper","floor":27},{"not_picked":["Immolate","Double Tap"],"picked":"Bludgeon","floor":33},{"not_picked":["Cleave","StuffTheSpire:RockThrow","Whirlwind+1"],"picked":"SKIP","floor":40}],"player_experience":383091,"relics_obtained":[{"floor":1,"key":"StuffTheSpire:Experiment12"},{"floor":4,"key":"Nunchaku"},{"floor":7,"key":"StuffTheSpire:GrapeVine"},{"floor":9,"key":"SatanicBible"},{"floor":10,"key":"StuffTheSpire:Expresso"},{"floor":11,"key":"aspiration:ChemicalBlood"},{"floor":13,"key":"StuffTheSpire:ForceGauntlet"},{"floor":14,"key":"Potion Belt"},{"floor":18,"key":"qcfpunch:Red_Beret"},{"floor":22,"key":"Bag of Marbles"},{"floor":25,"key":"qcfpunch:Necklace_of_Skulls"},{"floor":26,"key":"aspiration:StickyExplosives_weak"},{"floor":27,"key":"StuffTheSpire:RubySignet"},{"floor":28,"key":"Oddly Smooth Stone"},{"floor":30,"key":"qcfpunch:Army_Boots"},{"floor":31,"key":"aspiration:FrozenJewel"},{"floor":35,"key":"SalivaCoin"},{"floor":38,"key":"DeadEye"},{"floor":40,"key":"Diplopia"},{"floor":41,"key":"PillsDrop"},{"floor":42,"key":"StuffTheSpire:HeavyRock"},{"floor":43,"key":"Du-Vu Doll"},{"floor":44,"key":"Pen Nib"},{"floor":45,"key":"Darkstone Periapt"},{"floor":47,"key":"Blood Vial"},{"floor":48,"key":"Gremlin Horn"}],"event_choices":[{"damage_healed":0,"gold_gain":0,"player_choice":"Grow","damage_taken":0,"max_hp_gain":0,"max_hp_loss":0,"event_name":"Living Wall","floor":12,"gold_loss":0,"cards_upgraded":["BettingIsNotGood"]},{"cards_removed":["Strike_R"],"damage_healed":0,"gold_gain":0,"player_choice":"Offered Basic","damage_taken":0,"max_hp_gain":0,"max_hp_loss":0,"event_name":"Bonfire Elementals","floor":19,"gold_loss":0},{"damage_healed":0,"gold_gain":0,"player_choice":"Got Potions","damage_taken":0,"max_hp_gain":0,"max_hp_loss":0,"event_name":"Lab","floor":21,"gold_loss":0},{"damage_healed":0,"gold_gain":0,"player_choice":"Upgraded Two","damage_taken":0,"max_hp_gain":0,"max_hp_loss":0,"event_name":"Designer","floor":36,"gold_loss":40,"cards_upgraded":["Defend_R","Reaper"]},{"damage_healed":0,"gold_gain":0,"player_choice":"Ignored","damage_taken":0,"max_hp_gain":0,"max_hp_loss":0,"event_name":"SecretPortal","floor":37,"gold_loss":0}],"is_beta":false,"boss_relics":[{"not_picked":["aspiration:DefectSkillbook","StuffTheSpire:RunicConfusion"],"picked":"Cursed Key"},{"not_picked":[]},{"not_picked":["Velvet Choker","aspiration:SecretTechniqueScroll"],"picked":"SlaversCollar"},{"not_picked":[]}],"items_purged_floors":[],"is_endless":false,"potions_floor_spawned":[4,10,13,16,18,20,30,33,42,44,45,47],"ascension_level":0}}