{"host":"1mv6gj0zv8k9e9tz","time":1611847320,"event":{"mods":["AchievementEnabler","BaseMod","Better Third Choice","Colored Map","KOR Keyword Fix","Minty Spire (QoL Compilation)","Permanent Neow","Rare Cards Sparkle","StSLib"],"gold_per_floor":[366,27,46,64,80,80,97,97,97,117,128,144,144,160,160,234,234,252,252,270,470,489,489,522,522,549,582,111,111,124,124,124,202,202,215,215,242,258,258,292,312,340,390,404,404,422,435,453,453,453,453,453,453,51,79,79,79],"floor_reached":56,"language":"KOR","playtime":3245,"items_purged":["Strike_G","Strike_G","Parasite"],"score":2115,"play_id":"41d087bf-a75d-46e6-9ba1-04839cbe4979","local_time":"20210129002200","is_ascension_mode":true,"campfire_choices":[{"data":"Neutralize","floor":6.0,"key":"SMITH"},{"data":"Accuracy","floor":8.0,"key":"SMITH"},{"data":"Survivor","floor":13.0,"key":"SMITH"},{"data":"Defend_G","floor":15.0,"key":"SMITH"},{"data":"After Image","floor":23.0,"key":"SMITH"},{"data":"Defend_G","floor":25.0,"key":"SMITH"},{"data":"Accuracy","floor":29.0,"key":"SMITH"},{"floor":32.0,"key":"RECALL"},{"data":"Defend_G","floor":45.0,"key":"SMITH"},{"data":"Defend_G","floor":49.0,"key":"SMITH"},{"data":"Defend_G","floor":53.0,"key":"SMITH"}],"circlet_count":0,"master_deck":["AscendersBane","Strike_G","Strike_G","Defend_G+1","Defend_G+1","Defend_G+1","Defend_G+1","Defend_G+1","Survivor+1","Neutralize+1","Accuracy+1","Backflip+1","Crippling Poison+1","Tactician+1","Blade Dance+1","Terror+1","Leg Sweep+1","After Image+1","Deflect+1","Terror+1","Blur+1","Calculated Gamble+1","Backflip+1","PiercingWail+1","Accuracy+1","Accuracy+1","Accuracy+1","Doppelganger+1","Bandage Up+1","Acrobatics+1","Footwork+1","Caltrops+1","Phantasmal Killer+1","Caltrops+1","Infinite Blades+1","Panache+1"],"relics":["Ring of the Snake","Toxic Egg 2","Eternal Feather","Sozu","InkBottle","Tiny Chest","Shuriken","DollysMirror","Bronze Scales","SlaversCollar","Frozen Egg 2","Ninja Scroll","Oddly Smooth Stone","Pear"],"acts_visited":["Exordium","TheCity","TheBeyond","TheEnding"],"potions_floor_usage":[],"damage_taken":[{"damage":0.0,"enemies":"Small Slimes","floor":1.0,"turns":4.0},{"damage":9.0,"enemies":"Cultist","floor":3.0,"turns":6.0},{"damage":0.0,"enemies":"2 Louse","floor":4.0,"turns":3.0},{"damage":13.0,"enemies":"Lots of Slimes","floor":5.0,"turns":6.0},{"damage":5.0,"enemies":"Exordium Wildlife","floor":7.0,"turns":4.0},{"damage":7.0,"enemies":"Red Slaver","floor":10.0,"turns":5.0},{"damage":1.0,"enemies":"Blue Slaver","floor":11.0,"turns":6.0},{"damage":5.0,"enemies":"Lots of Slimes","floor":12.0,"turns":3.0},{"damage":3.0,"enemies":"Looter","floor":14.0,"turns":4.0},{"damage":0.0,"enemies":"Hexaghost","floor":16.0,"turns":8.0},{"damage":16.0,"enemies":"2 Thieves","floor":18.0,"turns":4.0},{"damage":0.0,"enemies":"Shell Parasite","floor":20.0,"turns":5.0},{"damage":0.0,"enemies":"3 Cultists","floor":22.0,"turns":4.0},{"damage":16.0,"enemies":"Gremlin Leader","floor":24.0,"turns":9.0},{"damage":0.0,"enemies":"Slavers","floor":27.0,"turns":4.0},{"damage":28.0,"enemies":"Cultist and Chosen","floor":30.0,"turns":6.0},{"damage":18.0,"enemies":"Collector","floor":33.0,"turns":6.0},{"damage":3.0,"enemies":"3 Shapes","floor":35.0,"turns":6.0},{"damage":5.0,"enemies":"Orb Walker","floor":38.0,"turns":6.0},{"damage":49.0,"enemies":"Reptomancer","floor":40.0,"turns":5.0},{"damage":0.0,"enemies":"Writhing Mass","floor":41.0,"turns":6.0},{"damage":0.0,"enemies":"Giant Head","floor":42.0,"turns":5.0},{"damage":0.0,"enemies":"Jaw Worm Horde","floor":44.0,"turns":3.0},{"damage":0.0,"enemies":"Transient","floor":46.0,"turns":6.0},{"damage":0.0,"enemies":"4 Shapes","floor":47.0,"turns":6.0},{"damage":4.0,"enemies":"3 Darklings","floor":48.0,"turns":5.0},{"damage":27.0,"enemies":"Time Eater","floor":50.0,"turns":9.0},{"damage":4.0,"enemies":"Donu and Deca","floor":51.0,"turns":10.0},{"damage":45,"enemies":"Shield and Spear","floor":55,"turns":7},{"damage":46,"enemies":"The Heart","floor":56,"turns":2}],"seed_played":"-8420877603821192147","potions_obtained":[{"floor":4.0,"key":"Strength Potion"},{"floor":5.0,"key":"PowerPotion"},{"floor":7.0,"key":"PowerPotion"},{"floor":16.0,"key":"PowerPotion"}],"is_trial":false,"path_per_floor":["M","$","M","M","M","R","M","R","T","M","M","M","R","M","R","B",null,"M","?","M","?","M","R","E","R","T","E","$","R","M","?","R","B",null,"M","?","T","M","?","E","M","E","T","M","R","M","M","M","R","B","B",null,"R","$","E","B"],"character_chosen":"THE_SILENT","items_purchased":["Toxic Egg 2","Accuracy","DollysMirror","Bronze Scales","Infinite Blades+1","Panache+1"],"campfire_rested":0,"item_purchase_floors":[2,28,28,28,54,54],"current_hp_per_floor":[59,59,50,50,37,37,32,32,32,25,24,19,28,25,34,34,54,38,38,38,38,38,50,34,46,46,46,46,60,32,32,47,29,52,49,49,49,50,50,7,13,19,19,25,43,49,55,57,60,39,41,55,60,57,28,0,0],"gold":79,"neow_bonus":"TWO_FIFTY_GOLD","is_daily":false,"chose_seed":false,"campfire_upgraded":10,"win_rate":0.0,"timestamp":1611847320,"path_taken":["M","$","M","M","M","R","M","R","T","M","M","M","R","M","R","BOSS","M","?","?","?","M","R","E","R","T","E","$","R","?","?","R","BOSS","M","?","?","?","?","E","M","E","T","M","R","M","M","M","R","BOSS","BOSS","R","$","E","BOSS"],"items_purchased_type":["Relic","Card","Relic","Relic","Card","Card"],"build_version":"2020-12-22","purchased_purges":3,"victory":false,"max_hp_per_floor":[60,60,60,60,60,60,60,60,60,60,60,60,60,60,60,60,60,60,60,60,60,60,60,60,60,60,60,60,60,60,60,60,60,60,60,60,60,60,60,60,60,60,60,60,60,60,60,60,60,60,60,60,60,57,67,67,67],"card_choices":[{"not_picked":["Cloak And Dagger","Escape Plan"],"picked":"Accuracy","floor":1.0},{"not_picked":["Finisher","Bane"],"picked":"Backflip+1","floor":3.0},{"not_picked":["Flechettes","Outmaneuver+1","Finisher"],"picked":"SKIP","floor":4.0},{"not_picked":["Reflex+1","Masterful Stab"],"picked":"Crippling Poison+1","floor":5.0},{"not_picked":["Bane","Slice"],"picked":"Tactician+1","floor":7.0},{"not_picked":["Underhanded Strike","Slice","Poisoned Stab"],"picked":"SKIP","floor":10.0},{"not_picked":["Slice","Heel Hook"],"picked":"Blade Dance+1","floor":11.0},{"not_picked":["Leg Sweep+1","Endless Agony"],"picked":"Terror+1","floor":12.0},{"not_picked":["Skewer","Predator"],"picked":"Leg Sweep+1","floor":14.0},{"not_picked":["Corpse Explosion+1","Envenom"],"picked":"After Image","floor":16.0},{"not_picked":["Prepared+1","Masterful Stab"],"picked":"Deflect+1","floor":18.0},{"not_picked":["Choke","Bane"],"picked":"Blur+1","floor":20.0},{"not_picked":["Predator","Slice"],"picked":"Calculated Gamble+1","floor":22.0},{"not_picked":["Deadly Poison+1","Quick Slash"],"picked":"Backflip+1","floor":24.0},{"not_picked":["Heel Hook","Cloak And Dagger+1"],"picked":"PiercingWail+1","floor":27.0},{"not_picked":["Dash","Endless Agony"],"picked":"Accuracy","floor":30.0},{"not_picked":["Corpse Explosion+1","Venomology+1"],"picked":"Doppelganger+1","floor":33.0},{"not_picked":["Flying Knee+1","Eviscerate","Choke+1"],"picked":"SKIP","floor":35.0},{"not_picked":["Thinking Ahead+1","Madness+1"],"picked":"Bandage Up+1","floor":36.0},{"not_picked":["Flying Knee","Leg Sweep+1","Crippling Poison+1"],"picked":"SKIP","floor":38.0},{"not_picked":["Concentrate+1","Underhanded Strike"],"picked":"Acrobatics+1","floor":40.0},{"not_picked":["Underhanded Strike+1","Glass Knife"],"picked":"Footwork+1","floor":41.0},{"not_picked":["Backflip+1","All Out Attack","Calculated Gamble+1"],"picked":"SKIP","floor":42.0},{"not_picked":["Dagger Throw","Underhanded Strike"],"picked":"Caltrops+1","floor":44.0},{"not_picked":["PiercingWail+1","Catalyst+1"],"picked":"Phantasmal Killer+1","floor":46.0},{"not_picked":["Quick Slash+1","Backflip+1","Leg Sweep+1"],"picked":"SKIP","floor":47.0},{"not_picked":["Underhanded Strike","Noxious Fumes+1"],"picked":"Caltrops+1","floor":48.0},{"not_picked":["PiercingWail+1","Bouncing Flask+1","Skewer"],"picked":"SKIP","floor":55}],"player_experience":579921,"relics_obtained":[{"floor":9.0,"key":"Eternal Feather"},{"floor":24.0,"key":"InkBottle"},{"floor":26.0,"key":"Tiny Chest"},{"floor":27.0,"key":"Shuriken"},{"floor":40.0,"key":"Frozen Egg 2"},{"floor":42.0,"key":"Ninja Scroll"},{"floor":43.0,"key":"Oddly Smooth Stone"},{"floor":55,"key":"Pear"}],"event_choices":[{"damage_healed":0.0,"max_hp_gain":0.0,"max_hp_loss":0.0,"gold_gain":0.0,"cards_transformed":["Strike_G"],"event_name":"Transmorgrifier","player_choice":"Transformed","floor":19.0,"gold_loss":0.0,"damage_taken":0.0,"cards_obtained":["Terror"]},{"damage_healed":0.0,"max_hp_gain":0.0,"max_hp_loss":0.0,"gold_gain":250.0,"event_name":"The Joust","player_choice":"Bet on Owner","floor":21.0,"gold_loss":50.0,"damage_taken":0.0},{"damage_healed":0.0,"max_hp_gain":0.0,"max_hp_loss":0.0,"gold_gain":0.0,"event_name":"Upgrade Shrine","player_choice":"Upgraded","floor":31.0,"gold_loss":0.0,"damage_taken":0.0,"cards_upgraded":["Accuracy"]},{"damage_healed":0.0,"max_hp_gain":0.0,"max_hp_loss":0.0,"gold_gain":0.0,"event_name":"SensoryStone","player_choice":"Memory 1","floor":36.0,"gold_loss":0.0,"damage_taken":0.0},{"damage_healed":0.0,"max_hp_gain":0.0,"max_hp_loss":0.0,"gold_gain":0.0,"event_name":"Lab","player_choice":"Got Potions","floor":39.0,"gold_loss":0.0,"damage_taken":0.0}],"is_beta":false,"boss_relics":[{"not_picked":["Runic Pyramid","Busted Crown"],"picked":"Sozu"},{"not_picked":["Tiny House","Fusion Hammer"],"picked":"SlaversCollar"}],"items_purged_floors":[2,28,54],"is_endless":false,"potions_floor_spawned":[4,5,7,11,16,18,24,27,30,42,44,46,55],"killed_by":"The Heart","ascension_level":20}}