{"host":"kdt6w7ix8lwe69i9","time":1611798591,"event":{"mods":["100% Spire Juice","BaseMod","ChefMod","Evolution","Minty Spire (QoL Compilation)","Reimu（博丽灵梦）","Robot Space Explorer","Shade Mod","StSLib","The Gatherer","TheSurvivalist"],"gold_per_floor":[117,192,192,50,68,107,107,107,107,122,147,141,141,134,134,230,230,245,246,171,171,171,171,81,81,107,107,2,2,0,0],"floor_reached":30,"language":"ENG","playtime":35901,"items_purged":[],"score":234,"play_id":"edc09ee9-d732-4f95-921b-caf4c6823afd","local_time":"20210127204951","is_ascension_mode":false,"campfire_choices":[{"floor":7,"key":"REST"},{"floor":13,"key":"REST"},{"floor":15,"key":"REST"},{"floor":23,"key":"REST"},{"floor":25,"key":"REST"},{"floor":27,"key":"REST"}],"circlet_count":0,"master_deck":["survmod:Strike","survmod:Strike","survmod:Strike","survmod:Strike","survmod:Defend","survmod:Defend+1","survmod:Defend","survmod:Defend","survmod:VersatileOffense","survmod:Sprint","survmod:NockAnArrow","survmod:GoForFace","survmod:ComplexMutation","survmod:MarkTrap","survmod:AcidTrap","survmod:GoForFace","survmod:FlashbangTrap","survmod:DuckAndFlare","survmod:FlashbangTrap","survmod:OverwhelmingAssault","survmod:RobFromTheRich","survmod:HailOfArrows","survmod:DuckAndFlare","survmod:Sprint","survmod:FenceTrap","survmod:NockAnArrow"],"relics":["EVO:Axolotl","SacredBark","Golden Idol","Juzu Bracelet","YidongShenshe:ReiMu","Mummified Hand","Boot","Black Star"],"acts_visited":["Exordium","TheCity"],"potions_floor_usage":[6,11,16,19,30],"damage_taken":[{"damage":1,"enemies":"Jaw Worm","floor":1,"turns":4},{"damage":7,"enemies":"Small Slimes","floor":5,"turns":5},{"damage":18,"enemies":"Lagavulin","floor":6,"turns":6},{"damage":11,"enemies":"3 Sentries","floor":10,"turns":9},{"damage":0,"enemies":"Cultist","floor":11,"turns":2},{"damage":0,"enemies":"Red Slaver","floor":12,"turns":6},{"damage":6,"enemies":"Large Slime","floor":14,"turns":9},{"damage":22,"enemies":"Hexaghost","floor":16,"turns":11},{"damage":16,"enemies":"2 Thieves","floor":18,"turns":4},{"damage":25,"enemies":"3 Byrds","floor":19,"turns":5},{"damage":8,"enemies":"Colosseum Slavers","floor":30,"turns":7},{"damage":70,"enemies":"Colosseum Nobs","floor":30,"turns":6}],"seed_played":"-7916699897349120004","potions_obtained":[{"floor":5,"key":"Fire Potion"},{"floor":10,"key":"DistilledChaos"},{"floor":14,"key":"AttackPotion"},{"floor":16,"key":"GamblersBrew"},{"floor":19,"key":"EssenceOfSteel"}],"is_trial":false,"path_per_floor":["M","?","?","$","M","E","R","?","T","E","M","M","R","M","R","B",null,"M","M","?","$","?","R","?","R","T","R","$","?","?"],"character_chosen":"THE_SURVIVOR","items_purchased":["survmod:GoForFace","survmod:ComplexMutation","survmod:MarkTrap","survmod:FenceTrap","survmod:NockAnArrow"],"campfire_rested":6,"item_purchase_floors":[4,4,4,28,28],"current_hp_per_floor":[49,38,38,38,31,13,28,28,28,17,17,17,32,26,41,19,50,34,9,9,9,9,24,24,39,39,50,50,50,0,0],"gold":0,"neow_bonus":"BOSS_RELIC","is_daily":false,"chose_seed":false,"campfire_upgraded":0,"win_rate":0.0,"timestamp":1611798591,"path_taken":["M","?","?","$","M","E","R","?","T","E","M","M","R","M","R","BOSS","M","M","?","$","?","R","?","R","T","R","?","?","?"],"items_purchased_type":["Card","Card","Card","Card","Card"],"build_version":"2020-12-22","purchased_purges":0,"victory":false,"max_hp_per_floor":[50,50,50,50,50,50,50,50,50,50,50,50,50,50,50,50,50,50,50,50,50,50,50,50,50,50,50,50,50,50,50],"card_choices":[{"not_picked":["survmod:SimpleMutation","survmod:ExplosiveTrap"],"picked":"survmod:NockAnArrow","floor":1},{"not_picked":["survmod:PinningSnipe","survmod:FindCover"],"picked":"survmod:AcidTrap","floor":5},{"not_picked":["survmod:AcidTrap","survmod:CloseCombat"],"picked":"survmod:GoForFace","floor":6},{"not_picked":["survmod:ExplosiveTrap","survmod:SkillfulManeuver"],"picked":"survmod:FlashbangTrap","floor":10},{"not_picked":["survmod:SwiftKick","survmod:FindCover"],"picked":"survmod:DuckAndFlare","floor":11},{"not_picked":["survmod:SimpleMutation","survmod:FindCover"],"picked":"survmod:FlashbangTrap","floor":12},{"not_picked":["survmod:LongShot","survmod:FindCover"],"picked":"survmod:OverwhelmingAssault","floor":14},{"not_picked":["survmod:MutantForm","survmod:Heartseeker"],"picked":"survmod:RobFromTheRich","floor":16},{"not_picked":["survmod:AimForTheLiver","survmod:UnfortunateEscape+1"],"picked":"survmod:HailOfArrows","floor":18},{"not_picked":["survmod:AcidTrap","survmod:TrickShot"],"picked":"survmod:DuckAndFlare","floor":19}],"player_experience":1051735,"relics_obtained":[{"floor":6,"key":"Juzu Bracelet"},{"floor":9,"key":"Mummified Hand"},{"floor":10,"key":"Boot"}],"event_choices":[{"damage_healed":0,"gold_gain":75,"player_choice":"Gather Gold","damage_taken":11,"max_hp_gain":0,"max_hp_loss":0,"event_name":"World of Goop","floor":2,"gold_loss":0},{"damage_healed":0,"gold_gain":0,"player_choice":"Take Wound","damage_taken":0,"relics_obtained":["Golden Idol"],"max_hp_gain":0,"max_hp_loss":0,"event_name":"Golden Idol","floor":3,"gold_loss":0,"cards_obtained":["Injury"]},{"damage_healed":0,"gold_gain":0,"player_choice":"Take Tiny Shrine away","damage_taken":0,"relics_obtained":["YidongShenshe:ReiMu"],"max_hp_gain":0,"max_hp_loss":0,"event_name":"yidonshenshe","floor":8,"gold_loss":0,"cards_obtained":["Poor:ReiMu"]},{"cards_removed":["Poor:ReiMu"],"damage_healed":0,"gold_gain":0,"player_choice":"Gave Gold","damage_taken":0,"max_hp_gain":0,"max_hp_loss":0,"event_name":"Beggar","floor":20,"gold_loss":75},{"damage_healed":0,"gold_gain":0,"player_choice":"1 cards matched","damage_taken":0,"max_hp_gain":0,"max_hp_loss":0,"event_name":"Match and Keep!","floor":22,"gold_loss":0,"cards_obtained":["survmod:Sprint"]},{"cards_removed":["Injury"],"damage_healed":0,"gold_gain":0,"player_choice":"Upgrade and Remove","damage_taken":0,"max_hp_gain":0,"max_hp_loss":0,"event_name":"Designer","floor":24,"gold_loss":90,"cards_upgraded":["survmod:Defend"]},{"damage_healed":0,"gold_gain":0,"player_choice":"Ignored","damage_taken":0,"max_hp_gain":0,"max_hp_loss":0,"event_name":"NoteForYourself","floor":29,"gold_loss":0},{"damage_healed":0,"gold_gain":0,"player_choice":"Fight","damage_taken":0,"max_hp_gain":0,"max_hp_loss":0,"event_name":"Colosseum","floor":30,"gold_loss":0},{"damage_healed":0,"gold_gain":0,"player_choice":"Fought Nobs","damage_taken":0,"max_hp_gain":0,"max_hp_loss":0,"event_name":"Colosseum","floor":30,"gold_loss":0}],"is_beta":false,"boss_relics":[{"not_picked":["RedLine:ReiMu","Ectoplasm"],"picked":"Black Star"}],"items_purged_floors":[],"is_endless":false,"potions_floor_spawned":[5,10,14,16,19],"killed_by":"Colosseum Nobs","ascension_level":0}}