{"host":"3zb3nk4wvq0dtbuh","time":1611835558,"event":{"mods":["AchievementEnabler","BaseMod","Lobotomy","Minty Spire (QoL Compilation)","Quick Restart","Relic Filter Mod","StSLib","SuperFastMode","The Blackbeard"],"gold_per_floor":[117,192,206,206,226,260,260,271,348,364,377,409,421,87,87,192,192,212,212,223,322,353,353,370,370,370,388,388,401,411,10,10,115,115,127,146,156,456,470,470,470,470,470,487,499,512,512,528,528,528,528,528,140,170,170],"floor_reached":56,"language":"ZHS","playtime":1260,"items_purged":[],"score":1242,"play_id":"389cfecf-58ea-4658-be23-c92de412aa49","local_time":"20210128200558","is_ascension_mode":false,"campfire_choices":[{"data":"Immolate","floor":7.0,"key":"SMITH"},{"data":"Apotheosis","floor":15.0,"key":"SMITH"},{"data":"Metallicize","floor":23.0,"key":"SMITH"},{"data":"Metallicize","floor":28.0,"key":"SMITH"},{"data":"Feel No Pain","floor":32.0,"key":"SMITH"},{"floor":40.0,"key":"RECALL"},{"data":"Spot Weakness","floor":42.0,"key":"SMITH"},{"data":"Whirlwind","floor":47.0,"key":"SMITH"},{"floor":49.0,"key":"REST"},{"data":"Rampage","floor":52.0,"key":"SMITH"}],"circlet_count":0,"master_deck":["Defend_R","Defend_R","Defend_R","Defend_R","Bash","Headbutt","Rampage+1","Immolate+1","Metallicize+1","Metallicize+1","Whirlwind+1","Spot Weakness+1","Apotheosis+1","Feed","Uppercut+1","Entrench+1","Sentinel+1","J.A.X.","Immolate","Feel No Pain+1","Exhume","Shrug It Off+1","Second Wind+1","Headbutt+1","Metallicize"],"relics":["Burning Blood","Unceasing Top","Pantograph","Bag of Marbles","Strange Spoon","Astrolabe","Red Mask","Bottled Flame","Medical Kit","Blue Candle","Busted Crown","Eternal Feather","Champion Belt","HornCleat"],"acts_visited":["Exordium","TheCity","TheBeyond","TheEnding"],"potions_floor_usage":[],"damage_taken":[{"damage":6.0,"enemies":"Jaw Worm","floor":1.0,"turns":4.0},{"damage":1.0,"enemies":"Cultist","floor":3.0,"turns":3.0},{"damage":0.0,"enemies":"Small Slimes","floor":5.0,"turns":3.0},{"damage":17.0,"enemies":"3 Sentries","floor":6.0,"turns":8.0},{"damage":2.0,"enemies":"2 Fungi Beasts","floor":8.0,"turns":2.0},{"damage":5.0,"enemies":"Looter","floor":10.0,"turns":3.0},{"damage":16.0,"enemies":"Large Slime","floor":11.0,"turns":3.0},{"damage":30.0,"enemies":"Gremlin Nob","floor":12.0,"turns":5.0},{"damage":0.0,"enemies":"Gremlin Gang","floor":13.0,"turns":1.0},{"damage":7.0,"enemies":"Slime Boss","floor":16.0,"turns":8.0},{"damage":24.0,"enemies":"3 Byrds","floor":18.0,"turns":4.0},{"damage":10.0,"enemies":"Spheric Guardian","floor":20.0,"turns":4.0},{"damage":0.0,"enemies":"Masked Bandits","floor":22.0,"turns":1.0},{"damage":22.0,"enemies":"3 Cultists","floor":24.0,"turns":4.0},{"damage":15.0,"enemies":"Shelled Parasite and Fungi","floor":27.0,"turns":6.0},{"damage":8.0,"enemies":"Snake Plant","floor":29.0,"turns":4.0},{"damage":6.0,"enemies":"3 Cultists","floor":30.0,"turns":4.0},{"damage":62.0,"enemies":"Collector","floor":33.0,"turns":11.0},{"damage":25.0,"enemies":"3 Darklings","floor":35.0,"turns":3.0},{"damage":10.0,"enemies":"Orb Walker","floor":36.0,"turns":3.0},{"damage":27.0,"enemies":"Writhing Mass","floor":37.0,"turns":9.0},{"damage":10.0,"enemies":"Maw","floor":39.0,"turns":10.0},{"damage":44.0,"enemies":"4 Shapes","floor":44.0,"turns":8.0},{"damage":15.0,"enemies":"3 Darklings","floor":45.0,"turns":3.0},{"damage":0.0,"enemies":"Jaw Worm Horde","floor":46.0,"turns":1.0},{"damage":35.0,"enemies":"Transient","floor":48.0,"turns":5.0},{"damage":93.0,"enemies":"Awakened One","floor":50.0,"turns":13.0},{"damage":79.0,"enemies":"Shield and Spear","floor":54.0,"turns":8.0},{"damage":19,"enemies":"The Heart","floor":55,"turns":5}],"seed_played":"8085682058378809629","potions_obtained":[{"floor":1.0,"key":"Weak Potion"},{"floor":3.0,"key":"Regen Potion"},{"floor":4.0,"key":"Strength Potion"},{"floor":4.0,"key":"DistilledChaos"},{"floor":6.0,"key":"DistilledChaos"},{"floor":10.0,"key":"Strength Potion"},{"floor":27.0,"key":"LiquidMemories"},{"floor":33.0,"key":"DistilledChaos"},{"floor":37.0,"key":"Fruit Juice"},{"floor":39.0,"key":"DistilledChaos"},{"floor":45.0,"key":"BloodPotion"},{"floor":54.0,"key":"Dexterity Potion"}],"is_trial":false,"path_per_floor":["M","?","M","?","M","E","R","M","T","M","M","E","M","$","R","B",null,"M","?","M","?","?","R","M","?","T","M","R","M","M","$","R","B",null,"M","M","M","?","M","R","T","R","T","M","M","M","R","M","R","B",null,"R","$","E","B",null],"character_chosen":"IRONCLAD","items_purchased":["Apotheosis","Strange Spoon","Medical Kit","Blue Candle","Champion Belt","Metallicize"],"campfire_rested":1,"item_purchase_floors":[14,14,31,31,53,53],"current_hp_per_floor":[56,45,50,50,56,60,60,64,64,65,55,31,37,37,37,61,80,66,66,62,62,68,68,56,56,56,50,50,52,55,55,55,28,102,83,83,67,67,63,63,63,63,63,33,47,53,65,36,83,21,119,119,119,119,119],"gold":170,"neow_bonus":"REMOVE_TWO","is_daily":false,"chose_seed":false,"campfire_upgraded":8,"win_rate":0.0,"timestamp":1611835558,"path_taken":["M","?","M","?","?","E","R","M","T","M","M","E","M","?","R","BOSS","M","?","M","?","?","R","M","?","T","M","R","M","?","$","R","BOSS","M","M","M","?","?","R","?","R","T","M","M","M","R","M","R","BOSS","R","$","E","BOSS"],"items_purchased_type":["Card","Relic","Relic","Relic","Relic","Card"],"build_version":"2020-12-22","purchased_purges":0,"victory":true,"max_hp_per_floor":[80,80,80,80,80,80,80,80,80,80,80,80,80,80,80,80,80,84,84,84,84,84,84,88,88,88,91,91,95,98,98,98,102,102,102,106,111,111,111,111,111,111,111,119,119,119,119,119,119,119,119,119,119,119,119],"card_choices":[{"not_picked":["Bloodletting","Havoc"],"picked":"Headbutt","floor":1.0},{"not_picked":["Thunderclap","Sword Boomerang"],"picked":"Cleave","floor":3.0},{"not_picked":["Twin Strike","Clothesline"],"picked":"Rampage","floor":5.0},{"not_picked":["Sword Boomerang","Twin Strike"],"picked":"Immolate","floor":6.0},{"not_picked":["Rage","Twin Strike","Iron Wave"],"picked":"SKIP","floor":8.0},{"not_picked":["Seeing Red","Anger"],"picked":"Metallicize","floor":10.0},{"not_picked":["Cleave","Anger"],"picked":"Metallicize","floor":11.0},{"not_picked":["Perfected Strike","Battle Trance"],"picked":"Whirlwind","floor":12.0},{"not_picked":["Wild Strike","Flex"],"picked":"Spot Weakness","floor":13.0},{"not_picked":["Double Tap","Brutality"],"picked":"Feed","floor":16.0},{"not_picked":["Heavy Blade","Shrug It Off","Entrench"],"picked":"SKIP","floor":18.0},{"not_picked":["Thunderclap","Pommel Strike","Anger"],"picked":"SKIP","floor":20.0},{"not_picked":["Warcry","Armaments","Dark Embrace+1"],"picked":"SKIP","floor":24.0},{"not_picked":["Shrug It Off","Wild Strike+1","Havoc"],"picked":"SKIP","floor":27.0},{"not_picked":["Wild Strike","Evolve"],"picked":"Feel No Pain","floor":29.0},{"not_picked":["Entrench+1","Whirlwind","Body Slam"],"picked":"SKIP","floor":30.0},{"not_picked":["Bludgeon","Offering"],"picked":"Exhume","floor":33.0},{"not_picked":[],"picked":"Shrug It Off+1","floor":35.0},{"not_picked":["Rage"],"picked":"SKIP","floor":36.0},{"not_picked":["Cleave"],"picked":"SKIP","floor":37.0},{"not_picked":["Fire Breathing+1"],"picked":"SKIP","floor":39.0},{"not_picked":[],"picked":"Second Wind+1","floor":44.0},{"not_picked":[],"picked":"Headbutt+1","floor":45.0},{"not_picked":["Clothesline+1"],"picked":"SKIP","floor":46.0},{"not_picked":["Warcry"],"picked":"SKIP","floor":48.0},{"not_picked":["Combust+1"],"picked":"SKIP","floor":54.0}],"player_experience":41054,"relics_obtained":[{"floor":6.0,"key":"Unceasing Top"},{"floor":9.0,"key":"Pantograph"},{"floor":12.0,"key":"Bag of Marbles"},{"floor":22.0,"key":"Red Mask"},{"floor":26.0,"key":"Bottled Flame"},{"floor":43.0,"key":"Eternal Feather"},{"floor":54.0,"key":"HornCleat"}],"event_choices":[{"damage_healed":0.0,"max_hp_gain":0.0,"max_hp_loss":0.0,"gold_gain":75.0,"event_name":"World of Goop","player_choice":"Gather Gold","floor":2.0,"gold_loss":0.0,"damage_taken":11.0},{"damage_healed":0.0,"max_hp_gain":0.0,"max_hp_loss":0.0,"gold_gain":0.0,"event_name":"Lab","player_choice":"Got Potions","floor":4.0,"gold_loss":0.0,"damage_taken":0.0},{"damage_healed":0.0,"max_hp_gain":0.0,"max_hp_loss":0.0,"gold_gain":0.0,"event_name":"Drug Dealer","player_choice":"Obtain J.A.X.","floor":19.0,"gold_loss":0.0,"damage_taken":0.0,"cards_obtained":["J.A.X."]},{"damage_healed":0.0,"max_hp_gain":0.0,"max_hp_loss":0.0,"gold_gain":99.0,"event_name":"Nest","player_choice":"Stole From Cult","floor":21.0,"gold_loss":0.0,"damage_taken":0.0},{"damage_healed":0.0,"max_hp_gain":0.0,"max_hp_loss":0.0,"gold_gain":0.0,"event_name":"Masked Bandits","player_choice":"Fought Bandits","floor":22.0,"gold_loss":0.0,"damage_taken":0.0},{"damage_healed":0.0,"max_hp_gain":0.0,"max_hp_loss":0.0,"gold_gain":0.0,"cards_transformed":["Cleave"],"event_name":"Transmorgrifier","player_choice":"Transformed","floor":25.0,"gold_loss":0.0,"damage_taken":0.0,"cards_obtained":["Immolate"]},{"damage_healed":0.0,"max_hp_gain":0.0,"max_hp_loss":0.0,"gold_gain":300.0,"event_name":"Wheel of Change","player_choice":"Gold","floor":38.0,"gold_loss":0.0,"damage_taken":0.0}],"is_beta":false,"boss_relics":[{"not_picked":["Coffee Dripper","Sozu"],"picked":"Astrolabe"},{"not_picked":["Pandora\u0027s Box","Fusion Hammer"],"picked":"Busted Crown"}],"items_purged_floors":[],"is_endless":false,"potions_floor_spawned":[1,3,6,10,13,18,20,27,29,33,35,37,39,45,54],"ascension_level":0}}