{"host":"z5ogtnuuoxgup8y1","time":1611855914,"event":{"mods":["BaseMod","Better Third Choice","BetterRewards","Hermit","Hubris","Jorbs\u0027s Wanderer Trilogy","Minty Spire (QoL Compilation)","Replay The Spire","Spicy Shops","StSLib","The Cursed","The Disciple","The Hierophant","The Jungle","The Runesmith"],"gold_per_floor":[109,129,146,156,168,168,200,200,200,231,231,250,250,270,270,349,349,360,12,12,24,44,44,55,55,81,81,111,111,127,162,162,241,241,259,58,0,30,30,83,83,95,124,124,124,124],"floor_reached":50,"language":"ENG","playtime":1845,"items_purged":[],"score":946,"play_id":"a50edc69-6618-42ff-8d75-a057fb7bf46f","local_time":"20210128174514","is_ascension_mode":true,"campfire_choices":[{"data":"Whirlwind","floor":6.0,"key":"SMITH"},{"floor":8.0,"key":"REST"},{"floor":11.0,"key":"REST"},{"data":"Flame Barrier","floor":13.0,"key":"SMITH"},{"floor":15.0,"key":"REST"},{"data":"Inflame","floor":23.0,"key":"SMITH"},{"data":"Entrench","floor":25.0,"key":"SMITH"},{"data":"Shockwave","floor":27.0,"key":"SMITH"},{"floor":32.0,"key":"REST"},{"floor":41,"key":"REST"},{"floor":44,"key":"REST"},{"floor":49,"key":"REST"}],"circlet_count":0,"master_deck":["AscendersBane","Strike_R","Strike_R","Strike_R","Strike_R","Defend_R","Defend_R","Defend_R","Defend_R","Bash","Inflame","Inflame+1","Flame Barrier+1","Pommel Strike","ReplayTheSpireMod:Stacked","Shockwave+1","Offering","Immolate+1","Entrench+1","Inflame","Hemokinesis+1","AbeCurse","Offering","Twin Strike","True Grit+1","Battle Trance","Spot Weakness","hubris:DuctTapeCard"],"relics":["Burning Blood","hubris:CuriousFeather","Happy Flower","Art of War","Runic Pyramid","Orichalcum","Blood Vial","ReplayTheSpireMod:Spearhead","hubris:Teleporter","Sozu","PreservedInsect","Red Mask","Nunchaku","hubris:DuctTape"],"acts_visited":["Exordium","TheCity","TheBeyond"],"potions_floor_usage":[],"damage_taken":[{"damage":7.0,"enemies":"Cultist","floor":1.0,"turns":4.0},{"damage":0.0,"enemies":"2 Louse","floor":2.0,"turns":1.0},{"damage":12.0,"enemies":"Small Slimes","floor":3.0,"turns":4.0},{"damage":18.0,"enemies":"Red Slaver","floor":4.0,"turns":3.0},{"damage":10.0,"enemies":"Looter","floor":5.0,"turns":5.0},{"damage":32.0,"enemies":"Gremlin Nob","floor":7.0,"turns":4.0},{"damage":45.0,"enemies":"Lagavulin","floor":10.0,"turns":8.0},{"damage":0.0,"enemies":"3 Louse","floor":12.0,"turns":1.0},{"damage":8.0,"enemies":"Blue Slaver","floor":14.0,"turns":6.0},{"damage":32.0,"enemies":"Hexaghost","floor":16.0,"turns":9.0},{"damage":12.0,"enemies":"3 Byrds","floor":18.0,"turns":2.0},{"damage":9.0,"enemies":"2 Thieves","floor":21.0,"turns":4.0},{"damage":1.0,"enemies":"Snecko","floor":22.0,"turns":5.0},{"damage":0.0,"enemies":"3 Cultists","floor":24.0,"turns":2.0},{"damage":6.0,"enemies":"Replay:Snechameleon","floor":28.0,"turns":5.0},{"damage":17.0,"enemies":"Sentry and Sphere","floor":30.0,"turns":5.0},{"damage":33.0,"enemies":"Book of Stabbing","floor":31.0,"turns":4.0},{"damage":32.0,"enemies":"Pondfish","floor":33.0,"turns":9.0},{"damage":23,"enemies":"3 Shapes","floor":35,"turns":4},{"damage":38,"enemies":"Nemesis","floor":40,"turns":5},{"damage":21,"enemies":"3 Darklings","floor":46,"turns":3},{"damage":39,"enemies":"Giant Head","floor":47,"turns":5},{"damage":45,"enemies":"Donu and Deca","floor":50,"turns":3}],"seed_played":"-2066215169798083053","potions_obtained":[{"floor":1.0,"key":"LiquidBronze"},{"floor":3.0,"key":"Venom Potion"},{"floor":5.0,"key":"Fire Potion"},{"floor":16.0,"key":"Flashbang"},{"floor":18.0,"key":"PowerPotion"},{"floor":24.0,"key":"EntropicBrew"},{"floor":30.0,"key":"EntropicBrew"},{"floor":31.0,"key":"Reflective Coating"}],"is_trial":false,"path_per_floor":["M","M","M","M","M","R","E","R","T","E","R","M","R","M","R","B",null,"M","$","?","M","M","R","M","R","T","R","E","?","M","E","R","B",null,"M","$","?","E","R","T","R","M","E","R","B"],"character_chosen":"IRONCLAD","items_purchased":["Inflame","Immolate+1","Orichalcum","BloodPotion","PreservedInsect","True Grit+1"],"campfire_rested":7,"item_purchase_floors":[0,19,19,19,36,36],"current_hp_per_floor":[67,73,67,55,51,51,25,47,47,8,30,36,36,34,56,30,64,58,58,58,55,60,60,75,75,75,75,75,75,64,39,61,37,66,51,51,51,21,43,43,65,52,21,43,0,0],"gold":124,"neow_bonus":"","is_daily":false,"chose_seed":false,"campfire_upgraded":5,"win_rate":0.0,"timestamp":1611855914,"path_taken":["M","?","M","M","M","R","E","R","T","E","R","M","R","M","R","BOSS","M","$","?","M","M","R","M","R","T","R","E","?","M","E","R","BOSS","BOSS","M","$","?","E","R","T","R","M","E","R","BOSS"],"items_purchased_type":["Card","Card","Relic","Potion","Relic","Card"],"build_version":"2020-12-22","purchased_purges":0,"victory":false,"max_hp_per_floor":[75,75,75,75,75,75,75,75,75,75,75,75,75,75,75,75,75,75,75,75,75,75,75,75,75,75,75,75,75,75,75,75,75,75,75,75,75,75,75,75,75,75,75,75,75,75],"card_choices":[{"not_picked":["Pummel","Twin Strike"],"picked":"Whirlwind","floor":1.0},{"not_picked":["Run Through","Power Through"],"picked":"Inflame","floor":2.0},{"not_picked":["ReplayTheSpireMod:Strike From Hell","Run Through","Anger"],"picked":"SKIP","floor":3.0},{"not_picked":["hubris:CleavingFinish","Perfected Strike"],"picked":"Flame Barrier","floor":4.0},{"not_picked":["Ghostly Armor","Blood for Blood"],"picked":"Replay:Undeath\u0027s Touch","floor":5.0},{"not_picked":["Double Tap","Body Slam","Searing Blow"],"picked":"SKIP","floor":7.0},{"not_picked":["Flex","Blood for Blood"],"picked":"Pommel Strike","floor":10.0},{"not_picked":["Uppercut","Perfected Strike"],"picked":"ReplayTheSpireMod:Stacked","floor":12.0},{"not_picked":["hubris:SharpeningStone","Twin Strike"],"picked":"Shockwave","floor":14.0},{"not_picked":["Demon Form","Limit Break"],"picked":"Offering","floor":16.0},{"not_picked":["Infernal Blade","Thunderclap","Havoc"],"picked":"SKIP","floor":18.0},{"not_picked":["Shrug It Off+1","ReplayTheSpireMod:Muscle Training"],"picked":"Inflame","floor":21.0},{"not_picked":["Fire Breathing","Sword Boomerang","Whirlwind"],"picked":"SKIP","floor":22.0},{"not_picked":["Cleave","Heavy Blade","Run Through"],"picked":"SKIP","floor":24.0},{"not_picked":["ReplayTheSpireMod:Strike From Hell+1","Hemogenesis"],"picked":"Hemokinesis+1","floor":28.0},{"not_picked":["Clash+1","Shockwave","Replay:Undeath\u0027s Touch"],"picked":"SKIP","floor":30.0},{"not_picked":["Blood for Blood","Hemokinesis","ReplayTheSpireMod:Strike From Hell"],"picked":"SKIP","floor":31.0},{"not_picked":["Juggernaut","Demon Form"],"picked":"Offering","floor":33},{"not_picked":["Anger+1","Body Slam"],"picked":"Twin Strike","floor":35},{"not_picked":["Rampage+1","Armaments"],"picked":"Battle Trance","floor":40},{"not_picked":["Body Slam","Anger","Fire Breathing+1"],"picked":"SKIP","floor":46},{"not_picked":["Battle Trance+1","Combust"],"picked":"Spot Weakness","floor":47}],"player_experience":685710,"relics_obtained":[{"floor":7.0,"key":"hubris:CuriousFeather"},{"floor":9.0,"key":"Happy Flower"},{"floor":10.0,"key":"Art of War"},{"floor":26.0,"key":"Blood Vial"},{"floor":28.0,"key":"ReplayTheSpireMod:Spearhead"},{"floor":31.0,"key":"hubris:Teleporter"},{"floor":40,"key":"Nunchaku"},{"floor":47,"key":"hubris:DuctTape"}],"event_choices":[{"cards_removed":["Strike_R"],"damage_healed":0.0,"max_hp_gain":0.0,"max_hp_loss":0.0,"gold_gain":0.0,"event_name":"Bonfire Elementals","player_choice":"Offered Basic","floor":29.0,"gold_loss":0.0,"damage_taken":0.0},{"damage_healed":0,"gold_gain":0,"player_choice":"Paid","damage_taken":0,"relics_obtained":["Red Mask"],"max_hp_gain":0,"max_hp_loss":0,"event_name":"Tomb of Lord Red Mask","floor":38,"gold_loss":58}],"is_beta":false,"boss_relics":[{"not_picked":["Replay:Ancient Bell","Black Blood"],"picked":"Runic Pyramid"},{"not_picked":["hubris:VirtuousBlindfold","Snecko Eye"],"picked":"Sozu"}],"items_purged_floors":[],"is_endless":false,"potions_floor_spawned":[1,3,4,5,16,18,24,30,31,33,46,47],"killed_by":"Donu and Deca","ascension_level":20}}