{"host":"6r3ioyv75hs1gp74","time":1611800896,"event":{"mods":["AchievementEnabler","Act Like it!","BaseMod","Better Sensory Stone","Better Third Choice","Block Reminder","Colored Map","Colored Powertips","Curses Come First","Minty Spire (QoL Compilation)","StSLib"],"gold_per_floor":[116,130,142,142,142,177,195,205,232,265,340,340,9,24,24,121,121,132,145,157,157,174,200,1,1,26,26,36,36,36,36,36,133,133,148,168,168,168,15,15,49,49,49,49,0,14,14,14,14,14,14,14,14,41,41,41],"floor_reached":55,"language":"ENG","playtime":2585,"items_purged":[],"score":850,"play_id":"be0a9e51-3190-464e-9f02-287938b3959a","local_time":"20210128022816","is_ascension_mode":true,"campfire_choices":[{"floor":15,"key":"REST"},{"floor":25,"key":"RECALL"},{"data":"Accuracy","floor":30,"key":"SMITH"},{"data":"A Thousand Cuts","floor":32,"key":"SMITH"},{"floor":40,"key":"REST"},{"floor":44,"key":"REST"},{"floor":49,"key":"REST"},{"data":"After Image","floor":52,"key":"SMITH"}],"circlet_count":0,"master_deck":["Strike_G","Strike_G","Defend_G+1","Defend_G","Defend_G","Defend_G","Survivor","Neutralize+1","Venomology+1","Terror+1","Adrenaline+1","Poisoned Stab+1","Flying Knee","Bouncing Flask","All Out Attack","Backstab","Storm of Steel+1","Deadly Poison","Accuracy+1","Accuracy","Blade Dance","A Thousand Cuts","Blade Dance+1","Tools of the Trade","Poisoned Stab","A Thousand Cuts+1","Cloak And Dagger+1","Blade Dance+1","Backstab+1","Poisoned Stab","Writhe","Dash+1","RitualDagger","After Image+1","Venomology+1","Doubt","Pain","Blind","Master of Strategy"],"relics":["Astrolabe","Shuriken","Toy Ornithopter","Whetstone","Pen Nib","Orrery","Runic Pyramid","Vajra","Juzu Bracelet","OrangePellets","PreservedInsect","Potion Belt","Cursed Key","War Paint","Boot","Meat on the Bone","Snake Skull"],"acts_visited":["Exordium","TheCity","TheBeyond","TheEnding"],"potions_floor_usage":[3,5,6,6,7,7,10,14,16,18,19,20,20,22,23,28,33,33,35,41,46,50,50,50,54,54,55],"damage_taken":[{"damage":0,"enemies":"Small Slimes","floor":1,"turns":3},{"damage":0,"enemies":"2 Louse","floor":2,"turns":3},{"damage":0,"enemies":"Cultist","floor":3,"turns":3},{"damage":0,"enemies":"Blue Slaver","floor":5,"turns":1},{"damage":0,"enemies":"Lagavulin","floor":6,"turns":4},{"damage":15,"enemies":"Gremlin Gang","floor":7,"turns":4},{"damage":3,"enemies":"Lots of Slimes","floor":8,"turns":3},{"damage":18,"enemies":"Gremlin Nob","floor":10,"turns":3},{"damage":0,"enemies":"Exordium Wildlife","floor":14,"turns":2},{"damage":0,"enemies":"Slime Boss","floor":16,"turns":4},{"damage":6,"enemies":"Spheric Guardian","floor":18,"turns":3},{"damage":12,"enemies":"Chosen","floor":19,"turns":3},{"damage":2,"enemies":"Snecko","floor":20,"turns":3},{"damage":6,"enemies":"3 Cultists","floor":22,"turns":3},{"damage":22,"enemies":"Slavers","floor":23,"turns":3},{"damage":3,"enemies":"Cultist and Chosen","floor":28,"turns":3},{"damage":19,"enemies":"Champ","floor":33,"turns":6},{"damage":11,"enemies":"3 Shapes","floor":35,"turns":2},{"damage":31,"enemies":"3 Darklings","floor":36,"turns":5},{"damage":13,"enemies":"Nemesis","floor":41,"turns":3},{"damage":11,"enemies":"Writhing Mass","floor":46,"turns":4},{"damage":70,"enemies":"Awakened One","floor":50,"turns":8},{"damage":73,"enemies":"Shield and Spear","floor":54,"turns":5},{"damage":32,"enemies":"The Heart","floor":55,"turns":3}],"seed_played":"-5795212796620852340","potions_obtained":[{"floor":2,"key":"FearPotion"},{"floor":10,"key":"Explosive Potion"},{"floor":16,"key":"ColorlessPotion"},{"floor":22,"key":"Energy Potion"},{"floor":23,"key":"SneckoOil"},{"floor":28,"key":"EssenceOfSteel"},{"floor":54,"key":"SteroidPotion"}],"is_trial":false,"path_per_floor":["M","M","M","?","M","E","M","M","T","E","?","?","$","M","R","B",null,"M","M","M","?","M","E","$","R","T","?","M","?","R","?","R","B",null,"M","M","?","?","$","R","E","T","T","R","$","M","?","$","R","B",null,"R","$","E","B"],"character_chosen":"THE_SILENT","items_purchased":["Pen Nib","Accuracy","Orrery","OrangePellets","AttackPotion","War Paint","PowerPotion"],"campfire_rested":4,"item_purchase_floors":[13,13,13,24,24,39,45],"current_hp_per_floor":[70,70,70,56,56,56,41,38,38,25,14,14,14,19,40,45,70,64,57,65,65,64,47,47,47,47,47,49,70,70,64,64,55,70,59,28,28,28,28,49,41,41,41,62,62,56,56,56,70,22,70,70,70,24,0,0],"gold":41,"neow_bonus":"BOSS_RELIC","is_daily":false,"chose_seed":false,"campfire_upgraded":3,"win_rate":0.0,"timestamp":1611800896,"path_taken":["M","M","M","?","M","E","M","M","T","E","?","?","$","?","R","BOSS","M","M","M","?","?","E","$","R","T","?","M","?","R","?","R","BOSS","M","M","?","?","$","R","E","?","T","R","$","M","?","?","R","BOSS","R","$","E","BOSS"],"items_purchased_type":["Relic","Card","Relic","Relic","Potion","Relic","Potion"],"build_version":"2020-12-22","purchased_purges":0,"victory":false,"max_hp_per_floor":[70,70,70,70,70,70,70,70,70,70,70,70,70,70,70,70,70,70,70,70,70,70,70,70,70,70,70,70,70,70,70,70,70,70,70,70,70,70,70,70,70,70,70,70,70,70,70,70,70,70,70,70,70,70,70,70],"card_choices":[{"not_picked":["Backflip","Slice"],"picked":"Poisoned Stab","floor":1},{"not_picked":["Quick Slash","Outmaneuver"],"picked":"Flying Knee","floor":2},{"not_picked":["Flechettes","Prepared"],"picked":"Bouncing Flask","floor":3},{"not_picked":["Sucker Punch","Flying Knee"],"picked":"All Out Attack","floor":6},{"not_picked":["Endless Agony","All Out Attack"],"picked":"Backstab","floor":7},{"not_picked":["Blade Dance","Dagger Spray"],"picked":"Storm of Steel","floor":8},{"not_picked":["Dagger Spray","Choke"],"picked":"Deadly Poison","floor":10},{"not_picked":["Tactician","Underhanded Strike"],"picked":"Accuracy","floor":13},{"not_picked":["Underhanded Strike","Acrobatics"],"picked":"Blade Dance","floor":13},{"not_picked":["Noxious Fumes","Slice"],"picked":"A Thousand Cuts","floor":13},{"not_picked":["PiercingWail","Bane"],"picked":"Blade Dance","floor":13},{"not_picked":["Backstab","PiercingWail"],"picked":"Tools of the Trade","floor":13},{"not_picked":["Underhanded Strike","Dagger Spray"],"picked":"Poisoned Stab","floor":14},{"not_picked":["Bullet Time","Wraith Form v2"],"picked":"A Thousand Cuts","floor":16},{"not_picked":["Underhanded Strike","Acrobatics","Quick Slash"],"picked":"SKIP","floor":18},{"not_picked":["Leg Sweep","Quick Slash"],"picked":"Cloak And Dagger+1","floor":19},{"not_picked":["Flying Knee","Eviscerate"],"picked":"Blade Dance+1","floor":20},{"not_picked":["Backflip","Dagger Spray+1"],"picked":"Backstab+1","floor":22},{"not_picked":["Dagger Spray","Escape Plan"],"picked":"Poisoned Stab","floor":23},{"not_picked":["Backflip","Dodge and Roll+1"],"picked":"Dash+1","floor":28},{"not_picked":["Wraith Form v2","Glass Knife"],"picked":"After Image","floor":33},{"not_picked":["Poisoned Stab","Deflect","Underhanded Strike+1"],"picked":"SKIP","floor":35},{"not_picked":["PiercingWail+1","Backstab","Underhanded Strike"],"picked":"SKIP","floor":36},{"not_picked":["Dodge and Roll","Dagger Spray+1","Underhanded Strike"],"picked":"SKIP","floor":41},{"not_picked":["Footwork","Masterful Stab+1","Dash+1"],"picked":"SKIP","floor":46},{"not_picked":["Swift Strike","Impatience"],"picked":"Blind","floor":47},{"not_picked":["Deep Breath","Magnetism"],"picked":"Master of Strategy","floor":47},{"not_picked":["Poisoned Stab+1","Night Terror","Caltrops"],"picked":"SKIP","floor":54}],"player_experience":117072,"relics_obtained":[{"floor":6,"key":"Shuriken"},{"floor":9,"key":"Toy Ornithopter"},{"floor":10,"key":"Whetstone"},{"floor":23,"key":"Juzu Bracelet"},{"floor":26,"key":"PreservedInsect"},{"floor":41,"key":"Boot"},{"floor":43,"key":"Meat on the Bone"},{"floor":54,"key":"Snake Skull"}],"event_choices":[{"damage_healed":70,"gold_gain":0,"player_choice":"Upgrade","damage_taken":14,"max_hp_gain":0,"max_hp_loss":70,"event_name":"betterThird:BetterShining","floor":4,"gold_loss":0,"cards_upgraded":["Strike_G","Defend_G"]},{"damage_healed":0,"gold_gain":75,"player_choice":"Gold","damage_taken":11,"max_hp_gain":0,"max_hp_loss":0,"event_name":"betterThird:BetterGoop","floor":11,"gold_loss":0},{"cards_removed":["Strike_G"],"damage_healed":0,"gold_gain":0,"player_choice":"Offered Basic","damage_taken":0,"max_hp_gain":0,"max_hp_loss":0,"event_name":"Bonfire Elementals","floor":12,"gold_loss":0},{"damage_healed":0,"gold_gain":0,"player_choice":"Gave Potion","damage_taken":0,"relics_obtained":["Vajra"],"max_hp_gain":0,"max_hp_loss":0,"event_name":"WeMeetAgain","floor":21,"gold_loss":0},{"damage_healed":0,"gold_gain":0,"player_choice":"Opened","damage_taken":0,"relics_obtained":["Potion Belt"],"max_hp_gain":0,"max_hp_loss":0,"event_name":"The Mausoleum","floor":27,"gold_loss":0,"cards_obtained":["Writhe"]},{"damage_healed":23,"gold_gain":0,"player_choice":"Heal","damage_taken":0,"max_hp_gain":0,"max_hp_loss":0,"event_name":"The Library","floor":29,"gold_loss":0},{"damage_healed":0,"gold_gain":0,"player_choice":"Dagger","damage_taken":6,"max_hp_gain":0,"max_hp_loss":0,"event_name":"betterThird:BetterNest","floor":31,"gold_loss":0,"cards_obtained":["RitualDagger"]},{"damage_healed":0,"gold_gain":0,"player_choice":"Copied","damage_taken":0,"max_hp_gain":0,"max_hp_loss":0,"event_name":"Duplicator","floor":37,"gold_loss":0,"cards_obtained":["Venomology"]},{"damage_healed":0,"gold_gain":0,"player_choice":"Ignored","damage_taken":0,"max_hp_gain":0,"max_hp_loss":0,"event_name":"betterThird:BetterPortal","floor":38,"gold_loss":0},{"damage_healed":0,"gold_gain":3,"player_choice":"1","damage_taken":0,"max_hp_gain":0,"max_hp_loss":0,"event_name":"betterStone:BetterStone","floor":47,"gold_loss":0}],"is_beta":false,"boss_relics":[{"not_picked":["Velvet Choker","Ectoplasm"],"picked":"Runic Pyramid"},{"not_picked":["Runic Dome","SlaversCollar"],"picked":"Cursed Key"}],"items_purged_floors":[],"is_endless":false,"potions_floor_spawned":[2,5,10,16,22,23,28,54],"killed_by":"The Heart","ascension_level":2}}