{"host":"y56d1fjpgcjsodvy","time":1611815901,"event":{"mods":["2.2 Compatiblity","Arknights The Spire","Astrologer","BaseMod","Colored Powertips","GifTheSpireLib","Hermit","Highlight Path","Keyboard Shortcuts","Marisa£¨Ùöéë¡¡Øª×âÞÞ£©","Minty Spire (QoL Compilation)","Random Character Button","Rare Cards Sparkle","Relic Stats","Replay The Spire","SOS£¨ÞÙ÷é?ñýí­£©","StSLib","SuperFastMode","The Blackbeard","The Blue Laboratory","The Dragon Tamer","The Poker Player","The Runesmith","TheBandit","Wandering Minibosses","everything is the same but u backflip on backflip"],"gold_per_floor":[112,37,56,66,79,79,79,79,102,122,122,140,160,173,173,271,271,286,486,43,67,67,67,267,308,363,379,402,402,443,493,493,588,588,608,29,45,70,83,114,114,145,192,42,56,77,96,129,129,129,129,129,129,28,69,69],"floor_reached":57,"language":"KOR","playtime":2321,"items_purged":["Strike_G","Strike_G","Strike_G","Strike_G"],"score":2910,"play_id":"88597149-6901-48ab-a1ad-209710607f25","local_time":"20210128153821","is_ascension_mode":true,"campfire_choices":[{"data":"Neutralize","floor":6.0,"key":"SMITH"},{"data":"Blade Dance","floor":8.0,"key":"SMITH"},{"data":"Accuracy","floor":15.0,"key":"SMITH"},{"data":"Blade Dance","floor":23.0,"key":"SMITH"},{"data":"Blade Dance","floor":29.0,"key":"SMITH"},{"data":"Hidden Blade","floor":32.0,"key":"SMITH"},{"floor":41,"key":"RECALL"},{"data":"Strike_G","floor":49,"key":"PURGE"},{"data":"Deflect","floor":53,"key":"SMITH"}],"circlet_count":0,"master_deck":["AscendersBane","Defend_G","Defend_G","Defend_G","Defend_G","Survivor","Neutralize+1","Blade Dance+1","Blade Dance+1","Blade Dance+1","Infinite Blades","Accuracy+1","Finisher","Prepared+1","ReplayTheSpireMod:Scrap Shanks","Concentrate+1","Hidden Blade+1","PiercingWail","Adrenaline","Sneak Up","Accuracy","Deflect+1","Deflect","Blur+1","Prepared+1","Calculated Gamble","ReplayTheSpireMod:Speed Training","Deflect","Cloak And Dagger","Deflect","Cloak And Dagger","Well Laid Plans","ReplayTheSpireMod:Speed Training"],"relics":["Ring of the Snake","ReplayTheSpireMod:Ninjato","Toy Ornithopter","Golden Idol","WristBlade","TungstenRod","ReplayTheSpireMod:Shallot","Blood Vial","Orichalcum","Snecko Scales","wanderingMiniBosses:CarrionFlame","Unceasing Top","Nunchaku","StoneCalendar","Replay:Accelerometer","Snake Skull"],"acts_visited":["Exordium","TheCity","TheBeyond","TheEnding"],"potions_floor_usage":[56,56],"damage_taken":[{"damage":0.0,"enemies":"Cultist","floor":1.0,"turns":3.0},{"damage":0.0,"enemies":"Jaw Worm","floor":3.0,"turns":5.0},{"damage":0.0,"enemies":"2 Louse","floor":4.0,"turns":6.0},{"damage":0.0,"enemies":"Blue Slaver","floor":5.0,"turns":7.0},{"damage":2.0,"enemies":"Lots of Slimes","floor":10.0,"turns":3.0},{"damage":0.0,"enemies":"3 Louse","floor":12.0,"turns":6.0},{"damage":0.0,"enemies":"Gremlin Gang","floor":13.0,"turns":5.0},{"damage":0.0,"enemies":"Looter","floor":14.0,"turns":2.0},{"damage":0.0,"enemies":"Slime Boss","floor":16.0,"turns":4.0},{"damage":0.0,"enemies":"Chosen","floor":18.0,"turns":3.0},{"damage":0.0,"enemies":"Spheric Guardian","floor":21.0,"turns":1.0},{"damage":0.0,"enemies":"Snake Plant","floor":22.0,"turns":2.0},{"damage":29.0,"enemies":"Slavers","floor":25.0,"turns":4.0},{"damage":0.0,"enemies":"Snecko","floor":27.0,"turns":2.0},{"damage":0.0,"enemies":"Centurion and Healer","floor":28.0,"turns":2.0},{"damage":0.0,"enemies":"Book of Stabbing","floor":30.0,"turns":2.0},{"damage":0.0,"enemies":"Collector","floor":33.0,"turns":2.0},{"damage":32.0,"enemies":"3 Shapes","floor":35.0,"turns":6.0},{"damage":0.0,"enemies":"Orb Walker","floor":37.0,"turns":1.0},{"damage":0.0,"enemies":"Spire Growth","floor":38.0,"turns":2.0},{"damage":0.0,"enemies":"Sphere and 2 Shapes","floor":39.0,"turns":1.0},{"damage":0,"enemies":"Giant Head","floor":40,"turns":3},{"damage":7,"enemies":"R_Hoarder","floor":42,"turns":3},{"damage":0,"enemies":"Maw","floor":45,"turns":2},{"damage":0,"enemies":"Spire Growth","floor":46,"turns":2},{"damage":0,"enemies":"Writhing Mass","floor":47,"turns":2},{"damage":0,"enemies":"Nemesis","floor":48,"turns":3},{"damage":0,"enemies":"Awakened One","floor":50,"turns":3},{"damage":0,"enemies":"Replay:Hell Engine","floor":51,"turns":2},{"damage":0,"enemies":"Shield and Spear","floor":55,"turns":2},{"damage":67,"enemies":"The Heart","floor":56,"turns":9}],"seed_played":"-8708114142875877239","potions_obtained":[{"floor":3.0,"key":"blueLaboratory:BubblePotion"},{"floor":5.0,"key":"Block Potion"},{"floor":16.0,"key":"SmokeBomb"},{"floor":21.0,"key":"Strength Potion"},{"floor":27.0,"key":"LiquidBronze"},{"floor":33.0,"key":"blueLaboratory:BubblePotion"},{"floor":35.0,"key":"DuplicationPotion"},{"floor":39.0,"key":"Languid Potion"},{"floor":40,"key":"blueLaboratory:TrueEctoplasm"},{"floor":45,"key":"DuplicationPotion"},{"floor":55,"key":"blueLaboratory:NinjaPotion"}],"is_trial":false,"path_per_floor":["M","$","M","M","M","R","T","R","T","M","?","M","M","M","R","B",null,"M","?","$","M","M","R","?","E","T","M","M","R","E","?","R","B",null,"M","$","M","M","M","E","R","E","T","$","M","M","M","E","R","B","B",null,"R","$","E","B",null],"character_chosen":"THE_SILENT","items_purchased":["TungstenRod","Accuracy","Deflect","Unceasing Top","Cloak And Dagger","Well Laid Plans"],"campfire_rested":0,"item_purchase_floors":[20,36,36,36,54,54],"current_hp_per_floor":[59,59,59,59,59,59,59,59,59,62,39,44,44,44,44,44,61,61,61,61,61,66,66,66,37,37,39,41,41,43,38,38,45,61,34,34,36,38,40,42,42,37,37,37,39,41,43,45,45,47,49,62,62,62,64,4],"gold":69,"neow_bonus":"RANDOM_EVENT","is_daily":false,"chose_seed":false,"campfire_upgraded":7,"win_rate":0.0,"timestamp":1611815901,"path_taken":["M","?","M","M","M","R","?","R","T","M","?","M","M","M","R","BOSS","M","?","$","M","?","R","?","E","T","?","M","R","E","?","R","BOSS","M","$","M","M","?","E","R","E","T","?","M","M","M","E","R","BOSS","BOSS","R","$","E","BOSS"],"items_purchased_type":["Relic","Card","Card","Relic","Card","Card"],"build_version":"2020-12-22","purchased_purges":4,"victory":true,"max_hp_per_floor":[66,66,66,66,66,66,66,66,66,66,66,66,66,66,66,66,66,66,66,66,66,66,66,66,66,66,66,66,66,66,66,66,66,66,66,66,66,66,66,66,66,66,66,66,66,66,66,66,66,66,66,66,66,66,66,66],"relic_stats":{"Blood Vial":36,"Nunchaku":[29],"counters":[31,100],"Golden Idol":193,"StoneCalendar":[0],"Snake Skull":[0],"Orichalcum":[24],"obtain_stats":[{"Replay:Accelerometer":48,"ReplayTheSpireMod:Ninjato":7,"Golden Idol":11,"StoneCalendar":42,"Snake Skull":55,"Orichalcum":30,"Blood Vial":26,"Nunchaku":40,"WristBlade":17,"ReplayTheSpireMod:Shallot":25,"Snecko Scales":34,"wanderingMiniBosses:CarrionFlame":35,"Toy Ornithopter":9,"TungstenRod":20,"Unceasing Top":36,"Ring of the Snake":0},{"Replay:Accelerometer":27,"ReplayTheSpireMod:Ninjato":4,"Golden Idol":5,"StoneCalendar":23,"Snake Skull":30,"Orichalcum":16,"Blood Vial":13,"Nunchaku":22,"WristBlade":9,"ReplayTheSpireMod:Shallot":13,"Snecko Scales":17,"wanderingMiniBosses:CarrionFlame":18,"Toy Ornithopter":4,"TungstenRod":10,"Unceasing Top":18,"Ring of the Snake":0},{"Replay:Accelerometer":84,"ReplayTheSpireMod:Ninjato":21,"Golden Idol":24,"StoneCalendar":75,"Snake Skull":91,"Orichalcum":57,"Blood Vial":51,"Nunchaku":72,"WristBlade":41,"ReplayTheSpireMod:Shallot":51,"Snecko Scales":59,"wanderingMiniBosses:CarrionFlame":65,"Toy Ornithopter":21,"TungstenRod":44,"Unceasing Top":65,"Ring of the Snake":0}],"Toy Ornithopter":28,"TungstenRod":29,"Unceasing Top":[18],"Ring of the Snake":[62]},"card_choices":[{"not_picked":["Flying Knee","Toxin Wave","ReplayTheSpireMod:Shiv Toss"],"picked":"SKIP","floor":1.0},{"not_picked":["Acrobatics","Outmaneuver"],"picked":"Blade Dance","floor":3.0},{"not_picked":["Terror","Calculated Gamble"],"picked":"Blade Dance","floor":4.0},{"not_picked":["Setup","Deadly Poison"],"picked":"Blade Dance","floor":5.0},{"not_picked":["Bane","Predator"],"picked":"Infinite Blades","floor":10.0},{"not_picked":["Bane","Dagger Spray","Distraction"],"picked":"SKIP","floor":12.0},{"not_picked":["Underhanded Strike","Backstab"],"picked":"Accuracy","floor":13.0},{"not_picked":["Dagger Throw","Hidden Blade"],"picked":"Finisher","floor":14.0},{"not_picked":["Underhanded Strike","Acrobatics","Bane+1"],"picked":"SKIP","floor":18.0},{"not_picked":["Catalyst","ReplayTheSpireMod:Speed Training"],"picked":"Prepared+1","floor":21.0},{"not_picked":["Dodge and Roll","Distraction"],"picked":"ReplayTheSpireMod:Scrap Shanks","floor":25.0},{"not_picked":["Setup","Expertise"],"picked":"Concentrate+1","floor":27.0},{"not_picked":["Dagger Spray","Dodge and Roll"],"picked":"Hidden Blade","floor":28.0},{"not_picked":["Masterful Stab","Quick Slash"],"picked":"PiercingWail","floor":30.0},{"not_picked":["Replay:Bag of Tricks","Night Terror"],"picked":"Adrenaline","floor":33.0},{"not_picked":["Blade Dance","ReplayTheSpireMod:Exploit Weakness+1"],"picked":"Sneak Up","floor":35.0},{"not_picked":["PiercingWail","Dagger Throw+1"],"picked":"Blur+1","floor":37.0},{"not_picked":["Bane","Poisoned Stab","Slice"],"picked":"SKIP","floor":38.0},{"not_picked":["Hidden Blade","All Out Attack+1"],"picked":"Prepared+1","floor":39.0},{"not_picked":["Blade Dance","Underhanded Strike","Acrobatics+1"],"picked":"SKIP","floor":40},{"not_picked":["Dash","Underhanded Strike"],"picked":"Calculated Gamble","floor":42},{"not_picked":["Choke","Dodge and Roll+1"],"picked":"ReplayTheSpireMod:Speed Training","floor":45},{"not_picked":["Slice+1","Expertise"],"picked":"Deflect","floor":46},{"not_picked":["Blade Dance","ReplayTheSpireMod:Exploit Weakness"],"picked":"Cloak And Dagger","floor":47},{"not_picked":["Underhanded Strike","Tools of the Trade"],"picked":"Deflect","floor":48},{"not_picked":["Infinite Blades+1","Slice+1"],"picked":"ReplayTheSpireMod:Speed Training","floor":55}],"player_experience":1273019,"relics_obtained":[{"floor":7.0,"key":"ReplayTheSpireMod:Ninjato"},{"floor":9.0,"key":"Toy Ornithopter"},{"floor":25.0,"key":"ReplayTheSpireMod:Shallot"},{"floor":26.0,"key":"Blood Vial"},{"floor":30.0,"key":"Orichalcum"},{"floor":35.0,"key":"wanderingMiniBosses:CarrionFlame"},{"floor":40,"key":"Nunchaku"},{"floor":42,"key":"StoneCalendar"},{"floor":48,"key":"Replay:Accelerometer"},{"floor":55,"key":"Snake Skull"}],"event_choices":[{"cards_removed":["Defend_G"],"damage_healed":0.0,"max_hp_gain":0.0,"max_hp_loss":0.0,"gold_gain":0.0,"event_name":"Living Wall","player_choice":"Forget","floor":0.0,"gold_loss":0.0,"damage_taken":0.0},{"damage_healed":0.0,"max_hp_gain":0.0,"max_hp_loss":0.0,"gold_gain":0.0,"event_name":"Golden Idol","player_choice":"Take Damage","floor":11.0,"gold_loss":0.0,"damage_taken":23.0,"relics_obtained":["Golden Idol"]},{"damage_healed":0.0,"max_hp_gain":0.0,"max_hp_loss":0.0,"gold_gain":200.0,"event_name":"Wheel of Change","player_choice":"Gold","floor":19.0,"gold_loss":0.0,"damage_taken":0.0},{"damage_healed":0.0,"max_hp_gain":0.0,"max_hp_loss":0.0,"gold_gain":250.0,"event_name":"The Joust","player_choice":"Bet on Owner","floor":24.0,"gold_loss":50.0,"damage_taken":0.0},{"damage_healed":0.0,"max_hp_gain":0.0,"max_hp_loss":0.0,"gold_gain":50.0,"event_name":"FaceTrader","player_choice":"Touch","floor":31.0,"gold_loss":0.0,"damage_taken":6.0}],"is_beta":false,"boss_relics":[{"not_picked":["Astrolabe","Honey Jar"],"picked":"WristBlade"},{"not_picked":["Replay:Wanted Poster","Abe\u0027s Treasure"],"picked":"Snecko Scales"}],"items_purged_floors":[2,20,36,44],"is_endless":false,"potions_floor_spawned":[3,5,16,21,27,33,35,39,40,45,55],"ascension_level":20}}