{"host":"q9sqrn60n8lvmavn","time":1611794246,"event":{"mods":["A Penny For Your Troubles","AchievementEnabler","AlwaysNeverKeys","BaseMod","Better Third Choice","Better Vampires","Block Reminder","Colored Powertips","Curses Come First","DNKmod","Friendly Minions","Good Game Mod","Minty Spire (QoL Compilation)","Permanent Neow","Relic Filter Mod","StSLib","Weighted Paths"],"gold_per_floor":[1018,1032,1107,621,637,637,208,236,259,259,259,284,284,64,64,159,159,178,105,121,139,61,61,86,86,111,127,527,546,565,597,597,694,694,707,762,773,791,811,811,839,839,839,855,905,936,936,608,608,609],"floor_reached":51,"language":"ENG","playtime":3575,"items_purged":["Strike_P","Strike_P","Defend_P","Strike_P+1","Doubt"],"score":1073,"play_id":"e258833c-a8dd-4583-bd4c-f7e48f9c2c70","local_time":"20210127163726","is_ascension_mode":true,"campfire_choices":[{"data":"Eruption","floor":6.0,"key":"SMITH"},{"data":"BattleHymn","floor":10.0,"key":"SMITH"},{"data":"SashWhip","floor":15.0,"key":"SMITH"},{"data":"ClearTheMind","floor":23,"key":"SMITH"},{"data":"Evaluate","floor":25,"key":"SMITH"},{"data":"EmptyFist","floor":32,"key":"SMITH"},{"data":"Adaptation","floor":40,"key":"SMITH"},{"data":"Tantrum","floor":47,"key":"SMITH"},{"data":"Nirvana","floor":49,"key":"SMITH"}],"circlet_count":0,"master_deck":["Defend_P+1","Eruption+1","Vigilance+1","LessonLearned+1","EmptyFist+1","Consecrate+1","BattleHymn+1","SashWhip+1","Conclude+1","ThirdEye+1","Brilliance+1","ClearTheMind+1","EmptyBody+1","PathToVictory+1","DeceiveReality+1","Evaluate+1","Meditate+1","DeceiveReality+1","Omniscience+1","Prostrate+1","FlurryOfBlows+1","Tantrum+1","Adaptation+1","Crescendo+1","Nirvana+1","Worship+1"],"relics":["PureWater","REME:ComplimentaryCards","Bag of Preparation","Mercury Hourglass","Membership Card","PreservedInsect","Boot","Smiling Mask","Toy Ornithopter","Unceasing Top","Empty Cage","Dream Catcher","Bag of Marbles","Old Coin","Toxic Egg 2","Meat on the Bone","Cursed Key","Prayer Wheel","Potion Belt","Oddly Smooth Stone","GoldenEye","Regal Pillow","Kunai","Sling","Lantern"],"acts_visited":["Exordium","TheCity","TheBeyond"],"potions_floor_usage":[21,21,30,30,33,36,38,50,50,50],"damage_taken":[{"damage":0.0,"enemies":"Small Slimes","floor":1.0,"turns":2.0},{"damage":0.0,"enemies":"2 Louse","floor":2.0,"turns":1.0},{"damage":0.0,"enemies":"Cultist","floor":5.0,"turns":1.0},{"damage":0.0,"enemies":"Gremlin Nob","floor":8.0,"turns":3.0},{"damage":0.0,"enemies":"3 Sentries","floor":12.0,"turns":2.0},{"damage":36.0,"enemies":"Hexaghost","floor":16.0,"turns":4.0},{"damage":3.0,"enemies":"Chosen","floor":18.0,"turns":2.0},{"damage":0,"enemies":"3 Byrds","floor":20,"turns":2},{"damage":0,"enemies":"Snake Plant","floor":21,"turns":3},{"damage":0,"enemies":"Book of Stabbing","floor":24,"turns":3},{"damage":0,"enemies":"Cultist and Chosen","floor":27,"turns":3},{"damage":0,"enemies":"Colosseum Slavers","floor":28,"turns":2},{"damage":0,"enemies":"Colosseum Nobs","floor":28,"turns":2},{"damage":0,"enemies":"Shelled Parasite and Fungi","floor":29,"turns":2},{"damage":0,"enemies":"Chosen and Byrds","floor":30,"turns":2},{"damage":7,"enemies":"Slavers","floor":31,"turns":2},{"damage":23,"enemies":"Champ","floor":33,"turns":7},{"damage":0,"enemies":"3 Shapes","floor":35,"turns":3},{"damage":4,"enemies":"2 Orb Walkers","floor":36,"turns":4},{"damage":0,"enemies":"Orb Walker","floor":37,"turns":1},{"damage":0,"enemies":"Maw","floor":38,"turns":6},{"damage":1,"enemies":"Writhing Mass","floor":39,"turns":4},{"damage":0,"enemies":"Reptomancer","floor":41,"turns":2},{"damage":0,"enemies":"3 Darklings","floor":44,"turns":3},{"damage":10,"enemies":"Mind Bloom Boss Battle","floor":45,"turns":4},{"damage":0,"enemies":"Giant Head","floor":46,"turns":3},{"damage":0,"enemies":"Awakened One","floor":50,"turns":7}],"seed_played":"-7359459174142729467","potions_obtained":[{"floor":1.0,"key":"Block Potion"},{"floor":5.0,"key":"PowerPotion"},{"floor":16.0,"key":"AttackPotion"},{"floor":21,"key":"ColorlessPotion"},{"floor":24,"key":"BottledMiracle"},{"floor":27,"key":"BottledMiracle"},{"floor":30,"key":"PowerPotion"},{"floor":35,"key":"Fire Potion"},{"floor":37,"key":"SkillPotion"},{"floor":41,"key":"Dexterity Potion"},{"floor":45,"key":"Block Potion"},{"floor":46,"key":"SteroidPotion"}],"is_trial":false,"path_per_floor":["M","M","?","$","M","R","$","E","T","R","?","E","?","$","R","B",null,"M","$","M","M","$","R","E","R","T","M","?","M","M","E","R","B",null,"M","?","M","M","M","R","E","?","T","M","?","E","R","$","R","B",null],"character_chosen":"WATCHER","items_purchased":["Bag of Preparation","Mercury Hourglass","BattleHymn","Membership Card","PreservedInsect","JustLucky","Unceasing Top","ThirdEye","EmptyBody","DeceiveReality","Finesse","Kunai","Sling","Lantern"],"campfire_rested":0,"item_purchase_floors":[4,4,7,7,7,7,14,14,19,22,22,48,48,48],"current_hp_per_floor":[100,100,89,89,89,89,89,89,89,89,82,82,82,82,82,51,100,97,97,97,100,100,100,100,100,100,100,100,100,100,93,93,75,100,100,96,96,100,99,99,99,99,99,99,89,89,89,89,89,100],"gold":609,"neow_bonus":"REMOVE_CARD","is_daily":false,"chose_seed":false,"campfire_upgraded":9,"win_rate":0.0,"timestamp":1611794246,"path_taken":["M","M","?","$","M","R","$","E","T","R","?","E","?","$","R","BOSS","M","?","?","?","?","R","E","R","T","M","?","M","M","E","R","BOSS","M","?","M","M","M","R","E","?","T","M","?","E","R","?","R","BOSS"],"items_purchased_type":["Relic","Relic","Card","Relic","Relic","Card","Relic","Card","Card","Card","Card","Relic","Relic","Relic"],"build_version":"2020-12-22","purchased_purges":5,"victory":true,"max_hp_per_floor":[100,100,100,100,100,100,100,100,100,100,100,100,100,100,100,100,100,100,100,100,100,100,100,100,100,100,100,100,100,100,100,100,100,100,100,100,100,100,100,100,100,100,100,100,100,100,100,100,100,100],"card_choices":[{"not_picked":["SandsOfTime","CutThroughFate"],"picked":"EmptyFist","floor":1.0},{"not_picked":["EmptyFist","Crescendo","Evaluate"],"picked":"SKIP","floor":2.0},{"not_picked":["Protect","ThirdEye"],"picked":"Consecrate","floor":5.0},{"not_picked":["Perseverance","DeusExMachina"],"picked":"SashWhip","floor":8.0},{"not_picked":["ReachHeaven","SandsOfTime"],"picked":"Conclude","floor":12.0},{"not_picked":["DeusExMachina","LessonLearned"],"picked":"Brilliance","floor":16.0},{"not_picked":["ThirdEye+1","FlyingSleeves+1"],"picked":"ClearTheMind","floor":18.0},{"not_picked":["ClearTheMind","Consecrate","JustLucky"],"picked":"SKIP","floor":20},{"not_picked":["Establishment","Crescendo+1"],"picked":"PathToVictory","floor":21},{"not_picked":["FlurryOfBlows","Crescendo+1"],"picked":"Evaluate","floor":24},{"not_picked":["Protect+1","CarveReality+1","ClearTheMind"],"picked":"SKIP","floor":27},{"not_picked":["Nirvana","SandsOfTime","Crescendo+1"],"picked":"SKIP","floor":29},{"not_picked":["SashWhip","EmptyBody+1"],"picked":"Meditate+1","floor":30},{"not_picked":["WreathOfFlame+1","Meditate+1"],"picked":"DeceiveReality+1","floor":31},{"not_picked":["MasterReality","Establishment"],"picked":"Omniscience+1","floor":33},{"not_picked":["BattleHymn","CutThroughFate+1"],"picked":"Prostrate+1","floor":35},{"not_picked":["Conclude+1","CutThroughFate+1"],"picked":"FlurryOfBlows+1","floor":37},{"not_picked":["CutThroughFate","PathToVictory+1","ClearTheMind+1"],"picked":"SKIP","floor":37},{"not_picked":["DeceiveReality+1","ThirdEye+1"],"picked":"Tantrum","floor":38},{"not_picked":["CrushJoints+1","EmptyBody+1","Protect+1"],"picked":"SKIP","floor":38},{"not_picked":["Tantrum+1","Conclude+1"],"picked":"Adaptation","floor":39},{"not_picked":["WindmillStrike+1","Scrawl+1","Meditate+1"],"picked":"SKIP","floor":39},{"not_picked":["WindmillStrike","Halt+1"],"picked":"Crescendo+1","floor":41},{"not_picked":["WaveOfTheHand+1","FlyingSleeves"],"picked":"Nirvana","floor":44},{"not_picked":["Sanctity+1","WaveOfTheHand+1"],"picked":"Worship+1","floor":44},{"not_picked":["Halt+1","DeusExMachina+1","Sanctity+1"],"picked":"SKIP","floor":46}],"player_experience":164672,"relics_obtained":[{"floor":8.0,"key":"Boot"},{"floor":9.0,"key":"Smiling Mask"},{"floor":12.0,"key":"Toy Ornithopter"},{"floor":24,"key":"Dream Catcher"},{"floor":26,"key":"Bag of Marbles"},{"floor":28,"key":"Old Coin"},{"floor":28,"key":"Toxic Egg 2"},{"floor":31,"key":"Meat on the Bone"},{"floor":36,"key":"Prayer Wheel"},{"floor":41,"key":"Potion Belt"},{"floor":43,"key":"Oddly Smooth Stone"},{"floor":45,"key":"GoldenEye"},{"floor":46,"key":"Regal Pillow"}],"event_choices":[{"damage_healed":0.0,"max_hp_gain":0.0,"max_hp_loss":0.0,"gold_gain":75.0,"event_name":"betterThird:BetterGoop","player_choice":"Gold","floor":3.0,"gold_loss":0.0,"damage_taken":11.0},{"cards_removed":["Defend_P"],"damage_healed":0.0,"max_hp_gain":0.0,"max_hp_loss":0.0,"gold_gain":0.0,"event_name":"Golden Wing","player_choice":"Card Removal","floor":11.0,"gold_loss":0.0,"damage_taken":7.0},{"damage_healed":0.0,"max_hp_gain":0.0,"max_hp_loss":0.0,"gold_gain":0.0,"event_name":"The Woman in Blue","player_choice":"Bought 0 Potions","floor":13.0,"gold_loss":0.0,"damage_taken":0.0},{"damage_healed":0,"gold_gain":0,"player_choice":"Fight","damage_taken":0,"max_hp_gain":0,"max_hp_loss":0,"event_name":"Colosseum","floor":28,"gold_loss":0},{"damage_healed":0,"gold_gain":0,"player_choice":"Fought Nobs","damage_taken":0,"max_hp_gain":0,"max_hp_loss":0,"event_name":"Colosseum","floor":28,"gold_loss":0},{"damage_healed":0,"gold_gain":0,"player_choice":"Fight","damage_taken":0,"max_hp_gain":0,"max_hp_loss":0,"event_name":"Mysterious Sphere","floor":36,"gold_loss":0},{"cards_removed":["Finesse"],"damage_healed":0,"gold_gain":0,"player_choice":"Removed Skill","damage_taken":0,"max_hp_gain":0,"max_hp_loss":0,"event_name":"Falling","floor":42,"gold_loss":0},{"damage_healed":0,"gold_gain":0,"player_choice":"Fight","damage_taken":0,"max_hp_gain":0,"max_hp_loss":0,"event_name":"MindBloom","floor":45,"gold_loss":0}],"is_beta":false,"boss_relics":[{"not_picked":["SacredBark","HolyWater"],"picked":"Empty Cage"},{"not_picked":["Velvet Choker","Runic Dome"],"picked":"Cursed Key"}],"items_purged_floors":[4,7,14,19,48],"is_endless":false,"potions_floor_spawned":[1,5,16,21,24,27,29,30,35,37,41,45,46],"ascension_level":1}}