{"host":"uvmuduost5bzvojs","time":1611823132,"event":{"mods":["Aspiration","Bard","BaseMod","Better Match","Block Reminder","Conspire","Hermit","Highlight Path","Hubris","Infinite Spire","Jorbs\u0027s Wanderer Trilogy","Mad Scientist","Marisa????????","Mimic Mod","Minty Spire (QoL Compilation)","Potionbrewer","Replay The Spire","Robot Space Explorer","StSLib","The Blackbeard","The Construct","The Cursed","The Disciple","The Hayseed","The Hierophant","The Juggle","The Jungle","The Poker Player","The Runesmith","The Servant 0.9.4","The Spell Scribe","The Valiant","TheBandit"],"gold_per_floor":[113,126,126,138,138,138,134,149,149,149,157,157,176,197,197,262,262,279,299,299,188,188,183,202,202,202,223,223,223,257,257,257,392,392,444,496,421,248,295,325,325,301,301],"floor_reached":42,"language":"ENG","playtime":2030,"items_purged":["hierophant:Strike_Hierophant","hierophant:Strike_Hierophant","hierophant:Strike_Hierophant"],"score":485,"play_id":"c01c100f-657b-4344-b30b-80e5bc5e16ac","local_time":"20210128033852","is_ascension_mode":false,"campfire_choices":[{"data":"hierophant:FlamingChariot","floor":6,"key":"SMITH"},{"data":"hierophant:Sermon","floor":10,"key":"SMITH"},{"data":"hierophant:FlamingChariot","floor":15,"key":"SMITH"},{"data":"hierophant:Glossolalia","floor":25,"key":"SMITH"},{"floor":28,"key":"REST"},{"floor":32,"key":"REST"},{"floor":41,"key":"REST"}],"circlet_count":0,"master_deck":["hierophant:Punish","hierophant:Defend_Hierophant","hierophant:Defend_Hierophant","hierophant:Defend_Hierophant","hierophant:Defend_Hierophant","hierophant:ChurchCoffers","hierophant:FieryStrike","hierophant:FlamingChariot+1","hierophant:Sermon+1","hierophant:FlamingChariot+1","hierophant:DeathKnell+1","hierophant:Glossolalia+1","hierophant:FlamingChariot","hierophant:ArchangelShield+1","hierophant:RustyCrate+1","hierophant:Doubloon","hierophant:Doubloon","infinitespire:NeuralNetwork","hierophant:Kindle","hierophant:HammerAndAnvil+1","ReplayTheSpireMod:Limb From Limb","hierophant:ArchangelShield+1","hierophant:Chorus","hierophant:Glossolalia"],"relics":["hierophant:PropheticMaskRelic","NeowsBlessing","infinitespire:Bottled Soul","ReplayTheSpireMod:TigerMarble","Replay:Bottled Snecko","construct:WeddingRing","Pantograph","Boot","hubris:DisguiseKit","hubris:Reverence","hubris:RunicObelisk","aspiration:HummingbirdHeart"],"acts_visited":["Exordium","TheCity","TheBeyond"],"potions_floor_usage":[16,16,24,27,33,40,42,42],"damage_taken":[{"damage":0,"enemies":"Small Slimes","floor":1,"turns":1},{"damage":0,"enemies":"Jaw Worm","floor":2,"turns":1},{"damage":0,"enemies":"Cultist","floor":4,"turns":1},{"damage":9,"enemies":"Blue Slaver","floor":7,"turns":3},{"damage":2,"enemies":"Large Slime","floor":8,"turns":4},{"damage":8,"enemies":"3 Sentries","floor":11,"turns":7},{"damage":0,"enemies":"Gremlin Gang","floor":12,"turns":3},{"damage":8,"enemies":"3 Louse","floor":13,"turns":2},{"damage":18,"enemies":"Lagavulin","floor":14,"turns":4},{"damage":22,"enemies":"Hexaghost","floor":16,"turns":5},{"damage":0,"enemies":"Chosen","floor":18,"turns":3},{"damage":0,"enemies":"Spheric Guardian","floor":19,"turns":2},{"damage":23,"enemies":"conspire:HollyBat","floor":23,"turns":5},{"damage":0,"enemies":"Shelled Parasite and Fungi","floor":24,"turns":2},{"damage":21,"enemies":"Cultist and Chosen","floor":27,"turns":5},{"damage":24,"enemies":"Replay:Snechameleon","floor":30,"turns":7},{"damage":10,"enemies":"hubris:MusketHawk","floor":33,"turns":3},{"damage":13,"enemies":"3 Darklings","floor":35,"turns":3},{"damage":6,"enemies":"3 Shapes","floor":36,"turns":5},{"damage":35,"enemies":"Jaw Worm Horde","floor":39,"turns":5},{"damage":16,"enemies":"Giant Head","floor":40,"turns":5},{"damage":37,"enemies":"Transient","floor":42,"turns":5}],"seed_played":"-8043336489813813467","potions_obtained":[{"floor":2,"key":"Weak Potion"},{"floor":8,"key":"potionbrewer:HastePotion"},{"floor":11,"key":"SpeedPotion"},{"floor":23,"key":"Energy Potion"},{"floor":24,"key":"potionbrewer:MidasPotion"},{"floor":30,"key":"PowerPotion"},{"floor":35,"key":"AttackPotion"},{"floor":39,"key":"potionbrewer:AcidPotion"}],"is_trial":false,"path_per_floor":["M","M","?","M","?","R","M","M","T","R","E","M","M","E","R","B",null,"M","M","T","$","?","M","M","R","T","M","R","?","E","AVR","R","B",null,"M","M","?","$","M","E","R","M"],"character_chosen":"HIEROPHANT","items_purchased":["hierophant:Glossolalia","hierophant:Chorus"],"campfire_rested":3,"item_purchase_floors":[21,38],"current_hp_per_floor":[75,75,75,75,75,75,66,64,64,64,56,56,48,30,30,8,75,75,75,75,75,61,38,38,38,38,17,41,41,17,17,41,56,80,67,61,61,61,26,10,34,0,0],"gold":301,"neow_bonus":"THREE_ENEMY_KILL","is_daily":false,"chose_seed":false,"campfire_upgraded":4,"win_rate":0.0,"timestamp":1611823132,"path_taken":["M","M","?","M","?","R","M","M","T","R","E","M","M","E","R","BOSS","M","M","?","$","?","M","M","R","T","M","R","?","E","AVR","R","BOSS","M","?","?","$","?","E","R","M"],"items_purchased_type":["Card","Card"],"build_version":"2020-12-22","purchased_purges":3,"victory":false,"max_hp_per_floor":[75,75,75,75,75,75,75,75,75,75,75,75,75,75,75,75,75,75,75,75,75,80,80,80,80,80,80,80,80,80,80,80,80,80,80,80,80,80,80,80,80,80,80],"card_choices":[{"not_picked":["hierophant:Charity","hierophant:Zeal"],"picked":"hierophant:FieryStrike","floor":1},{"not_picked":["hierophant:HammerAndAnvil","hierophant:ThreeLashes"],"picked":"hierophant:FlamingChariot","floor":2},{"not_picked":["hierophant:Blessing","hierophant:Patience","hierophant:Purify"],"picked":"SKIP","floor":4},{"not_picked":["hierophant:Embezzle","hierophant:Shelter","hierophant:Cornucopia"],"picked":"SKIP","floor":7},{"not_picked":["hierophant:Zeal","hierophant:RecallFunds"],"picked":"hierophant:Sermon","floor":8},{"not_picked":["hierophant:Remorse","hierophant:Doubloon","hierophant:Purify"],"picked":"SKIP","floor":11},{"not_picked":["hierophant:Empathy","hierophant:BulkyChest","hierophant:Purify"],"picked":"SKIP","floor":12},{"not_picked":["hierophant:AuricBeam","hierophant:ThreeLashes"],"picked":"hierophant:FlamingChariot","floor":13},{"not_picked":["hierophant:Shelter","hierophant:CoinFling","hierophant:AuricBeam"],"picked":"SKIP","floor":14},{"not_picked":["hierophant:Cornucopia","hierophant:AuricForm"],"picked":"hierophant:DeathKnell","floor":16},{"not_picked":["hierophant:Endure","hierophant:EyeForCoin","hierophant:ConvertCurrency"],"picked":"SKIP","floor":18},{"not_picked":["hierophant:Bribe","hierophant:MirrorShield","hierophant:RepressedViolence"],"picked":"SKIP","floor":19},{"not_picked":["hierophant:Purify","hierophant:Bribe"],"picked":"hierophant:FlamingChariot","floor":23},{"not_picked":["hierophant:Doubloon+1","hierophant:Patience+1"],"picked":"hierophant:ArchangelShield+1","floor":24},{"not_picked":["hierophant:AuricBeam","hierophant:DivineIntervention","hierophant:Shelter"],"picked":"SKIP","floor":27},{"not_picked":["hierophant:Dazzle","hierophant:DisplayOfPower"],"picked":"hierophant:RustyCrate+1","floor":30},{"not_picked":["hierophant:Invocation","hierophant:MintersHammer","Replay:Many Hands"],"picked":"hierophant:Kindle","floor":33},{"not_picked":["hierophant:Zeal+1","hierophant:Bribe","Run Through"],"picked":"hierophant:HammerAndAnvil+1","floor":35},{"not_picked":["hierophant:FaithHealing","hierophant:SolarFlare+1","hierophant:RepressedViolence"],"picked":"ReplayTheSpireMod:Limb From Limb","floor":36},{"not_picked":["hierophant:CursedGold+1","hierophant:Flagellation+1","hierophant:Racketeering+1"],"picked":"hierophant:ArchangelShield+1","floor":37},{"not_picked":["hierophant:ThreeLashes","hierophant:Racketeering","hierophant:HolyVerse","Thunderclap"],"picked":"SKIP","floor":39},{"not_picked":["hierophant:Purify","hierophant:Racketeering","Massacre"],"picked":"hierophant:Glossolalia","floor":40}],"player_experience":1881793,"relics_obtained":[{"floor":9,"key":"infinitespire:Bottled Soul"},{"floor":11,"key":"ReplayTheSpireMod:TigerMarble"},{"floor":14,"key":"Replay:Bottled Snecko"},{"floor":20,"key":"Pantograph"},{"floor":26,"key":"Boot"},{"floor":30,"key":"hubris:DisguiseKit"},{"floor":40,"key":"aspiration:HummingbirdHeart"}],"event_choices":[{"cards_removed":["hierophant:Strike_Hierophant"],"damage_healed":0,"gold_gain":0,"player_choice":"Offered Basic","damage_taken":0,"max_hp_gain":0,"max_hp_loss":0,"event_name":"Bonfire Elementals","floor":5,"gold_loss":0},{"damage_healed":0,"gold_gain":0,"player_choice":"Shed Blood","damage_taken":19,"max_hp_gain":5,"max_hp_loss":0,"event_name":"Forgotten Altar","floor":22,"gold_loss":0},{"damage_healed":0,"gold_gain":0,"player_choice":"Upgraded","damage_taken":0,"max_hp_gain":0,"max_hp_loss":0,"event_name":"Upgrade Shrine","floor":29,"gold_loss":0,"cards_upgraded":["hierophant:DeathKnell"]},{"damage_healed":0,"gold_gain":0,"player_choice":"2","damage_taken":0,"max_hp_gain":0,"max_hp_loss":0,"event_name":"betterMatch:BetterMatch","floor":37,"gold_loss":0,"cards_obtained":["betterMatch:UncommonCard"]}],"is_beta":false,"boss_relics":[{"not_picked":["Black Star","Replay:Wanted Poster"],"picked":"construct:WeddingRing"},{"not_picked":["Kintsugi","Replay:Ancient Bell"],"picked":"hubris:RunicObelisk"}],"items_purged_floors":[21,31,38],"is_endless":false,"potions_floor_spawned":[2,8,11,12,23,24,30,35,39],"killed_by":"Transient","ascension_level":0}}