{"host":"8a72fthmlk1o8pdb","time":1611792834,"event":{"mods":["AchievementEnabler","Aspiration","Astrologer","Bard","BaseMod","Beaked The Cultist","Better Skull","Better Third Choice","Colored Map","Colored Powertips","Downfall","Friendly Minions","GifTheSpireLib","Googly Eyes","Gremlin Mod","Hermit","Jorbs\u0027s Wanderer Trilogy","Marisa????????","Minty Spire (QoL Compilation)","Permanent Neow","Random Character Button","Rare Cards Sparkle","Robot Space Explorer","Shop Mod","Somnambulant","StSLib","The Animator","The Construct","The Cursed","The Disciple","The Hayseed","The Hierophant","The Marked","The Necromancer","The Poker Player","The Problem Sleuth","The Runesmith","thorton"],"gold_per_floor":[113,288,288,296,296,296,318,124,175,175,163,170,170,26,26,125,125,99,99],"floor_reached":18,"language":"ENG","playtime":688,"items_purged":[],"score":102,"play_id":"68273529-c10c-4949-a6dd-1422ec9dde63","local_time":"20210127161354","is_ascension_mode":false,"campfire_choices":[{"data":"hierophant:ChurchCoffers","floor":6,"key":"SMITH"},{"data":"hierophant:Smite","floor":10,"key":"SMITH"},{"data":"hierophant:Smite","floor":15,"key":"SMITH"}],"circlet_count":0,"master_deck":["hierophant:Strike_Hierophant","hierophant:Strike_Hierophant","hierophant:Strike_Hierophant","hierophant:Strike_Hierophant","hierophant:Punish+1","hierophant:Defend_Hierophant","hierophant:Defend_Hierophant","hierophant:Defend_Hierophant","hierophant:Defend_Hierophant","hierophant:ChurchCoffers+1","hierophant:Doubloon","hierophant:CoinFling","hierophant:PristineSoul","hierophant:Smite+1","hierophant:HolyVerse","hierophant:Smite+1","hierophant:DivineIntervention"],"relics":["hierophant:PropheticMaskRelic","aspiration:DSix","theSleuth:Spyglass","Pear","Membership Card","aspiration:IroncladSkillbook"],"acts_visited":["Exordium","TheCity"],"potions_floor_usage":[],"damage_taken":[{"damage":1,"enemies":"Cultist","floor":1,"turns":3},{"damage":6,"enemies":"Jaw Worm","floor":4,"turns":3},{"damage":0,"enemies":"2 Louse","floor":7,"turns":1},{"damage":1,"enemies":"Looter","floor":11,"turns":3},{"damage":0,"enemies":"Gremlin Gang","floor":12,"turns":2},{"damage":41,"enemies":"Slime Boss","floor":16,"turns":6},{"damage":11,"enemies":"2 Thieves","floor":18,"turns":3}],"seed_played":"-1991401219157426228","potions_obtained":[{"floor":1,"key":"Block Potion"},{"floor":4,"key":"AttackPotion"},{"floor":11,"key":"LiquidBronze"}],"is_trial":false,"path_per_floor":["M","?","?","M","?","R","M","$","T","R","M","M","?","$","R","B",null,"M"],"character_chosen":"HIEROPHANT","items_purchased":["theSleuth:Spyglass","hierophant:Smite","Membership Card"],"campfire_rested":0,"item_purchase_floors":[8,8,14],"current_hp_per_floor":[74,74,71,65,58,58,58,58,68,68,67,67,67,67,67,26,85,78,78],"gold":99,"neow_bonus":"UPGRADE_CARD","is_daily":false,"chose_seed":false,"campfire_upgraded":3,"win_rate":0.0,"timestamp":1611792834,"path_taken":["M","?","?","M","?","R","M","$","T","R","M","M","?","$","R","BOSS","M"],"items_purchased_type":["Relic","Card","Relic"],"build_version":"2020-12-22","purchased_purges":0,"victory":false,"max_hp_per_floor":[75,75,75,75,75,75,75,75,85,85,85,85,85,85,85,85,85,85,85],"card_choices":[{"not_picked":["hierophant:Prophecy","hierophant:OrnateBuckler","hierophant:Community"],"picked":"SKIP","floor":1},{"not_picked":["hierophant:ThreeLashes","hierophant:PassingBell"],"picked":"hierophant:CoinFling","floor":4},{"not_picked":["hierophant:AuricBeam","hierophant:MorningPrayer"],"picked":"hierophant:PristineSoul","floor":7},{"not_picked":["hierophant:MorningPrayer","hierophant:MirrorShield"],"picked":"hierophant:HolyVerse","floor":11},{"not_picked":["hierophant:HammerAndAnvil","hierophant:PassingBell"],"picked":"hierophant:Smite","floor":12},{"not_picked":["hierophant:Determination","hierophant:Generosity"],"picked":"hierophant:DivineIntervention","floor":16}],"player_experience":52033,"relics_obtained":[{"floor":9,"key":"Pear"}],"event_choices":[{"damage_healed":0,"gold_gain":175,"player_choice":"AGREE","damage_taken":113,"max_hp_gain":0,"max_hp_loss":0,"event_name":"betterThird:BetterSerpent","floor":2,"gold_loss":0},{"damage_healed":0,"gold_gain":0,"player_choice":"Relic ","damage_taken":3,"max_hp_gain":0,"max_hp_loss":0,"event_name":"betterThird:BetterScrap","floor":3,"gold_loss":0,"cards_obtained":["Predator"]},{"cards_removed":["Doubt"],"damage_healed":0,"gold_gain":0,"player_choice":"Card Removal","damage_taken":7,"max_hp_gain":0,"max_hp_loss":0,"event_name":"Golden Wing","floor":5,"gold_loss":0},{"damage_healed":67,"gold_gain":0,"player_choice":"Leave","damage_taken":0,"max_hp_gain":0,"max_hp_loss":85,"event_name":"betterThird:BetterShining","floor":13,"gold_loss":0}],"is_beta":false,"boss_relics":[{"not_picked":["Ectoplasm","aspiration:PoetsPen_weak"],"picked":"aspiration:IroncladSkillbook"}],"items_purged_floors":[],"is_endless":false,"potions_floor_spawned":[1,4,11],"killed_by":"2 Thieves","ascension_level":0}}