{"host":"vyjryxuuuxkt43k4","time":1611798830,"event":{"mods":["AchievementEnabler","BaseMod","Colored Map","DeckTracker","Keyboard Shortcuts","Minty Spire (QoL Compilation)","Permanent Neow","Quick Restart","Rare Cards Sparkle","StSLib","SuperFastMode","everything is the same but u backflip on backflip"],"gold_per_floor":[111,121,132,147,94,94,127,127,127,127,127],"floor_reached":10,"language":"KOR","playtime":638,"items_purged":[],"score":136,"play_id":"08f49452-76fb-4c4e-a580-a40974b4cfe8","local_time":"20210128105350","is_ascension_mode":true,"campfire_choices":[{"data":"Armaments","floor":6.0,"key":"SMITH"},{"data":"Corruption","floor":8.0,"key":"SMITH"}],"circlet_count":0,"master_deck":["AscendersBane","Strike_R","Strike_R","Strike_R","Strike_R","Strike_R","Defend_R","Defend_R","Defend_R","Defend_R","Bash","Rampage","Infernal Blade","Armaments+1","Uppercut","Corruption+1"],"relics":["Burning Blood","Dream Catcher","FossilizedHelix","Gremlin Horn"],"acts_visited":["Exordium"],"potions_floor_usage":[],"damage_taken":[{"damage":12.0,"enemies":"Small Slimes","floor":1.0,"turns":4.0},{"damage":1.0,"enemies":"Cultist","floor":2.0,"turns":3.0},{"damage":7.0,"enemies":"Jaw Worm","floor":3.0,"turns":3.0},{"damage":22.0,"enemies":"Gremlin Gang","floor":4.0,"turns":4.0},{"damage":28.0,"enemies":"Lagavulin","floor":7.0,"turns":5.0},{"damage":32,"enemies":"3 Sentries","floor":10,"turns":7}],"seed_played":"4835068230880474995","potions_obtained":[{"floor":1.0,"key":"FearPotion"},{"floor":3.0,"key":"SpeedPotion"}],"is_trial":false,"path_per_floor":["M","M","M","M","$","R","E","R","T","E"],"character_chosen":"IRONCLAD","items_purchased":["Fire Potion"],"campfire_rested":0,"item_purchase_floors":[5],"current_hp_per_floor":[62,67,66,50,50,50,28,28,28,0,0],"gold":127,"neow_bonus":"RANDOM_COMMON_RELIC","is_daily":false,"chose_seed":false,"campfire_upgraded":2,"win_rate":0.0,"timestamp":1611798830,"path_taken":["M","M","M","M","$","R","E","R","T","E"],"items_purchased_type":["Potion"],"build_version":"2020-12-22","purchased_purges":0,"victory":false,"max_hp_per_floor":[75,75,75,75,75,75,75,75,75,75,75],"card_choices":[{"not_picked":["Rupture","Twin Strike"],"picked":"Rampage","floor":1.0},{"not_picked":["Heavy Blade","Warcry"],"picked":"Infernal Blade","floor":2.0},{"not_picked":["Flex","Hemokinesis"],"picked":"Armaments","floor":3.0},{"not_picked":["Dark Embrace","Sever Soul"],"picked":"Uppercut","floor":4.0},{"not_picked":["Warcry","Sentinel"],"picked":"Corruption","floor":7.0}],"player_experience":431884,"relics_obtained":[{"floor":7.0,"key":"FossilizedHelix"},{"floor":9.0,"key":"Gremlin Horn"}],"event_choices":[],"is_beta":false,"boss_relics":[],"items_purged_floors":[],"is_endless":false,"potions_floor_spawned":[1,3],"killed_by":"3 Sentries","ascension_level":20}}