{"host":"YagamiMirai","time":1611818715,"event":{"mods":["Act Like it!","BaseMod","Downfall","Hermit","Lobotomy","Minty Spire (QoL Compilation)","Replay The Spire","Spicy Shops","StSLib","The Animator","The Gatherer","The Mystic","óô»ðÖ¸ÄÏ"],"gold_per_floor":[99,126,150,176,26,56,81,115,136,164,18,18,18,121,155,268,268,268,301,341,341,341,373,397,23,62,62,112,150,197,236,268,391,391,391,426,457,527,527,527,527,55,71,71,71,96,153,185,224,250,250,301,43,43,63,85],"floor_reached":57,"language":"ZHS","playtime":6162,"items_purged":["Writhe","Sickly"],"score":1294,"play_id":"0077fe01-bc58-4227-b342-535e31175c0c","local_time":"20210128152515","is_ascension_mode":false,"campfire_choices":[{"floor":1.0,"key":"DIG"},{"data":"champ:RapidStrikes","floor":13.0,"key":"SMITH"},{"floor":35.0,"key":"RECALL"},{"floor":54,"key":"DIG"}],"circlet_count":0,"master_deck":["champ:Strike","champ:Strike","champ:Strike","champ:Strike","champ:Defend+1","champ:Defend","champ:Defend+1","champ:Defend","champ:Execute","champ:Taunt+1","champ:BringItOn+1","champ:BerserkersShout","champ:FaceSlap","champ:PerfectedStrike","champ:RapidStrikes+1","champ:Backstep","champ:GladiatorStyle","champ:PerfectedStrike","champ:VampiricStrike","champ:GutPunch","champ:IronFortress","champ:Shatter","champ:TripleStrike","champ:TornadoPunch","champ:SetATrap","champ:Endure+1","champ:FocusedBerserking+1","champ:CrownThrow+1","champ:IronFortress","champ:PreciseThrust+1","champ:StanceDance+1","champ:CrownThrow","champ:DefensiveShout+1","champ:Improvising","champ:EnragedBash+1","champ:SkillfulDodge+1","champ:CrownThrow","expansioncontent:StudyTheSpire","Replay:SS_hec_1","expansioncontent:YouAreMine","expansioncontent:StudyTheSpire","champ:DefensiveShout","champ:Shatter+1","champ:FaceSlap+1","champ:TornadoPunch+1","ReplayTheSpireMod:IOU"],"relics":["champ:ChampionCrown","Replay:Bandana","Boot","Bag of Preparation","champ:BerserkersGuideToSlaughter","Replay:Mystery Machine","Coffee Dripper","Matryoshka","Spirit Poop","Oddly Smooth Stone","Counterbalance","Durian","Pen Nib","champ:FightingForDummies","Juzu Bracelet","Replay:Grab Bag","Sozu","Fusion Hammer","Ring of Chaos","CaptainsWheel","Bronze Scales","The Courier","Mirror","downfall:HeartBlessingRed","downfall:HeartBlessingGreen","downfall:HeartBlessingBlue","Replay:Wax Seal","DollysMirror","Shovel","HandDrill","Mercury Hourglass","Ring of Misfortune","Ring of Peace","Smiling Mask","War Paint","ReplayTheSpireMod:CursedCoin","Happy Flower","Pet Ghost","Vajra","Replay:Ringing Soul"],"acts_visited":["Exordium","TheCity","TheBeyond","TheEnding"],"potions_floor_usage":[56],"damage_taken":[{"damage":25.0,"enemies":"Cultist","floor":2.0,"turns":4.0},{"damage":10.0,"enemies":"2 Louse","floor":3.0,"turns":2.0},{"damage":32.0,"enemies":"Small Slimes","floor":4.0,"turns":4.0},{"damage":40.0,"enemies":"downfall:FleeingMerchant","floor":5.0,"turns":4.0},{"damage":31.0,"enemies":"Exordium Thugs","floor":6.0,"turns":4.0},{"damage":24.0,"enemies":"2 Fungi Beasts","floor":8.0,"turns":3.0},{"damage":17.0,"enemies":"Blue Slaver","floor":9.0,"turns":2.0},{"damage":15.0,"enemies":"Large Slime","floor":10.0,"turns":5.0},{"damage":15.0,"enemies":"downfall:FleeingMerchant","floor":11.0,"turns":4.0},{"damage":0.0,"enemies":"Exordium Thugs","floor":15.0,"turns":3.0},{"damage":52.0,"enemies":"IC_STATUS_ARCHETYPE","floor":16.0,"turns":10.0},{"damage":10.0,"enemies":"Chosen","floor":19.0,"turns":4.0},{"damage":10.0,"enemies":"Sentry and Sphere","floor":20.0,"turns":3.0},{"damage":13.0,"enemies":"Snecko","floor":23.0,"turns":4.0},{"damage":26.0,"enemies":"downfall:FleeingMerchant","floor":25.0,"turns":4.0},{"damage":30.0,"enemies":"Snake Plant","floor":26.0,"turns":3.0},{"damage":15.0,"enemies":"Gremlin Leader","floor":28.0,"turns":4.0},{"damage":11.0,"enemies":"Cultist and Chosen","floor":29.0,"turns":5.0},{"damage":39.0,"enemies":"Book of Stabbing","floor":30.0,"turns":6.0},{"damage":4.0,"enemies":"Snecko","floor":31.0,"turns":3.0},{"damage":5.0,"enemies":"Snake Plant","floor":32.0,"turns":3.0},{"damage":32.0,"enemies":"WA_ARCHETYPE_CALM","floor":33.0,"turns":9.0},{"damage":17.0,"enemies":"3 Darklings","floor":36.0,"turns":5.0},{"damage":1.0,"enemies":"Orb Walker","floor":37.0,"turns":3.0},{"damage":10.0,"enemies":"Orb Walker","floor":38.0,"turns":6.0},{"damage":0.0,"enemies":"downfall:FleeingMerchant","floor":43.0,"turns":3.0},{"damage":0.0,"enemies":"3 Darklings","floor":46.0,"turns":4.0},{"damage":8.0,"enemies":"Nemesis","floor":47.0,"turns":4.0},{"damage":0.0,"enemies":"Sphere and 2 Shapes","floor":48.0,"turns":3.0},{"damage":17.0,"enemies":"Jaw Worm Horde","floor":49.0,"turns":3.0},{"damage":9.0,"enemies":"DF_ARCHETYPE_ORBS","floor":50.0,"turns":8.0},{"damage":32,"enemies":"downfall:CharBossMerchant","floor":52,"turns":8},{"damage":0,"enemies":"downfall:NeowBoss","floor":55,"turns":14},{"damage":18,"enemies":"downfall:NeowBossFinal","floor":56,"turns":10}],"seed_played":"7714577949724171854","potions_obtained":[{"floor":2.0,"key":"champ:OpenerPotion"},{"floor":6.0,"key":"Weak Potion"},{"floor":9.0,"key":"Adrenaline Potion"},{"floor":10.0,"key":"Slimebound:ThreeZeroPotion"},{"floor":20.0,"key":"Fire Potion"},{"floor":30.0,"key":"Fire Potion"},{"floor":31.0,"key":"Regen Potion"},{"floor":33.0,"key":"Doom Potion"}],"is_trial":false,"path_per_floor":["R","M","M","M","$","M","T","M","M","M","$","?","R","?","M","B",null,"R","M","M","?","?","M","T","$","M","?","E","M","E","M","M","B",null,"R","M","M","?","?","T","T","R","?","?","?","M","E","M","M","B",null,"E","$","R","B","B",null],"character_chosen":"THE_CHAMP","items_purchased":["Boot","champ:BerserkersGuideToSlaughter","Counterbalance","Durian","Replay:Wax Seal","DollysMirror","Shovel","HandDrill","Mercury Hourglass","ReplayTheSpireMod:CursedCoin","Happy Flower","Pet Ghost","Vajra"],"campfire_rested":0,"item_purchase_floors":[5,11,25,25,42,42,43,43,43,53,53,53,53],"current_hp_per_floor":[99,84,84,77,72,56,56,47,35,35,25,25,25,25,35,22,99,99,99,99,99,99,96,96,104,89,89,99,88,69,80,90,83,104,104,102,104,104,94,94,94,104,104,104,104,104,106,106,97,114,114,114,114,114,114,111],"gold":85,"neow_bonus":"TEN_PERCENT_HP_BONUS","is_daily":false,"chose_seed":false,"campfire_upgraded":1,"win_rate":0.0,"timestamp":1611818715,"path_taken":["R","M","M","M","$","?","T","M","M","M","?","?","R","?","M","BOSS","R","M","M","?","?","M","T","$","?","?","E","M","E","M","M","BOSS","R","M","M","?","?","?","T","R","?","?","?","M","E","M","M","BOSS","E","$","R","BOSS","BOSS"],"items_purchased_type":["Relic","Relic","Relic","Relic","Relic","Relic","Relic","Relic","Relic","Relic","Relic","Relic","Relic"],"build_version":"2020-12-18","purchased_purges":2,"victory":true,"max_hp_per_floor":[99,99,99,99,99,99,99,99,99,99,99,99,99,99,99,99,99,99,99,99,99,99,99,99,104,104,104,104,104,104,104,104,104,104,104,104,104,104,104,104,104,114,114,114,114,114,114,114,114,114,114,114,114,114,114,114],"card_choices":[{"not_picked":["champ:CrownThrow","champ:Circumvent"],"picked":"champ:BringItOn","floor":2.0},{"not_picked":["champ:SetATrap","champ:FocusedDefense"],"picked":"champ:BerserkersShout","floor":3.0},{"not_picked":["champ:FlashCut","champ:BerserkersShout"],"picked":"champ:FaceSlap","floor":4.0},{"not_picked":["champ:ShieldWall","champ:BerserkersShout"],"picked":"champ:PerfectedStrike","floor":5.0},{"not_picked":["champ:Encircle","champ:BringItOn"],"picked":"champ:RapidStrikes","floor":6.0},{"not_picked":["champ:FlashCut","champ:BerserkersShout"],"picked":"champ:Backstep","floor":8.0},{"not_picked":["champ:Backstep","champ:RapidStrikes"],"picked":"champ:GladiatorStyle","floor":9.0},{"not_picked":["champ:Duel","champ:Parry"],"picked":"champ:PerfectedStrike","floor":10.0},{"not_picked":["champ:StanceDance","champ:ShieldSlam"],"picked":"champ:VampiricStrike","floor":11.0},{"not_picked":["champ:EnGarde","champ:PerfectedStrike"],"picked":"champ:GutPunch","floor":14.0},{"not_picked":["champ:FancyFootwork","champ:GladiatorStyle"],"picked":"champ:IronFortress","floor":14.0},{"not_picked":["champ:Backstep","champ:StanceDance"],"picked":"champ:Shatter","floor":15.0},{"not_picked":["champ:IgnorePain","champ:CheapShot"],"picked":"champ:TripleStrike","floor":16.0},{"not_picked":["champ:BerserkersShout+1","champ:SkillfulDodge+1"],"picked":"champ:TornadoPunch","floor":19.0},{"not_picked":["champ:PerfectedStrike","champ:GutPunch+1"],"picked":"champ:SetATrap","floor":20.0},{"not_picked":["champ:PerfectedStrike","champ:HeartStrike+1"],"picked":"champ:Endure+1","floor":23.0},{"not_picked":["champ:AdrenalArmor+1","champ:TornadoPunch"],"picked":"champ:FocusedBerserking+1","floor":25.0},{"not_picked":["champ:HeartStrike","champ:EnGarde"],"picked":"champ:CrownThrow+1","floor":26.0},{"not_picked":["champ:HeartStrike+1","champ:BringItOn"],"picked":"champ:IronFortress","floor":28.0},{"not_picked":["champ:ShieldSlam","champ:EnGarde"],"picked":"champ:PreciseThrust+1","floor":29.0},{"not_picked":["champ:BringItOn+1","champ:PreciseThrust+1"],"picked":"champ:StanceDance","floor":30.0},{"not_picked":["champ:HeavySlash","champ:Shatter"],"picked":"champ:CrownThrow","floor":31.0},{"not_picked":["champ:RapidStrikes","champ:PerfectedStrike"],"picked":"champ:DefensiveShout+1","floor":32.0},{"not_picked":["champ:HoldFirm","champ:IgnorePain"],"picked":"champ:Improvising","floor":33.0},{"not_picked":["champ:StanceDance","champ:BladeFlurry+1"],"picked":"champ:EnragedBash+1","floor":36.0},{"not_picked":["champ:StanceDance+1","champ:PreciseThrust"],"picked":"champ:SkillfulDodge+1","floor":37.0},{"not_picked":["champ:BladeFlurry","champ:FocusedDefense"],"picked":"champ:CrownThrow","floor":38.0},{"not_picked":["Replay:SS_hec_1","expansioncontent:Chronoboost"],"picked":"expansioncontent:StudyTheSpire","floor":39.0},{"not_picked":["expansioncontent:DecaShield","expansioncontent:Hexaburn"],"picked":"Replay:SS_hec_1","floor":39.0},{"not_picked":["Replay:SS_hec_1","expansioncontent:HyperBeam"],"picked":"expansioncontent:YouAreMine","floor":39.0},{"not_picked":["champ:FalseCounter","champ:TornadoPunch"],"picked":"champ:DefensiveShout","floor":43.0},{"not_picked":["champ:BringItOn","champ:SkillfulDodge","champ:Shatter"],"picked":"SKIP","floor":46.0},{"not_picked":["champ:ShieldSlam","champ:HeartStrike+1"],"picked":"champ:Shatter+1","floor":47.0},{"not_picked":["champ:PerfectedStrike+1","champ:EnGarde"],"picked":"champ:FaceSlap+1","floor":48.0},{"not_picked":["champ:Shatter","champ:Backstep"],"picked":"champ:TornadoPunch+1","floor":49.0},{"not_picked":["champ:HeavySlash","champ:Lariat+1","champ:FancyFootwork+1"],"picked":"SKIP","floor":52}],"player_experience":955322,"relics_obtained":[{"floor":1.0,"key":"Replay:Bandana"},{"floor":7.0,"key":"Bag of Preparation"},{"floor":14.0,"key":"Replay:Mystery Machine"},{"floor":24.0,"key":"Oddly Smooth Stone"},{"floor":28.0,"key":"champ:FightingForDummies"},{"floor":30.0,"key":"Juzu Bracelet"},{"floor":38.0,"key":"CaptainsWheel"},{"floor":40.0,"key":"Bronze Scales"},{"floor":40.0,"key":"The Courier"},{"floor":41.0,"key":"Mirror"},{"floor":44.0,"key":"Ring of Misfortune"},{"floor":44.0,"key":"Ring of Peace"},{"floor":47.0,"key":"Smiling Mask"},{"floor":52,"key":"War Paint"},{"floor":54,"key":"Replay:Ringing Soul"}],"event_choices":[{"damage_healed":0.0,"max_hp_gain":0.0,"max_hp_loss":0.0,"gold_gain":0.0,"event_name":"Addict","player_choice":"Stole Relic","floor":21.0,"gold_loss":0.0,"damage_taken":0.0,"relics_obtained":["Matryoshka"],"cards_obtained":["Pride"]},{"cards_removed":["Pride"],"damage_healed":0.0,"max_hp_gain":0.0,"max_hp_loss":0.0,"gold_gain":0.0,"event_name":"Bonfire Elementals","player_choice":"Offered Curse","floor":22.0,"gold_loss":0.0,"damage_taken":0.0,"relics_obtained":["Spirit Poop"]}],"is_beta":true,"boss_relics":[{"not_picked":["Busted Crown","Kintsugi"],"picked":"Coffee Dripper"},{"not_picked":["Tiny House","Replay:Drink Me"],"picked":"Replay:Grab Bag"},{"not_picked":["ChewingGum","SlaversCollar"],"picked":"Sozu"},{"not_picked":["Runic Dome","Cursed Key"],"picked":"Fusion Hammer"},{"not_picked":["Runic Pyramid","Pandora\u0027s Box"],"picked":"Ring of Chaos"}],"items_purged_floors":[42,53],"is_endless":false,"potions_floor_spawned":[2,6,9,10,20,28,30,31,33,37,38,46,47,52],"ascension_level":0}}