{"host":"9glxjasd35ghdaim","time":1611876857,"event":{"mods":["Act Like it!","AlwaysNeverKeys","Aspiration","Bard","BaseMod","Better Third Choice","CCEM2","CapriCore","Colored Map","Colored Powertips","Conspire","Dark Map","Displayed Cursed Tome","Energized Spire","GifTheSpireLib","Halation","Hermit","Hubris","Infinite Spire","Jorbs\u0027s Wanderer Trilogy","Luminous","Marisa????????","Minty Spire (QoL Compilation)","Permanent Neow","Quick Restart","Random Character Button","Rare Cards Sparkle","Relic Stats","Reliquary","Replay The Spire","Shade Mod","Spicy Shops","StS++","StSLib","Stuff the Spire","The Administrix","The Animator","The Blue Laboratory","The Bug Knight","The Construct","The Cursed","The Disciple","The Florist","The Hierophant","The Problem Sleuth","The Senshi","The Servant 0.9.4","The Wild Card","TheSwordswoman","Unceasing Turn Reminder","Wandering Minibosses"],"gold_per_floor":[118,7,18,30,30,64,64,64,64,25,38,38,38,31,31,118,118,128,128,147,147,887,915,934,92,92,118,40,40,66,66,66,171,171,183,198,216,228,31,31,31],"floor_reached":40,"language":"ENG","playtime":3853,"items_purged":["theextravagant:SlyStrike","theextravagant:SlyStrike"],"score":526,"play_id":"2d8df898-8866-46d3-a90b-accf2971ed58","local_time":"20210128183417","is_ascension_mode":false,"campfire_choices":[{"data":"theextravagant:Urgency","floor":8,"key":"SMITH"},{"data":"theextravagant:GlyphOfTime","floor":13,"key":"SMITH"},{"data":"theextravagant:Thrill","floor":15,"key":"SMITH"},{"floor":29,"key":"REST"},{"data":"theextravagant:Nihil","floor":32,"key":"SMITH"}],"circlet_count":0,"master_deck":["theextravagant:SlyStrike","theextravagant:SlyStrike","theextravagant:Fence","theextravagant:Fence","theextravagant:QuickAttack","theextravagant:Triumph","theextravagant:SpiritBolt+1","theextravagant:CutTheDeck","theextravagant:SkillfullDodge","theextravagant:Defy","theextravagant:Castle","theextravagant:Drift","theextravagant:Urgency+1","theextravagant:GlyphOfTime+1","theextravagant:Radiance","theextravagant:Thrill+1","theextravagant:Nihil+1","theextravagant:Flashback","theextravagant:Ravage","theextravagant:Firework","theextravagant:Flashback","theextravagant:Firework+1","theextravagant:Radiance","theextravagant:RisingPhoenix","theextravagant:Tension","Dramatic Entrance","hubris:EnhanceAbility","ReplayTheSpireMod:Chaos Vortex","theextravagant:Flashback","theextravagant:RustyBuckler","Decay","theextravagant:ShieldCharm","theextravagant:Pushthrough","theextravagant:Comeback+1","theextravagant:Twostep+1","theextravagant:IronPlumes","theextravagant:Twitch"],"relics":["theextravagant:TranslucentFeather","reliquary:Stiletto","aspiration:StickyExplosives_weak","Snack Pack","hubris:GrandSneckoEye","hubris:CrystalStatue","wanderingMiniBosses:MasterThiefsPresence","Gremlin Horn","CCEMRelics:TechnogenicHelmet","Pantograph","halation:SelfBoilingWater","reliquary:RoseTintedGlasses","Replay:Bronze Core","TheAbacus"],"acts_visited":["Exordium","TheCity","TheBeyond"],"potions_floor_usage":[6,6,22,40,40],"damage_taken":[{"damage":0,"enemies":"Small Slimes","floor":1,"turns":2},{"damage":3,"enemies":"Jaw Worm","floor":3,"turns":4},{"damage":0,"enemies":"2 Louse","floor":4,"turns":2},{"damage":2,"enemies":"Gremlin Nob","floor":6,"turns":4},{"damage":0,"enemies":"Red Slaver","floor":11,"turns":4},{"damage":2,"enemies":"Blue Slaver","floor":14,"turns":6},{"damage":49,"enemies":"Hexaghost","floor":16,"turns":9},{"damage":11,"enemies":"3 Byrds","floor":18,"turns":6},{"damage":0,"enemies":"Chosen","floor":20,"turns":5},{"damage":6,"enemies":"Sentry and Sphere","floor":22,"turns":6},{"damage":24,"enemies":"Slavers","floor":23,"turns":4},{"damage":7,"enemies":"Centurion and Healer","floor":24,"turns":2},{"damage":8,"enemies":"Nightmare","floor":27,"turns":8},{"damage":6,"enemies":"hubris:MusketHawk","floor":33,"turns":7},{"damage":7,"enemies":"Orb Walker","floor":35,"turns":4},{"damage":2,"enemies":"3 Darklings","floor":36,"turns":2},{"damage":8,"enemies":"Maw","floor":37,"turns":5},{"damage":14,"enemies":"4 Shapes","floor":38,"turns":3},{"damage":75,"enemies":"Nightmare","floor":40,"turns":9}],"seed_played":"-7554348296283316827","potions_obtained":[{"floor":1,"key":"LifebloodPotion"},{"floor":3,"key":"DistilledChaos"},{"floor":11,"key":"blueLaboratory:AbyssPotion"},{"floor":20,"key":"blueLaboratory:BubblePotion"},{"floor":22,"key":"Elixir"},{"floor":33,"key":"blueLaboratory:BottleOfVodka"},{"floor":35,"key":"AttackPotion"},{"floor":37,"key":"PowerPotion"}],"is_trial":false,"path_per_floor":["M","$","M","M","?","E","?","R","T","$","M","T","R","M","R","B",null,"M","AVR","M","?","M","E","M","$","T","NM","$","R","T","?","R","B",null,"M","M","M","M","$","NM"],"character_chosen":"THE_EXTRAVAGANT","items_purchased":["theextravagant:SkillfullDodge","theextravagant:GlyphOfTime","theextravagant:Radiance","theextravagant:RisingPhoenix","theextravagant:Tension","Dramatic Entrance","CCEMRelics:TechnogenicHelmet","hubris:EnhanceAbility","theextravagant:RustyBuckler","theextravagant:Twitch","TheAbacus"],"campfire_rested":1,"item_purchase_floors":[2,10,25,25,25,25,25,25,28,39,39],"current_hp_per_floor":[75,75,72,72,72,70,70,70,70,70,70,70,70,74,74,28,75,66,66,66,66,66,44,39,39,39,37,37,59,59,59,59,74,75,68,72,72,60,60,0,0],"gold":31,"neow_bonus":"THREE_CARDS","is_daily":false,"chose_seed":false,"campfire_upgraded":4,"win_rate":0.0,"timestamp":1611876857,"path_taken":["M","$","M","M","?","E","?","R","T","?","M","?","R","M","R","BOSS","M","AVR","M","?","?","E","M","$","T","NM","?","R","?","?","R","BOSS","M","?","M","M","$","NM"],"items_purchased_type":["Card","Card","Card","Card","Card","Card","Relic","Card","Card","Card","Relic"],"build_version":"2020-12-22","purchased_purges":2,"victory":false,"max_hp_per_floor":[75,75,75,75,75,75,75,75,75,75,75,75,75,75,75,75,75,75,75,75,75,75,75,75,75,75,75,75,75,75,75,75,75,75,75,75,75,75,75,75,75],"relic_stats":{"TheAbacus":[6],"Gremlin Horn":[10,10],"counters":[19,90],"Pantograph":16,"obtain_stats":[{"hubris:CrystalStatue":19,"Gremlin Horn":23,"wanderingMiniBosses:MasterThiefsPresence":22,"theextravagant:TranslucentFeather":0,"CCEMRelics:TechnogenicHelmet":25,"halation:SelfBoilingWater":27,"aspiration:StickyExplosives_weak":9,"TheAbacus":39,"Pantograph":26,"Replay:Bronze Core":34,"reliquary:Stiletto":6,"reliquary:RoseTintedGlasses":30,"Snack Pack":12,"hubris:GrandSneckoEye":17},{"hubris:CrystalStatue":8,"Gremlin Horn":11,"wanderingMiniBosses:MasterThiefsPresence":10,"theextravagant:TranslucentFeather":0,"CCEMRelics:TechnogenicHelmet":12,"halation:SelfBoilingWater":13,"aspiration:StickyExplosives_weak":4,"TheAbacus":18,"Pantograph":12,"Replay:Bronze Core":14,"reliquary:Stiletto":4,"reliquary:RoseTintedGlasses":13,"Snack Pack":5,"hubris:GrandSneckoEye":7},{"hubris:CrystalStatue":36,"Gremlin Horn":50,"wanderingMiniBosses:MasterThiefsPresence":46,"theextravagant:TranslucentFeather":0,"CCEMRelics:TechnogenicHelmet":52,"halation:SelfBoilingWater":60,"aspiration:StickyExplosives_weak":12,"TheAbacus":81,"Pantograph":52,"Replay:Bronze Core":67,"reliquary:Stiletto":12,"reliquary:RoseTintedGlasses":60,"Snack Pack":15,"hubris:GrandSneckoEye":30}]},"card_choices":[{"not_picked":["theextravagant:PerfectTheBasics","theextravagant:Swirl"],"picked":"theextravagant:SpiritBolt","floor":0},{"not_picked":["theextravagant:HeavyBlows","theextravagant:Precaution"],"picked":"theextravagant:CutTheDeck","floor":1},{"not_picked":["theextravagant:ShootingStar","theextravagant:GarbageCannon"],"picked":"theextravagant:Defy","floor":3},{"not_picked":["theextravagant:Shake","theextravagant:Comeback"],"picked":"theextravagant:Castle","floor":4},{"not_picked":["theextravagant:StepBack","theextravagant:GustOfWind"],"picked":"theextravagant:Urgency","floor":6},{"not_picked":["theextravagant:Shake","theextravagant:Razor"],"picked":"theextravagant:Radiance","floor":11},{"not_picked":["theextravagant:StepBack","theextravagant:Cutthroat"],"picked":"theextravagant:Thrill","floor":14},{"not_picked":["theextravagant:Antiquity","theextravagant:RiskyStrike"],"picked":"theextravagant:Nihil","floor":16},{"not_picked":["theextravagant:TreasureHunt","theextravagant:HeavyBlows"],"picked":"theextravagant:Flashback","floor":18},{"not_picked":["theextravagant:SkillfullDodge","theextravagant:Drift"],"picked":"theextravagant:Ravage","floor":20},{"not_picked":["theextravagant:PerfectTheBasics","theextravagant:Meditation"],"picked":"theextravagant:Firework","floor":22},{"not_picked":["theextravagant:GustOfWind+1","theextravagant:Comeback"],"picked":"theextravagant:Flashback","floor":23},{"not_picked":["theextravagant:SpiritBolt","theextravagant:Supersonic"],"picked":"theextravagant:Firework+1","floor":24},{"not_picked":["ReplayTheSpireMod:Haul","infinitespire:Menacing"],"picked":"ReplayTheSpireMod:Chaos Vortex","floor":27},{"not_picked":["theextravagant:TwilightTone","theextravagant:GarbageCannon"],"picked":"theextravagant:Flashback","floor":27},{"not_picked":["theextravagant:RiskyStrike","theextravagant:TwilightTone"],"picked":"theextravagant:ShieldCharm","floor":33},{"not_picked":["theextravagant:Flashback","theextravagant:Shake+1"],"picked":"theextravagant:Pushthrough","floor":35},{"not_picked":["theextravagant:Riot+1","theextravagant:SkillfullDodge+1"],"picked":"theextravagant:Comeback+1","floor":36},{"not_picked":["theextravagant:Twitch+1","theextravagant:Aggression+1"],"picked":"theextravagant:Twostep+1","floor":37},{"not_picked":["theextravagant:Firework+1","theextravagant:GarbageCannon+1"],"picked":"theextravagant:IronPlumes","floor":38}],"player_experience":236686,"relics_obtained":[{"floor":6,"key":"reliquary:Stiletto"},{"floor":9,"key":"aspiration:StickyExplosives_weak"},{"floor":12,"key":"Snack Pack"},{"floor":22,"key":"wanderingMiniBosses:MasterThiefsPresence"},{"floor":23,"key":"Gremlin Horn"},{"floor":26,"key":"Pantograph"},{"floor":27,"key":"halation:SelfBoilingWater"},{"floor":30,"key":"reliquary:RoseTintedGlasses"}],"event_choices":[{"damage_healed":0,"gold_gain":0,"cards_transformed":["theextravagant:Fence"],"player_choice":"Change","damage_taken":0,"max_hp_gain":0,"max_hp_loss":0,"event_name":"Living Wall","floor":5,"gold_loss":0,"cards_obtained":["theextravagant:Drift"]},{"cards_removed":["theextravagant:Fence"],"damage_healed":0,"gold_gain":0,"player_choice":"Purged","damage_taken":0,"max_hp_gain":0,"max_hp_loss":0,"event_name":"Purifier","floor":21,"gold_loss":0},{"damage_healed":0,"gold_gain":0,"player_choice":"Cursed","damage_taken":0,"max_hp_gain":0,"max_hp_loss":0,"event_name":"Wheel of Change","floor":31,"gold_loss":0,"cards_obtained":["Decay"]}],"is_beta":false,"boss_relics":[{"not_picked":["StSpp:Magatama","CCEMRelics:ExpiredCReal"],"picked":"hubris:GrandSneckoEye"},{"not_picked":["energizedSpire:DeadBattery","Replay:Ancient Bell"],"picked":"Replay:Bronze Core"}],"items_purged_floors":[2,19],"is_endless":true,"potions_floor_spawned":[1,3,11,20,22,33,35,37],"killed_by":"Nightmare","ascension_level":0}}