{"host":"vx9g5eyuglzorf3u","time":1611853195,"event":{"mods":["2.2 Compatiblity","BaseMod","DeckTracker","Keyboard Shortcuts","Minty Spire (QoL Compilation)","Relic Stats","StSLib","SuperFastMode","everything is the same but u backflip on backflip"],"gold_per_floor":[118,118,118,118,136,163,183,217,217,30,64,64,64,81,81,159,159,177,177,177,15,31,66,101,101,101,114,131,164,175,207,207,285,285,297,307,44,44,44,72,72,100,100,100,50,75,101,51,51,51,51,51],"floor_reached":51,"language":"KOR","playtime":1274,"items_purged":["Defend_R","Rage+1","Defend_R+1","Writhe"],"score":1614,"play_id":"581627bb-2ed4-483a-986d-5eb02afd2c75","local_time":"20210129015955","is_ascension_mode":true,"campfire_choices":[{"data":"Perfected Strike","floor":15.0,"key":"SMITH"},{"data":"Uppercut","floor":25.0,"key":"SMITH"},{"data":"Evolve","floor":32.0,"key":"SMITH"},{"data":"Battle Trance","floor":41.0,"key":"SMITH"},{"data":"Impervious","floor":44.0,"key":"SMITH"},{"floor":49.0,"key":"RECALL"}],"circlet_count":0,"master_deck":["AscendersBane","Strike_R","Strike_R","Strike_R","Strike_R","Strike_R","Bash","Perfected Strike+1","Shrug It Off","Brutality","Battle Trance+1","Pommel Strike","Pommel Strike","Evolve+1","Impervious+1","Perfected Strike+1","Perfected Strike+1","Uppercut+1","Pommel Strike+1","Pommel Strike+1","Bludgeon+1","Wild Strike+1","Shrug It Off","Perfected Strike+1","Wild Strike+1","Power Through","Dark Embrace"],"relics":["Burning Blood","Pear","Gremlin Horn","Self Forming Clay","Blue Candle","CultistMask","Snecko Eye","Bag of Preparation","Du-Vu Doll","Red Mask","Molten Egg 2","War Paint","Strawberry","Mark of Pain","DollysMirror","Matryoshka","StrikeDummy","Smiling Mask","CaptainsWheel","Ancient Tea Set"],"acts_visited":["Exordium","TheCity","TheBeyond"],"potions_floor_usage":[51],"damage_taken":[{"damage":1.0,"enemies":"Cultist","floor":1.0,"turns":3.0},{"damage":8.0,"enemies":"Jaw Worm","floor":5.0,"turns":2.0},{"damage":22.0,"enemies":"Lagavulin","floor":6.0,"turns":4.0},{"damage":1.0,"enemies":"2 Louse","floor":7.0,"turns":3.0},{"damage":22.0,"enemies":"3 Sentries","floor":8.0,"turns":8.0},{"damage":18.0,"enemies":"Lagavulin","floor":11.0,"turns":5.0},{"damage":6.0,"enemies":"Exordium Thugs","floor":14.0,"turns":4.0},{"damage":10.0,"enemies":"Slime Boss","floor":16.0,"turns":5.0},{"damage":12.0,"enemies":"3 Byrds","floor":18.0,"turns":5.0},{"damage":0.0,"enemies":"Spheric Guardian","floor":22.0,"turns":1.0},{"damage":22.0,"enemies":"Gremlin Leader","floor":23.0,"turns":3.0},{"damage":1.0,"enemies":"Masked Bandits","floor":24.0,"turns":2.0},{"damage":0.0,"enemies":"Centurion and Healer","floor":27.0,"turns":2.0},{"damage":5.0,"enemies":"3 Cultists","floor":28.0,"turns":3.0},{"damage":25.0,"enemies":"Book of Stabbing","floor":29.0,"turns":3.0},{"damage":0.0,"enemies":"Cultist and Chosen","floor":30.0,"turns":2.0},{"damage":0.0,"enemies":"Slavers","floor":31.0,"turns":3.0},{"damage":37.0,"enemies":"Collector","floor":33.0,"turns":4.0},{"damage":0.0,"enemies":"Orb Walker","floor":35.0,"turns":1.0},{"damage":1.0,"enemies":"3 Darklings","floor":36.0,"turns":2.0},{"damage":5.0,"enemies":"Reptomancer","floor":40.0,"turns":2.0},{"damage":24.0,"enemies":"Giant Head","floor":42.0,"turns":5.0},{"damage":1.0,"enemies":"Mind Bloom Boss Battle","floor":46.0,"turns":1.0},{"damage":13.0,"enemies":"Reptomancer","floor":47.0,"turns":2.0},{"damage":59.0,"enemies":"Donu and Deca","floor":50.0,"turns":6.0},{"damage":26,"enemies":"Awakened One","floor":51,"turns":2}],"seed_played":"2131231054821037934","potions_obtained":[{"floor":5.0,"key":"SneckoOil"},{"floor":8.0,"key":"PowerPotion"},{"floor":11.0,"key":"EssenceOfSteel"},{"floor":16.0,"key":"ColorlessPotion"},{"floor":24.0,"key":"Explosive Potion"},{"floor":28.0,"key":"AttackPotion"},{"floor":36.0,"key":"Weak Potion"}],"is_trial":false,"path_per_floor":["M","?","?","?","M","E","M","E","T","$","E","?","$","M","R","B",null,"M","?","?","$","M","E","?","R","T","M","M","E","M","E","R","B",null,"M","M","$","?","?","E","R","E","T","R","$","?","E","$","R","B","B"],"character_chosen":"IRONCLAD","items_purchased":["Pommel Strike","Evolve","Bag of Preparation","DollysMirror"],"campfire_rested":0,"item_purchase_floors":[10,10,21,37],"current_hp_per_floor":[73,73,66,66,64,58,63,47,47,47,35,35,35,35,35,31,72,66,66,66,66,72,56,61,61,61,67,68,49,55,68,68,37,78,84,89,89,92,92,92,92,74,74,74,74,79,72,72,72,19,0,0],"gold":51,"neow_bonus":"THREE_CARDS","is_daily":false,"chose_seed":false,"campfire_upgraded":5,"win_rate":0.0,"timestamp":1611853195,"path_taken":["M","?","?","?","?","E","M","E","T","$","E","?","?","?","R","BOSS","M","?","?","$","M","E","?","R","T","M","M","E","M","E","R","BOSS","M","M","$","?","?","E","R","E","T","R","$","?","E","?","R","BOSS","BOSS"],"items_purchased_type":["Card","Card","Relic","Relic"],"build_version":"2020-12-22","purchased_purges":4,"victory":false,"max_hp_per_floor":[75,75,75,75,75,85,85,85,85,85,85,85,85,85,85,85,85,85,85,85,85,85,85,85,85,85,85,85,85,85,92,92,92,92,92,92,92,92,92,92,92,92,92,92,92,92,92,92,92,92,92,92],"relic_stats":{"Gremlin Horn":[22,27],"counters":[26,83],"Self Forming Clay":[126],"Blue Candle":[5],"Snecko Eye":[101,110,120,121],"Bag of Preparation":[34],"War Paint":["Defend_R","Rage"],"Smiling Mask":175,"obtain_stats":[{"Pear":6,"Gremlin Horn":8,"Self Forming Clay":9,"Blue Candle":11,"Bag of Preparation":21,"War Paint":29,"Smiling Mask":43,"Ancient Tea Set":47,"Burning Blood":0,"Du-Vu Doll":23,"CaptainsWheel":46,"Matryoshka":40,"DollysMirror":37,"Strawberry":31,"Snecko Eye":17,"Molten Egg 2":26,"CultistMask":12,"Mark of Pain":34,"Red Mask":24,"StrikeDummy":42},{"Pear":3,"Gremlin Horn":5,"Self Forming Clay":5,"Blue Candle":6,"Bag of Preparation":9,"War Paint":15,"Smiling Mask":22,"Ancient Tea Set":24,"Burning Blood":0,"Du-Vu Doll":11,"CaptainsWheel":23,"Matryoshka":21,"DollysMirror":20,"Strawberry":17,"Snecko Eye":8,"Molten Egg 2":12,"CultistMask":6,"Mark of Pain":18,"Red Mask":12,"StrikeDummy":22},{"Pear":9,"Gremlin Horn":20,"Self Forming Clay":20,"Blue Candle":25,"Bag of Preparation":39,"War Paint":53,"Smiling Mask":72,"Ancient Tea Set":75,"Burning Blood":0,"Du-Vu Doll":43,"CaptainsWheel":73,"Matryoshka":67,"DollysMirror":65,"Strawberry":58,"Snecko Eye":34,"Molten Egg 2":45,"CultistMask":25,"Mark of Pain":62,"Red Mask":45,"StrikeDummy":72}],"Burning Blood":149},"card_choices":[{"not_picked":["Combust","Iron Wave"],"picked":"Perfected Strike","floor":0.0},{"not_picked":["Anger","Clash"],"picked":"Shrug It Off","floor":1.0},{"not_picked":["Sentinel","Armaments","Clash"],"picked":"SKIP","floor":5.0},{"not_picked":["Sentinel","Armaments","Clash"],"picked":"SKIP","floor":5.0},{"not_picked":["Sentinel","Fiend Fire"],"picked":"Battle Trance","floor":6.0},{"not_picked":["Body Slam","Dropkick"],"picked":"Pommel Strike","floor":7.0},{"not_picked":["Burning Pact","Cleave"],"picked":"Rage","floor":8.0},{"not_picked":["Havoc","Sentinel"],"picked":"Impervious","floor":11.0},{"not_picked":["Clothesline","Body Slam"],"picked":"Perfected Strike","floor":14.0},{"not_picked":["True Grit+1","Armaments","Battle Trance"],"picked":"SKIP","floor":18.0},{"not_picked":["Second Wind","Impervious"],"picked":"Perfected Strike+1","floor":22.0},{"not_picked":["Rupture","Flex"],"picked":"Uppercut","floor":23.0},{"not_picked":["Searing Blow+1","Burning Pact","Anger+1"],"picked":"SKIP","floor":27.0},{"not_picked":["Inflame","Heavy Blade+1"],"picked":"Seeing Red","floor":28.0},{"not_picked":["Clash+1","Armaments"],"picked":"Pommel Strike+1","floor":29.0},{"not_picked":["Rampage+1","Thunderclap+1","Twin Strike+1"],"picked":"SKIP","floor":30.0},{"not_picked":["Clothesline+1","Wild Strike+1"],"picked":"Pommel Strike+1","floor":31.0},{"not_picked":["Exhume","Impervious"],"picked":"Bludgeon+1","floor":33.0},{"not_picked":["Ghostly Armor","Armaments"],"picked":"Wild Strike+1","floor":35.0},{"not_picked":["Armaments","Fire Breathing"],"picked":"Shrug It Off","floor":36.0},{"not_picked":["Anger+1","Iron Wave+1"],"picked":"Wild Strike+1","floor":40.0},{"not_picked":["Warcry","Clash+1"],"picked":"Power Through","floor":42.0},{"not_picked":["Clash+1","Anger+1"],"picked":"Dark Embrace","floor":46.0},{"not_picked":["Intimidate","Flame Barrier","Thunderclap+1"],"picked":"SKIP","floor":47.0}],"player_experience":1494972,"relics_obtained":[{"floor":6.0,"key":"Pear"},{"floor":8.0,"key":"Gremlin Horn"},{"floor":9.0,"key":"Self Forming Clay"},{"floor":11.0,"key":"Blue Candle"},{"floor":23.0,"key":"Du-Vu Doll"},{"floor":24.0,"key":"Red Mask"},{"floor":26.0,"key":"Molten Egg 2"},{"floor":29.0,"key":"War Paint"},{"floor":31.0,"key":"Strawberry"},{"floor":40.0,"key":"Matryoshka"},{"floor":42.0,"key":"StrikeDummy"},{"floor":43.0,"key":"Smiling Mask"},{"floor":46.0,"key":"CaptainsWheel"},{"floor":47.0,"key":"Ancient Tea Set"}],"event_choices":[{"damage_healed":0.0,"max_hp_gain":0.0,"max_hp_loss":0.0,"gold_gain":0.0,"event_name":"Living Wall","player_choice":"Grow","floor":2.0,"gold_loss":0.0,"damage_taken":0.0,"cards_upgraded":["Perfected Strike"]},{"cards_removed":["Defend_R"],"damage_healed":0.0,"max_hp_gain":0.0,"max_hp_loss":0.0,"gold_gain":0.0,"event_name":"Golden Wing","player_choice":"Card Removal","floor":3.0,"gold_loss":0.0,"damage_taken":7.0},{"damage_healed":0.0,"max_hp_gain":0.0,"max_hp_loss":0.0,"gold_gain":0.0,"cards_transformed":["Defend_R"],"event_name":"Transmorgrifier","player_choice":"Transformed","floor":4.0,"gold_loss":0.0,"damage_taken":0.0,"cards_obtained":["Brutality"]},{"damage_healed":0.0,"max_hp_gain":0.0,"max_hp_loss":0.0,"gold_gain":0.0,"event_name":"FaceTrader","player_choice":"Trade","floor":12.0,"gold_loss":0.0,"damage_taken":0.0,"relics_obtained":["CultistMask"]},{"damage_healed":0.0,"max_hp_gain":0.0,"max_hp_loss":0.0,"gold_gain":0.0,"event_name":"Vampires","player_choice":"Ignored","floor":19.0,"gold_loss":0.0,"damage_taken":0.0},{"damage_healed":0.0,"max_hp_gain":0.0,"max_hp_loss":0.0,"gold_gain":0.0,"event_name":"Ghosts","player_choice":"Ignored","floor":20.0,"gold_loss":0.0,"damage_taken":0.0},{"damage_healed":0.0,"max_hp_gain":0.0,"max_hp_loss":0.0,"gold_gain":0.0,"event_name":"Masked Bandits","player_choice":"Fought Bandits","floor":24.0,"gold_loss":0.0,"damage_taken":0.0},{"damage_healed":18.0,"max_hp_gain":0.0,"max_hp_loss":0.0,"gold_gain":0.0,"event_name":"Winding Halls","player_choice":"Writhe","floor":38.0,"gold_loss":0.0,"damage_taken":0.0,"cards_obtained":["Writhe"]},{"cards_removed":["Seeing Red"],"damage_healed":0.0,"max_hp_gain":0.0,"max_hp_loss":0.0,"gold_gain":0.0,"event_name":"Falling","player_choice":"Removed Skill","floor":39.0,"gold_loss":0.0,"damage_taken":0.0},{"damage_healed":0.0,"max_hp_gain":0.0,"max_hp_loss":0.0,"gold_gain":0.0,"event_name":"MindBloom","player_choice":"Fight","floor":46.0,"gold_loss":0.0,"damage_taken":0.0}],"is_beta":false,"boss_relics":[{"not_picked":["Empty Cage","Runic Pyramid"],"picked":"Snecko Eye"},{"not_picked":["Fusion Hammer","Sozu"],"picked":"Mark of Pain"}],"items_purged_floors":[10,37,45,48],"is_endless":false,"potions_floor_spawned":[5,8,11,16,18,24,28,29,30,36,42,47],"killed_by":"Awakened One","ascension_level":20}}