{"host":"bx8ylsmj2ob6hd5u","time":1611853400,"event":{"mods":["AchievementEnabler","Act Like it!","Aspiration","BaseMod","Colored Map","Downfall","Duelist Mod","Friendly Minions","Gensokyo","GifTheSpireLib","Hallownest","Hermit","HololiveMod","Hubris","Infinite Spire","Jorbs\u0027s Wanderer Trilogy","KinomotoSakuraMod(????)","Kiyohime????","Koishi","KomeijiMod","Lobotomy","LobotomyExtend","Marisa????????","Minty Spire (QoL Compilation)","Prisma Mod","Rare Cards Sparkle","Reimu??????","Remilia??????","Replay The Spire","StSLib","Td1madao Mod","The Administrix","The Animator","The Bug Knight","The Construct","The Cursed","The Disciple","The Hierophant","The Necromancer","The Poker Player","The Runesmith","The Senshi","The Servant 0.9.4","WarShipGirlsR/????R mod"],"gold_per_floor":[18,31,31,31,31,31,47,47,47,47,47,62,62,62,62,62,62],"floor_reached":16,"language":"ENG","playtime":1759,"items_purged":[],"score":88,"play_id":"4f4b7ca3-a7cf-4221-8a34-0042cabf7436","local_time":"20210128190320","is_ascension_mode":false,"campfire_choices":[{"data":"hermit:Reprieve","floor":6,"key":"SMITH"},{"data":"hermit:RoundhouseKick","floor":8,"key":"SMITH"},{"data":"hermit:Dissolve","floor":10,"key":"SMITH"},{"data":"hermit:Defend_Hermit","floor":13,"key":"SMITH"},{"data":"hermit:Defend_Hermit","floor":15,"key":"SMITH"}],"circlet_count":0,"master_deck":["Apotheosis+1","hermit:Strike_Hermit","hermit:Strike_Hermit","hermit:Strike_Hermit","hermit:Defend_Hermit","hermit:Defend_Hermit","hermit:Defend_Hermit+1","hermit:Defend_Hermit+1","hermit:Snapshot","hermit:Covet","hermit:Reprieve+1","hermit:ItchyTrigger","hermit:Dissolve+1","hermit:RoundhouseKick+1","hermit:LowProfile","hermit:Headshot"],"relics":["hermit:Momento","LetterFromLob","Sundial","Replay:Baseball","aspiration:HummingbirdHeart","hubris:Icosahedron"],"acts_visited":["Exordium"],"potions_floor_usage":[7,16],"damage_taken":[{"damage":3,"enemies":"Gensokyo:Python","floor":1,"turns":3},{"damage":0,"enemies":"Gensokyo:3_Fairies","floor":2,"turns":4},{"damage":0,"enemies":"Gensokyo:2_Kodama","floor":7,"turns":3},{"damage":0,"enemies":"Gensokyo:LivingMonolith","floor":12,"turns":2},{"damage":77,"enemies":"Gensokyo:Reimu","floor":16,"turns":7}],"seed_played":"-4679687501724207099","potions_obtained":[{"floor":1,"key":"SkillPotion"},{"floor":12,"key":"DistilledChaos"}],"is_trial":false,"path_per_floor":["M","M","?","?","?","R","M","R","T","R","T","M","R","?","R","B"],"character_chosen":"HERMIT","items_purchased":[],"campfire_rested":0,"item_purchase_floors":[],"current_hp_per_floor":[72,72,72,57,57,57,57,57,57,57,57,57,57,57,57,0,0],"gold":62,"neow_bonus":"THREE_RARE_CARDS","is_daily":false,"chose_seed":false,"campfire_upgraded":5,"win_rate":0.0,"timestamp":1611853400,"path_taken":["M","M","?","?","?","R","?","R","T","R","?","M","R","?","R","BOSS"],"items_purchased_type":[],"build_version":"2020-12-22","purchased_purges":0,"victory":false,"max_hp_per_floor":[75,75,75,75,75,75,75,75,75,75,75,75,75,75,75,75,75],"card_choices":[{"not_picked":["hermit:Gambit","hermit:OverwhelmingPower"],"picked":"hermit:Reprieve","floor":0},{"not_picked":["hermit:CalledShot","hermit:SprayPray"],"picked":"hermit:ItchyTrigger","floor":1},{"not_picked":["hermit:Shortfuse","hermit:TrackingShot"],"picked":"hermit:Dissolve","floor":2},{"not_picked":[],"picked":"hermit:RoundhouseKick","floor":5},{"not_picked":["hermit:SprayPray","hermit:Dive"],"picked":"hermit:LowProfile","floor":7},{"not_picked":["hermit:Ricochet","hermit:HighCaliber"],"picked":"hermit:Headshot","floor":12}],"player_experience":1495675,"relics_obtained":[{"floor":1,"key":"LetterFromLob"},{"floor":9,"key":"Replay:Baseball"},{"floor":11,"key":"aspiration:HummingbirdHeart"}],"event_choices":[],"is_beta":false,"boss_relics":[],"items_purged_floors":[],"is_endless":false,"potions_floor_spawned":[1,12],"killed_by":"Gensokyo:Reimu","ascension_level":0}}