{"host":"ttx8tv95o5vka1nm","time":1611796734,"event":{"mods":["AchievementEnabler","BaseMod","Colored Map","Downfall","Infinite Spire","Minty Spire (QoL Compilation)","Replay The Spire","Shop Mod","StSLib","The Jungle"],"gold_per_floor":[115,135,147,165,165,203,203,238,238,278,298,331,400,414,414,414,414],"floor_reached":16,"language":"ENG","playtime":1183,"items_purged":[],"score":190,"play_id":"f30ca31b-5aff-414c-92cf-f7b026d42f12","local_time":"20210128111854","is_ascension_mode":true,"campfire_choices":[{"data":"Spot Weakness","floor":7,"key":"SMITH"},{"data":"Limit Break","floor":15,"key":"SMITH"}],"circlet_count":0,"master_deck":["Strike_R","Strike_R","Strike_R","Strike_R","Strike_R","Defend_R","Defend_R","Defend_R","Defend_R","Bash","Carnage","Wild Strike","Spot Weakness+1","Pommel Strike","Shrug It Off","Offering","Replay:Undeath\u0027s Touch","Limit Break+1","Replay:Undeath\u0027s Touch"],"relics":["Burning Blood","Golden Idol","Lantern","infinitespire:Lucky Rock","Question Card","infinitespire:Magic Flask","Blue Doll","Strawberry"],"acts_visited":["Exordium"],"potions_floor_usage":[10,10,16],"damage_taken":[{"damage":5,"enemies":"Jaw Worm","floor":1,"turns":6},{"damage":12,"enemies":"Small Slimes","floor":2,"turns":3},{"damage":0,"enemies":"2 Louse","floor":3,"turns":2},{"damage":16,"enemies":"Large Slime","floor":4,"turns":5},{"damage":6,"enemies":"Gremlin Nob","floor":6,"turns":3},{"damage":14,"enemies":"3 Sentries","floor":8,"turns":7},{"damage":14,"enemies":"Lagavulin","floor":10,"turns":5},{"damage":2,"enemies":"Looter","floor":11,"turns":2},{"damage":6,"enemies":"3 Sentries","floor":12,"turns":5},{"damage":14,"enemies":"Gremlin Nob","floor":13,"turns":3},{"damage":6,"enemies":"Exordium Thugs","floor":14,"turns":2},{"damage":45,"enemies":"Hexaghost","floor":16,"turns":9}],"seed_played":"-4960125100934470575","potions_obtained":[{"floor":1,"key":"Block Potion"},{"floor":2,"key":"Strength Potion"},{"floor":8,"key":"DuplicationPotion"},{"floor":13,"key":"Explosive Potion"}],"is_trial":false,"path_per_floor":["M","M","M","M","?","E","R","E","T","E","M","E","?","M","R","B"],"character_chosen":"IRONCLAD","items_purchased":[],"campfire_rested":0,"item_purchase_floors":[],"current_hp_per_floor":[88,82,88,78,56,56,56,48,48,40,44,44,43,43,43,0,0],"gold":414,"neow_bonus":"TEN_PERCENT_HP_BONUS","is_daily":false,"chose_seed":false,"campfire_upgraded":2,"win_rate":0.0,"timestamp":1611796734,"path_taken":["M","M","M","M","?","E","R","E","T","E","M","E","?","M","R","BOSS"],"items_purchased_type":[],"build_version":"2020-12-22","purchased_purges":0,"victory":false,"max_hp_per_floor":[88,88,88,88,88,88,88,88,88,88,88,88,95,95,95,95,95],"card_choices":[{"not_picked":["Metallicize","Dark Embrace"],"picked":"Carnage","floor":1},{"not_picked":["Infernal Blade","Feel No Pain"],"picked":"Wild Strike","floor":2},{"not_picked":["Infernal Blade","ReplayReversal"],"picked":"Spot Weakness","floor":3},{"not_picked":["Clothesline","Wild Strike"],"picked":"Pommel Strike","floor":4},{"not_picked":["Intimidate","Eclipse"],"picked":"Shrug It Off","floor":6},{"not_picked":["Thunderclap","Pommel Strike","Dual Wield"],"picked":"SKIP","floor":8},{"not_picked":["ReplayTheSpireMod:Limb From Limb","Run Through","Clothesline"],"picked":"Offering","floor":10},{"not_picked":["Cleave","Pommel Strike","Sever Soul"],"picked":"Replay:Undeath\u0027s Touch","floor":11},{"not_picked":["Spot Weakness","Seeing Red","Rampage"],"picked":"Limit Break","floor":12},{"not_picked":["Sentinel","Shrug It Off","Clothesline"],"picked":"Replay:Undeath\u0027s Touch","floor":13},{"not_picked":["Feel No Pain","Run Through","Sword Boomerang","Wild Strike"],"picked":"SKIP","floor":14}],"player_experience":937213,"relics_obtained":[{"floor":6,"key":"Lantern"},{"floor":8,"key":"infinitespire:Lucky Rock"},{"floor":9,"key":"Question Card"},{"floor":10,"key":"infinitespire:Magic Flask"},{"floor":12,"key":"Blue Doll"},{"floor":13,"key":"Strawberry"}],"event_choices":[{"damage_healed":0,"gold_gain":0,"player_choice":"Take Damage","damage_taken":22,"relics_obtained":["Golden Idol"],"max_hp_gain":0,"max_hp_loss":0,"event_name":"Golden Idol","floor":5,"gold_loss":0},{"damage_healed":0,"gold_gain":30,"player_choice":"Searched \u00273\u0027 times","damage_taken":0,"max_hp_gain":0,"max_hp_loss":0,"event_name":"Dead Adventurer","floor":13,"gold_loss":0}],"is_beta":false,"boss_relics":[],"items_purged_floors":[],"is_endless":false,"potions_floor_spawned":[1,2,8,13],"killed_by":"Hexaghost","ascension_level":1}}