{"host":"344lv32hnei0mdhu","time":1611810369,"event":{"mods":["Act Like it!","BaseMod","Better Match","Better Sensory Stone","Better Skull","Better Third Choice","Better Vampires","Colored Powertips","Highlight Path","Minty Spire (QoL Compilation)","Quick Restart","Random Character Button","Rare Cards Sparkle","StSLib"],"gold_per_floor":[110,285,285,295,19,54,73,106,106,106,124,164,52,52,52,52,52],"floor_reached":16,"language":"ENG","playtime":590,"items_purged":["Doubt"],"score":247,"play_id":"b90e673e-34d9-4bb8-a6a7-f46cda11c293","local_time":"20210127230609","is_ascension_mode":true,"campfire_choices":[{"floor":15,"key":"REST"}],"circlet_count":0,"master_deck":["AscendersBane","Strike_P","Strike_P","Strike_P","Strike_P","Defend_P","Defend_P","Defend_P","Defend_P","Eruption","Vigilance","SashWhip","SpiritShield","BowlingBash","DeceiveReality","ClearTheMind","Injury","Crescendo","Conclude","SpiritShield"],"relics":["PureWater","NeowsBlessing","Membership Card","Shuriken","Meat on the Bone","Question Card","Pear","Golden Idol","Kunai","DollysMirror"],"acts_visited":["Exordium"],"potions_floor_usage":[12],"damage_taken":[{"damage":0,"enemies":"Jaw Worm","floor":1,"turns":1},{"damage":0,"enemies":"Cultist","floor":4,"turns":1},{"damage":0,"enemies":"3 Sentries","floor":6,"turns":1},{"damage":3,"enemies":"Small Slimes","floor":7,"turns":5},{"damage":52,"enemies":"Gremlin Nob","floor":8,"turns":4},{"damage":1,"enemies":"Blue Slaver","floor":11,"turns":8},{"damage":27,"enemies":"3 Sentries","floor":12,"turns":13},{"damage":62,"enemies":"Hexaghost","floor":16,"turns":17}],"seed_played":"1563261471649648755","potions_obtained":[{"floor":4,"key":"SteroidPotion"},{"floor":7,"key":"Strength Potion"}],"is_trial":false,"path_per_floor":["M","?","?","M","$","E","M","E","T","?","M","E","$","?","R","B"],"character_chosen":"WATCHER","items_purchased":["Membership Card","Shuriken","DollysMirror"],"campfire_rested":1,"item_purchase_floors":[5,5,13],"current_hp_per_floor":[65,65,65,65,65,65,62,22,32,32,43,28,28,33,59,0,0],"gold":52,"neow_bonus":"THREE_ENEMY_KILL","is_daily":false,"chose_seed":false,"campfire_upgraded":0,"win_rate":0.0,"timestamp":1611810369,"path_taken":["M","?","?","?","?","E","M","E","T","?","M","E","$","?","R","BOSS"],"items_purchased_type":["Relic","Relic","Relic"],"build_version":"2020-12-22","purchased_purges":1,"victory":false,"max_hp_per_floor":[72,72,72,72,72,72,72,72,82,82,82,82,82,87,87,87,87],"card_choices":[{"not_picked":["EmptyBody","JustLucky"],"picked":"SashWhip","floor":1},{"not_picked":["WheelKick","SignatureMove"],"picked":"SpiritShield","floor":4},{"not_picked":["Worship","FlurryOfBlows"],"picked":"BowlingBash","floor":6},{"not_picked":["Fasting2","FlyingSleeves"],"picked":"DeceiveReality","floor":7},{"not_picked":["Sanctity","Evaluate"],"picked":"ClearTheMind","floor":8},{"not_picked":["BowlingBash","Consecrate","Halt"],"picked":"Crescendo","floor":11},{"not_picked":["DeceiveReality","SashWhip","CrushJoints"],"picked":"Conclude","floor":12}],"player_experience":385002,"relics_obtained":[{"floor":6,"key":"Meat on the Bone"},{"floor":8,"key":"Question Card"},{"floor":9,"key":"Pear"},{"floor":12,"key":"Kunai"}],"event_choices":[{"damage_healed":0,"gold_gain":175,"player_choice":"AGREE","damage_taken":110,"max_hp_gain":0,"max_hp_loss":0,"event_name":"betterThird:BetterSerpent","floor":2,"gold_loss":0},{"damage_healed":0,"gold_gain":0,"player_choice":"Leave","damage_taken":0,"max_hp_gain":0,"max_hp_loss":0,"event_name":"The Cleric","floor":3,"gold_loss":0},{"damage_healed":0,"gold_gain":0,"player_choice":"Take Wound","damage_taken":0,"relics_obtained":["Golden Idol"],"max_hp_gain":0,"max_hp_loss":0,"event_name":"Golden Idol","floor":10,"gold_loss":0,"cards_obtained":["Injury"]},{"damage_healed":0,"gold_gain":0,"player_choice":"Donut","damage_taken":0,"max_hp_gain":5,"max_hp_loss":0,"event_name":"Big Fish","floor":14,"gold_loss":0}],"is_beta":false,"boss_relics":[],"items_purged_floors":[13],"is_endless":false,"potions_floor_spawned":[4,7],"killed_by":"Hexaghost","ascension_level":11}}