{"host":"5fpb1gzflhq9886n","time":1611818377,"event":{"mods":["AchievementEnabler","BaseMod","Colored Map","Colored Powertips","Minty Spire (QoL Compilation)","Permanent Neow"],"gold_per_floor":[112,126,126,126,194,228,228,243,268,493,523,548,610,148,148,245,245,264,314,364,484,534,534,549,599,599,611,611,611],"floor_reached":28,"language":"ENG","playtime":1185,"items_purged":["Doubt"],"score":333,"play_id":"5c1d1bbf-b09b-4cad-bf75-886c0b43c53a","local_time":"20210128021937","is_ascension_mode":true,"campfire_choices":[{"floor":7.0,"key":"REST"},{"floor":15.0,"key":"REST"},{"floor":23.0,"key":"REST"}],"circlet_count":0,"master_deck":["Strike_R","Strike_R","Strike_R","Strike_R","Strike_R","Defend_R+1","Defend_R+1","Defend_R","Defend_R","Bash","Whirlwind","Perfected Strike","Inflame","Heavy Blade","Thunderclap","Double Tap","Flex","Demon Form","Shrug It Off","Ghostly","Ghostly","Ghostly","Ghostly","Ghostly","Sword Boomerang","Decay"],"relics":["Burning Blood","Shovel","War Paint","SsserpentHead","Happy Flower","MawBank","Question Card","Paper Frog","Mark of Pain","MutagenicStrength","Blue Candle","Enchiridion","Singing Bowl"],"acts_visited":["Exordium","TheCity"],"potions_floor_usage":[28],"damage_taken":[{"damage":10.0,"enemies":"Small Slimes","floor":1.0,"turns":5.0},{"damage":0.0,"enemies":"2 Louse","floor":2.0,"turns":1.0},{"damage":0.0,"enemies":"Cultist","floor":5.0,"turns":3.0},{"damage":32.0,"enemies":"Lagavulin","floor":6.0,"turns":5.0},{"damage":0.0,"enemies":"Large Slime","floor":8.0,"turns":4.0},{"damage":37.0,"enemies":"3 Sentries","floor":11.0,"turns":6.0},{"damage":13.0,"enemies":"Blue Slaver","floor":12.0,"turns":4.0},{"damage":50.0,"enemies":"The Guardian","floor":16.0,"turns":8.0},{"damage":53.0,"enemies":"2 Thieves","floor":18.0,"turns":4.0},{"damage":0.0,"enemies":"Chosen","floor":24.0,"turns":6.0},{"damage":20.0,"enemies":"Snake Plant","floor":27.0,"turns":4.0},{"damage":12,"enemies":"3 Cultists","floor":28,"turns":2}],"seed_played":"-2389439765386430200","potions_obtained":[{"floor":1.0,"key":"Energy Potion"},{"floor":5.0,"key":"SteroidPotion"},{"floor":12.0,"key":"Regen Potion"},{"floor":16.0,"key":"FearPotion"},{"floor":18.0,"key":"GamblersBrew"}],"is_trial":false,"path_per_floor":["M","M","?","?","M","E","R","M","T","?","E","M","T","$","R","B",null,"M","?","?","T","?","R","M","?","T","M","M"],"character_chosen":"IRONCLAD","items_purchased":["Paper Frog","AttackPotion","Energy Potion","Flex"],"campfire_rested":3,"item_purchase_floors":[14,14,14,14],"current_hp_per_floor":[68,72,65,65,71,45,66,72,72,72,41,34,34,34,55,11,57,22,22,22,22,6,16,22,22,22,10,0,0],"gold":611,"neow_bonus":"ONE_RARE_RELIC","is_daily":false,"chose_seed":false,"campfire_upgraded":0,"win_rate":0.0,"timestamp":1611818377,"path_taken":["M","M","?","?","?","E","R","M","T","?","E","M","?","$","R","BOSS","M","?","?","?","?","R","M","?","T","M","M"],"items_purchased_type":["Relic","Potion","Potion","Card"],"build_version":"2020-12-22","purchased_purges":1,"victory":false,"max_hp_per_floor":[72,72,72,72,72,72,72,72,72,72,72,72,72,72,72,72,72,72,72,36,36,36,36,36,36,36,38,38,38],"card_choices":[{"not_picked":["Seeing Red","Blood for Blood"],"picked":"Whirlwind","floor":1.0},{"not_picked":["Armaments","Iron Wave"],"picked":"Perfected Strike","floor":2.0},{"not_picked":["Armaments","Blood for Blood","True Grit"],"picked":"SKIP","floor":5.0},{"not_picked":["Anger","Wild Strike"],"picked":"Inflame","floor":6.0},{"not_picked":["Cleave","Flex"],"picked":"Heavy Blade","floor":8.0},{"not_picked":["Body Slam","Inflame"],"picked":"Thunderclap","floor":11.0},{"not_picked":["Havoc","Body Slam"],"picked":"Double Tap","floor":12.0},{"not_picked":["Double Tap","Reaper","Fiend Fire"],"picked":"Demon Form","floor":16.0},{"not_picked":["Flex","Infernal Blade","Seeing Red"],"picked":"Shrug It Off","floor":18.0},{"not_picked":["Headbutt","Bloodletting","Anger+1"],"picked":"Sword Boomerang","floor":24.0},{"not_picked":["Pummel","Offering","Thunderclap","Evolve"],"picked":"Singing Bowl","floor":27.0}],"player_experience":773123,"relics_obtained":[{"floor":6.0,"key":"Happy Flower"},{"floor":11.0,"key":"MawBank"},{"floor":13.0,"key":"Question Card"},{"floor":21.0,"key":"Blue Candle"},{"floor":22.0,"key":"Enchiridion"},{"floor":26.0,"key":"Singing Bowl"}],"event_choices":[{"damage_healed":0.0,"max_hp_gain":0.0,"max_hp_loss":0.0,"gold_gain":0.0,"event_name":"Scrap Ooze","player_choice":"Success","floor":3.0,"gold_loss":0.0,"damage_taken":7.0,"relics_obtained":["War Paint"]},{"damage_healed":0.0,"max_hp_gain":0.0,"max_hp_loss":0.0,"gold_gain":0.0,"event_name":"FaceTrader","player_choice":"Trade","floor":4.0,"gold_loss":0.0,"damage_taken":0.0,"relics_obtained":["SsserpentHead"]},{"damage_healed":0.0,"max_hp_gain":0.0,"max_hp_loss":0.0,"gold_gain":175.0,"event_name":"Liars Game","player_choice":"AGREE","floor":10.0,"gold_loss":0.0,"damage_taken":0.0,"cards_obtained":["Doubt"]},{"damage_healed":0.0,"max_hp_gain":0.0,"max_hp_loss":0.0,"gold_gain":0.0,"event_name":"Drug Dealer","player_choice":"Inject Mutagens","floor":19.0,"gold_loss":0.0,"damage_taken":0.0,"relics_obtained":["MutagenicStrength"]},{"damage_healed":0.0,"max_hp_gain":0.0,"max_hp_loss":36.0,"gold_gain":0.0,"event_name":"Ghosts","player_choice":"Became a Ghost","floor":20.0,"gold_loss":0.0,"damage_taken":0.0,"cards_obtained":["Ghostly","Ghostly","Ghostly","Ghostly","Ghostly"]},{"damage_healed":0.0,"max_hp_gain":0.0,"max_hp_loss":0.0,"gold_gain":0.0,"event_name":"Cursed Tome","player_choice":"Obtained Book","floor":22.0,"gold_loss":0.0,"damage_taken":16.0},{"damage_healed":0.0,"max_hp_gain":0.0,"max_hp_loss":0.0,"gold_gain":0.0,"event_name":"Forgotten Altar","player_choice":"Smashed Altar","floor":25.0,"gold_loss":0.0,"damage_taken":0.0,"cards_obtained":["Decay"]}],"is_beta":false,"boss_relics":[{"not_picked":["Black Star","Empty Cage"],"picked":"Mark of Pain"}],"items_purged_floors":[14],"is_endless":false,"potions_floor_spawned":[1,5,12,16,18],"killed_by":"3 Cultists","ascension_level":5}}