{"host":"npubv26u89aif4fa","time":1611799551,"event":{"mods":["Astrologer","BaseMod","Better Vampires","Better-Laid Plans","Colored Powertips","GifTheSpireLib","GungeonMod","HornydragonMod","Hubris","Jedi Mod","Minty Spire (QoL Compilation)","Quick Restart","Remilia（蕾米莉亚）","Replay The Spire","StSLib","Td1madao Mod","The Administrix","The Alterego","The Bug Knight","The Cursed","The Runesmith","Yuri Mod","残留之物"],"gold_per_floor":[115,40,51,65,65,65,104,135,159,159,184,198,242,266,266,400,400,421,445,463,463,463,463,554,554,554,554,211,224,224,267,267,443,443,488,295,329,344,368,414,455,455,514,514,554,216,242,313,313,323,323,323,314,314,324],"floor_reached":56,"language":"ZHS","playtime":11733,"items_purged":["Amnesia","DemoMod:Strike_Huntress","DemoMod:Strike_Huntress","DemoMod:Ejector","DemoMod:RustySidearm"],"score":1702,"play_id":"1ccff465-0f6d-4ba9-b18a-bcfc50ca454b","local_time":"20210128100551","is_ascension_mode":true,"campfire_choices":[{"data":"DemoMod:BSG","floor":6.0,"key":"SMITH"},{"floor":10.0,"key":"RECALL"},{"floor":15.0,"key":"DIG"},{"data":"DemoMod:PotionOfGunFriendShip","floor":23.0,"key":"SMITH"},{"floor":25.0,"key":"DIG"},{"floor":30.0,"key":"DIG"},{"floor":32.0,"key":"DIG"},{"data":"DemoMod:TableSutra","floor":42.0,"key":"SMITH"},{"data":"DemoMod:FullFirepower","floor":49.0,"key":"SMITH"},{"data":"DemoMod:BlankBullets","floor":52.0,"key":"SMITH"}],"circlet_count":0,"master_deck":["DemoMod:Defend_Huntress+1","DemoMod:Defend_Huntress","DemoMod:Defend_Huntress","DemoMod:Defend_Huntress","DemoMod:Roll+1","DemoMod:ManualReload","DemoMod:CrossBow","DemoMod:BSG+1","DemoMod:GunShield","DemoMod:BattleInHaste","DemoMod:TableSutra+1","DemoMod:FinishedGun+1","DemoMod:SpreadAmmo","DemoMod:PotionOfGunFriendShip+1","DemoMod:DoubleSwitch","DemoMod:Elimentaler","DemoMod:BattleInHaste+1","ReplayTheSpireMod:Private Reserves","DemoMod:BlankBullets+1","DemoMod:BulletBore","DemoMod:FastSwitch+1","DemoMod:HardPowerCard+1","DemoMod:FullFirepower+1","DemoMod:Unmoved+1","Violence","jedi:forcepush","hubris:Insight","DemoMod:ConditionalReflex+1","DemoMod:Gungine+1","DemoMod:HungryBullets","DemoMod:Unmoved+1","DemoMod:PracticeMakesPerfect+1"],"relics":["DemoMod:Dog","Golden Idol","Orichalcum","Lantern","jedi:shrinkray","DemoMod:LamentConfigurum","Ginger","hubris:Backtick","DemoMod:RatBoots","hubris:SlimyHat","Shovel","Garlic","yuri:PortableGlitches","hubris:EmptyBottle","Smiling Mask","Boot","hubris:BundleOfHerbs","Unceasing Top","Painkiller Herb","War Paint","DemoMod:OrangeGuonStone","HollowMod:PaleOreRelic","jedi:HeartOfTheCards","ReplayTheSpireMod:ShopPack","DemoMod:MonsterBlood","Replay:Rubber Ducky","Strawberry","jedi:ominousloannote","Whetstone"],"acts_visited":["TheCity","TheBeyond","TheEnding"],"potions_floor_usage":[54,54,55,55,55,55,55],"damage_taken":[{"damage":0.0,"enemies":"Cultist","floor":1.0,"turns":2.0},{"damage":1.0,"enemies":"Jaw Worm","floor":3.0,"turns":2.0},{"damage":0.0,"enemies":"2 Louse","floor":4.0,"turns":2.0},{"damage":0.0,"enemies":"3 Sentries","floor":7.0,"turns":4.0},{"damage":0.0,"enemies":"Looter","floor":8.0,"turns":1.0},{"damage":0.0,"enemies":"Gremlin Gang","floor":11.0,"turns":2.0},{"damage":0.0,"enemies":"Blue Slaver","floor":12.0,"turns":1.0},{"damage":0.0,"enemies":"Lagavulin","floor":13.0,"turns":7.0},{"damage":0.0,"enemies":"3 Louse","floor":14.0,"turns":1.0},{"damage":0.0,"enemies":"The Guardian","floor":16.0,"turns":7.0},{"damage":0.0,"enemies":"3 Byrds","floor":18.0,"turns":4.0},{"damage":0.0,"enemies":"Cultist and Chosen","floor":19.0,"turns":6.0},{"damage":0.0,"enemies":"Centurion and Healer","floor":20.0,"turns":7.0},{"damage":0.0,"enemies":"HollowMod:Nosk","floor":24.0,"turns":8.0},{"damage":0.0,"enemies":"3 Cultists","floor":29.0,"turns":2.0},{"damage":0.0,"enemies":"Slavers","floor":31.0,"turns":3.0},{"damage":0.0,"enemies":"Automaton","floor":33.0,"turns":10.0},{"damage":0.0,"enemies":"3 Shapes","floor":35.0,"turns":4.0},{"damage":0.0,"enemies":"3 Darklings","floor":37.0,"turns":2.0},{"damage":0.0,"enemies":"Writhing Mass","floor":38.0,"turns":6.0},{"damage":0.0,"enemies":"Spire Growth","floor":39.0,"turns":4.0},{"damage":0.0,"enemies":"Giant Head","floor":40.0,"turns":9.0},{"damage":0.0,"enemies":"Jaw Worm Horde","floor":41.0,"turns":3.0},{"damage":0.0,"enemies":"Sphere and 2 Shapes","floor":43.0,"turns":8.0},{"damage":0.0,"enemies":"Sphere and 2 Shapes","floor":45.0,"turns":4.0},{"damage":0.0,"enemies":"Transient","floor":47.0,"turns":7.0},{"damage":0.0,"enemies":"Reptomancer","floor":48.0,"turns":7.0},{"damage":0.0,"enemies":"Time Eater","floor":50.0,"turns":16.0},{"damage":0,"enemies":"Shield and Spear","floor":54,"turns":5},{"damage":2,"enemies":"The Heart","floor":55,"turns":15}],"seed_played":"-4647112809481760919","potions_obtained":[{"floor":3.0,"key":"Fire Potion"},{"floor":4.0,"key":"jedi:mysterypotion"},{"floor":12.0,"key":"Venom Potion"},{"floor":16.0,"key":"Swift Potion"},{"floor":24.0,"key":"AttackPotion"},{"floor":29.0,"key":"EssenceOfSteel"},{"floor":35.0,"key":"Dexterity Potion"},{"floor":39.0,"key":"jedi:StrikingPotion"},{"floor":40.0,"key":"ColorlessPotion"},{"floor":45.0,"key":"AttackPotion"},{"floor":54,"key":"DemoMod:BlankPotion"}],"is_trial":false,"path_per_floor":["M","$","M","M","?","R","E","M","T","R","M","M","E","M","R","B",null,"M","M","M","?","?","R","E","R","T","?","$","M","R","E","R","B",null,"?","T","?","?","?","E","?","T","T","?","?","T","?","E","T","B",null,"T","T","E","B",null],"character_chosen":"HUNTRESS","items_purchased":["hubris:EmptyBottle","ReplayTheSpireMod:Private Reserves","War Paint","ReplayTheSpireMod:ShopPack","DemoMod:MonsterBlood","DemoMod:HungryBullets","Strawberry","jedi:ominousloannote","DemoMod:LeadSkinPotion","LiquidBronze"],"campfire_rested":0,"item_purchase_floors":[28,28,36,46,46,53,53,53,53,53],"current_hp_per_floor":[70,70,69,69,52,52,52,52,52,52,52,52,52,52,52,52,70,70,70,70,70,70,70,70,70,70,70,70,70,70,70,70,70,70,70,70,70,70,70,70,70,70,70,70,70,77,77,77,77,77,77,77,84,84,82],"gold":324,"neow_bonus":"THREE_RARE_CARDS","is_daily":false,"chose_seed":false,"campfire_upgraded":5,"win_rate":0.0,"timestamp":1611799551,"path_taken":["M","$","?","M","?","R","E","M","T","R","M","M","E","M","R","BOSS","M","M","M","?","?","R","E","R","T","?","$","M","R","E","R","BOSS","?","T","?","?","?","E","?","T","T","?","?","T","?","E","T","BOSS","T","T","E","BOSS"],"items_purchased_type":["Relic","Card","Relic","Relic","Relic","Card","Relic","Relic","Undefined","Potion"],"build_version":"2020-12-22","purchased_purges":5,"victory":true,"max_hp_per_floor":[70,70,70,70,70,70,70,70,70,70,70,70,70,70,70,70,70,70,70,70,70,70,70,70,70,70,70,70,70,70,70,70,70,70,70,70,70,70,70,70,70,70,70,70,70,77,77,77,77,77,77,77,84,84,84],"card_choices":[{"not_picked":["DemoMod:BulletBore","DemoMod:Desperate"],"picked":"DemoMod:BSG","floor":0.0},{"not_picked":["DemoMod:ConditionalReflex","DemoMod:HuntsMan"],"picked":"DemoMod:GunShield","floor":1.0},{"not_picked":["DemoMod:TableSutra","DemoMod:TeaPot"],"picked":"DemoMod:BattleInHaste","floor":3.0},{"not_picked":["DemoMod:Casey","DemoMod:SAA"],"picked":"DemoMod:TableSutra","floor":4.0},{"not_picked":["DemoMod:HungryBullets","DemoMod:HuntsMan"],"picked":"DemoMod:FinishedGun","floor":7.0},{"not_picked":["DemoMod:MachoBrace","DemoMod:DirectionalPad"],"picked":"DemoMod:SpreadAmmo","floor":8.0},{"not_picked":["DemoMod:Unmoved","DemoMod:TeaPot","DemoMod:HuntsMan"],"picked":"SKIP","floor":11.0},{"not_picked":["DemoMod:BulletBore","DemoMod:Unmoved"],"picked":"DemoMod:PotionOfGunFriendShip","floor":12.0},{"not_picked":["DemoMod:SkilledReload","DemoMod:HungryBullets"],"picked":"DemoMod:DoubleSwitch","floor":13.0},{"not_picked":["DemoMod:TableSutra","DemoMod:HardPowerCard","DemoMod:TripleGun"],"picked":"SKIP","floor":14.0},{"not_picked":["DemoMod:ThirdPartyController","DemoMod:FinishedGun"],"picked":"DemoMod:Elimentaler","floor":16.0},{"not_picked":["DemoMod:DoubleSwitch","DemoMod:BoxingGlove","DemoMod:Casey"],"picked":"SKIP","floor":18.0},{"not_picked":["DemoMod:FastSwitch","DemoMod:AC15","DemoMod:AWP"],"picked":"SKIP","floor":19.0},{"not_picked":["DemoMod:DoubleVision","DemoMod:Casey","DemoMod:HungryBullets"],"picked":"SKIP","floor":20.0},{"not_picked":["DemoMod:BoxingGlove","DemoMod:StickyCrossBow"],"picked":"DemoMod:BattleInHaste+1","floor":24.0},{"not_picked":["DemoMod:HardPowerCard","DemoMod:JK47","DemoMod:Camera"],"picked":"SKIP","floor":29.0},{"not_picked":["DemoMod:Ejector","DemoMod:HardPowerCard"],"picked":"DemoMod:BlankBullets","floor":31.0},{"not_picked":["DemoMod:DarkMarker","DemoMod:BSG"],"picked":"DemoMod:BulletBore","floor":33.0},{"not_picked":["DemoMod:Casey+1","DemoMod:DirectionalPad+1"],"picked":"DemoMod:FastSwitch+1","floor":35.0},{"not_picked":["DemoMod:StrategicReserve+1","DemoMod:SniperShot"],"picked":"DemoMod:HardPowerCard+1","floor":37.0},{"not_picked":["DemoMod:Casey+1","DemoMod:TripleGun+1"],"picked":"DemoMod:FullFirepower","floor":38.0},{"not_picked":["DemoMod:Replace+1","DemoMod:StrategicReserve"],"picked":"DemoMod:Unmoved+1","floor":39.0},{"not_picked":["DemoMod:BoxingGlove+1","DemoMod:HuntsMan+1","DemoMod:Evolver"],"picked":"SKIP","floor":40.0},{"not_picked":["DemoMod:HighKaliber","DemoMod:GunShield","DemoMod:HardPowerCard"],"picked":"SKIP","floor":41.0},{"not_picked":["DemoMod:LifeOrb+1","DemoMod:DirectionalPad+1","DemoMod:StickyCrossBow+1"],"picked":"SKIP","floor":43.0},{"not_picked":["DemoMod:FinishedGun","DemoMod:Ejector+1","DemoMod:GunShield"],"picked":"SKIP","floor":45.0},{"not_picked":["Metamorphosis","Apotheosis"],"picked":"Violence","floor":46.0},{"not_picked":["Survey Options","DemoMod:Deposit"],"picked":"jedi:forcepush","floor":46.0},{"not_picked":["Swift Strike","Madness"],"picked":"hubris:Insight","floor":46.0},{"not_picked":["DemoMod:SAA+1","DemoMod:Ejector+1"],"picked":"DemoMod:ConditionalReflex+1","floor":47.0},{"not_picked":["DemoMod:FeignSurrender","DemoMod:DirectionalPad"],"picked":"DemoMod:Gungine","floor":48.0},{"not_picked":["DemoMod:BoxingGlove","DemoMod:Casey"],"picked":"DemoMod:Unmoved+1","floor":54},{"not_picked":["DemoMod:MachoBrace+1","DemoMod:AWP+1"],"picked":"DemoMod:PracticeMakesPerfect+1","floor":54}],"player_experience":346311,"relics_obtained":[{"floor":7.0,"key":"Orichalcum"},{"floor":9.0,"key":"Lantern"},{"floor":13.0,"key":"jedi:shrinkray"},{"floor":15.0,"key":"DemoMod:LamentConfigurum"},{"floor":16.0,"key":"Ginger"},{"floor":24.0,"key":"Shovel"},{"floor":25.0,"key":"Garlic"},{"floor":26.0,"key":"yuri:PortableGlitches"},{"floor":30.0,"key":"Smiling Mask"},{"floor":31.0,"key":"Boot"},{"floor":32.0,"key":"hubris:BundleOfHerbs"},{"floor":40.0,"key":"HollowMod:PaleOreRelic"},{"floor":43.0,"key":"jedi:HeartOfTheCards"},{"floor":48.0,"key":"Replay:Rubber Ducky"},{"floor":54,"key":"Whetstone"}],"event_choices":[{"damage_healed":0.0,"max_hp_gain":0.0,"max_hp_loss":0.0,"gold_gain":0.0,"event_name":"Golden Idol","player_choice":"Take Damage","floor":5.0,"gold_loss":0.0,"damage_taken":17.0,"relics_obtained":["Golden Idol"]},{"damage_healed":0.0,"max_hp_gain":0.0,"max_hp_loss":0.0,"gold_gain":0.0,"event_name":"Ghosts","player_choice":"Ignored","floor":22.0,"gold_loss":0.0,"damage_taken":0.0},{"damage_healed":0.0,"max_hp_gain":0.0,"max_hp_loss":0.0,"gold_gain":0.0,"cards_transformed":["DemoMod:Strike_Huntress"],"event_name":"Transmorgrifier","player_choice":"Transformed","floor":44.0,"gold_loss":0.0,"damage_taken":0.0,"cards_obtained":["DemoMod:Ejector"]}],"is_beta":false,"boss_relics":[{"not_picked":["Replay:Wanted Poster","hubris:ScarierMask"],"picked":"hubris:Backtick"},{"not_picked":["jedi:hotpepper","jedi:paperlyon"],"picked":"Painkiller Herb"}],"items_purged_floors":[2,28,36,46,53],"is_endless":false,"potions_floor_spawned":[3,4,12,16,24,29,35,39,40,45,48,54],"ascension_level":1}}