{"host":"sboty77psj7t2cnn","time":1611870681,"event":{"mods":["Aspiration","BaseMod","Beaked The Cultist","Better Match","Better Vampires","ChefMod","Colored Map","Conspire","Dio Mod","Downfall","Hermit","Hubris","Infinite Spire","Jorbs\u0027s Wanderer Trilogy","Minty Spire (QoL Compilation)","StSLib","The Witch"],"gold_per_floor":[99,113,113,132,145,145,145,145,145,186,96,117,17,42,57,57,57],"floor_reached":16,"language":"SPA","playtime":740,"items_purged":["conspire:GhostlyDefend"],"score":157,"play_id":"93823b04-c380-43e3-b673-d75832488903","local_time":"20210128155121","is_ascension_mode":true,"campfire_choices":[{"data":"Neutralize","floor":1,"key":"SMITH"},{"data":"Escape Plan","floor":8,"key":"SMITH"},{"floor":13,"key":"REST"}],"circlet_count":0,"master_deck":["conspire:GhostlyStrike","conspire:GhostlyStrike","conspire:GhostlyStrike","conspire:GhostlyStrike","conspire:GhostlyStrike","conspire:GhostlyDefend","conspire:GhostlyDefend","conspire:GhostlyDefend","conspire:GhostlyDefend","Survivor","Neutralize+1","Endless Agony","Escape Plan+1","Heel Hook","Slice"],"relics":["hubris:Backtick","Unceasing Top","conspire:Flyswatter","Golden Idol","Centennial Puzzle","downfall:HeartBlessingGreen"],"acts_visited":["Exordium"],"potions_floor_usage":[10,16],"damage_taken":[{"damage":4,"enemies":"Jaw Worm","floor":2,"turns":5},{"damage":0,"enemies":"Small Slimes","floor":4,"turns":3},{"damage":0,"enemies":"Cultist","floor":5,"turns":4},{"damage":25,"enemies":"3 Sentries","floor":10,"turns":15},{"damage":0,"enemies":"downfall:FleeingMerchant","floor":11,"turns":4},{"damage":0,"enemies":"Gremlin Gang","floor":12,"turns":6},{"damage":3,"enemies":"Red Slaver","floor":14,"turns":3},{"damage":0,"enemies":"Blue Slaver","floor":15,"turns":4},{"damage":33,"enemies":"Hexaghost","floor":16,"turns":11}],"seed_played":"-1037278669633617751","potions_obtained":[{"floor":4,"key":"Dexterity Potion"},{"floor":12,"key":"Swift Potion"},{"floor":14,"key":"Weak Potion"}],"is_trial":false,"path_per_floor":["R","M","?","M","M","?","T","R","?","E","$","M","R","M","M","B"],"character_chosen":"THE_SILENT","items_purchased":[],"campfire_rested":1,"item_purchase_floors":[],"current_hp_per_floor":[70,66,66,66,66,66,66,66,49,24,24,24,45,42,42,9,9],"gold":57,"neow_bonus":"BOSS_RELIC","is_daily":false,"chose_seed":false,"campfire_upgraded":2,"win_rate":0.0,"timestamp":1611870681,"path_taken":["R","M","?","M","M","?","T","R","?","E","$","M","R","M","M","BOSS"],"items_purchased_type":[],"build_version":"2020-12-22","purchased_purges":1,"victory":false,"max_hp_per_floor":[70,70,70,70,70,70,70,70,70,70,70,70,70,70,70,70,70],"card_choices":[{"not_picked":["Bane","Setup"],"picked":"Endless Agony","floor":2},{"not_picked":["Riddle With Holes","hubris:SlightOfHand"],"picked":"Escape Plan","floor":4},{"not_picked":["hubris:Counter","hubris:SlightOfHand","Deadly Poison"],"picked":"SKIP","floor":5},{"not_picked":["conspire:DoublingDagger","Dodge and Roll","Blade Dance"],"picked":"SKIP","floor":10},{"not_picked":["Outmaneuver","hubris:TrickCloak","Night Terror"],"picked":"SKIP","floor":11},{"not_picked":["Poisoned Stab","hubris:TrickCloak"],"picked":"Heel Hook","floor":12},{"not_picked":["Prepared","Choke","Dagger Throw"],"picked":"SKIP","floor":14},{"not_picked":["Quick Slash","Sucker Punch"],"picked":"Slice","floor":15}],"player_experience":406595,"relics_obtained":[{"floor":7,"key":"conspire:Flyswatter"},{"floor":10,"key":"Centennial Puzzle"}],"event_choices":[{"damage_healed":0,"gold_gain":0,"player_choice":"Agree","damage_taken":0,"max_hp_gain":0,"max_hp_loss":0,"event_name":"conspire:LoneGhost","floor":3,"gold_loss":0},{"damage_healed":0,"gold_gain":0,"player_choice":"Ignored","damage_taken":0,"max_hp_gain":0,"max_hp_loss":0,"event_name":"Liars Game","floor":6,"gold_loss":0},{"damage_healed":0,"gold_gain":0,"player_choice":"Take Damage","damage_taken":17,"relics_obtained":["Golden Idol"],"max_hp_gain":0,"max_hp_loss":0,"event_name":"Golden Idol","floor":9,"gold_loss":0}],"is_beta":false,"boss_relics":[],"items_purged_floors":[11],"is_endless":false,"potions_floor_spawned":[4,12,14],"killed_by":"Hexaghost","ascension_level":1}}