{"host":"dwyzfvnzfcqffr30","time":1611838289,"event":{"mods":["2.2 Compatiblity","Act Like it!","Aspiration","BaseMod","Beaked The Cultist","Better Altar","Better Match","Better Note","Better Sensory Stone","Better Skull","Better Third Choice","Clockwork Mod","Colored Map","Colored Powertips","Conspire","Downfall","Elementarium","GifTheSpireLib","Halation","Hermit","Hubris","Infinite Spire","Ironclad Rager","Jedi Mod","Menagerie","Mimic Mod","Minty Spire (QoL Compilation)","Permanent Neow","Random Character Button","Reliquary","Replay The Spire","Spicy Shops","Spikes Relics","StSLib","Stuff the Spire","The Construct","The Disciple","The Druid","The Marked","TheFirefly","Trackpad","Wandering Minibosses"],"gold_per_floor":[99,117,141,170,197,237,269,300,333,386,386,66,66,105,129,234,234,34,19,39,39,40,40,74,97,97,117,140,179,179,221,255,369,369,369,407,447,489,197,223,223,223,223,223,272,300,345,345,345,379,418,418,418,418],"floor_reached":52,"language":"ENG","playtime":4668,"items_purged":["champ:BerserkersShout+1","champ:Strike+1","champ:Strike+1","champ:PerfectedStrike+1"],"score":761,"play_id":"4305e439-a70c-4e99-b13c-04b6166f9b80","local_time":"20210128045129","is_ascension_mode":true,"campfire_choices":[{"floor":1,"key":"RECALL"},{"floor":13,"key":"REST"},{"data":"champ:AdrenalArmor+1","floor":18,"key":"SMITH"},{"floor":26,"key":"REST"}],"circlet_count":0,"master_deck":["champ:ShieldWall+1","champ:Strike+1","champ:Strike+1","champ:Defend+1","champ:Defend+1","champ:Defend+1","champ:Defend+1","champ:Execute+1","champ:Taunt+1","champ:GutPunch+1","Apotheosis+1","MasterReality+1","champ:Shatter+1","champ:EnragedBash+1","champ:FanOfKnives+1","champ:StanceDance+1","champ:Duel+1","Apotheosis+1","champ:AdrenalArmor+2","PlatinumSkin+1","champ:CrookedStrike+1","champ:CalledShot+1","champ:StrikeOfGenius+1","champ:RecklessLeap+1","StuffTheSpire:Brawn","champ:DeathBlow+1","champ:BerserkerStyle+1","champ:SwordSigil+1"],"relics":["champ:ChampionCrown","Frozen Egg 2","Toxic Egg 2","Molten Egg 2","Quantum Egg","SacredBark","infinitespire:EvilPickle","conspire:InfiniteJournal","halation:Prosthetics","Bottled Tornado","trackpad:DisasterInABottle","aspiration:Lifesprig","StuffTheSpire:CocoNut","wanderingMiniBosses:CarrionFlame","Boot","beaked:SacredDeck","downfall:HeartBlessingRed","downfall:HeartBlessingGreen","reliquary:BoilingFlask","trackpad:WritersBlock","halation:EternalFortune","infinitespire:Golems Mask","halation:IncompleteEncyclopedia","reliquary:WeakTea","trackpad:SappingStone","CherryCoatedStake","hubris:HerbalPaste","Bottled Lightning","reliquary:RosewoodLute","hubris:Towel"],"acts_visited":["Exordium","TheCity","TheBeyond"],"potions_floor_usage":[5,6,12,16,27,28,33,33,40,46,47],"damage_taken":[{"damage":0,"enemies":"Small Slimes","floor":2,"turns":3},{"damage":0,"enemies":"2 Louse","floor":3,"turns":1},{"damage":32,"enemies":"infinitespire:Voidling","floor":4,"turns":6},{"damage":0,"enemies":"conspire:2 RoseBushes","floor":5,"turns":5},{"damage":21,"enemies":"Gremlin Nob","floor":6,"turns":3},{"damage":0,"enemies":"Exordium Wildlife","floor":7,"turns":4},{"damage":15,"enemies":"Exordium Wildlife","floor":8,"turns":2},{"damage":0,"enemies":"3 Louse","floor":9,"turns":1},{"damage":10,"enemies":"Replay:BlueRogue","floor":10,"turns":4},{"damage":45,"enemies":"downfall:FleeingMerchant","floor":12,"turns":6},{"damage":15,"enemies":"3 Sentries","floor":14,"turns":3},{"damage":18,"enemies":"Large Slime","floor":15,"turns":3},{"damage":24,"enemies":"IC_STATUS_ARCHETYPE","floor":16,"turns":3},{"damage":10,"enemies":"downfall:FleeingMerchant","floor":19,"turns":4},{"damage":0,"enemies":"Chosen","floor":20,"turns":3},{"damage":46,"enemies":"downfall:FleeingMerchant","floor":22,"turns":4},{"damage":10,"enemies":"Spheric Guardian","floor":24,"turns":5},{"damage":15,"enemies":"Spheric Guardian","floor":25,"turns":3},{"damage":11,"enemies":"3 Cultists","floor":27,"turns":2},{"damage":7,"enemies":"Centurion and Healer","floor":28,"turns":4},{"damage":22,"enemies":"Slavers","floor":29,"turns":3},{"damage":31,"enemies":"Book of Stabbing","floor":31,"turns":4},{"damage":20,"enemies":"Snake Plant","floor":32,"turns":4},{"damage":10,"enemies":"SI_MIRROR_ARCHETYPE","floor":33,"turns":3},{"damage":0,"enemies":"3 Shapes","floor":36,"turns":1},{"damage":40,"enemies":"Orb Walker","floor":37,"turns":3},{"damage":42,"enemies":"Spire Growth","floor":38,"turns":3},{"damage":67,"enemies":"Jaw Worm Horde","floor":40,"turns":3},{"damage":103,"enemies":"Nemesis","floor":45,"turns":4},{"damage":44,"enemies":"Transient","floor":46,"turns":5},{"damage":45,"enemies":"Reptomancer","floor":47,"turns":3},{"damage":54,"enemies":"Spire Growth","floor":50,"turns":4},{"damage":58,"enemies":"3 Darklings","floor":51,"turns":3},{"damage":65,"enemies":"DF_ARCHETYPE_ORBS","floor":52,"turns":2}],"seed_played":"-2872681747770891707","potions_obtained":[{"floor":3,"key":"champ:OpenerPotion"},{"floor":4,"key":"Adrenaline Potion"},{"floor":8,"key":"jedi:wingpotion"},{"floor":9,"key":"champ:TechniquePotion"},{"floor":15,"key":"infinitespire:BlackPotion"},{"floor":27,"key":"SkillPotion"},{"floor":31,"key":"DuplicationPotion"},{"floor":33,"key":"Explosive Potion"},{"floor":35,"key":"DuplicationPotion"},{"floor":35,"key":"Guardian:BlockOnCardUsePotion"},{"floor":37,"key":"infinitespire:BlackPotion"}],"is_trial":false,"path_per_floor":["R","M","M","M","M","E","MIM","M","M","E","?","$","R","E","M","B",null,"R","$","M","?","$","?","MIM","M","R","M","M","E","?","E","M","B",null,"R_BF","M","M","M","$","M","PTL","PTL","T","AVR","E","M","E","?","?","M","M","B"],"character_chosen":"THE_CHAMP","items_purchased":["PlatinumSkin+1","Boot","SteroidPotion","reliquary:WeakTea","trackpad:SappingStone"],"campfire_rested":2,"item_purchase_floors":[12,12,22,39,39],"current_hp_per_floor":[55,55,55,55,55,39,39,39,39,46,46,46,62,47,39,25,62,62,62,62,62,42,27,27,27,45,45,43,31,34,37,37,32,68,68,68,58,68,68,70,70,70,70,70,36,61,50,50,50,56,60,0,0,0],"gold":418,"neow_bonus":"THREE_CARDS","is_daily":false,"chose_seed":false,"campfire_upgraded":1,"win_rate":0.0,"timestamp":1611838289,"path_taken":["R","M","M","M","M","E","MIM","M","M","E","?","$","R","E","M","BOSS","R","$","?","?","$","?","MIM","?","R","M","M","E","?","E","M","BOSS","R_BF","M","M","M","$","M","PTL","PTL","T","AVR","E","M","E","?","?","?","M","BOSS"],"items_purchased_type":["Card","Relic","Potion","Relic","Relic"],"build_version":"2020-12-22","purchased_purges":4,"victory":false,"max_hp_per_floor":[55,55,55,55,55,55,55,55,55,62,62,62,62,62,62,62,62,62,62,62,62,62,62,62,62,62,62,62,62,65,68,68,68,68,68,68,68,71,71,74,74,74,74,74,74,74,74,74,74,74,74,74,74,74],"card_choices":[{"not_picked":["champ:BladeFlurry","champ:BringItOn"],"picked":"champ:GutPunch","floor":0},{"not_picked":["champ:PerfectedStrike+1","champ:RageSigil+1"],"picked":"champ:Shatter+1","floor":2},{"not_picked":["champ:BladeFlurry+1","champ:RageSigil+1"],"picked":"champ:EnragedBash+1","floor":3},{"not_picked":["champ:GladiatorForm+1","champ:Circumvent+1"],"picked":"champ:PerfectedStrike+1","floor":4},{"not_picked":["champ:DefensiveShout+1","champ:Shatter+1"],"picked":"champ:FanOfKnives+1","floor":5},{"not_picked":["champ:EnGarde+1","champ:FancyFootwork+1","champ:GladiatorForm+1"],"picked":"SKIP","floor":6},{"not_picked":["champ:BladeFlurry+1","champ:FocusedDefense+1"],"picked":"champ:BerserkersShout+1","floor":7},{"not_picked":["champ:GladiatorStyle+1","champ:FocusedDefense+1"],"picked":"champ:StanceDance+1","floor":8},{"not_picked":["champ:StanceDance+1","champ:Haymaker+1"],"picked":"champ:Duel+1","floor":9},{"not_picked":["champ:BringItOn+1","champ:RapidStrikes+1","champ:Circumvent+1"],"picked":"SKIP","floor":10},{"not_picked":["champ:BerserkersShout+1","champ:HeartStrike+1"],"picked":"champ:AdrenalArmor+1","floor":12},{"not_picked":["champ:GladiatorStyle+1","champ:HoldFirm+1"],"picked":"champ:CrookedStrike+1","floor":14},{"not_picked":["champ:StanceDance+1","champ:Circumvent+1"],"picked":"champ:CalledShot+1","floor":15},{"not_picked":["champ:FlashCut+1","champ:BerserkerStyle+1"],"picked":"champ:RecklessLeap+1","floor":19},{"not_picked":["champ:SetATrap+1","champ:PerfectedStrike+1"],"picked":"champ:Backstep+1","floor":20},{"not_picked":["champ:IgnorePain+1","champ:Backstep+1","champ:Endure+1"],"picked":"SKIP","floor":22},{"not_picked":["champ:PerfectedStrike+1","champ:Duel+1","champ:DefensiveShout+1"],"picked":"SKIP","floor":25},{"not_picked":["champ:BladeFlurry+1","champ:AdrenalArmor+1","champ:PreciseThrust+1"],"picked":"SKIP","floor":27},{"not_picked":["champ:GladiatorStyle+1","champ:DefensiveShout+1","champ:RisingSlash+1"],"picked":"SKIP","floor":28},{"not_picked":["champ:Haymaker+1","champ:PerfectedStrike+1","champ:RapidStrikes+1"],"picked":"SKIP","floor":29},{"not_picked":["champ:FancyFootwork+1","champ:PerfectedStrike+1","champ:FlashCut+1"],"picked":"SKIP","floor":31},{"not_picked":["champ:EnGarde+1","champ:Duel+1"],"picked":"champ:DeathBlow+1","floor":32},{"not_picked":["champ:Circumvent+1","champ:Backstep+1"],"picked":"champ:BerserkerStyle+1","floor":36},{"not_picked":["champ:Circumvent+1","champ:Encircle+1"],"picked":"champ:SwordSigil+1","floor":37},{"not_picked":["champ:GladiatorForm+1","champ:Shatter+1","champ:ShieldSlam+1"],"picked":"SKIP","floor":38},{"not_picked":["champ:BringItOn+1","champ:FanOfKnives+1","champ:PreciseThrust+1"],"picked":"SKIP","floor":40},{"not_picked":["champ:Shatter+1","champ:BladeFlurry+1","champ:Parry+1"],"picked":"SKIP","floor":45},{"not_picked":["champ:Parry+1","champ:BladeFlurry+1","champ:CheapShot+1"],"picked":"SKIP","floor":46},{"not_picked":["champ:Circumvent+1","champ:Haymaker+1","champ:GladiatorForm+1"],"picked":"SKIP","floor":47},{"not_picked":["champ:AdrenalArmor+1","champ:BringItOn+1","champ:Duel+1"],"picked":"SKIP","floor":50},{"not_picked":["champ:FanOfKnives+1","champ:Haymaker+1","champ:PreciseThrust+1"],"picked":"SKIP","floor":51}],"player_experience":2984871,"relics_obtained":[{"floor":6,"key":"trackpad:DisasterInABottle"},{"floor":7,"key":"aspiration:Lifesprig"},{"floor":10,"key":"StuffTheSpire:CocoNut"},{"floor":12,"key":"wanderingMiniBosses:CarrionFlame"},{"floor":24,"key":"reliquary:BoilingFlask"},{"floor":29,"key":"trackpad:WritersBlock"},{"floor":31,"key":"halation:EternalFortune"},{"floor":31,"key":"infinitespire:Golems Mask"},{"floor":38,"key":"halation:EternalFortune"},{"floor":40,"key":"halation:EternalFortune"},{"floor":43,"key":"CherryCoatedStake"},{"floor":45,"key":"Bottled Lightning"},{"floor":47,"key":"reliquary:RosewoodLute"}],"event_choices":[{"damage_healed":0,"gold_gain":0,"player_choice":"Simplicity","damage_taken":0,"max_hp_gain":0,"max_hp_loss":8,"event_name":"betterThird:BetterWriting","floor":1,"gold_loss":0},{"damage_healed":0,"gold_gain":0,"player_choice":"Ignored","damage_taken":0,"max_hp_gain":0,"max_hp_loss":0,"event_name":"Vampires","floor":21,"gold_loss":0},{"damage_healed":0,"gold_gain":0,"player_choice":"Ignored","damage_taken":0,"max_hp_gain":0,"max_hp_loss":0,"event_name":"Mysterious Sphere","floor":49,"gold_loss":0}],"is_beta":false,"boss_relics":[{"not_picked":["SlaversCollar","trackpad:Trackpad"],"picked":"beaked:SacredDeck"},{"not_picked":["bronze:MakeshiftBattery","halation:LoveArrow"],"picked":"halation:IncompleteEncyclopedia"}],"items_purged_floors":[12,22,22,44],"is_endless":false,"potions_floor_spawned":[3,4,6,8,9,15,25,27,31,32,33,36,37,47],"killed_by":"DF_ARCHETYPE_ORBS","ascension_level":1}}