{"host":"4nqeo0vu1vuav7gg","time":1611856100,"event":{"mods":["AchievementEnabler","BaseMod","Block Reminder","Colored Map","Colored Powertips","Highlight Path","Minty Spire (QoL Compilation)","Quick Restart","Rare Cards Sparkle","Relic Relevance Reorder","StSLib"],"gold_per_floor":[216,50,50,200,5,5,16,41,93,105,105,121,121,135,135,211,211,222,222,241,254,23,23,37,37,37],"floor_reached":25,"language":"ENG","playtime":1202,"items_purged":["Doubt","Defend_B"],"score":421,"play_id":"2507694c-a773-427f-a50f-c492de0539bc","local_time":"20210128184820","is_ascension_mode":true,"campfire_choices":[{"data":"Defragment","floor":6.0,"key":"SMITH"},{"floor":11.0,"key":"REST"},{"floor":15.0,"key":"REST"},{"floor":23.0,"key":"REST"}],"circlet_count":0,"master_deck":["AscendersBane","Defend_B","Defend_B","Defend_B","Zap","Dualcast","Doom and Gloom","Defragment+1","Reinforced Body","Genetic Algorithm","Glacier","Go for the Eyes","Rebound","Sunder","Rainbow","Barrage+1","Bite","Bite","Bite","Bite","Bite","Cold Snap","Go for the Eyes","Glacier","Static Discharge","Glacier"],"relics":["Cracked Core","Emotion Chip","Inserter","DataDisk","Bag of Marbles","Tiny Chest"],"acts_visited":["Exordium","TheCity"],"potions_floor_usage":[],"damage_taken":[{"damage":7.0,"enemies":"2 Louse","floor":1.0,"turns":2.0},{"damage":14.0,"enemies":"Jaw Worm","floor":7.0,"turns":4.0},{"damage":34.0,"enemies":"Gremlin Nob","floor":8.0,"turns":5.0},{"damage":1.0,"enemies":"Small Slimes","floor":10.0,"turns":3.0},{"damage":6.0,"enemies":"Looter","floor":12.0,"turns":3.0},{"damage":7.0,"enemies":"Red Slaver","floor":14.0,"turns":5.0},{"damage":30.0,"enemies":"Slime Boss","floor":16.0,"turns":9.0},{"damage":14.0,"enemies":"Spheric Guardian","floor":18.0,"turns":6.0},{"damage":28.0,"enemies":"2 Thieves","floor":20.0,"turns":3.0},{"damage":31.0,"enemies":"Centurion and Healer","floor":21.0,"turns":13.0},{"damage":5.0,"enemies":"Snecko","floor":24.0,"turns":4.0},{"damage":39,"enemies":"Slavers","floor":25,"turns":2}],"seed_played":"-2548073274353425081","potions_obtained":[{"floor":7.0,"key":"PotionOfCapacity"},{"floor":10.0,"key":"FearPotion"},{"floor":18.0,"key":"LiquidBronze"},{"floor":24.0,"key":"Fruit Juice"}],"is_trial":false,"path_per_floor":["M","$","?","?","$","R","M","E","T","M","R","M","?","M","R","B",null,"M","?","M","M","$","R","M","E"],"character_chosen":"DEFECT","items_purchased":["DataDisk","Defragment","Reinforced Body","Glacier","Static Discharge"],"campfire_rested":3,"item_purchase_floors":[2,5,5,22,22],"current_hp_per_floor":[57,57,57,57,57,57,43,9,9,8,29,23,23,16,37,7,55,41,41,19,12,12,26,28,0,0],"gold":37,"neow_bonus":"HUNDRED_GOLD","is_daily":false,"chose_seed":false,"campfire_upgraded":1,"win_rate":0.0,"timestamp":1611856100,"path_taken":["M","$","?","?","$","R","M","E","T","M","R","M","?","M","R","BOSS","M","?","M","M","$","R","M","E"],"items_purchased_type":["Relic","Card","Card","Card","Card"],"build_version":"2020-12-22","purchased_purges":2,"victory":false,"max_hp_per_floor":[71,71,71,71,71,71,71,71,71,71,71,71,71,71,71,71,71,71,49,49,49,49,49,54,54,54],"card_choices":[{"not_picked":["Stack","Scrape"],"picked":"Doom and Gloom","floor":1.0},{"not_picked":["Barrage","Force Field"],"picked":"Genetic Algorithm","floor":7.0},{"not_picked":["Turbo","Redo"],"picked":"Glacier","floor":8.0},{"not_picked":["Redo","Reprogram"],"picked":"Go for the Eyes","floor":10.0},{"not_picked":["Sweeping Beam","Beam Cell"],"picked":"Rebound","floor":12.0},{"not_picked":["Streamline","Compile Driver"],"picked":"Sunder","floor":14.0},{"not_picked":["Amplify","Echo Form"],"picked":"Rainbow","floor":16.0},{"not_picked":["Ball Lightning","Stack"],"picked":"Barrage+1","floor":18.0},{"not_picked":["Turbo","Redo"],"picked":"Cold Snap","floor":20.0},{"not_picked":["Hello World","Compile Driver"],"picked":"Go for the Eyes","floor":21.0},{"not_picked":["All For One","Gash"],"picked":"Glacier","floor":24.0}],"player_experience":1079673,"relics_obtained":[{"floor":8.0,"key":"Tiny Chest"},{"floor":9.0,"key":"Bag of Marbles"}],"event_choices":[{"damage_healed":0.0,"max_hp_gain":0.0,"max_hp_loss":0.0,"gold_gain":0.0,"event_name":"Shining Light","player_choice":"Ignored","floor":3.0,"gold_loss":0.0,"damage_taken":0.0},{"damage_healed":0.0,"max_hp_gain":0.0,"max_hp_loss":0.0,"gold_gain":150.0,"event_name":"Liars Game","player_choice":"AGREE","floor":4.0,"gold_loss":0.0,"damage_taken":0.0,"cards_obtained":["Doubt"]},{"damage_healed":0.0,"max_hp_gain":0.0,"max_hp_loss":0.0,"gold_gain":0.0,"event_name":"Dead Adventurer","player_choice":"Searched \u00271\u0027 times","floor":13.0,"gold_loss":0.0,"damage_taken":0.0,"relics_obtained":["Emotion Chip"]},{"damage_healed":0.0,"max_hp_gain":0.0,"max_hp_loss":22.0,"gold_gain":0.0,"event_name":"Vampires","player_choice":"Became a vampire","floor":19.0,"gold_loss":0.0,"damage_taken":0.0,"cards_obtained":["Bite","Bite","Bite","Bite","Bite"]}],"is_beta":false,"boss_relics":[{"not_picked":["Cursed Key","Runic Dome"],"picked":"Inserter"}],"items_purged_floors":[5,22],"is_endless":false,"potions_floor_spawned":[7,10,18,24],"killed_by":"Slavers","ascension_level":19}}