{"host":"k7udt7atmcuzf6l0","time":1611842039,"event":{"mods":["AchievementEnabler","BaseMod","BetterRewards","Colored Map","Colored Powertips","Highlight Path","Minty Spire (QoL Compilation)","Quick Restart","Rare Cards Sparkle","Relic Stats","StSLib","UnlockEverythingMod"],"gold_per_floor":[111,126,102,119,131,164,181,181,204,204,204,238,254,100,100,196,196,214,227,227,26,51,84,84,154,177,276,42,68,68,100,100,200,200,210,210,2,16,28,58,58,70,70,70,84,94,125,136,136,136],"floor_reached":51,"language":"ZHS","playtime":1471,"items_purged":[],"score":830,"play_id":"dde766d2-b484-493f-8792-c8ffbb300de1","local_time":"20210128215359","is_ascension_mode":false,"campfire_choices":[{"data":"Flex","floor":8.0,"key":"SMITH"},{"data":"Armaments","floor":10.0,"key":"SMITH"},{"data":"Infernal Blade","floor":15.0,"key":"SMITH"},{"data":"Rupture","floor":24.0,"key":"SMITH"},{"data":"Rage","floor":30.0,"key":"SMITH"},{"data":"Whirlwind","floor":32,"key":"SMITH"},{"data":"Berserk","floor":41,"key":"SMITH"},{"data":"Shockwave","floor":44,"key":"SMITH"},{"data":"Warcry","floor":49,"key":"SMITH"}],"circlet_count":0,"master_deck":["Strike_R","Strike_R","Strike_R","Strike_R","Strike_R","Defend_R+1","Defend_R","Defend_R+1","Defend_R","Bash","Flex+1","Thunderclap","Warcry+1","Clash","Brutality+1","Armaments+1","Whirlwind+1","Infernal Blade+1","Reaper","Rampage+1","Rage+1","Necronomicurse","Shockwave+1","Rupture+1","Battle Trance","Berserk+1","True Grit+1","Seeing Red","Sword Boomerang","Flex+1","Seeing Red+1","Clash+1","Anger+1","Pommel Strike+1","Intimidate+1"],"relics":["Burning Blood","NeowsBlessing","Tiny Chest","Oddly Smooth Stone","Red Skull","Chemical X","Runic Cube","Necronomicon","Red Mask","Art of War","Self Forming Clay","Akabeko","Membership Card","Blood Vial","Potion Belt","War Paint","SlaversCollar","Du-Vu Doll","Dream Catcher","Strawberry","Bottled Flame","Charon\u0027s Ashes","Molten Egg 2"],"acts_visited":["Exordium","TheCity","TheBeyond"],"potions_floor_usage":[47,47,50],"damage_taken":[{"damage":0.0,"enemies":"Small Slimes","floor":1.0,"turns":1.0},{"damage":0.0,"enemies":"2 Louse","floor":2.0,"turns":1.0},{"damage":0.0,"enemies":"Jaw Worm","floor":4.0,"turns":1.0},{"damage":0.0,"enemies":"Large Slime","floor":5.0,"turns":3.0},{"damage":4.0,"enemies":"Gremlin Nob","floor":6.0,"turns":3.0},{"damage":10.0,"enemies":"3 Louse","floor":7.0,"turns":3.0},{"damage":22.0,"enemies":"Lagavulin","floor":12.0,"turns":5.0},{"damage":6.0,"enemies":"Looter","floor":13.0,"turns":3.0},{"damage":52.0,"enemies":"The Guardian","floor":16.0,"turns":8.0},{"damage":16.0,"enemies":"2 Thieves","floor":18.0,"turns":3.0},{"damage":4.0,"enemies":"3 Byrds","floor":19.0,"turns":4.0},{"damage":7.0,"enemies":"Masked Bandits","floor":22.0,"turns":2.0},{"damage":39.0,"enemies":"Slavers","floor":23.0,"turns":6.0},{"damage":4.0,"enemies":"Book of Stabbing","floor":31.0,"turns":3.0},{"damage":61,"enemies":"Automaton","floor":33,"turns":7},{"damage":30,"enemies":"3 Darklings","floor":35,"turns":3},{"damage":13,"enemies":"Orb Walker","floor":38,"turns":3},{"damage":16,"enemies":"Writhing Mass","floor":39,"turns":5},{"damage":3,"enemies":"Giant Head","floor":40,"turns":4},{"damage":0,"enemies":"Jaw Worm Horde","floor":42,"turns":1},{"damage":9,"enemies":"4 Shapes","floor":45,"turns":1},{"damage":4,"enemies":"Transient","floor":46,"turns":5},{"damage":0,"enemies":"Nemesis","floor":47,"turns":1},{"damage":9,"enemies":"Sphere and 2 Shapes","floor":48,"turns":1},{"damage":24,"enemies":"Awakened One","floor":50,"turns":6}],"seed_played":"-2451267016930358908","potions_obtained":[{"floor":1.0,"key":"DuplicationPotion"},{"floor":4.0,"key":"SkillPotion"},{"floor":5.0,"key":"Fire Potion"},{"floor":18.0,"key":"SkillPotion"},{"floor":33,"key":"LiquidMemories"},{"floor":35,"key":"DuplicationPotion"},{"floor":38,"key":"LiquidMemories"},{"floor":39,"key":"SteroidPotion"},{"floor":45,"key":"HeartOfIron"}],"is_trial":false,"path_per_floor":["M","M","$","M","M","E","M","R","T","R","?","E","M","$","R","B",null,"M","M","?","$","?","E","R","T","T","?","$","T","R","E","R","B",null,"M","T","$","M","M","E","R","M","T","R","M","M","E","M","R","B",null],"character_chosen":"IRONCLAD","items_purchased":["Warcry","Chemical X","Shockwave","Rupture","Strength Potion","Membership Card","Blood Vial","Dream Catcher","Strawberry","Seeing Red","Sword Boomerang"],"campfire_rested":0,"item_purchase_floors":[3,14,21,21,21,28,28,37,37,37,37],"current_hp_per_floor":[80,80,80,80,80,80,76,76,76,76,76,60,60,60,60,14,80,70,80,64,64,80,75,75,75,75,75,75,75,75,79,79,25,80,80,80,87,87,77,82,82,87,87,87,84,87,87,84,84,68],"gold":136,"neow_bonus":"THREE_ENEMY_KILL","is_daily":false,"chose_seed":false,"campfire_upgraded":9,"win_rate":0.0,"timestamp":1611842039,"path_taken":["M","M","$","M","M","E","M","R","T","R","?","E","M","$","R","BOSS","M","M","?","$","?","E","R","?","T","?","?","?","R","E","R","BOSS","M","?","$","M","?","E","R","M","T","R","M","M","E","M","R","BOSS"],"items_purchased_type":["Card","Relic","Card","Card","Potion","Relic","Relic","Relic","Relic","Card","Card"],"build_version":"2020-12-22","purchased_purges":0,"victory":true,"max_hp_per_floor":[80,80,80,80,80,80,80,80,80,80,80,80,80,80,80,80,80,80,80,80,80,80,80,80,80,80,80,80,80,80,80,80,80,80,80,80,87,87,87,87,87,87,87,87,87,87,87,87,87,87],"relic_stats":{"counters":[25,83],"Self Forming Clay":[105],"Charon\u0027s Ashes":[45],"War Paint":["Defend_R","Defend_R"],"Burning Blood":87,"Blood Vial":11,"Dream Catcher":0,"Tiny Chest":2,"Necronomicon":[23],"Art of War":[1],"Chemical X":[28],"obtain_stats":[{"Potion Belt":29,"NeowsBlessing":0,"Self Forming Clay":25,"Oddly Smooth Stone":9,"Charon\u0027s Ashes":43,"War Paint":31,"Burning Blood":0,"Akabeko":26,"Blood Vial":28,"Du-Vu Doll":36,"SlaversCollar":34,"Dream Catcher":37,"Bottled Flame":40,"Strawberry":37,"Tiny Chest":6,"Molten Egg 2":47,"Necronomicon":20,"Red Mask":22,"Art of War":23,"Chemical X":14,"Membership Card":28,"Red Skull":12,"Runic Cube":17},{"Potion Belt":13,"NeowsBlessing":0,"Self Forming Clay":13,"Oddly Smooth Stone":6,"Charon\u0027s Ashes":20,"War Paint":14,"Burning Blood":0,"Akabeko":13,"Blood Vial":13,"Du-Vu Doll":16,"SlaversCollar":15,"Dream Catcher":16,"Bottled Flame":19,"Strawberry":16,"Tiny Chest":5,"Molten Egg 2":23,"Necronomicon":11,"Red Mask":12,"Art of War":13,"Chemical X":8,"Membership Card":13,"Red Skull":7,"Runic Cube":9},{"Potion Belt":43,"NeowsBlessing":0,"Self Forming Clay":43,"Oddly Smooth Stone":12,"Charon\u0027s Ashes":69,"War Paint":46,"Burning Blood":0,"Akabeko":43,"Blood Vial":43,"Du-Vu Doll":56,"SlaversCollar":53,"Dream Catcher":56,"Bottled Flame":68,"Strawberry":56,"Tiny Chest":9,"Molten Egg 2":76,"Necronomicon":35,"Red Mask":37,"Art of War":43,"Chemical X":20,"Membership Card":43,"Red Skull":17,"Runic Cube":28}],"Runic Cube":[71]},"card_choices":[{"not_picked":["Rupture","Perfected Strike"],"picked":"Flex","floor":1.0},{"not_picked":["Dark Embrace","Clothesline"],"picked":"Thunderclap","floor":2.0},{"not_picked":["Thunderclap","Headbutt"],"picked":"Clash","floor":4.0},{"not_picked":["Rampage","Iron Wave","Second Wind"],"picked":"SKIP","floor":5.0},{"not_picked":["Flex","Blood for Blood"],"picked":"Brutality","floor":6.0},{"not_picked":["Heavy Blade","Flex"],"picked":"Armaments","floor":7.0},{"not_picked":["Double Tap","Feed"],"picked":"Whirlwind","floor":12.0},{"not_picked":["Armaments","Sentinel"],"picked":"Infernal Blade","floor":13.0},{"not_picked":["Brutality","Immolate"],"picked":"Reaper","floor":16.0},{"not_picked":["Hemokinesis","Searing Blow"],"picked":"Rampage+1","floor":18.0},{"not_picked":["Sentinel+1","Pommel Strike"],"picked":"Rage","floor":19.0},{"not_picked":["Combust","Carnage"],"picked":"Battle Trance","floor":23.0},{"not_picked":["Fiend Fire","Immolate","True Grit"],"picked":"SKIP","floor":31},{"not_picked":["Offering","Exhume"],"picked":"Berserk","floor":33},{"not_picked":["Shrug It Off+1","Clothesline+1"],"picked":"True Grit+1","floor":35},{"not_picked":["Warcry","Wild Strike","Body Slam"],"picked":"SKIP","floor":38},{"not_picked":["Flame Barrier","Twin Strike"],"picked":"Flex+1","floor":39},{"not_picked":["Juggernaut","Reckless Charge"],"picked":"Seeing Red+1","floor":40},{"not_picked":["Iron Wave","Havoc","Anger"],"picked":"SKIP","floor":42},{"not_picked":["Sword Boomerang","Dark Embrace"],"picked":"Clash+1","floor":45},{"not_picked":["Iron Wave","Bludgeon"],"picked":"Anger+1","floor":46},{"not_picked":["Berserk","Cleave+1"],"picked":"Pommel Strike+1","floor":47},{"not_picked":["Sentinel+1","Sword Boomerang+1"],"picked":"Intimidate+1","floor":48}],"player_experience":13631,"relics_obtained":[{"floor":6.0,"key":"Tiny Chest"},{"floor":9.0,"key":"Oddly Smooth Stone"},{"floor":12.0,"key":"Red Skull"},{"floor":20.0,"key":"Necronomicon"},{"floor":22.0,"key":"Red Mask"},{"floor":23.0,"key":"Art of War"},{"floor":25.0,"key":"Self Forming Clay"},{"floor":26.0,"key":"Akabeko"},{"floor":29.0,"key":"Potion Belt"},{"floor":31,"key":"War Paint"},{"floor":36,"key":"Du-Vu Doll"},{"floor":40,"key":"Bottled Flame"},{"floor":43,"key":"Charon\u0027s Ashes"},{"floor":47,"key":"Molten Egg 2"}],"event_choices":[{"damage_healed":0.0,"max_hp_gain":0.0,"max_hp_loss":0.0,"gold_gain":0.0,"event_name":"Living Wall","player_choice":"Grow","floor":11.0,"gold_loss":0.0,"damage_taken":0.0,"cards_upgraded":["Brutality"]},{"damage_healed":0.0,"max_hp_gain":0.0,"max_hp_loss":0.0,"gold_gain":0.0,"event_name":"Cursed Tome","player_choice":"Obtained Book","floor":20.0,"gold_loss":0.0,"damage_taken":16.0},{"damage_healed":0.0,"max_hp_gain":0.0,"max_hp_loss":0.0,"gold_gain":0.0,"event_name":"Masked Bandits","player_choice":"Fought Bandits","floor":22.0,"gold_loss":0.0,"damage_taken":0.0},{"damage_healed":0.0,"max_hp_gain":0.0,"max_hp_loss":0.0,"gold_gain":99.0,"event_name":"Nest","player_choice":"Stole From Cult","floor":27.0,"gold_loss":0.0,"damage_taken":0.0}],"is_beta":false,"boss_relics":[{"not_picked":["Cursed Key","Busted Crown"],"picked":"Runic Cube"},{"not_picked":["Snecko Eye","Runic Dome"],"picked":"SlaversCollar"}],"items_purged_floors":[],"is_endless":false,"potions_floor_spawned":[1,4,5,18,33,35,38,39,45],"ascension_level":0}}