{"host":"n9lc5i44t98l6pio","time":1611832811,"event":{"mods":["BaseMod","Curses Come First","Downfall","Minty Spire (QoL Compilation)","Replay The Spire","Say the Spire","StSLib"],"gold_per_floor":[110,127,127,137,153,188,188,188,214,255,255,277,277,302,302,415,415,447,447,457,457],"floor_reached":20,"language":"ENG","playtime":761,"items_purged":[],"score":193,"play_id":"8e0c8d8b-78dd-4cbe-b897-57bba9487052","local_time":"20210128122011","is_ascension_mode":true,"campfire_choices":[{"floor":8,"key":"REST"},{"floor":11,"key":"RECALL"},{"data":"ReplayTheSpireMod:Limb From Limb","floor":13,"key":"SMITH"},{"floor":15,"key":"REST"}],"circlet_count":0,"master_deck":["Strike_R","Strike_R","Strike_R","Strike_R","Strike_R","Defend_R","Defend_R","Defend_R","Defend_R","Bash","Mayhem","Cleave","Thunderclap","ReplayTheSpireMod:Limb From Limb+1","Perfected Strike","Uppercut","Regret","Replay:Undeath\u0027s Touch","Shrug It Off","Shrug It Off","Limit Break","Perfected Strike"],"relics":["Burning Blood","ReplayTheSpireMod:TigerMarble","Replay:Bandana","Omamori","Replay:Bottled Flurry","Runic Pyramid"],"acts_visited":["Exordium","TheCity"],"potions_floor_usage":[6,6,18,18],"damage_taken":[{"damage":2,"enemies":"Small Slimes","floor":1,"turns":5},{"damage":8,"enemies":"2 Louse","floor":2,"turns":3},{"damage":13,"enemies":"Jaw Worm","floor":4,"turns":3},{"damage":8,"enemies":"Large Slime","floor":5,"turns":5},{"damage":36,"enemies":"Gremlin Nob","floor":6,"turns":5},{"damage":11,"enemies":"Lagavulin","floor":10,"turns":4},{"damage":10,"enemies":"Looter","floor":12,"turns":2},{"damage":6,"enemies":"Blue Slaver","floor":14,"turns":2},{"damage":59,"enemies":"The Guardian","floor":16,"turns":13},{"damage":17,"enemies":"3 Byrds","floor":18,"turns":6},{"damage":51,"enemies":"Shell Parasite","floor":20,"turns":5}],"seed_played":"-6356028897646873324","potions_obtained":[{"floor":1,"key":"AttackPotion"},{"floor":5,"key":"ColorlessPotion"},{"floor":6,"key":"Block Potion"},{"floor":10,"key":"Guardian:BlockOnCardUsePotion"},{"floor":12,"key":"Milkshake"},{"floor":18,"key":"Venom Potion"}],"is_trial":false,"path_per_floor":["M","M","?","M","M","E","?","R","T","E","R","M","R","M","R","B",null,"M","?","M"],"character_chosen":"IRONCLAD","items_purchased":[],"campfire_rested":2,"item_purchase_floors":[],"current_hp_per_floor":[72,70,70,63,61,31,31,52,52,47,47,43,43,43,64,11,72,61,48,0,0],"gold":457,"neow_bonus":"RANDOM_COLORLESS_2","is_daily":false,"chose_seed":false,"campfire_upgraded":1,"win_rate":0.0,"timestamp":1611832811,"path_taken":["M","M","?","M","M","E","?","R","T","E","R","M","R","M","R","BOSS","M","?","M"],"items_purchased_type":[],"build_version":"2020-12-22","purchased_purges":0,"victory":false,"max_hp_per_floor":[72,72,72,72,72,72,72,72,72,72,72,72,72,72,72,72,72,72,77,77,77],"card_choices":[{"not_picked":["Transmutation","Thinking Ahead"],"picked":"Mayhem","floor":0},{"not_picked":["Pommel Strike","Sever Soul"],"picked":"Cleave","floor":1},{"not_picked":["Burning Pact","Disarm"],"picked":"Thunderclap","floor":2},{"not_picked":["Replay:Undeath\u0027s Touch","True Grit"],"picked":"ReplayTheSpireMod:Limb From Limb","floor":4},{"not_picked":["Thunderclap","ReplayTheSpireMod:Strike From Hell"],"picked":"Perfected Strike","floor":5},{"not_picked":["ReplayTheSpireMod:Strike From Hell","Replay:Undeath\u0027s Touch"],"picked":"Uppercut","floor":6},{"not_picked":["ReplayTheSpireMod:Strike From Hell","Havoc"],"picked":"Replay:Undeath\u0027s Touch","floor":10},{"not_picked":["Perfected Strike","Corruption"],"picked":"Shrug It Off","floor":12},{"not_picked":["Run Through","Warcry"],"picked":"Shrug It Off","floor":14},{"not_picked":["Juggernaut","Corruption"],"picked":"Limit Break","floor":16},{"not_picked":["Reckless Charge+1","Wild Strike"],"picked":"Perfected Strike","floor":18}],"player_experience":220483,"relics_obtained":[{"floor":6,"key":"ReplayTheSpireMod:TigerMarble"},{"floor":9,"key":"Omamori"},{"floor":10,"key":"Replay:Bottled Flurry"}],"event_choices":[{"damage_healed":0,"gold_gain":0,"player_choice":"Leave","damage_taken":0,"max_hp_gain":0,"max_hp_loss":0,"event_name":"The Cleric","floor":3,"gold_loss":0},{"damage_healed":0,"gold_gain":0,"player_choice":"Box","damage_taken":0,"relics_obtained":["Replay:Bandana"],"max_hp_gain":0,"max_hp_loss":0,"event_name":"Big Fish","floor":7,"gold_loss":0,"cards_obtained":["Regret"]},{"damage_healed":0,"gold_gain":0,"player_choice":"Shed Blood","damage_taken":18,"max_hp_gain":5,"max_hp_loss":0,"event_name":"Forgotten Altar","floor":19,"gold_loss":0}],"is_beta":false,"boss_relics":[{"not_picked":["bronze:MakeshiftBattery","Painkiller Herb"],"picked":"Runic Pyramid"}],"items_purged_floors":[],"is_endless":false,"potions_floor_spawned":[1,5,6,10,12,18],"killed_by":"Shell Parasite","ascension_level":1}}