{"host":"h1ba9qculgt1zycs","time":1611792864,"event":{"mods":["BaseMod","Hermit","Minty Spire (QoL Compilation)","Remove Card Discount Mod","StSLib","The Cursed"],"gold_per_floor":[111,111,131,0,16,45,45,65,65,75,0,0,0,16,16,118,118,134,153,153,169,169,169,66,82,154,169,202,202,218,246,246,341,341,360,710,726,736,736,763,763,798,870,870,890,674,674,690,690,690,690],"floor_reached":50,"language":"ENG","playtime":3269,"items_purged":["Strike_G","Strike_G","Strike_G","Strike_G","Defend_G","Defend_G","Defend_G","Defend_G","Defend_G","Survivor","Predator"],"score":733,"play_id":"c3543589-b316-4bdb-9b2f-79ab48dec070","local_time":"20210128011424","is_ascension_mode":true,"campfire_choices":[{"data":"Die Die Die","floor":7,"key":"SMITH"},{"floor":12,"key":"REST"},{"floor":15,"key":"REST"},{"floor":23,"key":"REST"},{"floor":29,"key":"REST"},{"floor":32,"key":"REST"},{"data":"Phantasmal Killer","floor":41,"key":"SMITH"},{"floor":44,"key":"REST"},{"floor":49,"key":"REST"}],"circlet_count":0,"master_deck":["Neutralize","Grand Finale","Acrobatics+1","Infinite Blades","Infinite Blades","Die Die Die+1","Doppelganger","Prepared","Accuracy","Venomology","Reflex","Dagger Throw","Accuracy","Reflex","Masterful Stab","Unload","Backstab","Adrenaline","Phantasmal Killer+1","Accuracy","Blade Dance","Well Laid Plans","Backstab","Tactician+1","Accuracy","Accuracy"],"relics":["Ring of the Snake","Blood Vial","Sundial","HoveringKite","StrikeDummy","Pantograph","Old Coin","Ice Cream","Bird Faced Urn","Singing Bowl","Lantern"],"acts_visited":["Exordium","TheCity","TheBeyond"],"potions_floor_usage":[6,14,16,16,21,28,28,28,30,30,31,33,35,35,36,38,38,38,40,42,45,48],"damage_taken":[{"damage":0,"enemies":"2 Louse","floor":1,"turns":4},{"damage":6,"enemies":"Cultist","floor":3,"turns":5},{"damage":12,"enemies":"Jaw Worm","floor":5,"turns":4},{"damage":22,"enemies":"3 Sentries","floor":6,"turns":6},{"damage":26,"enemies":"Exordium Thugs","floor":8,"turns":5},{"damage":0,"enemies":"3 Louse","floor":10,"turns":1},{"damage":3,"enemies":"Blue Slaver","floor":14,"turns":4},{"damage":49,"enemies":"Hexaghost","floor":16,"turns":10},{"damage":25,"enemies":"Spheric Guardian","floor":18,"turns":4},{"damage":12,"enemies":"Chosen","floor":19,"turns":3},{"damage":30,"enemies":"Sentry and Sphere","floor":21,"turns":5},{"damage":0,"enemies":"Snake Plant","floor":25,"turns":2},{"damage":0,"enemies":"Centurion and Healer","floor":27,"turns":2},{"damage":28,"enemies":"Book of Stabbing","floor":28,"turns":3},{"damage":8,"enemies":"Cultist and Chosen","floor":30,"turns":3},{"damage":6,"enemies":"Gremlin Leader","floor":31,"turns":3},{"damage":47,"enemies":"Champ","floor":33,"turns":4},{"damage":19,"enemies":"3 Darklings","floor":35,"turns":3},{"damage":34,"enemies":"Mind Bloom Boss Battle","floor":36,"turns":3},{"damage":28,"enemies":"3 Shapes","floor":37,"turns":3},{"damage":13,"enemies":"Spire Growth","floor":38,"turns":2},{"damage":13,"enemies":"Giant Head","floor":40,"turns":4},{"damage":45,"enemies":"Nemesis","floor":42,"turns":3},{"damage":10,"enemies":"3 Darklings","floor":45,"turns":3},{"damage":33,"enemies":"Sphere and 2 Shapes","floor":48,"turns":4},{"damage":88,"enemies":"Time Eater","floor":50,"turns":3}],"seed_played":"4492697519850358812","potions_obtained":[{"floor":3,"key":"Dexterity Potion"},{"floor":5,"key":"Poison Potion"},{"floor":10,"key":"Explosive Potion"},{"floor":14,"key":"Poison Potion"},{"floor":16,"key":"FearPotion"},{"floor":25,"key":"Energy Potion"},{"floor":30,"key":"Ancient Potion"},{"floor":33,"key":"Poison Potion"},{"floor":35,"key":"Fruit Juice"},{"floor":38,"key":"SpeedPotion"},{"floor":40,"key":"FearPotion"}],"is_trial":false,"path_per_floor":["M","?","M","$","M","E","R","M","T","M","$","R","$","M","R","B",null,"M","M","$","M","?","R","$","M","T","M","E","R","M","E","R","B",null,"M","?","M","M","?","E","R","E","T","R","M","$","?","M","R","B"],"character_chosen":"THE_SILENT","items_purchased":["Die Die Die","Accuracy","Reflex","Accuracy","Lantern"],"campfire_rested":7,"item_purchase_floors":[4,11,24,46,46],"current_hp_per_floor":[70,70,64,64,52,30,30,6,6,8,8,29,29,28,49,2,70,45,35,35,7,7,28,28,30,30,32,6,27,21,17,38,18,70,56,41,15,4,4,58,58,15,15,36,36,36,36,23,44,0,0],"gold":690,"neow_bonus":"ONE_RANDOM_RARE_CARD","is_daily":false,"chose_seed":false,"campfire_upgraded":2,"win_rate":0.0,"timestamp":1611792864,"path_taken":["M","?","M","$","M","E","R","?","T","?","$","R","?","?","R","BOSS","M","M","$","M","?","R","?","M","T","?","E","R","M","E","R","BOSS","M","?","M","M","?","E","R","E","T","R","M","$","?","M","R","BOSS"],"items_purchased_type":["Card","Card","Card","Card","Relic"],"build_version":"2020-12-22","purchased_purges":11,"victory":false,"max_hp_per_floor":[70,70,70,70,70,70,70,70,70,70,70,70,70,70,70,70,70,70,70,70,70,70,70,70,70,70,70,70,70,70,70,70,70,70,75,75,75,75,71,71,71,71,71,71,71,71,71,73,73,73,73],"card_choices":[{"not_picked":["Skewer","Deadly Poison"],"picked":"Acrobatics","floor":1},{"not_picked":["Cloak And Dagger","Infinite Blades","Bane"],"picked":"SKIP","floor":3},{"not_picked":["Cloak And Dagger","Bane"],"picked":"Infinite Blades","floor":3},{"not_picked":["Blur","Slice","Riddle With Holes"],"picked":"SKIP","floor":5},{"not_picked":["Sucker Punch","Bullet Time"],"picked":"Doppelganger","floor":6},{"not_picked":["Well Laid Plans","PiercingWail"],"picked":"Prepared","floor":8},{"not_picked":["Deadly Poison","Well Laid Plans"],"picked":"Predator","floor":10},{"not_picked":["Dash","Dodge and Roll","Poisoned Stab"],"picked":"SKIP","floor":14},{"not_picked":["Die Die Die","Malaise"],"picked":"Venomology","floor":16},{"not_picked":["Dodge and Roll+1","Catalyst"],"picked":"Reflex","floor":18},{"not_picked":["Outmaneuver","Blade Dance"],"picked":"Dagger Throw","floor":19},{"not_picked":["Backflip","Prepared"],"picked":"Accuracy","floor":21},{"not_picked":["Dodge and Roll","Sucker Punch","PiercingWail"],"picked":"SKIP","floor":25},{"not_picked":["Reflex","Quick Slash"],"picked":"Masterful Stab","floor":27},{"not_picked":["Dagger Spray","Setup"],"picked":"Unload","floor":28},{"not_picked":["Blade Dance","Slice"],"picked":"Backstab","floor":30},{"not_picked":["Sucker Punch+1","Dodge and Roll"],"picked":"Adrenaline","floor":31},{"not_picked":["Unload","A Thousand Cuts"],"picked":"Phantasmal Killer","floor":33},{"not_picked":["Outmaneuver+1","Sucker Punch","Quick Slash+1"],"picked":"SKIP","floor":35},{"not_picked":["Masterful Stab+1","Cloak And Dagger+1"],"picked":"Accuracy","floor":36},{"not_picked":["Backflip+1","Sucker Punch"],"picked":"Blade Dance","floor":37},{"not_picked":["Backflip","Leg Sweep+1"],"picked":"Well Laid Plans","floor":38},{"not_picked":["Underhanded Strike","Terror"],"picked":"Backstab","floor":40},{"not_picked":["Blade Dance","Venomology"],"picked":"Tactician+1","floor":42},{"not_picked":["Dodge and Roll","Prepared"],"picked":"Accuracy","floor":45},{"not_picked":["Footwork+1","Heel Hook+1","Deflect+1"],"picked":"Singing Bowl","floor":48}],"player_experience":284950,"relics_obtained":[{"floor":6,"key":"Blood Vial"},{"floor":9,"key":"Sundial"},{"floor":28,"key":"StrikeDummy"},{"floor":31,"key":"Pantograph"},{"floor":36,"key":"Old Coin"},{"floor":40,"key":"Ice Cream"},{"floor":42,"key":"Bird Faced Urn"},{"floor":43,"key":"Singing Bowl"}],"event_choices":[{"damage_healed":0,"gold_gain":0,"player_choice":"Upgraded","damage_taken":0,"max_hp_gain":0,"max_hp_loss":0,"event_name":"Upgrade Shrine","floor":2,"gold_loss":0,"cards_upgraded":["Acrobatics"]},{"cards_removed":["Strike_G"],"damage_healed":0,"gold_gain":0,"player_choice":"Elegance","damage_taken":0,"max_hp_gain":0,"max_hp_loss":0,"event_name":"Back to Basics","floor":22,"gold_loss":0},{"damage_healed":0,"gold_gain":0,"player_choice":"Fight","damage_taken":0,"max_hp_gain":0,"max_hp_loss":0,"event_name":"MindBloom","floor":36,"gold_loss":0},{"damage_healed":0,"gold_gain":0,"player_choice":"Max HP","damage_taken":0,"max_hp_gain":0,"max_hp_loss":4,"event_name":"Winding Halls","floor":39,"gold_loss":0},{"damage_healed":0,"gold_gain":0,"player_choice":"Ignored","damage_taken":0,"max_hp_gain":0,"max_hp_loss":0,"event_name":"Tomb of Lord Red Mask","floor":47,"gold_loss":0}],"is_beta":false,"boss_relics":[{"not_picked":["Ectoplasm","Tiny House"],"picked":"HoveringKite"},{"not_picked":["Velvet Choker","Snecko Eye","Astrolabe"]}],"items_purged_floors":[24,24,24,24,24,24,24,24,24,24,24],"is_endless":false,"potions_floor_spawned":[3,5,10,14,16,19,25,30,33,35,38,40,42],"killed_by":"Time Eater","ascension_level":4}}