{"host":"8d3fefv2347kqkpz","time":1611827028,"event":{"mods":["AchievementEnabler","Act Like it!","Aspiration","BaseMod","Better Vampires","Colored Map","Colored Powertips","Conspire","GifTheSpireLib","Highlight Path","Hubris","Mimic Mod","Minty Spire (QoL Compilation)","Quick Restart","Rare Cards Sparkle","Relic Stats","Replay The Spire","Spicy Shops","StSLib","The Jungle","Waifu the Spire"],"gold_per_floor":[13,13,88,88,106,132,132,146,201,201,221,248,248,262,262,262,262],"floor_reached":16,"language":"ZHS","playtime":496,"items_purged":[],"score":110,"play_id":"a65cf59f-ff0c-4a2a-9e82-3432afca0eb3","local_time":"20210128174348","is_ascension_mode":false,"campfire_choices":[{"floor":7,"key":"REST"},{"data":"Footwork","floor":10,"key":"SMITH"},{"data":"Bullet Time","floor":13,"key":"SMITH"},{"floor":15,"key":"REST"}],"circlet_count":0,"master_deck":["Strike_G+1","Strike_G","Strike_G","Strike_G","Strike_G+1","Defend_G","Defend_G","Defend_G","Defend_G","Defend_G","Survivor","Neutralize","Bullet Time+1","Footwork+1","Dagger Spray","After Image+1"],"relics":["Ring of the Snake","hubris:Towel","Mercury Hourglass","Golden Egg","Simple Rune","Bottled Tornado"],"acts_visited":["Exordium"],"potions_floor_usage":[12],"damage_taken":[{"damage":2,"enemies":"Small Slimes","floor":1,"turns":4},{"damage":0,"enemies":"conspire:RoseBush","floor":5,"turns":3},{"damage":19,"enemies":"Replay:BlueRogue","floor":6,"turns":8},{"damage":0,"enemies":"Cultist","floor":8,"turns":4},{"damage":4,"enemies":"Exordium Thugs","floor":11,"turns":5},{"damage":5,"enemies":"3 Sentries","floor":12,"turns":5},{"damage":5,"enemies":"conspire:2 RoseBushes","floor":14,"turns":5},{"damage":14,"enemies":"Slime Boss","floor":16,"turns":5}],"seed_played":"-1043872324848074308","potions_obtained":[{"floor":6,"key":"Languid Potion"},{"floor":8,"key":"Swift Potion"},{"floor":14,"key":"Block Potion"}],"is_trial":false,"path_per_floor":["M","?","?","?","M","E","R","M","T","R","M","E","R","M","R","B"],"character_chosen":"THE_SILENT","items_purchased":[],"campfire_rested":2,"item_purchase_floors":[],"current_hp_per_floor":[68,68,57,57,57,38,59,59,59,59,55,50,50,45,66,52,52],"gold":262,"neow_bonus":"THREE_RARE_CARDS","is_daily":false,"chose_seed":false,"campfire_upgraded":2,"win_rate":0.0,"timestamp":1611827028,"path_taken":["M","?","?","?","M","E","R","M","T","R","M","E","R","M","R","BOSS"],"items_purchased_type":[],"build_version":"2020-12-22","purchased_purges":0,"victory":false,"max_hp_per_floor":[70,70,70,70,70,70,70,70,70,70,70,70,70,70,70,70,70],"relic_stats":{"counters":[8,39],"obtain_stats":[{"Golden Egg":6,"Simple Rune":9,"hubris:Towel":2,"Bottled Tornado":12,"Ring of the Snake":0,"Mercury Hourglass":4},{"Golden Egg":3,"Simple Rune":4,"hubris:Towel":1,"Bottled Tornado":6,"Ring of the Snake":0,"Mercury Hourglass":1},{"Golden Egg":15,"Simple Rune":19,"hubris:Towel":4,"Bottled Tornado":29,"Ring of the Snake":0,"Mercury Hourglass":4}],"Ring of the Snake":[16],"Mercury Hourglass":[131]},"card_choices":[{"not_picked":["Atom Bomb","Envenom"],"picked":"Bullet Time","floor":0},{"not_picked":["Dagger Throw","Underhanded Strike"],"picked":"Outmaneuver","floor":1},{"not_picked":["Backflip","Flying Knee","Hidden Blade"],"picked":"SKIP","floor":5},{"not_picked":["Leg Sweep","Cloak And Dagger"],"picked":"Footwork","floor":6},{"not_picked":["Die Die Die","Poisoned Stab"],"picked":"Dagger Spray","floor":8},{"not_picked":["Bane","Hidden Blade","Underhanded Strike"],"picked":"SKIP","floor":11},{"not_picked":["Flying Knee","Setup"],"picked":"After Image","floor":12},{"not_picked":["Prepared","Dodge and Roll","Backflip"],"picked":"SKIP","floor":14}],"player_experience":215123,"relics_obtained":[{"floor":6,"key":"Golden Egg"},{"floor":9,"key":"Simple Rune"},{"floor":12,"key":"Bottled Tornado"}],"event_choices":[{"damage_healed":0,"gold_gain":75,"player_choice":"Gather Gold","damage_taken":11,"max_hp_gain":0,"max_hp_loss":0,"event_name":"World of Goop","floor":3,"gold_loss":0},{"cards_removed":["Outmaneuver"],"damage_healed":0,"gold_gain":0,"player_choice":"Gave Card","damage_taken":0,"relics_obtained":["Mercury Hourglass"],"max_hp_gain":0,"max_hp_loss":0,"event_name":"WeMeetAgain","floor":4,"gold_loss":0}],"is_beta":false,"boss_relics":[],"items_purged_floors":[],"is_endless":false,"potions_floor_spawned":[6,8,14],"killed_by":"Slime Boss","ascension_level":0}}