{"host":"tl3n8idhzo2mohle","time":1611837794,"event":{"mods":["BaseMod","Colored Powertips","Downfall","Good Game Mod","Minty Spire (QoL Compilation)","StSLib","noobMod"],"gold_per_floor":[99,99,99,99,99,124,149,59,90,90,105,134,153,153,171,275,275,275,295,295,310,310,342,342,42,76,76,92,109,109,194,205,303,303,303,319,333,422,435,451,451,478,495,506,540,540,540,551,563,563,563,590,42,42,42,42],"floor_reached":57,"language":"ZHS","playtime":3520,"items_purged":["Guardian:Defend_Guardian","Guardian:Defend_Guardian","downfall:Bewildered"],"score":1607,"play_id":"0158900e-ce82-4c96-b47f-cdfb0dc95154","local_time":"20210128204314","is_ascension_mode":true,"campfire_choices":[{"floor":1.0,"key":"RECALL"},{"data":"Ragnarok","floor":18,"key":"SMITH"},{"data":"Guardian:WalkerClaw","floor":25,"key":"SMITH"},{"data":"Guardian:BaubleBeam","floor":30,"key":"SMITH"},{"data":"Guardian:PrismaticBarrier","floor":35,"key":"SMITH"},{"data":"Guardian:MultiBeam","floor":47,"key":"SMITH"},{"data":"Violence","floor":54,"key":"SMITH"}],"circlet_count":0,"master_deck":["Guardian:Strike_Guardian","Guardian:CurlUp","Guardian:TwinSlam","Ragnarok+1","Guardian:Incinerate","Guardian:Incinerate","Guardian:Reroute","Guardian:Clone","Guardian:WalkerClaw+1","Guardian:Repulse+1","Guardian:PrismaticBarrier+1","Guardian:RevengeProtocol+1","Guardian:ShieldCharger+1","Guardian:CrystalBeam+1","Violence+1","Guardian:Planning","Guardian:MultiBeam+1"],"relics":["Guardian:ModeShifter","REME:ComplimentaryCards","ice","downfall:HeartsMalice","Kunai","Meat on the Bone","Pen Nib","The Courier","expansioncontent:StudyCardRelic","sneckomod:BabySnecko","Frozen Egg 2","Bottled Lightning","downfall:HeartBlessingGreen","downfall:HeartBlessingBlue","downfall:HeartBlessingRed","Blood Vial","Astrolabe","Singing Bowl","Guardian:DefensiveModeMoreBlock","Art of War","Lizard Tail","Toolbox","Nunchaku","InkBottle"],"acts_visited":["Exordium","TheCity","TheBeyond","TheEnding"],"potions_floor_usage":[43,43],"damage_taken":[{"damage":0.0,"enemies":"Cultist","floor":2.0,"turns":1.0},{"damage":0.0,"enemies":"2 Louse","floor":4.0,"turns":1.0},{"damage":0.0,"enemies":"Small Slimes","floor":5.0,"turns":1.0},{"damage":100.0,"enemies":"Lagavulin","floor":6.0,"turns":16.0},{"damage":4.0,"enemies":"downfall:FleeingMerchant","floor":8.0,"turns":4.0},{"damage":23.0,"enemies":"3 Sentries","floor":9.0,"turns":4.0},{"damage":12.0,"enemies":"Blue Slaver","floor":11.0,"turns":3.0},{"damage":50.0,"enemies":"Gremlin Nob","floor":12.0,"turns":7.0},{"damage":6.0,"enemies":"Exordium Wildlife","floor":13.0,"turns":5.0},{"damage":0.0,"enemies":"3 Louse","floor":15.0,"turns":1.0},{"damage":0.0,"enemies":"WA_ARCHETYPE_RETAIN","floor":16.0,"turns":3.0},{"damage":20,"enemies":"Spheric Guardian","floor":19,"turns":4},{"damage":5,"enemies":"Chosen","floor":21,"turns":3},{"damage":98,"enemies":"Slavers","floor":23,"turns":7},{"damage":127,"enemies":"Book of Stabbing","floor":26,"turns":11},{"damage":0,"enemies":"Snecko","floor":28,"turns":3},{"damage":0,"enemies":"Sentry and Sphere","floor":29,"turns":2},{"damage":0,"enemies":"Shelled Parasite and Fungi","floor":32,"turns":1},{"damage":86,"enemies":"IC_MUSHROOM_ARCHETYPE","floor":33,"turns":8},{"damage":0,"enemies":"3 Darklings","floor":36,"turns":1},{"damage":3,"enemies":"3 Shapes","floor":37,"turns":2},{"damage":0,"enemies":"downfall:FleeingMerchant","floor":38,"turns":3},{"damage":0,"enemies":"Maw","floor":39,"turns":2},{"damage":0,"enemies":"Spire Growth","floor":40,"turns":2},{"damage":0,"enemies":"Giant Head","floor":42,"turns":2},{"damage":0,"enemies":"Transient","floor":43,"turns":4},{"damage":0,"enemies":"Jaw Worm Horde","floor":44,"turns":1},{"damage":9,"enemies":"Reptomancer","floor":45,"turns":2},{"damage":11,"enemies":"4 Shapes","floor":48,"turns":2},{"damage":0,"enemies":"Sphere and 2 Shapes","floor":49,"turns":1},{"damage":0,"enemies":"SI_POISON_ARCHETYPE","floor":50,"turns":2},{"damage":7,"enemies":"downfall:CharBossMerchant","floor":52,"turns":3},{"damage":0,"enemies":"downfall:NeowBoss","floor":55,"turns":6},{"damage":10,"enemies":"downfall:NeowBossFinal","floor":56,"turns":3}],"seed_played":"8275733091306743986","potions_obtained":[{"floor":6.0,"key":"SpeedPotion"},{"floor":11.0,"key":"Fire Potion"},{"floor":12.0,"key":"Explosive Potion"},{"floor":16.0,"key":"DistilledChaos"},{"floor":28,"key":"DistilledChaos"},{"floor":43,"key":"SteroidPotion"},{"floor":45,"key":"EntropicBrew"}],"is_trial":false,"path_per_floor":["R","M","?","M","M","E","T","$","E","R","M","E","M","T","M","B",null,"R","M","?","M","?","E","T","R","E","?","M","M","R","?","M","B",null,"R","M","M","$","M","M","T","E","M","M","E","?","R","M","M","B",null,"E","$","R","B","B",null],"character_chosen":"GUARDIAN","items_purchased":["Violence","Toolbox","Nunchaku","InkBottle"],"campfire_rested":0,"item_purchase_floors":[38,53,53,53],"current_hp_per_floor":[80,80,80,80,80,44,44,40,17,17,92,54,60,60,60,60,105,105,85,85,80,80,76,76,86,85,85,87,89,89,73,87,166,166,166,166,166,182,182,182,182,184,211,213,215,215,215,217,219,219,219,225,225,225,230,245],"gold":42,"neow_bonus":"THREE_ENEMY_KILL","is_daily":false,"chose_seed":false,"campfire_upgraded":6,"win_rate":0.0,"timestamp":1611837794,"path_taken":["R","M","?","?","M","E","T","$","E","R","M","E","M","?","M","BOSS","R","M","?","M","?","E","T","R","E","?","M","?","R","?","M","BOSS","R","M","M","$","M","M","T","E","M","M","E","?","R","M","M","BOSS","E","$","R","BOSS","BOSS"],"items_purchased_type":["Card","Relic","Relic","Relic"],"build_version":"2020-12-22","purchased_purges":3,"victory":true,"max_hp_per_floor":[80,80,80,80,80,83,83,88,91,91,92,98,102,102,102,105,105,105,105,105,105,105,108,108,118,150,150,151,151,151,151,151,166,166,166,166,166,182,182,182,182,184,213,213,215,215,215,217,219,219,219,225,225,225,230,251],"card_choices":[{"not_picked":["Guardian:PrismaticBarrier","Guardian:PrimingBeam"],"picked":"Guardian:RollAttack","floor":2.0},{"not_picked":["Guardian:Emergency","Guardian:Recover"],"picked":"Guardian:Gem_Cyan","floor":4.0},{"not_picked":["Guardian:ShieldCharger","Guardian:Gem_Green"],"picked":"Guardian:Incinerate","floor":5.0},{"not_picked":["Guardian:Clone","Guardian:Suspension"],"picked":"Guardian:Incinerate","floor":6.0},{"not_picked":["Guardian:Incinerate","Guardian:FierceBash"],"picked":"Guardian:Reroute","floor":8.0},{"not_picked":["Guardian:Gem_Lightblue","Guardian:BronzeArmor"],"picked":"Guardian:Gem_Crimson","floor":9.0},{"not_picked":["Guardian:Emergency","Guardian:PrimingBeam","Guardian:ShieldCharger"],"picked":"SKIP","floor":11.0},{"not_picked":["Guardian:StasisStrike","Guardian:Gem_Red","Guardian:RollAttack"],"picked":"SKIP","floor":12.0},{"not_picked":["Guardian:VentSteam","Guardian:TemporalShield"],"picked":"Guardian:Clone","floor":13.0},{"not_picked":["Guardian:CrystalBeam","Guardian:TemporalShield"],"picked":"Guardian:Gem_Red","floor":15.0},{"not_picked":["Guardian:GatlingBeam","Guardian:RevengeProtocol"],"picked":"Guardian:BaubleBeam","floor":16.0},{"not_picked":["Guardian:ShieldSpikes","Guardian:GuardianWhirl","Guardian:Gem_Lightblue"],"picked":"SKIP","floor":19},{"not_picked":["Guardian:DecasProtection","Guardian:Gem_Red"],"picked":"Guardian:Gem_Crimson","floor":21},{"not_picked":["Guardian:TemporalShield+1","Guardian:RollAttack"],"picked":"Guardian:WalkerClaw","floor":23},{"not_picked":["Guardian:Gem_Purple","Guardian:PiercingHide"],"picked":"Guardian:Repulse+1","floor":26},{"not_picked":["Guardian:ShieldCharger","Guardian:VentSteam"],"picked":"Guardian:PrismaticBarrier","floor":28},{"not_picked":["Guardian:Reroute","Guardian:Orbwalk+1","Guardian:Gem_Red"],"picked":"SKIP","floor":29},{"not_picked":["Guardian:BronzeArmor","Guardian:PrimingBeam+1","Guardian:Gem_Green"],"picked":"SKIP","floor":32},{"not_picked":["Guardian:StasisStrike","Guardian:ConstructionForm+1"],"picked":"Guardian:RevengeProtocol+1","floor":33},{"not_picked":["Guardian:VentSteam","Guardian:SentryBeam+1"],"picked":"Guardian:Gem_Fragmented","floor":36},{"not_picked":["Guardian:SpikerProtocol+1","Guardian:TemporalStrike"],"picked":"Guardian:Gem_Red","floor":37},{"not_picked":["Guardian:TemporalStrike+1","Guardian:PiercingHide","Guardian:SpikerProtocol+1"],"picked":"SKIP","floor":38},{"not_picked":["Guardian:WalkerClaw+1","Guardian:ShieldSpikes","Guardian:PiercingHide"],"picked":"SKIP","floor":39},{"not_picked":["Guardian:ArmoredProtocol+1","Guardian:GuardianWhirl"],"picked":"Guardian:Planning","floor":40},{"not_picked":["Guardian:Gem_Fragmented","Guardian:Gem_Lightblue","Guardian:FuturePlans+1"],"picked":"Singing Bowl","floor":42},{"not_picked":["Guardian:Gem_Red","Guardian:Gem_Yellow","Guardian:ChargeCore"],"picked":"Singing Bowl","floor":43},{"not_picked":["Guardian:ArmoredProtocol+1","Guardian:Gem_Lightblue"],"picked":"Guardian:MultiBeam","floor":44},{"not_picked":["Guardian:FuturePlans+1","Guardian:Recover+1","Guardian:VentSteam"],"picked":"Singing Bowl","floor":45},{"not_picked":["Guardian:Gem_Red","Guardian:ShieldCharger","Guardian:FastForward"],"picked":"Singing Bowl","floor":48},{"not_picked":["Guardian:VentSteam+1","Guardian:Gem_Cyan","Guardian:Gem_Lightblue"],"picked":"Singing Bowl","floor":49},{"not_picked":["Guardian:RollAttack","Guardian:Harden","Guardian:PrismaticBarrier"],"picked":"Singing Bowl","floor":52}],"player_experience":62165,"relics_obtained":[{"floor":6.0,"key":"Kunai"},{"floor":9.0,"key":"Meat on the Bone"},{"floor":12.0,"key":"Pen Nib"},{"floor":14.0,"key":"The Courier"},{"floor":23,"key":"Frozen Egg 2"},{"floor":24,"key":"Bottled Lightning"},{"floor":26,"key":"Blood Vial"},{"floor":41,"key":"Singing Bowl"},{"floor":42,"key":"Guardian:DefensiveModeMoreBlock"},{"floor":45,"key":"Art of War"},{"floor":52,"key":"Lizard Tail"}],"event_choices":[{"cards_removed":["Guardian:RollAttack"],"damage_healed":5.0,"max_hp_gain":0.0,"max_hp_loss":0.0,"gold_gain":0.0,"event_name":"Bonfire Elementals","player_choice":"Offered Common","floor":3.0,"gold_loss":0.0,"damage_taken":0.0},{"cards_removed":["Guardian:RollAttack"],"damage_healed":5.0,"max_hp_gain":0.0,"max_hp_loss":0.0,"gold_gain":0.0,"event_name":"Bonfire Elementals","player_choice":"Offered Special","floor":3.0,"gold_loss":0.0,"damage_taken":0.0},{"damage_healed":0,"gold_gain":0,"player_choice":"Ignored","damage_taken":0,"max_hp_gain":0,"max_hp_loss":0,"event_name":"Ghosts","floor":27,"gold_loss":0}],"is_beta":false,"boss_relics":[{"not_picked":["Pandora\u0027s Box","Guardian:StasisSlotReductionRelic"],"picked":"expansioncontent:StudyCardRelic"},{"not_picked":["SlaversCollar","Velvet Choker"],"picked":"Astrolabe"}],"items_purged_floors":[8,38,53],"is_endless":false,"potions_floor_spawned":[6,11,12,16,19,21,28,29,33,36,40,43,45,52],"ascension_level":1}}