{"host":"sum4dy402bbv9y4o","time":1611877251,"event":{"mods":["Aspiration","BaseMod","Conspire","Highlight Path","Minty Spire (QoL Compilation)","StSLib"],"gold_per_floor":[110,35,50,64,76,76,103,116,196,226,295,195,195,195,195,274,274,290,290,118,136,152,152,178,204,204,10,10,23,41,76,76,76,76],"floor_reached":33,"language":"ENG","playtime":1059,"items_purged":["Defend_P","Strike_P"],"score":640,"play_id":"f025ee99-875f-4fec-9b97-4273c7b6efa6","local_time":"20210129024051","is_ascension_mode":true,"campfire_choices":[{"data":"Eruption","floor":6,"key":"SMITH"},{"data":"Ragnarok","floor":13,"key":"SMITH"},{"data":"CrushJoints","floor":15,"key":"SMITH"},{"data":"LikeWater","floor":23,"key":"SMITH"},{"floor":28,"key":"REST"},{"floor":32,"key":"REST"}],"circlet_count":0,"master_deck":["AscendersBane","Strike_P","Strike_P","Strike_P","Defend_P","Defend_P","Defend_P","Eruption+1","Vigilance","Ragnarok+1","Prostrate","CrushJoints+1","FearNoEvil","Protect","Wallop+1","FearNoEvil","LikeWater+1","Brilliance+1","FlurryOfBlows+1","Halt+1","FlurryOfBlows+1","FlurryOfBlows+1","EmptyBody"],"relics":["PureWater","Centennial Puzzle","Shuriken","Pen Nib","Mummified Hand","ClockworkSouvenir","Incense Burner","Red Mask","Molten Egg 2","Damaru","Whetstone"],"acts_visited":["Exordium","TheCity"],"potions_floor_usage":[5,16,24,24,31],"damage_taken":[{"damage":0,"enemies":"Cultist","floor":1,"turns":3},{"damage":8,"enemies":"2 Louse","floor":3,"turns":2},{"damage":0,"enemies":"Jaw Worm","floor":4,"turns":2},{"damage":0,"enemies":"3 Louse","floor":5,"turns":2},{"damage":0,"enemies":"Lagavulin","floor":7,"turns":3},{"damage":9,"enemies":"Exordium Thugs","floor":8,"turns":4},{"damage":3,"enemies":"3 Sentries","floor":10,"turns":4},{"damage":27,"enemies":"Slime Boss","floor":16,"turns":4},{"damage":4,"enemies":"Shell Parasite","floor":18,"turns":2},{"damage":9,"enemies":"2 Thieves","floor":21,"turns":3},{"damage":11,"enemies":"Shelled Parasite and Fungi","floor":22,"turns":2},{"damage":17,"enemies":"Slavers","floor":24,"turns":3},{"damage":12,"enemies":"Masked Bandits","floor":25,"turns":2},{"damage":12,"enemies":"Cultist and Chosen","floor":29,"turns":5},{"damage":3,"enemies":"Centurion and Healer","floor":30,"turns":3},{"damage":14,"enemies":"Book of Stabbing","floor":31,"turns":3},{"damage":27,"enemies":"conspire:MysteriousRune","floor":33,"turns":6}],"seed_played":"3512745498849154716","potions_obtained":[{"floor":3,"key":"Fire Potion"},{"floor":7,"key":"StancePotion"},{"floor":8,"key":"LiquidMemories"},{"floor":16,"key":"Dexterity Potion"},{"floor":22,"key":"Block Potion"},{"floor":29,"key":"SneckoOil"}],"is_trial":false,"path_per_floor":["M","$","M","M","M","R","E","M","T","E","T","$","R","?","R","B",null,"M","?","$","M","M","R","E","?","T","$","R","M","M","E","R","B"],"character_chosen":"WATCHER","items_purchased":["ClockworkSouvenir","FlurryOfBlows+1","Damaru"],"campfire_rested":2,"item_purchase_floors":[20,27,27],"current_hp_per_floor":[61,61,53,53,53,53,53,44,44,41,41,41,41,41,41,14,55,51,65,65,56,45,45,28,16,16,16,36,24,21,7,27,0,0],"gold":76,"neow_bonus":"ONE_RANDOM_RARE_CARD","is_daily":false,"chose_seed":false,"campfire_upgraded":4,"win_rate":0.0,"timestamp":1611877251,"path_taken":["M","$","?","M","M","R","E","M","T","E","?","$","R","?","R","BOSS","M","?","$","M","M","R","E","?","T","$","R","M","M","E","R","BOSS"],"items_purchased_type":["Relic","Card","Relic"],"build_version":"2020-12-22","purchased_purges":2,"victory":false,"max_hp_per_floor":[68,68,68,68,68,68,68,68,68,68,68,68,68,68,68,68,68,68,68,68,68,68,68,68,68,68,68,68,68,68,68,68,68,68],"card_choices":[{"not_picked":["CrushJoints","SandsOfTime"],"picked":"Prostrate","floor":1},{"not_picked":["CutThroughFate","WindmillStrike"],"picked":"CrushJoints","floor":3},{"not_picked":["ClearTheMind","CrushJoints"],"picked":"FearNoEvil","floor":4},{"not_picked":["EmptyFist","ConjureBlade"],"picked":"Protect","floor":5},{"not_picked":["CrushJoints","DeceiveReality"],"picked":"Wallop","floor":7},{"not_picked":["Consecrate","ThirdEye"],"picked":"FearNoEvil","floor":8},{"not_picked":["Wish","Weave"],"picked":"LikeWater","floor":10},{"not_picked":["Scrawl","Omniscience"],"picked":"Brilliance","floor":16},{"not_picked":["PathToVictory","Evaluate","FlyingSleeves"],"picked":"SKIP","floor":18},{"not_picked":["FollowUp","FlyingSleeves"],"picked":"FlurryOfBlows","floor":21},{"not_picked":["PathToVictory","Ragnarok","Crescendo"],"picked":"SKIP","floor":22},{"not_picked":["Evaluate+1","SashWhip"],"picked":"Halt+1","floor":24},{"not_picked":["ClearTheMind","Wireheading"],"picked":"FlurryOfBlows+1","floor":29},{"not_picked":["Indignation","EmptyFist+1"],"picked":"EmptyBody","floor":30},{"not_picked":["Protect+1","Halt","Sanctity"],"picked":"SKIP","floor":31}],"player_experience":3015797,"relics_obtained":[{"floor":7,"key":"Centennial Puzzle"},{"floor":9,"key":"Shuriken"},{"floor":10,"key":"Pen Nib"},{"floor":11,"key":"Mummified Hand"},{"floor":24,"key":"Incense Burner"},{"floor":25,"key":"Red Mask"},{"floor":26,"key":"Molten Egg 2"},{"floor":31,"key":"Whetstone"}],"event_choices":[{"damage_healed":0,"gold_gain":0,"player_choice":"Grow","damage_taken":0,"max_hp_gain":0,"max_hp_loss":0,"event_name":"Living Wall","floor":14,"gold_loss":0,"cards_upgraded":["Wallop"]},{"damage_healed":14,"gold_gain":0,"player_choice":"Heal","damage_taken":0,"max_hp_gain":0,"max_hp_loss":0,"event_name":"The Library","floor":19,"gold_loss":0},{"damage_healed":0,"gold_gain":0,"player_choice":"Fought Bandits","damage_taken":0,"max_hp_gain":0,"max_hp_loss":0,"event_name":"Masked Bandits","floor":25,"gold_loss":0}],"is_beta":false,"boss_relics":[{"not_picked":["aspiration:RandomNobGenerator","aspiration:FutureDiary","aspiration:RunicSpoon"]}],"items_purged_floors":[2,12],"is_endless":false,"potions_floor_spawned":[3,7,8,10,16,18,22,29],"killed_by":"conspire:MysteriousRune","ascension_level":20}}