{"host":"syozzdlzcqop4jia","time":1611865260,"event":{"mods":["BaseMod","Colored Map","Colored Powertips","Minty Spire (QoL Compilation)","Quick Restart"],"gold_per_floor":[113,113,129,143,34,63,63,89,89,101,15,45,45,45,45,144,144,164,177,197,197,147,147,166,166,220,250,250,250],"floor_reached":28,"language":"ENG","playtime":1668,"items_purged":[],"score":283,"play_id":"b49fc878-a6c4-4508-bd9a-66779a334766","local_time":"20210128212100","is_ascension_mode":true,"campfire_choices":[{"floor":7,"key":"REST"},{"floor":13,"key":"REST"},{"floor":15,"key":"REST"},{"data":"Carnage","floor":23,"key":"SMITH"},{"data":"Inflame","floor":25,"key":"SMITH"}],"circlet_count":0,"master_deck":["Strike_R","Strike_R+1","Strike_R","Strike_R","Strike_R","Defend_R","Defend_R","Defend_R","Defend_R","Bash","Battle Trance","Searing Blow","Carnage+1","Headbutt","Swift Strike","Sword Boomerang","Demon Form","Wild Strike","Ghostly Armor","Perfected Strike","Pommel Strike","Ghostly Armor","Wild Strike+1","Berserk","Shrug It Off","Flex","Flex","Inflame+1","Wild Strike+1","Inflame+1"],"relics":["Burning Blood","Boot","Bottled Lightning","Pen Nib","Dream Catcher","Odd Mushroom","Sozu","Whetstone","Ornamental Fan"],"acts_visited":["Exordium","TheCity"],"potions_floor_usage":[18],"damage_taken":[{"damage":0,"enemies":"2 Louse","floor":1,"turns":2},{"damage":1,"enemies":"Cultist","floor":3,"turns":3},{"damage":3,"enemies":"Small Slimes","floor":4,"turns":3},{"damage":51,"enemies":"Lagavulin","floor":6,"turns":6},{"damage":28,"enemies":"Gremlin Nob","floor":8,"turns":4},{"damage":6,"enemies":"3 Louse","floor":10,"turns":2},{"damage":28,"enemies":"The Mushroom Lair","floor":12,"turns":4},{"damage":35,"enemies":"Slime Boss","floor":16,"turns":5},{"damage":1,"enemies":"3 Byrds","floor":18,"turns":3},{"damage":0,"enemies":"Spheric Guardian","floor":19,"turns":1},{"damage":30,"enemies":"Chosen and Byrds","floor":20,"turns":7},{"damage":9,"enemies":"3 Cultists","floor":24,"turns":4},{"damage":38,"enemies":"Slavers","floor":27,"turns":4},{"damage":41,"enemies":"Masked Bandits","floor":28,"turns":3}],"seed_played":"6157960244392814895","potions_obtained":[{"floor":3,"key":"Dexterity Potion"},{"floor":10,"key":"Explosive Potion"},{"floor":12,"key":"SneckoOil"},{"floor":16,"key":"BloodPotion"}],"is_trial":false,"path_per_floor":["M","?","M","M","$","E","R","E","T","M","$","?","R","$","R","B",null,"M","M","M","?","?","R","M","R","T","E","?"],"character_chosen":"IRONCLAD","items_purchased":["Headbutt","Swift Strike","Ghostly Armor","Perfected Strike"],"campfire_rested":3,"item_purchase_floors":[5,5,11,11],"current_hp_per_floor":[88,88,88,88,88,43,69,47,47,47,47,25,51,51,77,48,88,88,88,64,64,64,64,61,61,61,29,0,0],"gold":250,"neow_bonus":"TEN_PERCENT_HP_BONUS","is_daily":false,"chose_seed":false,"campfire_upgraded":2,"win_rate":0.0,"timestamp":1611865260,"path_taken":["M","?","?","M","$","E","R","E","T","M","$","?","R","$","R","BOSS","M","M","M","?","?","R","?","R","T","E","?"],"items_purchased_type":["Card","Card","Card","Card"],"build_version":"2020-12-22","purchased_purges":0,"victory":false,"max_hp_per_floor":[88,88,88,88,88,88,88,88,88,88,88,88,88,88,88,88,88,88,88,88,88,88,88,88,88,88,88,88,88],"card_choices":[{"not_picked":["Clash","Body Slam"],"picked":"Battle Trance","floor":1},{"not_picked":["Iron Wave","Clash"],"picked":"Searing Blow","floor":3},{"not_picked":["Pummel","Heavy Blade"],"picked":"Carnage","floor":4},{"not_picked":["True Grit","Entrench"],"picked":"Sword Boomerang","floor":6},{"not_picked":["Infernal Blade","Anger"],"picked":"Demon Form","floor":8},{"not_picked":["True Grit","Iron Wave"],"picked":"Wild Strike","floor":10},{"not_picked":["Perfected Strike","Reckless Charge"],"picked":"Pommel Strike","floor":12},{"not_picked":["Dropkick","Armaments"],"picked":"Ghostly Armor","floor":13},{"not_picked":["Thunderclap","Clothesline"],"picked":"Wild Strike","floor":15},{"not_picked":["Juggernaut","Corruption"],"picked":"Berserk","floor":16},{"not_picked":["Sword Boomerang","Disarm"],"picked":"Shrug It Off","floor":18},{"not_picked":["Thunderclap","Metallicize+1"],"picked":"Flex","floor":19},{"not_picked":["Thunderclap","Wild Strike+1"],"picked":"Flex","floor":20},{"not_picked":["Armaments","Heavy Blade"],"picked":"Wild Strike+1","floor":24},{"not_picked":["Wild Strike+1","Body Slam"],"picked":"Inflame+1","floor":27}],"player_experience":420615,"relics_obtained":[{"floor":2,"key":"Boot"},{"floor":6,"key":"Bottled Lightning"},{"floor":8,"key":"Pen Nib"},{"floor":9,"key":"Dream Catcher"},{"floor":12,"key":"Odd Mushroom"},{"floor":26,"key":"Whetstone"},{"floor":27,"key":"Ornamental Fan"}],"event_choices":[{"damage_healed":0,"gold_gain":0,"player_choice":"Relic","damage_taken":0,"max_hp_gain":0,"max_hp_loss":0,"event_name":"Wheel of Change","floor":2,"gold_loss":0},{"damage_healed":0,"gold_gain":0,"player_choice":"Fought Mushrooms","damage_taken":0,"max_hp_gain":0,"max_hp_loss":0,"event_name":"Mushrooms","floor":12,"gold_loss":0},{"damage_healed":0,"gold_gain":0,"player_choice":"Read","damage_taken":0,"max_hp_gain":0,"max_hp_loss":0,"event_name":"The Library","floor":21,"gold_loss":0,"cards_obtained":["Inflame"]},{"damage_healed":0,"gold_gain":0,"player_choice":"Bet on Murderer","damage_taken":0,"max_hp_gain":0,"max_hp_loss":0,"event_name":"The Joust","floor":22,"gold_loss":50},{"damage_healed":0,"gold_gain":0,"player_choice":"Fought Bandits","damage_taken":0,"max_hp_gain":0,"max_hp_loss":0,"event_name":"Masked Bandits","floor":28,"gold_loss":0}],"is_beta":false,"boss_relics":[{"not_picked":["Astrolabe","Black Blood"],"picked":"Sozu"}],"items_purged_floors":[],"is_endless":false,"potions_floor_spawned":[3,10,12,16,24],"killed_by":"Masked Bandits","ascension_level":3}}