{"host":"vpcwwncyo54nsck6","time":1611830040,"event":{"mods":["BaseMod","Downfall","Minty Spire (QoL Compilation)","StSLib"],"gold_per_floor":[0,14,27,27,42,52,52,66,66,93,93,137,208,231,255,255,255,255],"floor_reached":16,"language":"ENG","playtime":1473,"items_purged":[],"score":125,"play_id":"2f922ef2-7b0b-40c7-a7dd-989840a45796","local_time":"20210128023400","is_ascension_mode":true,"campfire_choices":[{"data":"sneckomod:TailWhip","floor":1,"key":"SMITH"},{"floor":11,"key":"REST"}],"circlet_count":0,"master_deck":["sneckomod:Strike","sneckomod:Strike","sneckomod:Strike","sneckomod:Defend","sneckomod:Defend","sneckomod:TailWhip+1","sneckomod:SnekBite","sneckomod:Unknown","sneckomod:Unknown","Thinking Ahead","sneckomod:QuickMove","sneckomod:UnknownUncommonAttack","sneckomod:SerpentMind","sneckomod:ImprovisedGuard","sneckomod:UnknownColorless","hexamod:NightmareStrike","sneckomod:UnendingSupply+1","sneckomod:UnendingSupply+1","sneckomod:UnknownUncommonPower+1","sneckomod:Unknown0Cost","sneckomod:UnknownVulnerable"],"relics":["sneckomod:SneckoSoul","Frozen Egg 2","The Courier","CeramicFish","Pantograph"],"acts_visited":["Exordium"],"potions_floor_usage":[16,16,16],"damage_taken":[{"damage":0,"enemies":"2 Louse","floor":2,"turns":2},{"damage":0,"enemies":"Cultist","floor":3,"turns":3},{"damage":7,"enemies":"Small Slimes","floor":5,"turns":4},{"damage":0,"enemies":"2 Fungi Beasts","floor":6,"turns":6},{"damage":39,"enemies":"Gremlin Gang","floor":8,"turns":5},{"damage":31,"enemies":"Gremlin Nob","floor":10,"turns":6},{"damage":5,"enemies":"Lagavulin","floor":12,"turns":4},{"damage":6,"enemies":"Gremlin Nob","floor":13,"turns":3},{"damage":11,"enemies":"Exordium Thugs","floor":14,"turns":4},{"damage":11,"enemies":"Blue Slaver","floor":15,"turns":4},{"damage":45,"enemies":"IC_STATUS_ARCHETYPE","floor":16,"turns":6}],"seed_played":"6801899974585855560","potions_obtained":[{"floor":10,"key":"champ:CounterPotion"},{"floor":12,"key":"Strength Potion"},{"floor":13,"key":"sneckomod:DiceRollPotion"},{"floor":14,"key":"Dexterity Potion"}],"is_trial":false,"path_per_floor":["R","M","M","?","M","M","T","M","R","E","R","E","?","M","M","B"],"character_chosen":"THE_SNECKO","items_purchased":[],"campfire_rested":1,"item_purchase_floors":[],"current_hp_per_floor":[90,90,90,90,83,83,83,54,54,23,50,45,39,28,17,0,0,0],"gold":255,"neow_bonus":"RANDOM_COLORLESS_2","is_daily":false,"chose_seed":false,"campfire_upgraded":1,"win_rate":0.0,"timestamp":1611830040,"path_taken":["R","M","M","?","M","?","T","M","R","E","R","E","?","M","M","BOSS"],"items_purchased_type":[],"build_version":"2020-12-22","purchased_purges":0,"victory":false,"max_hp_per_floor":[90,90,90,90,90,90,90,90,90,90,90,90,90,90,90,90,90,90],"card_choices":[{"not_picked":["Sadistic Nature","Panache"],"picked":"Thinking Ahead","floor":0},{"not_picked":["sneckomod:SoulRoll","sneckomod:MixItUp"],"picked":"sneckomod:QuickMove","floor":2},{"not_picked":["sneckomod:RainOfDice","sneckomod:DiceBlock"],"picked":"sneckomod:UnknownUncommonAttack","floor":3},{"not_picked":["sneckomod:SoulDraw","sneckomod:UnknownClassBLUE"],"picked":"sneckomod:ImprovisedGuard","floor":5},{"not_picked":["sneckomod:SoulRoll","sneckomod:UnknownDraw"],"picked":"sneckomod:UnknownCommonAttack","floor":6},{"not_picked":["sneckomod:DiceBlock","sneckomod:UnknownCommonSkill"],"picked":"sneckomod:UnknownColorless","floor":8},{"not_picked":["sneckomod:UnknownCommonSkill","sneckomod:PureSnecko"],"picked":"sneckomod:UnendingSupply+1","floor":10},{"not_picked":["sneckomod:DiceBoulder","sneckomod:Transmogrify"],"picked":"sneckomod:UnendingSupply+1","floor":12},{"not_picked":["sneckomod:Rotation","sneckomod:TrashToTreasure"],"picked":"sneckomod:UnknownUncommonPower+1","floor":13},{"not_picked":["sneckomod:MixItUp","sneckomod:SerpentIdol"],"picked":"sneckomod:Unknown0Cost","floor":14},{"not_picked":["sneckomod:IronFang","sneckomod:DiceBoulder"],"picked":"sneckomod:UnknownVulnerable","floor":15}],"player_experience":2550327,"relics_obtained":[{"floor":7,"key":"Frozen Egg 2"},{"floor":10,"key":"The Courier"},{"floor":12,"key":"CeramicFish"},{"floor":13,"key":"Pantograph"}],"event_choices":[],"is_beta":false,"boss_relics":[],"items_purged_floors":[],"is_endless":false,"potions_floor_spawned":[10,12,13,14,15],"killed_by":"IC_STATUS_ARCHETYPE","ascension_level":2}}