{"host":"kzpuingyul43kz0j","time":1611869570,"event":{"mods":["2.2 Compatiblity","BaseMod","Bestiary","Better Skull","BetterRewards","Colored Map","Colored Powertips","Curses Come First","Displayed Cursed Tome","Downfall","Gold Saver","Highlight Path","Keyboard Shortcuts","Minty Spire (QoL Compilation)","Relic Stats","Remove Card Discount Mod","StSLib","Uncapped"],"gold_per_floor":[556,566,577,577,593,593,608,608,608,108,122,120,120,140,140,235,235,250,250,250,264,279,279,311,311,363,363,363,388,82,97,97,201,201,213,232,232,279,279,295,38,38,118,118,153,2,2,12,12,12,12,12,12,37,37,37],"floor_reached":55,"language":"ENG","playtime":2898,"items_purged":["Defend_B","Strike_B","Purity","Defend_B","Defend_B","Defend_B","Go for the Eyes","Strike_B","Barrage"],"score":657,"play_id":"db7c9c17-330d-479f-a077-4162d996ba2b","local_time":"20210128223250","is_ascension_mode":false,"campfire_choices":[{"data":"Zap","floor":6,"key":"SMITH"},{"floor":8,"key":"REST"},{"data":"White Noise","floor":13,"key":"SMITH"},{"data":"Dualcast","floor":15,"key":"SMITH"},{"data":"Redo","floor":23,"key":"SMITH"},{"floor":25,"key":"RECALL"},{"data":"Electrodynamics","floor":28,"key":"SMITH"},{"data":"Defragment","floor":32,"key":"SMITH"},{"data":"Leap","floor":42,"key":"SMITH"},{"data":"Streamline","floor":44,"key":"SMITH"},{"floor":49,"key":"REST"},{"data":"Conserve Battery","floor":52,"key":"SMITH"}],"circlet_count":0,"master_deck":["Zap+1","Dualcast+1","Conserve Battery+1","Leap+1","Cold Snap+1","Conserve Battery","White Noise+1","Streamline+1","Electrodynamics+1","RitualDagger","Redo+1","Ball Lightning+1","Leap+1","Cold Snap+1","Self Repair","Defragment+1","Chrysalis","The Bomb+1"],"relics":["Cracked Core","TungstenRod","downfall:RedIOUUpgrade","DataDisk","Ornamental Fan","Toolbox","GremlinMask","Torii","Oddly Smooth Stone","SacredBark","Red Mask","Anchor","Ice Cream","PreservedInsect","PrismaticShard","SlaversCollar","Mango","Toxic Egg 2","Symbiotic Virus","Gambling Chip","ClockworkSouvenir","Whetstone"],"acts_visited":["Exordium","TheCity","TheBeyond","TheEnding"],"potions_floor_usage":[3,5,16,29,33,38,48,50],"damage_taken":[{"damage":5,"enemies":"Small Slimes","floor":1,"turns":4},{"damage":0,"enemies":"Cultist","floor":2,"turns":2},{"damage":5,"enemies":"Jaw Worm","floor":3,"turns":3},{"damage":8,"enemies":"3 Louse","floor":5,"turns":3},{"damage":5,"enemies":"Lots of Slimes","floor":7,"turns":4},{"damage":0,"enemies":"Large Slime","floor":11,"turns":3},{"damage":0,"enemies":"Blue Slaver","floor":14,"turns":2},{"damage":7,"enemies":"The Guardian","floor":16,"turns":9},{"damage":0,"enemies":"3 Byrds","floor":18,"turns":1},{"damage":18,"enemies":"2 Thieves","floor":21,"turns":3},{"damage":7,"enemies":"Cultist and Chosen","floor":22,"turns":5},{"damage":0,"enemies":"Masked Bandits","floor":24,"turns":2},{"damage":0,"enemies":"Snake Plant","floor":27,"turns":6},{"damage":16,"enemies":"Gremlin Leader","floor":29,"turns":5},{"damage":0,"enemies":"Chosen and Byrds","floor":31,"turns":4},{"damage":29,"enemies":"Collector","floor":33,"turns":9},{"damage":0,"enemies":"Orb Walker","floor":35,"turns":4},{"damage":0,"enemies":"3 Shapes","floor":36,"turns":2},{"damage":27,"enemies":"2 Orb Walkers","floor":38,"turns":4},{"damage":0,"enemies":"Jaw Worm Horde","floor":40,"turns":2},{"damage":29,"enemies":"Reptomancer","floor":45,"turns":3},{"damage":0,"enemies":"3 Darklings","floor":48,"turns":4},{"damage":60,"enemies":"Awakened One","floor":50,"turns":17},{"damage":15,"enemies":"Shield and Spear","floor":54,"turns":3},{"damage":85,"enemies":"The Heart","floor":55,"turns":5}],"seed_played":"6344633515155531076","potions_obtained":[{"floor":1,"key":"DuplicationPotion"},{"floor":3,"key":"PowerPotion"},{"floor":7,"key":"AttackPotion"},{"floor":21,"key":"Energy Potion"},{"floor":31,"key":"SpeedPotion"},{"floor":33,"key":"BlessingOfTheForge"},{"floor":36,"key":"BlessingOfTheForge"},{"floor":45,"key":"SkillPotion"}],"is_trial":false,"path_per_floor":["M","M","M","?","M","R","M","R","T","$","M","$","R","M","R","B",null,"M","?","?","M","M","R","?","R","T","M","R","E","$","M","R","B",null,"M","M","?","?","?","M","$","R","T","R","E","$","?","M","R","B",null,"R","$","E","B"],"character_chosen":"DEFECT","items_purchased":["DataDisk","Ornamental Fan","Toolbox","Torii","Oddly Smooth Stone","Conserve Battery","PreservedInsect","PrismaticShard","Toxic Egg 2","ClockworkSouvenir"],"campfire_rested":2,"item_purchase_floors":[0,0,0,10,10,10,30,30,41,46],"current_hp_per_floor":[35,35,30,30,22,22,17,39,39,39,39,39,39,39,39,32,75,75,70,70,52,45,45,45,45,45,45,45,29,29,36,36,14,75,75,75,75,69,69,69,69,69,69,69,40,40,40,47,72,19,85,85,85,70,0,0],"gold":37,"neow_bonus":"","is_daily":false,"chose_seed":false,"campfire_upgraded":9,"win_rate":0.0,"timestamp":1611869570,"path_taken":["M","M","M","?","?","R","M","R","T","?","M","$","R","M","R","BOSS","M","?","?","?","M","R","?","R","T","M","R","E","$","M","R","BOSS","M","M","?","?","?","M","?","R","T","R","E","$","?","?","R","BOSS","R","$","E","BOSS"],"items_purchased_type":["Relic","Relic","Relic","Relic","Relic","Card","Relic","Relic","Relic","Relic"],"build_version":"2020-12-22","purchased_purges":9,"victory":false,"max_hp_per_floor":[75,75,75,75,75,75,75,75,75,75,75,75,75,75,75,75,75,75,75,75,75,75,75,75,75,75,75,75,75,75,75,75,75,75,75,75,75,89,85,85,85,85,85,85,85,85,85,85,85,85,85,85,85,85,85,85],"relic_stats":{"Torii":42,"counters":[25,108],"Ornamental Fan":[56],"Gambling Chip":[4],"PreservedInsect":127,"Whetstone":["Cold Snap","Cold Snap"],"obtain_stats":[{"Ice Cream":29,"downfall:RedIOUUpgrade":0,"Torii":10,"SacredBark":17,"Oddly Smooth Stone":10,"GremlinMask":4,"Mango":38,"PreservedInsect":30,"Whetstone":54,"PrismaticShard":30,"ClockworkSouvenir":46,"SlaversCollar":34,"DataDisk":0,"Anchor":26,"Ornamental Fan":0,"Gambling Chip":45,"Toolbox":0,"Red Mask":24,"Toxic Egg 2":41,"Cracked Core":0,"Symbiotic Virus":43,"TungstenRod":0},{"Ice Cream":14,"downfall:RedIOUUpgrade":0,"Torii":5,"SacredBark":8,"Oddly Smooth Stone":5,"GremlinMask":3,"Mango":19,"PreservedInsect":14,"Whetstone":24,"PrismaticShard":14,"ClockworkSouvenir":21,"SlaversCollar":16,"DataDisk":0,"Anchor":12,"Ornamental Fan":0,"Gambling Chip":21,"Toolbox":0,"Red Mask":12,"Toxic Egg 2":20,"Cracked Core":0,"Symbiotic Virus":20,"TungstenRod":0},{"Ice Cream":52,"downfall:RedIOUUpgrade":0,"Torii":16,"SacredBark":30,"Oddly Smooth Stone":16,"GremlinMask":9,"Mango":74,"PreservedInsect":52,"Whetstone":103,"PrismaticShard":52,"ClockworkSouvenir":79,"SlaversCollar":64,"DataDisk":0,"Anchor":41,"Ornamental Fan":0,"Gambling Chip":79,"Toolbox":0,"Red Mask":41,"Toxic Egg 2":76,"Cracked Core":0,"Symbiotic Virus":76,"TungstenRod":0}],"TungstenRod":55},"card_choices":[{"not_picked":["Stack","Steam"],"picked":"Barrage","floor":1},{"not_picked":["Force Field","Static Discharge"],"picked":"Go for the Eyes","floor":2},{"not_picked":["Meteor Strike","Streamline"],"picked":"Conserve Battery","floor":3},{"not_picked":["Go for the Eyes","Undo"],"picked":"Leap","floor":5},{"not_picked":["Sunder","Glacier"],"picked":"Cold Snap","floor":7},{"not_picked":["Rebound","Cold Snap"],"picked":"White Noise","floor":11},{"not_picked":["Rebound","Leap"],"picked":"Streamline","floor":14},{"not_picked":["Reboot","Amplify"],"picked":"Electrodynamics","floor":16},{"not_picked":["Compile Driver","Fusion","Coolheaded"],"picked":"SKIP","floor":18},{"not_picked":["Steam+1","Barrage+1"],"picked":"Ball Lightning+1","floor":21},{"not_picked":["Scrape","Streamline"],"picked":"Leap+1","floor":22},{"not_picked":["Hologram","Amplify"],"picked":"Cold Snap","floor":24},{"not_picked":["Skim","Ball Lightning","Lockon"],"picked":"SKIP","floor":27},{"not_picked":["Gash","Turbo"],"picked":"Self Repair","floor":29},{"not_picked":["bronze:CutThrough","champ:BladeFlurry"],"picked":"Defragment","floor":31},{"not_picked":["champ:HeavySlash","bronze:Break"],"picked":"Chrysalis","floor":33},{"not_picked":["FlyingSleeves","champ:Backstep+1","sneckomod:SnakeSap"],"picked":"SKIP","floor":35},{"not_picked":["Intimidate+1","Chill+1","sneckomod:UnknownClassHEXA_GHOST_PURPLE+1"],"picked":"SKIP","floor":36},{"not_picked":["FollowUp+1","champ:BringItOn","bronze:DelayedGuard"],"picked":"SKIP","floor":40},{"not_picked":["EmptyMind+1","Venomology+1","Guardian:Incinerate"],"picked":"SKIP","floor":45},{"not_picked":["PiercingWail+1","Infinite Blades","Guardian:Harden+1"],"picked":"SKIP","floor":48},{"not_picked":["Crippling Poison+1","bronze:Shield+1"],"picked":"The Bomb+1","floor":54}],"player_experience":86882,"relics_obtained":[{"floor":24,"key":"Red Mask"},{"floor":26,"key":"Anchor"},{"floor":29,"key":"Ice Cream"},{"floor":38,"key":"Mango"},{"floor":43,"key":"Symbiotic Virus"},{"floor":45,"key":"Gambling Chip"},{"floor":54,"key":"Whetstone"}],"event_choices":[{"damage_healed":0,"gold_gain":0,"player_choice":"Trade","damage_taken":0,"relics_obtained":["GremlinMask"],"max_hp_gain":0,"max_hp_loss":0,"event_name":"FaceTrader","floor":4,"gold_loss":0},{"damage_healed":0,"gold_gain":0,"player_choice":"Joined the Cult","damage_taken":6,"max_hp_gain":0,"max_hp_loss":0,"event_name":"Nest","floor":19,"gold_loss":0,"cards_obtained":["RitualDagger"]},{"damage_healed":0,"gold_gain":0,"cards_transformed":["Strike_B"],"player_choice":"Transformed","damage_taken":0,"max_hp_gain":0,"max_hp_loss":0,"event_name":"Transmorgrifier","floor":20,"gold_loss":0,"cards_obtained":["Redo"]},{"damage_healed":0,"gold_gain":0,"player_choice":"Fought Bandits","damage_taken":0,"max_hp_gain":0,"max_hp_loss":0,"event_name":"Masked Bandits","floor":24,"gold_loss":0},{"cards_removed":["Strike_B"],"damage_healed":0,"gold_gain":0,"player_choice":"Removed Attack","damage_taken":0,"max_hp_gain":0,"max_hp_loss":0,"event_name":"Falling","floor":37,"gold_loss":0},{"damage_healed":0,"gold_gain":0,"player_choice":"Fight","damage_taken":0,"max_hp_gain":0,"max_hp_loss":0,"event_name":"Mysterious Sphere","floor":38,"gold_loss":0},{"damage_healed":0,"gold_gain":0,"player_choice":"Max HP","damage_taken":0,"max_hp_gain":0,"max_hp_loss":4,"event_name":"Winding Halls","floor":39,"gold_loss":0},{"damage_healed":0,"gold_gain":0,"player_choice":"Ignored","damage_taken":0,"max_hp_gain":0,"max_hp_loss":0,"event_name":"SecretPortal","floor":47,"gold_loss":0}],"is_beta":false,"boss_relics":[{"not_picked":["Pandora\u0027s Box","Nuclear Battery"],"picked":"SacredBark"},{"not_picked":["Empty Cage","Coffee Dripper"],"picked":"SlaversCollar"}],"items_purged_floors":[0,0,0,10,10,10,12,30,41],"is_endless":false,"potions_floor_spawned":[1,3,7,21,31,33,36,45],"killed_by":"The Heart","ascension_level":0}}