{"host":"u21q392b5xaj11fl","time":1611829760,"event":{"mods":["2.2 Compatiblity","Bard","BaseMod","Better Note","Colored Map","Colored Powertips","Conspire","Custom Start","Downfall","Faster Ascension Climbing","GifTheSpireLib","Gremlin Skip","Highlight Path","Hubris","Infinite Spire","Mad Scientist","Marisa????????","Mimic Mod","Minty Spire (QoL Compilation)","Monster B Gone","Permanent Neow","Potionbrewer","Quick Restart","READ ME - Guardian Mod","Relic Sorter","Replay The Spire","Shop Mod","Somnambulant","StSLib","Stuff the Spire","SuperFastMode","The Construct","The Disciple","The Servant 0.9.4"],"gold_per_floor":[118,118,70,88,102,127,127,162,162,162,162,162],"floor_reached":10,"language":"ENG","playtime":727,"items_purged":[],"score":125,"play_id":"6abc9fb2-6090-4946-aa50-f9db9b6abaa9","local_time":"20210128042920","is_ascension_mode":true,"campfire_choices":[{"data":"sneckomod:Memorize","floor":7,"key":"SMITH"}],"circlet_count":0,"master_deck":["AscendersBane","sneckomod:Defend","sneckomod:Defend","sneckomod:TailWhip","sneckomod:SnekBite","sneckomod:Unknown","sneckomod:Unknown","sneckomod:UnknownDraw","sneckomod:DiceCrush","sneckomod:UnknownCommonSkill","sneckomod:UnknownStrength","sneckomod:Memorize+1","hubris:DuctTapeCard","sneckomod:UnknownColorless","sneckomod:Nope"],"relics":["sneckomod:SneckoSoul","hubris:DuctTape","StuffTheSpire:CocoNut","Blue Candle"],"acts_visited":["Exordium"],"potions_floor_usage":[6,8],"damage_taken":[{"damage":2,"enemies":"Jaw Worm","floor":1,"turns":2},{"damage":6,"enemies":"Cultist","floor":4,"turns":3},{"damage":7,"enemies":"2 Louse","floor":5,"turns":4},{"damage":24,"enemies":"Lagavulin","floor":6,"turns":5},{"damage":28,"enemies":"Gremlin Nob","floor":8,"turns":4},{"damage":24,"enemies":"3 Sentries","floor":10,"turns":4}],"seed_played":"2095634111855090901","potions_obtained":[{"floor":4,"key":"hexamod:SoulburnPotion"},{"floor":5,"key":"potionbrewer:ToxicPotion"}],"is_trial":false,"path_per_floor":["M","?","$","M","M","E","R","E","T","E"],"character_chosen":"THE_SNECKO","items_purchased":["sneckomod:UnknownCommonSkill"],"campfire_rested":0,"item_purchase_floors":[3],"current_hp_per_floor":[79,79,79,73,66,42,42,21,21,0,0,0],"gold":162,"neow_bonus":"TRANSFORM_CARD","is_daily":false,"chose_seed":false,"campfire_upgraded":1,"win_rate":0.0,"timestamp":1611829760,"path_taken":["M","?","$","?","M","E","R","E","T","E"],"items_purchased_type":["Card"],"build_version":"2020-12-22","purchased_purges":0,"victory":false,"max_hp_per_floor":[90,90,90,90,90,90,90,97,97,97,97,97],"card_choices":[{"not_picked":["sneckomod:QuickMove","sneckomod:UnknownDraw"],"picked":"sneckomod:DiceCrush","floor":1},{"not_picked":["sneckomod:QuickMove","sneckomod:SoulRoll"],"picked":"sneckomod:UnknownStrength","floor":4},{"not_picked":["sneckomod:QuickMove","sneckomod:UnknownDraw"],"picked":"sneckomod:Memorize","floor":5},{"not_picked":["sneckomod:UnknownClassHEXA_GHOST_PURPLE","sneckomod:UnknownWeak"],"picked":"sneckomod:UnknownColorless","floor":6},{"not_picked":["sneckomod:MixItUp","sneckomod:QuickMove"],"picked":"sneckomod:Nope","floor":8}],"player_experience":194787,"relics_obtained":[{"floor":6,"key":"hubris:DuctTape"},{"floor":8,"key":"StuffTheSpire:CocoNut"},{"floor":9,"key":"Blue Candle"}],"event_choices":[{"cards_removed":["sneckomod:Strike"],"damage_healed":0,"gold_gain":0,"player_choice":"Offered Basic","damage_taken":0,"max_hp_gain":0,"max_hp_loss":0,"event_name":"Bonfire Elementals","floor":2,"gold_loss":0}],"is_beta":false,"boss_relics":[],"items_purged_floors":[],"is_endless":false,"potions_floor_spawned":[4,5],"killed_by":"3 Sentries","ascension_level":13}}