{"host":"56d873i5r3uhle0q","time":1611808493,"event":{"mods":["100% Spire Juice","Act Like it!","Aspiration","BaseMod","Block Reminder","Conspire","Dota2Spire","Downfall","Gensokyo","Hermit","Hubris","Infinite Spire","Jedi Mod","Lobotomy","LobotomyExtend","Marisa????????","Marked Mod","Minty Spire (QoL Compilation)","Reliquary","Replay The Spire","StSLib","The Animator","The Bug Knight","The Cursed","The Marked","The Servant 0.9.4","everything is the same but u backflip on backflip","??????REMEMod"],"gold_per_floor":[112,128,146,99,99,22,38,54,104,104,124,147,147,166,166,265,265,282,282,282,282],"floor_reached":20,"language":"ENG","playtime":1672,"items_purged":[],"score":166,"play_id":"1403ccfb-1a3b-4721-b89e-c7134a9a9edb","local_time":"20210127213453","is_ascension_mode":false,"campfire_choices":[{"floor":10.0,"key":"REST"},{"floor":13.0,"key":"REST"},{"data":"hermit:BigShot","floor":15.0,"key":"SMITH"}],"circlet_count":0,"master_deck":["hermit:Strike_Hermit","hermit:Strike_Hermit","hermit:Strike_Hermit","hermit:Strike_Hermit","hermit:Defend_Hermit","hermit:Defend_Hermit","hermit:Defend_Hermit","hermit:Defend_Hermit","hermit:Snapshot","hermit:Covet","REME_BodyOfCthun","hermit:BigShot","hermit:TakeAim","hermit:BigShot+1","hermit:GoldenBullet","hermit:Deadeye","hermit:EyeOfTheStorm"],"relics":["hermit:Momento","REME_ComplimentaryCards","hubris:TenFootPole","reliquary:JackalopeAntler","Replay:Rubber Ducky"],"acts_visited":["Gensokyo:Gensokyo","Gensokyo:Gensokyoer"],"potions_floor_usage":[20],"damage_taken":[{"damage":0.0,"enemies":"Gensokyo:3_Fairies","floor":1.0,"turns":4.0},{"damage":6.0,"enemies":"Gensokyo:Python","floor":2.0,"turns":3.0},{"damage":4.0,"enemies":"Gensokyo:Gryphon","floor":3.0,"turns":4.0},{"damage":26.0,"enemies":"Gensokyo:Python_and_Kodama","floor":7.0,"turns":7.0},{"damage":18.0,"enemies":"Gensokyo:Gryphon_and_Rabbit","floor":8.0,"turns":6.0},{"damage":10.0,"enemies":"Gensokyo:3_Kodama","floor":11.0,"turns":7.0},{"damage":0.0,"enemies":"Gensokyo:5_Fairies","floor":14.0,"turns":8.0},{"damage":60.0,"enemies":"Gensokyo:Yukari","floor":16.0,"turns":11.0},{"damage":48,"enemies":"Gensokyo:3_Dogs","floor":18,"turns":8},{"damage":39,"enemies":"Gensokyo:CosmicMonolith","floor":20,"turns":8}],"seed_played":"1708354198455272572","potions_obtained":[{"floor":2.0,"key":"jedi:StrikingPotion"},{"floor":3.0,"key":"Dexterity Potion"},{"floor":8.0,"key":"Dota2Spire:HealingSalve"}],"is_trial":false,"path_per_floor":["M","M","M","COS","?","$","M","M","T","R","M","T","R","M","R","B",null,"M","?","M"],"character_chosen":"HERMIT","items_purchased":["hermit:TakeAim"],"campfire_rested":2,"item_purchase_floors":[6],"current_hp_per_floor":[75,69,65,65,73,73,47,29,29,51,41,41,63,63,63,6,75,27,35,0,0],"gold":282,"neow_bonus":"THREE_CARDS","is_daily":false,"chose_seed":false,"campfire_upgraded":1,"win_rate":0.0,"timestamp":1611808493,"path_taken":["M","M","M","COS","?","$","?","M","T","R","M","?","R","M","R","BOSS","M","?","?"],"items_purchased_type":["Card"],"build_version":"2020-12-22","purchased_purges":0,"victory":false,"max_hp_per_floor":[75,75,75,75,75,75,75,75,75,75,75,75,75,75,75,75,75,75,75,75,75],"card_choices":[{"not_picked":["hermit:Ricochet","hermit:Glare"],"picked":"hermit:BigShot","floor":1.0},{"not_picked":["hermit:NoHoldsBarred","hermit:Ricochet","hermit:BodyArmor"],"picked":"SKIP","floor":2.0},{"not_picked":["hermit:LuckOfTheDraw","hermit:Roulette","hermit:Cheat"],"picked":"SKIP","floor":3.0},{"not_picked":["hermit:Snipe","hermit:Maintenance","hermit:SprayPray"],"picked":"SKIP","floor":7.0},{"not_picked":["hermit:WideOpen","hermit:TakeAim"],"picked":"hermit:BigShot","floor":8.0},{"not_picked":["hermit:Quickdraw","hermit:Dive"],"picked":"hermit:GoldenBullet","floor":11.0},{"not_picked":["hermit:HoleUp","hermit:CalledShot"],"picked":"hermit:Deadeye","floor":14.0},{"not_picked":["hermit:Glare","hermit:WideOpen"],"picked":"hermit:EyeOfTheStorm","floor":18}],"player_experience":673851,"relics_obtained":[{"floor":9.0,"key":"hubris:TenFootPole"},{"floor":12.0,"key":"Replay:Rubber Ducky"}],"event_choices":[],"is_beta":false,"boss_relics":[{"not_picked":["Replay:Drink Me","Pandora\u0027s Box","ReplayTheSpireMod:DimensionalGlitch"]}],"items_purged_floors":[],"is_endless":false,"potions_floor_spawned":[2,3,8],"killed_by":"Gensokyo:CosmicMonolith","ascension_level":0}}