{"host":"ds3v42j7tpaaz1mg","time":1611806316,"event":{"mods":["AchievementEnabler","Aspiration","BaseMod","Bestiary","Better Altar","Better Note","Better Sensory Stone","BetterRewards","Block Reminder","Colored Powertips","Conspire","Downfall","Energized Spire","Halation","Hermit","Highlight Path","Hubris","Infinite Spire","Jorbs\u0027s Wanderer Trilogy","Minty Spire (QoL Compilation)","Relic Stats","Replay The Spire","StSLib","The Elementalist","The Servant 0.9.4"],"gold_per_floor":[113,113,43,43,43,71,71,19,19,19,19,19,38,72,72,145,145,161,161,173,24,43,70,86,105,131,131,141,141,174,188,188,265,265,294,294,294,328,366,420,420,465,515,515,515,515,562,618,618,618],"floor_reached":51,"language":"ENG","playtime":1334,"items_purged":[],"score":1643,"play_id":"4aaf4b08-a2ae-4c84-b5a5-a920139152f3","local_time":"20210127225836","is_ascension_mode":true,"campfire_choices":[{"data":"Carnage","floor":7,"key":"SMITH"},{"data":"Metallicize","floor":7,"key":"SMITH"},{"data":"Limit Break","floor":10,"key":"SMITH"},{"data":"Metallicize","floor":10,"key":"SMITH"},{"data":"Reaper","floor":12,"key":"SMITH"},{"data":"Bash","floor":12,"key":"SMITH"},{"data":"conspire:ExplosiveBarrier","floor":15,"key":"SMITH"},{"data":"Cleave","floor":15,"key":"SMITH"},{"data":"Immolate","floor":27,"key":"SMITH"},{"data":"Feed","floor":27,"key":"SMITH"},{"data":"Corruption","floor":29,"key":"SMITH"},{"data":"Spot Weakness","floor":29,"key":"SMITH"},{"floor":32,"key":"DIG"},{"data":"hubris:InfiniteBlow+6","floor":41,"key":"SMITH"},{"data":"hubris:InfiniteBlow+7","floor":41,"key":"SMITH"},{"data":"hubris:InfiniteBlow+8","floor":44,"key":"SMITH"},{"data":"hubris:InfiniteBlow+9","floor":44,"key":"SMITH"},{"data":"hubris:InfiniteBlow+10","floor":49,"key":"SMITH"},{"data":"hubris:InfiniteBlow+11","floor":49,"key":"SMITH"}],"circlet_count":0,"master_deck":["AscendersBane","Strike_R","Strike_R","Strike_R","Strike_R","Strike_R","Defend_R","Defend_R","Defend_R","Defend_R","Bash+1","Pummel","Reaper+1","Carnage+1","Carnage+1","Shrug It Off","Metallicize+1","Battle Trance","Havoc","Cleave+1","Metallicize+1","Limit Break+1","conspire:ExplosiveBarrier+1","Immolate+1","Thunderclap","Spot Weakness+1","Cleave","Feed+1","Corruption+1","Juggernaut","Barricade","hubris:InfiniteBlow+12","Limit Break","Heavy Blade","Writhe"],"relics":["Burning Blood","King of Hearts","Vajra","Orrery","Replay:Arrowhead","Nunchaku","Pen Nib","hubris:CrystalStatue","ReplayTheSpireMod:Shallot","infinitespire:Burning Sword","aspiration:DSix","energizedSpire:MagnifyingGlass","Brimstone","Lizard Tail","Red Skull","Pantograph","halation:PromiseList","infinitespire:EvilPickle","ReplayTheSpireMod:Spearhead","infinitespire:PuzzleCube","hubris:Towel"],"acts_visited":["Exordium","TheCity","TheBeyond"],"potions_floor_usage":[16,23,28,28,33,40,40,50],"damage_taken":[{"damage":10,"enemies":"Small Slimes","floor":1,"turns":2},{"damage":7,"enemies":"Replay:BlueRogue","floor":6,"turns":8},{"damage":0,"enemies":"2 Louse","floor":13,"turns":2},{"damage":12,"enemies":"Gremlin Nob","floor":14,"turns":3},{"damage":0,"enemies":"Slime Boss","floor":16,"turns":5},{"damage":7,"enemies":"Chosen","floor":18,"turns":3},{"damage":6,"enemies":"2 Thieves","floor":20,"turns":2},{"damage":0,"enemies":"Centurion and Healer","floor":22,"turns":4},{"damage":18,"enemies":"Slavers","floor":23,"turns":3},{"damage":0,"enemies":"Sentry and Sphere","floor":24,"turns":2},{"damage":0,"enemies":"Snake Plant","floor":25,"turns":2},{"damage":0,"enemies":"conspire:HollyBat","floor":28,"turns":4},{"damage":12,"enemies":"Book of Stabbing","floor":30,"turns":3},{"damage":0,"enemies":"Sentry and Sphere","floor":31,"turns":3},{"damage":57,"enemies":"Pondfish","floor":33,"turns":4},{"damage":0,"enemies":"3 Darklings","floor":35,"turns":2},{"damage":11,"enemies":"Orb Walker","floor":38,"turns":2},{"damage":0,"enemies":"Sphere and 2 Shapes","floor":39,"turns":1},{"damage":62,"enemies":"Nemesis","floor":40,"turns":5},{"damage":0,"enemies":"Maw","floor":42,"turns":4},{"damage":0,"enemies":"Jaw Worm Horde","floor":47,"turns":1},{"damage":4,"enemies":"Sphere and 2 Shapes","floor":48,"turns":1},{"damage":79,"enemies":"Awakened One","floor":50,"turns":4}],"seed_played":"-2628720186306279630","potions_obtained":[{"floor":6,"key":"Elixir"},{"floor":14,"key":"SkillPotion"},{"floor":20,"key":"PowerPotion"},{"floor":23,"key":"Adrenaline Potion"},{"floor":31,"key":"SteroidPotion"},{"floor":35,"key":"GamblersBrew"},{"floor":38,"key":"Energy Potion"},{"floor":47,"key":"Strength Potion"}],"is_trial":false,"path_per_floor":["M","?","$","?","?","E","R","$","T","R","T","R","M","E","R","B",null,"M","AVR","M","$","M","E","M","M","T","R","M","R","E","M","R","B",null,"M","?","?","M","M","E","R","M","T","R","?","?","M","M","R","B",null],"character_chosen":"IRONCLAD","items_purchased":["Pummel","King of Hearts","Reaper","Vajra","Carnage","Orrery","Metallicize","Swift Potion","Brimstone"],"campfire_rested":0,"item_purchase_floors":[0,0,0,0,0,0,3,8,21],"current_hp_per_floor":[30,30,30,56,56,59,59,59,59,59,59,59,71,65,65,80,80,79,79,80,80,80,68,74,80,80,80,84,84,78,84,84,84,84,84,64,64,59,65,26,26,47,47,47,68,68,74,76,76,11],"gold":618,"neow_bonus":"","is_daily":false,"chose_seed":false,"campfire_upgraded":18,"win_rate":0.0,"timestamp":1611806316,"path_taken":["M","?","$","?","?","E","R","$","T","R","?","R","M","E","R","BOSS","M","AVR","M","$","?","E","?","M","T","R","?","R","E","M","R","BOSS","M","?","?","?","M","E","R","M","T","R","?","?","M","M","R","BOSS"],"items_purchased_type":["Card","Relic","Card","Relic","Card","Relic","Card","Potion","Relic"],"build_version":"2020-12-22","purchased_purges":0,"victory":true,"max_hp_per_floor":[80,80,80,80,80,80,80,80,80,80,80,80,80,80,80,80,80,80,80,80,80,80,80,80,80,80,80,84,84,84,84,84,84,84,84,84,84,84,84,84,84,84,84,84,84,84,84,84,84,84],"relic_stats":{"Nunchaku":[23],"Lizard Tail":0,"counters":[84,300],"Pantograph":8,"Pen Nib":[10],"obtain_stats":[{"hubris:CrystalStatue":11,"CeramicFish":39,"Vajra":10,"aspiration:PoetsPen_weak":17,"halation:Komachan":42,"Ring of Searing":38,"halation:RedSoulGem":2,"Blood Vial":12,"Centennial Puzzle":24,"Lizard Tail":30,"halation:PrussianBluePaint":43,"Strawberry":10,"downfall:ExtraCursedKey":37,"halation:PromiseList":21,"Replay:Wax Seal":40,"aspiration:DSix":19,"Girya":10,"Happy Flower":8,"ReplayTheSpireMod:CursedCoin":36,"Blue Candle":41,"hubris:FruitBowl":10,"Ring of Chaos":17,"infinitespire:Beetle Shell":45,"Pen Nib":9,"aspiration:SeaSaltIceCream":9,"Akabeko":21,"infinitespire:EvilPickle":33,"OrangePellets":0,"Replay:Baseball":14,"conspire:GiftBox":0,"ReplayTheSpireMod:Spearhead":40,"ReplayTheSpireMod:Shallot":14,"Shuriken":0,"Brimstone":0,"Bronze Scales":22,"halation:PenCase":9,"conspire:BottledYoYo":44,"hubris:TenFootPole":0,"energizedSpire:MagnifyingGlass":17,"hubris:ToyBattleship":37,"Grinning Jar":34,"Abe\u0027s Treasure":34,"infinitespire:PuzzleCube":43,"Meat on the Bone":0,"Darkstone Periapt":43,"halation:PapillonHeart":47,"Lantern":26,"Torii":45,"halation:Sosunser":0,"aspiration:TomeofQuesting":27,"conspire:SpecialSausage":29,"halation:WeightlessCrab":29,"King of Hearts":0,"Replay:Mystery Machine":8,"PrismaticShard":8,"Ancient Tea Set":24,"Burning Blood":0,"Pet Ghost":31,"aspiration:StickyExplosives_weak":31,"Replay:Bandana":14,"Nunchaku":30,"hubris:Icosahedron":4,"Ring of Peace":38,"Pantograph":30,"Tiny Chest":26,"Red Skull":26,"hubris:KleinBottle":10,"BargainBundle":0,"NeowsBlessing":0,"Golden Idol":9,"aspiration:FetidBarrel":9,"Quantum Egg":46,"hubris:MedicalManual":46,"PreservedInsect":0,"hubris:Towel":4,"MawBank":28,"Replay:Arrowhead":0,"Calling Bell":34,"Ornamental Fan":41,"halation:EternalFortune":36,"Orrery":0,"hubris:BundleOfHerbs":34,"infinitespire:Burning Sword":42,"Durian":0,"halation:AfternoonTea":26,"halation:TwoAmDonut":6,"aspiration:RitualDagger":34,"infinitespire:Midas Blood":34},{"hubris:CrystalStatue":63,"CeramicFish":37,"Vajra":3,"aspiration:PoetsPen_weak":47,"halation:Komachan":38,"Ring of Searing":37,"halation:RedSoulGem":1,"Blood Vial":5,"Centennial Puzzle":9,"Lizard Tail":11,"halation:PrussianBluePaint":38,"Strawberry":3,"downfall:ExtraCursedKey":37,"halation:PromiseList":31,"Replay:Wax Seal":18,"aspiration:DSix":67,"Girya":3,"Happy Flower":3,"ReplayTheSpireMod:CursedCoin":37,"Blue Candle":38,"hubris:FruitBowl":3,"Ring of Chaos":6,"infinitespire:Beetle Shell":59,"Pen Nib":63,"aspiration:SeaSaltIceCream":26,"Akabeko":7,"infinitespire:EvilPickle":13,"OrangePellets":22,"Replay:Baseball":5,"conspire:GiftBox":22,"ReplayTheSpireMod:Spearhead":80,"ReplayTheSpireMod:Shallot":65,"Shuriken":22,"Brimstone":42,"Bronze Scales":31,"halation:PenCase":3,"conspire:BottledYoYo":18,"hubris:TenFootPole":22,"energizedSpire:MagnifyingGlass":28,"hubris:ToyBattleship":55,"Grinning Jar":36,"Abe\u0027s Treasure":13,"infinitespire:PuzzleCube":81,"Meat on the Bone":22,"Darkstone Periapt":18,"halation:PapillonHeart":40,"Lantern":51,"Torii":39,"halation:Sosunser":42,"aspiration:TomeofQuesting":11,"conspire:SpecialSausage":11,"halation:WeightlessCrab":11,"King of Hearts":61,"Replay:Mystery Machine":26,"PrismaticShard":45,"Ancient Tea Set":51,"Burning Blood":0,"Pet Ghost":52,"aspiration:StickyExplosives_weak":35,"Replay:Bandana":27,"Nunchaku":52,"hubris:Icosahedron":24,"Ring of Peace":37,"Pantograph":74,"Tiny Chest":10,"Red Skull":72,"hubris:KleinBottle":3,"BargainBundle":42,"NeowsBlessing":0,"Golden Idol":26,"aspiration:FetidBarrel":45,"Quantum Egg":59,"hubris:MedicalManual":20,"PreservedInsect":42,"hubris:Towel":1,"MawBank":51,"Replay:Arrowhead":61,"Calling Bell":36,"Ornamental Fan":18,"halation:EternalFortune":14,"Orrery":61,"hubris:BundleOfHerbs":36,"infinitespire:Burning Sword":38,"Durian":42,"halation:AfternoonTea":32,"halation:TwoAmDonut":45,"aspiration:RitualDagger":53,"infinitespire:Midas Blood":36},{"hubris:CrystalStatue":240,"CeramicFish":145,"Vajra":4,"aspiration:PoetsPen_weak":182,"halation:Komachan":150,"Ring of Searing":145,"halation:RedSoulGem":1,"Blood Vial":10,"Centennial Puzzle":28,"Lizard Tail":38,"halation:PrussianBluePaint":150,"Strawberry":4,"downfall:ExtraCursedKey":145,"halation:PromiseList":116,"Replay:Wax Seal":64,"aspiration:DSix":253,"Girya":4,"Happy Flower":4,"ReplayTheSpireMod:CursedCoin":145,"Blue Candle":150,"hubris:FruitBowl":4,"Ring of Chaos":16,"infinitespire:Beetle Shell":221,"Pen Nib":240,"aspiration:SeaSaltIceCream":98,"Akabeko":22,"infinitespire:EvilPickle":47,"OrangePellets":83,"Replay:Baseball":10,"conspire:GiftBox":83,"ReplayTheSpireMod:Spearhead":290,"ReplayTheSpireMod:Shallot":245,"Shuriken":83,"Brimstone":164,"Bronze Scales":116,"halation:PenCase":4,"conspire:BottledYoYo":64,"hubris:TenFootPole":83,"energizedSpire:MagnifyingGlass":107,"hubris:ToyBattleship":207,"Grinning Jar":142,"Abe\u0027s Treasure":47,"infinitespire:PuzzleCube":294,"Meat on the Bone":83,"Darkstone Periapt":64,"halation:PapillonHeart":157,"Lantern":192,"Torii":155,"halation:Sosunser":164,"aspiration:TomeofQuesting":38,"conspire:SpecialSausage":38,"halation:WeightlessCrab":38,"King of Hearts":230,"Replay:Mystery Machine":98,"PrismaticShard":172,"Ancient Tea Set":192,"Burning Blood":0,"Pet Ghost":195,"aspiration:StickyExplosives_weak":133,"Replay:Bandana":101,"Nunchaku":195,"hubris:Icosahedron":90,"Ring of Peace":145,"Pantograph":273,"Tiny Chest":34,"Red Skull":266,"hubris:KleinBottle":4,"BargainBundle":164,"NeowsBlessing":0,"Golden Idol":98,"aspiration:FetidBarrel":172,"Quantum Egg":221,"hubris:MedicalManual":72,"PreservedInsect":164,"hubris:Towel":1,"MawBank":192,"Replay:Arrowhead":230,"Calling Bell":142,"Ornamental Fan":64,"halation:EternalFortune":48,"Orrery":230,"hubris:BundleOfHerbs":142,"infinitespire:Burning Sword":150,"Durian":164,"halation:AfternoonTea":121,"halation:TwoAmDonut":172,"aspiration:RitualDagger":201,"infinitespire:Midas Blood":142}],"Burning Blood":439},"card_choices":[{"not_picked":["Run Through","Abandon"],"picked":"Shrug It Off","floor":0},{"not_picked":["Iron Wave","Feel No Pain"],"picked":"Metallicize","floor":0},{"not_picked":["Flex","conspire:Charge"],"picked":"Battle Trance","floor":0},{"not_picked":["Rage","Replay:Undeath\u0027s Touch"],"picked":"Havoc","floor":0},{"not_picked":["Perfected Strike","hubris:ReadiedAction"],"picked":"Cleave","floor":0},{"not_picked":["Headbutt","Blood for Blood","hubris:SharpeningStone"],"picked":"SKIP","floor":1},{"not_picked":["Flex","Wild Strike"],"picked":"Limit Break","floor":6},{"not_picked":["Armaments","Flex","Thunderclap"],"picked":"SKIP","floor":13},{"not_picked":["Pommel Strike","Run Through"],"picked":"conspire:ExplosiveBarrier","floor":14},{"not_picked":["Eclipse","Fiend Fire"],"picked":"Immolate","floor":16},{"not_picked":["Iron Wave","Seeing Red"],"picked":"Thunderclap","floor":18},{"not_picked":["Heavy Blade","Armaments"],"picked":"Spot Weakness","floor":20},{"not_picked":["Perfected Strike","Warcry","hubris:SharpeningStone"],"picked":"SKIP","floor":22},{"not_picked":["ReplayTheSpireMod:Strike From Hell","Wild Strike"],"picked":"Cleave","floor":23},{"not_picked":["Run Through+1","Shrug It Off"],"picked":"Feed","floor":24},{"not_picked":["Pommel Strike","Perfected Strike","ReplayTheSpireMod:Corrosion Curse"],"picked":"SKIP","floor":25},{"not_picked":["Warcry","hubris:ReadiedAction"],"picked":"Corruption","floor":28},{"not_picked":["Warcry","Burning Pact"],"picked":"Juggernaut","floor":30},{"not_picked":["ReplayTheSpireMod:Limb From Limb","Anger","Sword Boomerang"],"picked":"SKIP","floor":31},{"not_picked":["Exhume","Double Tap"],"picked":"Barricade","floor":33},{"not_picked":["Entrench","hubris:ReadiedAction","Clash"],"picked":"SKIP","floor":35},{"not_picked":["infinitespire:Fortify","infinitespire:Punishment"],"picked":"hubris:InfiniteBlow+6","floor":36},{"not_picked":["Rampage","Havoc+1","conspire:ExplosiveBarrier"],"picked":"SKIP","floor":38},{"not_picked":["Brutality","ReplayTheSpireMod:LeadingStrike","Iron Wave"],"picked":"SKIP","floor":39},{"not_picked":["Shockwave","Warcry"],"picked":"Limit Break","floor":40},{"not_picked":["Sever Soul+1","Hemokinesis"],"picked":"Heavy Blade","floor":42},{"not_picked":["Warcry","Sword Boomerang","Uppercut"],"picked":"SKIP","floor":47},{"not_picked":["conspire:ExplosiveBarrier","Iron Wave","Demonic Infusion"],"picked":"SKIP","floor":48}],"player_experience":660290,"relics_obtained":[{"floor":6,"key":"Nunchaku"},{"floor":9,"key":"Pen Nib"},{"floor":11,"key":"hubris:CrystalStatue"},{"floor":14,"key":"ReplayTheSpireMod:Shallot"},{"floor":23,"key":"Lizard Tail"},{"floor":26,"key":"Red Skull"},{"floor":30,"key":"Pantograph"},{"floor":32,"key":"halation:PromiseList"},{"floor":40,"key":"ReplayTheSpireMod:Spearhead"},{"floor":43,"key":"infinitespire:PuzzleCube"}],"event_choices":[{"damage_healed":0,"gold_gain":0,"player_choice":"Leave","damage_taken":0,"max_hp_gain":0,"max_hp_loss":0,"event_name":"conspire:Investor","floor":2,"gold_loss":0},{"damage_healed":26,"gold_gain":0,"player_choice":"Banana","damage_taken":0,"max_hp_gain":0,"max_hp_loss":0,"event_name":"Big Fish","floor":4,"gold_loss":0},{"damage_healed":0,"gold_gain":0,"player_choice":"Grow","damage_taken":0,"max_hp_gain":0,"max_hp_loss":0,"event_name":"Living Wall","floor":5,"gold_loss":0,"cards_upgraded":["Carnage"]},{"damage_healed":0,"gold_gain":0,"player_choice":"0 cards matched","damage_taken":0,"max_hp_gain":0,"max_hp_loss":0,"event_name":"Match and Keep!","floor":37,"gold_loss":0,"cards_obtained":[]},{"damage_healed":21,"gold_gain":0,"player_choice":"Writhe","damage_taken":0,"max_hp_gain":0,"max_hp_loss":0,"event_name":"Winding Halls","floor":45,"gold_loss":0,"cards_obtained":["Writhe"]}],"is_beta":false,"boss_relics":[{"not_picked":["energizedSpire:NeverEndingSparkler","aspiration:ServantSkillbook"],"picked":"infinitespire:Burning Sword"},{"not_picked":["Replay:Wanted Poster","conspire:SeveredTorchhead","hubris:GrandSneckoEye"]}],"items_purged_floors":[],"is_endless":false,"potions_floor_spawned":[6,13,14,20,23,31,35,38,47],"ascension_level":13}}