{"host":"y4sghvfd0ewtcchd","time":1611861076,"event":{"mods":["A Penny For Your Troubles","Aspiration","BaseMod","Better Altar","Better Debug","Better Note","Better Third Choice","BetterRewards","Block Reminder","Colored Map","Colored Powertips","Highlight Path","Hubris","Infinite Spire","Minty Spire (QoL Compilation)","Relic Sorter","Relic Stats","Replay The Spire","Robot Space Explorer","Shop Mod","Spicy Shops","StSLib","The Jungle","The Saiyan","Wide Potions"],"gold_per_floor":[110,110,171,171,213,213,238,327,378,378,454,454,493,493,493,567,567,637,677,721,636,278,278,662,705,705,182,281,381,381,417,417,544,544,576,576,576,576,626,626,699,659,659,686,730,730,806,883,883,916,916,916,370,441,499],"floor_reached":56,"language":"ENG","playtime":3720,"items_purged":["Discovery","Normality"],"score":2850,"play_id":"2f73f0ec-5fab-46a8-a904-17b34a072fce","local_time":"20210128221116","is_ascension_mode":true,"campfire_choices":[{"floor":6.0,"key":"REST"},{"floor":10.0,"key":"REST"},{"data":"Neutralize","floor":12.0,"key":"SMITH"},{"data":"Sneak Up","floor":15.0,"key":"SMITH"},{"floor":23.0,"key":"RECALL"},{"data":"Sunder","floor":32.0,"key":"SMITH"},{"data":"Panacea","floor":40.0,"key":"SMITH"},{"data":"Secret Weapon","floor":46.0,"key":"SMITH"},{"data":"ReplayTheSpireMod:Scrap Shanks","floor":49.0,"key":"SMITH"},{"data":"Blade Dance","floor":52.0,"key":"SMITH"}],"circlet_count":0,"master_deck":["AscendersBane","Strike_G+1","Strike_G","Strike_G","Strike_G","Defend_G","Defend_G","Defend_G","Defend_G","Defend_G","Survivor","Neutralize+1","HandOfGreed+1","Secret Weapon+1","Noxious Fumes+1","HandOfGreed+1","Infinite Blades+1","Flash of Steel+1","aspiration:Lunge+1","ReplayTheSpireMod:Scrap Shanks+1","Dagger Spray+1","Acrobatics+1","After Image+1","ReplayTheSpireMod:Scrap Shanks+1","Blade Dance+1","ReplayTheSpireMod:From All Sides+1","Sneak Up+1","Replay:Bag of Tricks+1","Acrobatics+1","Deflect+1","Tools of the Trade+1","Setup+1","Concentrate+1","Concentrate+1","Sunder+1","Envenom+1","ReplayTheSpireMod:Tripwire+1","Panacea+1","Sunder+1","ReplayTheSpireMod:Tripwire+1","Adrenaline+1","Chill+1","FIFO Queue+1","FIFO Queue+1","Slice+1","PiercingWail"],"relics":["Ring of the Snake","hubris:Reverence","Replay:Accelerometer","hubris:Icosahedron","Replay:Wax Seal","Medical Kit","Kunai","ReplayTheSpireMod:Lightbulb","Golden Egg","Thread and Needle","DollysMirror","Potion Belt","Mirror","Basket Of Snakes","Byrd Skull","Nunchaku","Replay:Bandana","Sling","Chemical X","Anchor","ReplayTheSpireMod:TigerMarble","aspiration:DefectSkillbook","MerchantsRug","Ninja Scroll","Snake Skull","Vampiric Spirits","Guide Book","hubris:TinFlute"],"acts_visited":[],"potions_floor_usage":[54,55,55],"damage_taken":[{"damage":0.0,"enemies":"2 Louse","floor":1.0,"turns":1.0},{"damage":0.0,"enemies":"Small Slimes","floor":3.0,"turns":5.0},{"damage":0.0,"enemies":"Jaw Worm","floor":5.0,"turns":3.0},{"damage":8.0,"enemies":"Lagavulin","floor":7.0,"turns":5.0},{"damage":0.0,"enemies":"Lagavulin Event","floor":8.0,"turns":5.0},{"damage":1.0,"enemies":"3 Sentries","floor":11.0,"turns":11.0},{"damage":0.0,"enemies":"2 Fungi Beasts","floor":13.0,"turns":2.0},{"damage":0.0,"enemies":"Hexaghost","floor":16.0,"turns":8.0},{"damage":0.0,"enemies":"2 Thieves","floor":18.0,"turns":3.0},{"damage":2.0,"enemies":"Spheric Guardian","floor":19.0,"turns":5.0},{"damage":2.0,"enemies":"3 Cultists","floor":20.0,"turns":3.0},{"damage":2.0,"enemies":"Slavers","floor":24.0,"turns":6.0},{"damage":0.0,"enemies":"Snecko","floor":25.0,"turns":4.0},{"damage":0.0,"enemies":"Gremlin Leader","floor":29.0,"turns":3.0},{"damage":0.0,"enemies":"Snake Plant","floor":31.0,"turns":2.0},{"damage":0.0,"enemies":"Collector","floor":33.0,"turns":5.0},{"damage":0.0,"enemies":"Orb Walker","floor":35.0,"turns":2.0},{"damage":1.0,"enemies":"3 Shapes","floor":39.0,"turns":4.0},{"damage":0.0,"enemies":"R_Hoarder","floor":41.0,"turns":5.0},{"damage":0.0,"enemies":"Spire Growth","floor":44.0,"turns":4.0},{"damage":1.0,"enemies":"Reptomancer","floor":45.0,"turns":4.0},{"damage":0.0,"enemies":"Jaw Worm Horde","floor":47.0,"turns":3.0},{"damage":0.0,"enemies":"R_Hoarder","floor":48.0,"turns":3.0},{"damage":19.0,"enemies":"Time Eater","floor":50.0,"turns":7.0},{"damage":0,"enemies":"Shield and Spear","floor":54,"turns":2},{"damage":17,"enemies":"The Heart","floor":55,"turns":5}],"seed_played":"-1406986013225462175","potions_obtained":[{"floor":1.0,"key":"PowerPotion"},{"floor":3.0,"key":"EssenceOfSteel"},{"floor":11.0,"key":"Explosive Potion"},{"floor":16.0,"key":"PowerPotion"},{"floor":19.0,"key":"Elixir"},{"floor":25.0,"key":"CunningPotion"},{"floor":39.0,"key":"Block Potion"},{"floor":41.0,"key":"Weak Potion"},{"floor":45.0,"key":"CunningPotion"}],"is_trial":false,"path_per_floor":["M","?","M","?","M","R","E","?","T","R","E","R","M","?","R","B",null,"M","M","M","?","$","R","E","M","T","$","?","E","AVR","M","R","B",null,"M","?","?","?","M","R","E","?","T","M","E","R","M","E","R","B",null,"R","$","E","B",null],"character_chosen":"THE_SILENT","items_purchased":["Medical Kit","Kunai","ReplayTheSpireMod:Lightbulb","ReplayTheSpireMod:ShopPack","Noxious Fumes+1","Golden Egg","Omamori","Thread and Needle","DollysMirror","Infinite Blades","Flash of Steel","Potion Belt","aspiration:Lunge","ReplayTheSpireMod:Scrap Shanks+1","Dagger Spray","Replay:Bandana","Sling","Deflect","Chemical X","Setup","Concentrate","Anchor","ReplayTheSpireMod:TigerMarble","MerchantsRug","Ninja Scroll","Snake Skull","Vampiric Spirits","Guide Book","FIFO Queue","Slice"],"campfire_rested":2,"item_purchase_floors":[0,0,0,0,0,0,0,0,0,0,0,0,0,0,0,22,22,22,27,27,27,27,27,53,53,53,53,53,53,53],"current_hp_per_floor":[17,17,17,17,17,36,28,28,28,47,46,46,46,46,46,46,61,61,59,57,57,57,57,55,55,55,55,55,55,55,55,55,55,63,63,63,63,63,62,62,62,62,62,62,71,71,71,71,71,52,70,70,70,76,59],"gold":499,"neow_bonus":"","is_daily":false,"chose_seed":false,"campfire_upgraded":7,"win_rate":0.0,"timestamp":1611861076,"path_taken":["M","?","M","?","M","R","E","?","T","R","E","R","M","?","R","BOSS","M","M","M","?","$","R","E","M","T","$","?","E","AVR","M","R","BOSS","M","?","?","?","?","R","E","?","T","M","E","R","M","E","R","BOSS","R","$","E","BOSS"],"items_purchased_type":["Relic","Relic","Relic","Relic","Card","Relic","Relic","Relic","Relic","Card","Card","Relic","Card","Card","Card","Relic","Relic","Card","Relic","Card","Card","Relic","Relic","Relic","Relic","Relic","Relic","Relic","Card","Card"],"build_version":"2020-12-22","purchased_purges":2,"victory":true,"max_hp_per_floor":[66,66,66,66,66,66,66,66,66,66,66,66,66,66,66,66,66,66,66,66,66,66,66,66,66,66,66,66,66,66,66,66,66,66,66,66,66,66,66,66,66,66,66,66,76,76,76,76,76,76,76,76,76,76,76],"relic_stats":{"Nunchaku":[19],"counters":[579,2303],"Snake Skull":[18],"Kunai":[157],"Chemical X":[15],"Medical Kit":[11],"obtain_stats":[{"Replay:Accelerometer":30,"aspiration:SneckoTail":38,"Vampiric Spirits":46,"downfall:HeartBlessingGreen":10,"aspiration:PoetsPen_weak":17,"hubris:MysteriousPyramids":9,"Sling":55,"Ring of Searing":38,"Blood Vial":43,"Replay:Wanted Poster":34,"infinitespire:ShieldingShard":13,"hubris:HerbalPaste":0,"hubris:AstralHammer":40,"Replay:Bronze Core":34,"Fusion Hammer":34,"Replay:Bottled Flurry":46,"Replay:Bottled Steam":53,"hubris:MobiusCoin":6,"MerchantsRug":53,"Velvet Choker":34,"Eternal Feather":53,"Pen Nib":25,"ReplayTheSpireMod:SealedPack":17,"infinitespire:Magic Flask":9,"infinitespire:EvilPickle":33,"infinitespire:Broken Mirror":54,"infinitespire:Lychee Nut":27,"Bird Faced Urn":39,"Unceasing Top":14,"hubris:Reverence":23,"Regal Pillow":29,"Torii":7,"Singing Bowl":25,"hubris:EmptyBottle":29,"Ancient Tea Set":5,"Pet Ghost":41,"Ring of Fangs":46,"hubris:Backtick":34,"infinitespire:Bottled Soul":43,"aspiration:AnachronicSnailShell":41,"Toolbox":53,"hubris:CuriousFeather":38,"Chemical X":27,"Replay:Bottled Eggs":53,"infinitespire:Eraser":23,"InkBottle":25,"aspiration:ChemicalBlood":24,"Ring of the Snake":0,"Potion Belt":44,"Lee\u0027s Waffle":53,"Replay:M_StaffOfTheSnake":0,"Replay:Fungal Core":29,"NeowsBlessing":0,"hubris:64BitClover":0,"Golden Idol":10,"PreservedInsect":26,"infinitespire:Lucky Rock":26,"hubris:Towel":30,"Replay:Arrowhead":0,"Ornamental Fan":6,"hubris:Spice":42,"Art of War":37,"Garlic":11,"Durian":0,"infinitespire:Midas Blood":0,"hubris:BottledRain":17,"Ice Cream":44,"Calipers":23,"Gremlin Horn":38,"aspiration:Stabinomicon":22,"hubris:TerracottaHorce":48,"Sozu":17,"Centennial Puzzle":48,"Prayer Wheel":11,"Iron Hammer":54,"hubris:DuctTape":34,"ReplayTheSpireMod:CursedCoin":53,"Replay:Grab Bag":34,"Ring of Chaos":34,"SaiyanHeart":0,"aspiration:HiddenCompartment":29,"hubris:Zylophone":53,"hubris:PeanutButter":9,"Onion Ring":0,"infinitespire:EmpoweringShard":0,"aspiration:HatOfInfinitePower":37,"Mirror":9,"Pocketwatch":36,"aspiration:TomeofQuesting":38,"Snake Skull":7,"Juzu Bracelet":44,"Sizzling Blood":53,"hubris:RunicObelisk":17,"aspiration:StickyExplosives_weak":24,"Tough Bandages":9,"Dream Catcher":23,"Nunchaku":25,"hubris:Icosahedron":47,"TheAbacus":53,"Chameleon Ring":25,"aspiration:DefectSkillbook":34,"downfall:HeartBlessingBlue":18,"Red Mask":31,"Runic Pyramid":21,"hubris:KleinBottle":37,"Guide Book":0,"Replay:WaspNest":53,"infinitespire:FocusingShard":53,"Odd Mushroom":13,"Medical Kit":0,"Mercury Hourglass":6,"Calling Bell":47,"Strange Spoon":53,"Cauldron":53,"Pondfish Scales":29,"infinitespire:DarkRift":0,"infinitespire:Satchel":31,"SaiyanSoul":0,"Bag of Marbles":6,"Membership Card":20,"hubris:AncientText":36,"FossilizedHelix":36,"hubris:OldNail":0,"ReplayTheSpireMod:ShopPack":0,"TwistedFunnel":0,"infinitespire:BottledMercury":46,"Golden Egg":53,"Ginger":25,"Whetstone":29,"Bottled Tornado":0,"Boot":52,"aspiration:RitualStick":25,"Old Coin":24,"Replay:Ringing Soul":43,"Sundial":24,"MealTicket":48,"hubris:DeckOfHolding":28,"infinitespire:Golems Mask":48,"Kunai":47,"Replay:Wax Seal":18,"hubris:TinFlute":53,"Pear":20,"Counterbalance":38,"ReplayTheSpireMod:Ring of Addiction":46,"hubris:SphereOfDissonance":0,"Replay:Ancient Bell":34,"Paper Crane":22,"aspiration:IroncladSkillbook":17,"aspiration:FrozenJewel":9,"SlaversCollar":17,"Pandora\u0027s Box":34,"hubris:TenFootPole":2,"infinitespire:PuzzleCube":24,"Abe\u0027s Treasure":17,"aspiration:Lifesprig":0,"Lantern":40,"hubris:Metronome":41,"Blue Doll":52,"Bag of Preparation":42,"Replay:Multitool":20,"Cursed Key":34,"Replay:Rubber Ducky":36,"Shovel":3,"Ninja Scroll":53,"Ring of Peace":38,"WingedGreaves":36,"Ring of Panic":10,"hubris:GlazedTorus":46,"aspiration:VileToxins":42,"downfall:HeartBlessingRed":10,"Basket Of Snakes":31,"Damaru":6,"Thread and Needle":53,"The Courier":41,"infinitespire:Joker Card":0,"Omamori":45,"infinitespire:CheckeredPen":43,"MawBank":41,"Busted Crown":17,"Orrery":0,"Turnip":19,"Bottled Lightning":52,"ReplayTheSpireMod:Onyx Gauntlets":34,"ReplayTheSpireMod:Lightbulb":0,"Toy Ornithopter":46,"hubris:CrystalStatue":41,"Vajra":12,"Lizard Tail":13,"HornCleat":0,"DollysMirror":20,"Strawberry":49,"aspiration:ArtOfWarUpgrade":49,"Toxic Egg 2":0,"Byrd Skull":41,"Happy Flower":43,"aspiration:Nostalgia":53,"Astrolabe":17,"Oddly Smooth Stone":10,"infinitespire:Beetle Shell":53,"aspiration:SeaSaltIceCream":41,"Letter Opener":31,"Replay:Kaleidoscope":53,"War Paint":9,"Question Card":25,"Replay:Baseball":29,"Bottled Flame":8,"ReplayTheSpireMod:Shallot":36,"Shuriken":0,"Bronze Scales":54,"Molten Egg 2":23,"ReplayTheSpireMod:TigerMarble":43,"Black Star":17,"hubris:ToyBattleship":53,"Grinning Jar":17,"Meat on the Bone":4,"ReplayFunnel":36,"Darkstone Periapt":24,"ReplayTheSpireMod:Ring of Exchange":3,"Replay:PocketPolymizer":31,"SacredBark":46,"Mango":20,"hubris:SlimyHat":36,"ClockworkSouvenir":53,"Replay:Bandana":0,"Mummified Hand":19,"Gambling Chip":0,"Pantograph":0,"infinitespire:Chaos":0,"Gremlin Food":21,"BargainBundle":0,"ReplayTheSpireMod:Ninjato":41,"infinitespire:CursedDice":8,"aspiration:FetidBarrel":9,"Quantum Egg":43,"ReplayTheSpireMod:Ring of Sloth":10,"infinitespire:EmptyRelic":0,"aspiration:HummingbirdHeart":0,"Orichalcum":47,"Anchor":37,"CaptainsWheel":17,"infinitespire:WardingShard":12,"ChewingGum":17,"Ring of Fury":19,"Snack Pack":0,"PureWater":0,"TungstenRod":29,"hubris:Potato":0,"hubris:NiceRug":53},{"Replay:Accelerometer":567,"aspiration:SneckoTail":478,"Vampiric Spirits":144,"downfall:HeartBlessingGreen":6,"aspiration:PoetsPen_weak":187,"hubris:MysteriousPyramids":97,"Sling":207,"Ring of Searing":83,"Blood Vial":85,"Replay:Wanted Poster":168,"infinitespire:ShieldingShard":70,"hubris:HerbalPaste":92,"hubris:AstralHammer":24,"Replay:Bronze Core":51,"Fusion Hammer":196,"Replay:Bottled Flurry":116,"Replay:Bottled Steam":321,"hubris:MobiusCoin":4,"MerchantsRug":32,"Velvet Choker":569,"Eternal Feather":262,"Pen Nib":16,"ReplayTheSpireMod:SealedPack":244,"infinitespire:Magic Flask":37,"infinitespire:EvilPickle":51,"infinitespire:Broken Mirror":120,"infinitespire:Lychee Nut":473,"Bird Faced Urn":113,"Unceasing Top":186,"hubris:Reverence":223,"Regal Pillow":18,"Torii":4,"Singing Bowl":386,"hubris:EmptyBottle":18,"Ancient Tea Set":4,"Pet Ghost":24,"Ring of Fangs":27,"hubris:Backtick":196,"infinitespire:Bottled Soul":26,"aspiration:AnachronicSnailShell":114,"Toolbox":353,"hubris:CuriousFeather":54,"Chemical X":566,"Replay:Bottled Eggs":32,"infinitespire:Eraser":249,"InkBottle":107,"aspiration:ChemicalBlood":15,"Ring of the Snake":0,"Potion Belt":86,"Lee\u0027s Waffle":177,"Replay:M_StaffOfTheSnake":371,"Replay:Fungal Core":165,"NeowsBlessing":371,"hubris:64BitClover":323,"Golden Idol":463,"PreservedInsect":223,"infinitespire:Lucky Rock":276,"hubris:Towel":136,"Replay:Arrowhead":371,"Ornamental Fan":151,"hubris:Spice":480,"Art of War":23,"Garlic":98,"Durian":487,"infinitespire:Midas Blood":92,"hubris:BottledRain":158,"Ice Cream":144,"Calipers":105,"Gremlin Horn":392,"aspiration:Stabinomicon":470,"hubris:TerracottaHorce":232,"Sozu":244,"Centennial Puzzle":29,"Prayer Wheel":329,"Iron Hammer":146,"hubris:DuctTape":196,"ReplayTheSpireMod:CursedCoin":60,"Replay:Grab Bag":196,"Ring of Chaos":22,"SaiyanHeart":0,"aspiration:HiddenCompartment":78,"hubris:Zylophone":401,"hubris:PeanutButter":153,"Onion Ring":487,"infinitespire:EmpoweringShard":323,"aspiration:HatOfInfinitePower":23,"Mirror":127,"Pocketwatch":112,"aspiration:TomeofQuesting":24,"Snake Skull":184,"Juzu Bracelet":481,"Sizzling Blood":517,"hubris:RunicObelisk":362,"aspiration:StickyExplosives_weak":191,"Tough Bandages":359,"Dream Catcher":384,"Nunchaku":472,"hubris:Icosahedron":144,"TheAbacus":401,"Chameleon Ring":445,"aspiration:DefectSkillbook":225,"downfall:HeartBlessingBlue":11,"Red Mask":279,"Runic Pyramid":74,"hubris:KleinBottle":23,"Guide Book":147,"Replay:WaspNest":60,"infinitespire:FocusingShard":517,"Odd Mushroom":156,"Medical Kit":553,"Mercury Hourglass":295,"Calling Bell":88,"Strange Spoon":262,"Cauldron":321,"Pondfish Scales":18,"infinitespire:DarkRift":519,"infinitespire:Satchel":80,"SaiyanSoul":0,"Bag of Marbles":36,"Membership Card":13,"hubris:AncientText":112,"FossilizedHelix":169,"hubris:OldNail":264,"ReplayTheSpireMod:ShopPack":553,"TwistedFunnel":121,"infinitespire:BottledMercury":58,"Golden Egg":401,"Ginger":250,"Whetstone":369,"Bottled Tornado":236,"Boot":32,"aspiration:RitualStick":367,"Old Coin":565,"Replay:Ringing Soul":257,"Sundial":502,"MealTicket":59,"hubris:DeckOfHolding":77,"infinitespire:Golems Mask":144,"Kunai":88,"Replay:Wax Seal":11,"hubris:TinFlute":353,"Pear":189,"Counterbalance":24,"ReplayTheSpireMod:Ring of Addiction":27,"hubris:SphereOfDissonance":121,"Replay:Ancient Bell":253,"Paper Crane":530,"aspiration:IroncladSkillbook":42,"aspiration:FrozenJewel":67,"SlaversCollar":11,"Pandora\u0027s Box":137,"hubris:TenFootPole":180,"infinitespire:PuzzleCube":45,"Abe\u0027s Treasure":272,"aspiration:Lifesprig":62,"Lantern":171,"hubris:Metronome":200,"Blue Doll":32,"Bag of Preparation":85,"Replay:Multitool":335,"Cursed Key":111,"Replay:Rubber Ducky":23,"Shovel":2,"Ninja Scroll":577,"Ring of Peace":83,"WingedGreaves":140,"Ring of Panic":97,"hubris:GlazedTorus":88,"aspiration:VileToxins":257,"downfall:HeartBlessingRed":6,"Basket Of Snakes":224,"Damaru":67,"Thread and Needle":321,"The Courier":229,"infinitespire:Joker Card":323,"Omamori":27,"infinitespire:CheckeredPen":284,"MawBank":427,"Busted Crown":131,"Orrery":236,"Turnip":381,"Bottled Lightning":400,"ReplayTheSpireMod:Onyx Gauntlets":196,"ReplayTheSpireMod:Lightbulb":264,"Toy Ornithopter":27,"hubris:CrystalStatue":114,"Vajra":155,"Lizard Tail":216,"HornCleat":487,"DollysMirror":13,"Strawberry":30,"aspiration:ArtOfWarUpgrade":175,"Toxic Egg 2":291,"Byrd Skull":257,"Happy Flower":114,"aspiration:Nostalgia":517,"Astrolabe":380,"Oddly Smooth Stone":6,"infinitespire:Beetle Shell":32,"aspiration:SeaSaltIceCream":24,"Letter Opener":447,"Replay:Kaleidoscope":517,"War Paint":6,"Question Card":107,"Replay:Baseball":18,"Bottled Flame":127,"ReplayTheSpireMod:Shallot":112,"Shuriken":264,"Bronze Scales":120,"Molten Egg 2":105,"ReplayTheSpireMod:TigerMarble":26,"Black Star":100,"hubris:ToyBattleship":517,"Grinning Jar":158,"Meat on the Bone":94,"ReplayFunnel":169,"Darkstone Periapt":305,"ReplayTheSpireMod:Ring of Exchange":266,"Replay:PocketPolymizer":422,"SacredBark":27,"Mango":13,"hubris:SlimyHat":23,"ClockworkSouvenir":32,"Replay:Bandana":147,"Mummified Hand":43,"Gambling Chip":33,"Pantograph":403,"infinitespire:Chaos":371,"Gremlin Food":74,"BargainBundle":62,"ReplayTheSpireMod:Ninjato":143,"infinitespire:CursedDice":269,"aspiration:FetidBarrel":491,"Quantum Egg":56,"ReplayTheSpireMod:Ring of Sloth":97,"infinitespire:EmptyRelic":371,"aspiration:HummingbirdHeart":236,"Orichalcum":88,"Anchor":83,"CaptainsWheel":158,"infinitespire:WardingShard":243,"ChewingGum":333,"Ring of Fury":468,"Snack Pack":62,"PureWater":0,"TungstenRod":109,"hubris:Potato":179,"hubris:NiceRug":177},{"Replay:Accelerometer":2258,"aspiration:SneckoTail":2014,"Vampiric Spirits":705,"downfall:HeartBlessingGreen":31,"aspiration:PoetsPen_weak":930,"hubris:MysteriousPyramids":480,"Sling":992,"Ring of Searing":418,"Blood Vial":426,"Replay:Wanted Poster":818,"infinitespire:ShieldingShard":356,"hubris:HerbalPaste":462,"hubris:AstralHammer":137,"Replay:Bronze Core":277,"Fusion Hammer":971,"Replay:Bottled Flurry":563,"Replay:Bottled Steam":1446,"hubris:MobiusCoin":22,"MerchantsRug":214,"Velvet Choker":2265,"Eternal Feather":1236,"Pen Nib":78,"ReplayTheSpireMod:SealedPack":1150,"infinitespire:Magic Flask":235,"infinitespire:EvilPickle":277,"infinitespire:Broken Mirror":585,"infinitespire:Lychee Nut":2002,"Bird Faced Urn":547,"Unceasing Top":919,"hubris:Reverence":1056,"Regal Pillow":94,"Torii":22,"Singing Bowl":1669,"hubris:EmptyBottle":94,"Ancient Tea Set":22,"Pet Ghost":137,"Ring of Fangs":167,"hubris:Backtick":971,"infinitespire:Bottled Soul":154,"aspiration:AnachronicSnailShell":555,"Toolbox":1548,"hubris:CuriousFeather":289,"Chemical X":2255,"Replay:Bottled Eggs":214,"infinitespire:Eraser":1173,"InkBottle":523,"aspiration:ChemicalBlood":72,"Ring of the Snake":0,"Potion Belt":431,"Lee\u0027s Waffle":867,"Replay:M_StaffOfTheSnake":1620,"Replay:Fungal Core":804,"NeowsBlessing":1620,"hubris:64BitClover":1452,"Golden Idol":1960,"PreservedInsect":1056,"infinitespire:Lucky Rock":1305,"hubris:Towel":656,"Replay:Arrowhead":1620,"Ornamental Fan":742,"hubris:Spice":2020,"Art of War":126,"Garlic":487,"Durian":2044,"infinitespire:Midas Blood":462,"hubris:BottledRain":773,"Ice Cream":705,"Calipers":517,"Gremlin Horn":1693,"aspiration:Stabinomicon":1993,"hubris:TerracottaHorce":1095,"Sozu":1150,"Centennial Puzzle":181,"Prayer Wheel":1463,"Iron Hammer":718,"hubris:DuctTape":971,"ReplayTheSpireMod:CursedCoin":314,"Replay:Grab Bag":971,"Ring of Chaos":116,"SaiyanHeart":0,"aspiration:HiddenCompartment":394,"hubris:Zylophone":1742,"hubris:PeanutButter":749,"Onion Ring":2044,"infinitespire:EmpoweringShard":1452,"aspiration:HatOfInfinitePower":126,"Mirror":610,"Pocketwatch":545,"aspiration:TomeofQuesting":137,"Snake Skull":909,"Juzu Bracelet":2023,"Sizzling Blood":2118,"hubris:RunicObelisk":1580,"aspiration:StickyExplosives_weak":948,"Tough Bandages":1565,"Dream Catcher":1660,"Nunchaku":1999,"hubris:Icosahedron":705,"TheAbacus":1742,"Chameleon Ring":1903,"aspiration:DefectSkillbook":1067,"downfall:HeartBlessingBlue":49,"Red Mask":1318,"Runic Pyramid":381,"hubris:KleinBottle":126,"Guide Book":725,"Replay:WaspNest":314,"infinitespire:FocusingShard":2118,"Odd Mushroom":763,"Medical Kit":2194,"Mercury Hourglass":1373,"Calling Bell":441,"Strange Spoon":1236,"Cauldron":1446,"Pondfish Scales":94,"infinitespire:DarkRift":2125,"infinitespire:Satchel":402,"SaiyanSoul":0,"Bag of Marbles":233,"Membership Card":56,"hubris:AncientText":545,"FossilizedHelix":823,"hubris:OldNail":1248,"ReplayTheSpireMod:ShopPack":2194,"TwistedFunnel":591,"infinitespire:BottledMercury":304,"Golden Egg":1742,"Ginger":1178,"Whetstone":1608,"Bottled Tornado":1121,"Boot":214,"aspiration:RitualStick":1599,"Old Coin":2251,"Replay:Ringing Soul":1209,"Sundial":2079,"MealTicket":307,"hubris:DeckOfHolding":389,"infinitespire:Golems Mask":705,"Kunai":441,"Replay:Wax Seal":49,"hubris:TinFlute":1548,"Pear":941,"Counterbalance":137,"ReplayTheSpireMod:Ring of Addiction":167,"hubris:SphereOfDissonance":591,"Replay:Ancient Bell":1192,"Paper Crane":2143,"aspiration:IroncladSkillbook":246,"aspiration:FrozenJewel":343,"SlaversCollar":49,"Pandora\u0027s Box":666,"hubris:TenFootPole":883,"infinitespire:PuzzleCube":255,"Abe\u0027s Treasure":1290,"aspiration:Lifesprig":323,"Lantern":832,"hubris:Metronome":978,"Blue Doll":214,"Bag of Preparation":426,"Replay:Multitool":1485,"Cursed Key":542,"Replay:Rubber Ducky":126,"Shovel":12,"Ninja Scroll":2296,"Ring of Peace":418,"WingedGreaves":683,"Ring of Panic":480,"hubris:GlazedTorus":441,"aspiration:VileToxins":1209,"downfall:HeartBlessingRed":31,"Basket Of Snakes":1060,"Damaru":343,"Thread and Needle":1446,"The Courier":1082,"infinitespire:Joker Card":1452,"Omamori":167,"infinitespire:CheckeredPen":1337,"MawBank":1833,"Busted Crown":632,"Orrery":1121,"Turnip":1651,"Bottled Lightning":1735,"ReplayTheSpireMod:Onyx Gauntlets":971,"ReplayTheSpireMod:Lightbulb":1248,"Toy Ornithopter":167,"hubris:CrystalStatue":555,"Vajra":761,"Lizard Tail":1021,"HornCleat":2044,"DollysMirror":56,"Strawberry":193,"aspiration:ArtOfWarUpgrade":853,"Toxic Egg 2":1362,"Byrd Skull":1209,"Happy Flower":555,"aspiration:Nostalgia":2118,"Astrolabe":1649,"Oddly Smooth Stone":31,"infinitespire:Beetle Shell":214,"aspiration:SeaSaltIceCream":137,"Letter Opener":1909,"Replay:Kaleidoscope":2118,"War Paint":31,"Question Card":523,"Replay:Baseball":94,"Bottled Flame":610,"ReplayTheSpireMod:Shallot":545,"Shuriken":1248,"Bronze Scales":585,"Molten Egg 2":517,"ReplayTheSpireMod:TigerMarble":154,"Black Star":500,"hubris:ToyBattleship":2118,"Grinning Jar":773,"Meat on the Bone":467,"ReplayFunnel":823,"Darkstone Periapt":1403,"ReplayTheSpireMod:Ring of Exchange":1257,"Replay:PocketPolymizer":1813,"SacredBark":167,"Mango":56,"hubris:SlimyHat":126,"ClockworkSouvenir":214,"Replay:Bandana":725,"Mummified Hand":249,"Gambling Chip":226,"Pantograph":1757,"infinitespire:Chaos":1620,"Gremlin Food":381,"BargainBundle":323,"ReplayTheSpireMod:Ninjato":699,"infinitespire:CursedDice":1272,"aspiration:FetidBarrel":2050,"Quantum Egg":297,"ReplayTheSpireMod:Ring of Sloth":480,"infinitespire:EmptyRelic":1620,"aspiration:HummingbirdHeart":1121,"Orichalcum":441,"Anchor":418,"CaptainsWheel":773,"infinitespire:WardingShard":1143,"ChewingGum":1480,"Ring of Fury":1986,"Snack Pack":323,"PureWater":0,"TungstenRod":530,"hubris:Potato":879,"hubris:NiceRug":867}],"Ring of the Snake":[412]},"card_choices":[{"not_picked":["Master of Strategy","Midas Touch"],"picked":"HandOfGreed","floor":0.0},{"not_picked":["ReplayTheSpireMod:Trickstab","PanicButton"],"picked":"Secret Weapon","floor":0.0},{"not_picked":["Replay:Dark Deal","The Bomb"],"picked":"Discovery","floor":0.0},{"not_picked":["Calculated Gamble","ReplayTheSpireMod:Scrap Shanks"],"picked":"Acrobatics","floor":1.0},{"not_picked":["Skewer","Quick Slash","Heel Hook"],"picked":"SKIP","floor":3.0},{"not_picked":["Infinite Blades","Tactician"],"picked":"After Image","floor":5.0},{"not_picked":["Crippling Poison","Backflip"],"picked":"ReplayTheSpireMod:Scrap Shanks","floor":7.0},{"not_picked":["Dagger Spray","Dagger Throw"],"picked":"Blade Dance","floor":8.0},{"not_picked":["Escape Plan","PiercingWail"],"picked":"ReplayTheSpireMod:From All Sides","floor":11.0},{"not_picked":["hubris:SlightOfHand","Flechettes","Flying Knee"],"picked":"Sneak Up","floor":13.0},{"not_picked":["A Thousand Cuts","Glass Knife","Die Die Die"],"picked":"Replay:Bag of Tricks","floor":16.0},{"not_picked":["Flying Knee+1","Sucker Punch","Poisoned Stab","ReplayTheSpireMod:Exploit Weakness"],"picked":"SKIP","floor":18.0},{"not_picked":["PiercingWail","Dash","Dodge and Roll"],"picked":"Acrobatics","floor":19.0},{"not_picked":["Caltrops","hubris:SlightOfHand","Underhanded Strike+1","Hidden Blade"],"picked":"SKIP","floor":20.0},{"not_picked":["Flying Knee","Poisoned Stab","Setup"],"picked":"Tools of the Trade","floor":24.0},{"not_picked":["hubris:Counter","PiercingWail","Flying Knee","Poisoned Stab"],"picked":"SKIP","floor":25.0},{"not_picked":["Poisoned Stab","Footwork","Hidden Blade","Distraction"],"picked":"SKIP","floor":29.0},{"not_picked":["Dodge and Roll","Terror","ReplayTheSpireMod:Tripwire","All Out Attack"],"picked":"Sunder","floor":31.0},{"not_picked":["A Thousand Cuts","Corpse Explosion","Phantasmal Killer","ReplayRNGCard"],"picked":"Envenom","floor":33.0},{"not_picked":["Predator","Streamline","ReplayTheSpireMod:Exploit Weakness","Accuracy"],"picked":"ReplayTheSpireMod:Tripwire+1","floor":35.0},{"not_picked":["Trip","Crow Ritual","Bandage Up","Forethought"],"picked":"Panacea","floor":38.0},{"not_picked":["Acrobatics+1","Stack","Hidden Blade","ReplayTheSpireMod:System Scan"],"picked":"Sunder+1","floor":39.0},{"not_picked":["ReplayTheSpireMod:Exploit Weakness+1","Heel Hook","Conserve Battery","Double Energy"],"picked":"ReplayTheSpireMod:Tripwire","floor":41.0},{"not_picked":["Panic Button+1","Cloak And Dagger","Prepared","Force Field","Redo"],"picked":"SKIP","floor":44.0},{"not_picked":["Dodge and Roll","Deflect","Go for the Eyes","Blade Dance+1"],"picked":"Adrenaline","floor":45.0},{"not_picked":["Acrobatics","Compile Driver+1","Gash","Sucker Punch"],"picked":"Chill+1","floor":47.0},{"not_picked":["Heel Hook","Atom Bomb","Cold Snap","Ball Lightning","hubris:SpecializedCircuitry"],"picked":"SKIP","floor":48.0},{"not_picked":["Setup","Hologram","Redo"],"picked":"PiercingWail","floor":54}],"player_experience":698197,"relics_obtained":[{"floor":7.0,"key":"Mirror"},{"floor":8.0,"key":"Basket Of Snakes"},{"floor":9.0,"key":"Blue Doll"},{"floor":11.0,"key":"Question Card"},{"floor":24.0,"key":"Old Coin"},{"floor":29.0,"key":"Replay:Wax Seal"},{"floor":41.0,"key":"hubris:Reverence"},{"floor":43.0,"key":"hubris:MobiusCoin"},{"floor":45.0,"key":"Pear"},{"floor":48.0,"key":"infinitespire:Eraser"},{"floor":54,"key":"hubris:TinFlute"}],"event_choices":[{"damage_healed":0.0,"max_hp_gain":0.0,"max_hp_loss":0.0,"gold_gain":0.0,"event_name":"Living Wall","player_choice":"Grow","floor":2.0,"gold_loss":0.0,"damage_taken":0.0,"cards_upgraded":["HandOfGreed"]},{"damage_healed":0.0,"max_hp_gain":0.0,"max_hp_loss":0.0,"gold_gain":0.0,"event_name":"Dead Adventurer","player_choice":"Searched \u00271\u0027 times","floor":8.0,"gold_loss":0.0,"damage_taken":0.0},{"damage_healed":0.0,"max_hp_gain":0.0,"max_hp_loss":0.0,"gold_gain":0.0,"event_name":"Addict","player_choice":"Obtained Relic","floor":21.0,"gold_loss":85.0,"damage_taken":0.0,"relics_obtained":["Nunchaku"]},{"damage_healed":0.0,"max_hp_gain":0.0,"max_hp_loss":0.0,"gold_gain":99.0,"event_name":"betterThird:BetterNest","player_choice":"Steal","floor":28.0,"gold_loss":0.0,"damage_taken":0.0},{"damage_healed":0.0,"max_hp_gain":0.0,"max_hp_loss":0.0,"gold_gain":0.0,"event_name":"Tomb of Lord Red Mask","player_choice":"Ignored","floor":36.0,"gold_loss":0.0,"damage_taken":0.0},{"cards_removed":["Strike_G"],"damage_healed":0.0,"max_hp_gain":0.0,"max_hp_loss":0.0,"gold_gain":0.0,"event_name":"Falling","player_choice":"Removed Attack","floor":37.0,"gold_loss":0.0,"damage_taken":0.0},{"damage_healed":0.0,"max_hp_gain":0.0,"max_hp_loss":0.0,"gold_gain":0.0,"event_name":"SensoryStone","player_choice":"Memory 1","floor":38.0,"gold_loss":0.0,"damage_taken":0.0},{"damage_healed":0.0,"max_hp_gain":0.0,"max_hp_loss":0.0,"gold_gain":0.0,"event_name":"Designer","player_choice":"Upgraded Two","floor":42.0,"gold_loss":40.0,"damage_taken":0.0,"cards_upgraded":["Acrobatics","ReplayTheSpireMod:Tripwire"]}],"is_beta":false,"boss_relics":[{"not_picked":["HoveringKite","ReplayTheSpireMod:SealedPack"],"picked":"hubris:Backtick"},{"not_picked":["Tiny House","Ring of Chaos"],"picked":"Velvet Choker"}],"items_purged_floors":[0,0],"is_endless":false,"potions_floor_spawned":[1,3,11,16,19,25,39,41,45,47],"ascension_level":14}}