{"host":"xkmvu47k9fdstweo","time":1611854807,"event":{"mods":["BaseMod","Colored Map","Conspire","HololiveMod","Hubris","Minty Spire (QoL Compilation)","Quick Restart","Railgun Mod","Shop Mod","StSLib","The Alterego","The Animator","The Servant 0.9.4","The Wild Card","TheBandit","WarShipGirlsR/??è≠èóR mod"],"gold_per_floor":[117,90,90,30,30,30,65,78,105,119,119,19,35,5,5,5,5],"floor_reached":16,"language":"ENG","playtime":456,"items_purged":[],"score":157,"play_id":"49f246b5-1bb0-4af4-90a0-869d117276e6","local_time":"20210128122647","is_ascension_mode":true,"campfire_choices":[{"data":"Inflame","floor":6,"key":"SMITH"},{"data":"Dropkick","floor":11,"key":"SMITH"},{"floor":15,"key":"REST"}],"circlet_count":0,"master_deck":["AscendersBane","Strike_R","Strike_R","Strike_R","Strike_R","Strike_R","Defend_R","Defend_R","Defend_R","Defend_R","Bash","conspire:HitWhereItHurts","Shrug It Off","Armaments","Thunderclap","Inflame+1","True Grit","Inflame","Dropkick+1","Ghostly","Headbutt","Cleave"],"relics":["Burning Blood","Golden Idol","hubris:MysteriousPyramids","Nunchaku"],"acts_visited":["Exordium"],"potions_floor_usage":[16],"damage_taken":[{"damage":0,"enemies":"2 Louse","floor":1,"turns":4},{"damage":50,"enemies":"3 Sentries","floor":7,"turns":11},{"damage":2,"enemies":"Jaw Worm","floor":8,"turns":4},{"damage":0,"enemies":"conspire:RoseBush","floor":10,"turns":5},{"damage":4,"enemies":"2 Fungi Beasts","floor":13,"turns":4},{"damage":0,"enemies":"Looter","floor":14,"turns":4},{"damage":59,"enemies":"Hexaghost","floor":16,"turns":10}],"seed_played":"-1249633110571033344","potions_obtained":[{"floor":8,"key":"PowerPotion"}],"is_trial":false,"path_per_floor":["M","$","?","?","$","R","E","M","T","M","R","?","M","M","R","B"],"character_chosen":"IRONCLAD","items_purchased":["Armaments"],"campfire_rested":1,"item_purchase_floors":[2],"current_hp_per_floor":[78,78,58,58,58,58,14,18,18,24,24,24,26,32,56,0,0],"gold":5,"neow_bonus":"ONE_RANDOM_RARE_CARD","is_daily":false,"chose_seed":false,"campfire_upgraded":2,"win_rate":0.0,"timestamp":1611854807,"path_taken":["M","$","?","?","?","R","E","M","T","M","R","?","M","M","R","BOSS"],"items_purchased_type":["Card"],"build_version":"2020-12-22","purchased_purges":0,"victory":false,"max_hp_per_floor":[80,80,80,80,80,80,80,80,80,80,80,80,80,80,80,80,80],"card_choices":[{"not_picked":["Body Slam","hubris:CleavingFinish"],"picked":"Shrug It Off","floor":1},{"not_picked":[],"picked":"Thunderclap","floor":4},{"not_picked":[],"picked":"Inflame","floor":4},{"not_picked":["Sever Soul","Clothesline"],"picked":"True Grit","floor":7},{"not_picked":["Flex","Wild Strike"],"picked":"Inflame","floor":8},{"not_picked":["Uppercut","Brutality"],"picked":"Dropkick","floor":10},{"not_picked":["Iron Wave","Flex"],"picked":"Headbutt","floor":13},{"not_picked":["Armaments","Uppercut"],"picked":"Cleave","floor":14}],"player_experience":380946,"relics_obtained":[{"floor":7,"key":"hubris:MysteriousPyramids"},{"floor":9,"key":"Nunchaku"}],"event_choices":[{"damage_healed":0,"gold_gain":0,"player_choice":"Take Damage","damage_taken":20,"relics_obtained":["Golden Idol"],"max_hp_gain":0,"max_hp_loss":0,"event_name":"Golden Idol","floor":3,"gold_loss":0},{"damage_healed":0,"gold_gain":0,"player_choice":"Argue","damage_taken":0,"max_hp_gain":0,"max_hp_loss":0,"event_name":"conspire:LoneGhost","floor":12,"gold_loss":0}],"is_beta":false,"boss_relics":[],"items_purged_floors":[],"is_endless":false,"potions_floor_spawned":[8],"killed_by":"Hexaghost","ascension_level":12}}