{"host":"9glxjasd35ghdaim","time":1611864968,"event":{"mods":["Act Like it!","AlwaysNeverKeys","Aspiration","Bard","BaseMod","Better Third Choice","CCEM2","CapriCore","Colored Map","Colored Powertips","Conspire","Dark Map","Displayed Cursed Tome","Energized Spire","GifTheSpireLib","Halation","Hermit","Hubris","Infinite Spire","Jorbs\u0027s Wanderer Trilogy","Luminous","Marisa????????","Minty Spire (QoL Compilation)","Permanent Neow","Quick Restart","Random Character Button","Rare Cards Sparkle","Relic Stats","Reliquary","Replay The Spire","Shade Mod","Spicy Shops","StS++","StSLib","Stuff the Spire","The Administrix","The Animator","The Blue Laboratory","The Bug Knight","The Construct","The Cursed","The Disciple","The Florist","The Hierophant","The Problem Sleuth","The Senshi","The Servant 0.9.4","The Wild Card","TheFirefly","TheSwordswoman","Unceasing Turn Reminder","Wandering Minibosses"],"gold_per_floor":[109,109,128,147,147,147,174,174,174,187,197,213,229,262,262,367,417,429,442,442,460,460,460,460,460,486,496,515,463,476,476,476,575,575,590,610,11,21,31,31,63,63,63,63,81,81,81],"floor_reached":46,"language":"ENG","playtime":4287,"items_purged":["Strike_B","Strike_B","Strike_B","Defend_B"],"score":541,"play_id":"84103fa5-1476-4498-b6c3-34fcdb1c20ea","local_time":"20210128151608","is_ascension_mode":false,"campfire_choices":[{"data":"StuffTheSpire:ForEach","floor":6,"key":"SMITH"},{"data":"Zap","floor":8,"key":"SMITH"},{"data":"Fission","floor":15,"key":"SMITH"},{"data":"Coolheaded","floor":23,"key":"SMITH"},{"data":"StSpp:CopyPaste","floor":25,"key":"SMITH"},{"floor":32,"key":"REST"},{"data":"Redo","floor":40,"key":"SMITH"},{"floor":44,"key":"REST"}],"circlet_count":0,"master_deck":["Defend_B","Defend_B+1","Defend_B","Zap+1","Dualcast+1","StuffTheSpire:ForEach+1","StuffTheSpire:Coldhearted+1","Defragment","Hologram+1","hubris:PowerSurge","Coolheaded+1","BasicCrystalCard","Fission+1","BootSequence","StuffTheSpire:ForEach","Barrage","Steam Power","Scrape","Hologram+1","StSpp:CopyPaste+1","Loop+1","Loop","Machine Learning","hubris:PowerSurge","Specialist+1","All For One","Skim","Defragment","Redo+1","Ball Lightning+1","StuffTheSpire:Synthwave+1","Gash+1","Crystallizer+1","Capacitor"],"relics":["Cracked Core","reliquary:TatteredRug","aspiration:FaultyCoupler","CCEMRelics:TeddyBear","Tiny House","CCEMRelics:OrganicArmor","Bag of Preparation","Black Star","StSpp:BackupBattery","Shovel","Counterbalance","infinitespire:Lucky Rock"],"acts_visited":["Exordium","TheCity","TheBeyond"],"potions_floor_usage":[3,7,10,12,13,16,19,27,28,38],"damage_taken":[{"damage":3,"enemies":"Jaw Worm","floor":1,"turns":3},{"damage":0,"enemies":"2 Louse","floor":3,"turns":2},{"damage":0,"enemies":"Cultist","floor":4,"turns":3},{"damage":6,"enemies":"Replay:BlueRogue","floor":7,"turns":5},{"damage":0,"enemies":"Looter","floor":10,"turns":3},{"damage":0,"enemies":"Exordium Thugs","floor":11,"turns":2},{"damage":0,"enemies":"Red Slaver","floor":12,"turns":5},{"damage":2,"enemies":"Lots of Slimes","floor":13,"turns":3},{"damage":0,"enemies":"Lagavulin","floor":14,"turns":6},{"damage":0,"enemies":"Hexaghost","floor":16,"turns":10},{"damage":0,"enemies":"Chosen","floor":18,"turns":3},{"damage":6,"enemies":"Centurion and Healer","floor":19,"turns":12},{"damage":0,"enemies":"conspire:HollyBat","floor":21,"turns":8},{"damage":0,"enemies":"Chosen and Byrds","floor":27,"turns":7},{"damage":0,"enemies":"3 Cultists","floor":28,"turns":4},{"damage":15,"enemies":"Snake Plant","floor":30,"turns":3},{"damage":14,"enemies":"Collector","floor":33,"turns":5},{"damage":0,"enemies":"3 Darklings","floor":35,"turns":8},{"damage":0,"enemies":"3 Shapes","floor":36,"turns":2},{"damage":17,"enemies":"Jaw Worm Horde","floor":38,"turns":7},{"damage":8,"enemies":"Transient","floor":39,"turns":5},{"damage":34,"enemies":"Reptomancer","floor":41,"turns":5},{"damage":38,"enemies":"Writhing Mass","floor":45,"turns":3},{"damage":15,"enemies":"Nightmare","floor":46,"turns":6}],"seed_played":"4817161624910387077","potions_obtained":[{"floor":1,"key":"blueLaboratory:FruitPunch"},{"floor":3,"key":"Weak Potion"},{"floor":4,"key":"blueLaboratory:RelayPotion"},{"floor":11,"key":"blueLaboratory:FruitPunch"},{"floor":12,"key":"blueLaboratory:LouseDecoction"},{"floor":14,"key":"blueLaboratory:FruitPunch"},{"floor":16,"key":"blueLaboratory:AbyssPotion"},{"floor":17,"key":"blueLaboratory:ForbiddenFruitJuice"},{"floor":18,"key":"LiquidBronze"},{"floor":21,"key":"AttackPotion"},{"floor":35,"key":"blueLaboratory:StoneskinPotion"},{"floor":45,"key":"Elixir"}],"is_trial":false,"path_per_floor":["M","?","M","M","?","R","E","R","T","M","M","M","M","E","R_BF","B",null,"M","M","?","M","AVR","R","?","R","T","M","M","$","M","?","R","B",null,"M","M","$","M","M","R","E","?","T","R","M","NM"],"character_chosen":"DEFECT","items_purchased":["Machine Learning","Defragment","Redo","StSpp:BackupBattery","Ball Lightning+1"],"campfire_rested":2,"item_purchase_floors":[29,37,37,37,37],"current_hp_per_floor":[72,65,67,67,52,52,46,46,46,46,46,48,46,46,46,48,86,86,80,80,80,80,80,80,80,80,80,80,80,65,53,78,64,86,86,86,86,69,61,61,27,27,27,52,14,0,0],"gold":81,"neow_bonus":"ONE_RANDOM_RARE_CARD","is_daily":false,"chose_seed":false,"campfire_upgraded":6,"win_rate":0.0,"timestamp":1611864968,"path_taken":["M","?","M","M","?","R","E","R","T","M","M","M","M","E","R_BF","BOSS","M","M","?","M","AVR","R","?","R","T","?","M","$","M","?","R","BOSS","M","M","$","M","M","R","E","?","T","R","?","NM"],"items_purchased_type":["Card","Card","Card","Relic","Card"],"build_version":"2020-12-22","purchased_purges":4,"victory":false,"max_hp_per_floor":[75,75,77,77,77,77,77,77,77,77,77,79,79,79,79,81,86,86,86,86,86,86,86,86,86,86,86,86,86,86,86,86,86,86,86,86,86,86,86,86,86,86,86,86,86,86,86],"relic_stats":{"Shovel":0,"counters":[24,119],"Bag of Preparation":[22],"Black Star":1,"obtain_stats":[{"Tiny House":17,"Shovel":41,"CCEMRelics:TeddyBear":14,"Counterbalance":41,"reliquary:TatteredRug":7,"Bag of Preparation":26,"Black Star":34,"StSpp:BackupBattery":37,"infinitespire:Lucky Rock":43,"Cracked Core":0,"aspiration:FaultyCoupler":9,"CCEMRelics:OrganicArmor":22},{"Tiny House":10,"Shovel":22,"CCEMRelics:TeddyBear":9,"Counterbalance":22,"reliquary:TatteredRug":4,"Bag of Preparation":13,"Black Star":17,"StSpp:BackupBattery":19,"infinitespire:Lucky Rock":22,"Cracked Core":0,"aspiration:FaultyCoupler":4,"CCEMRelics:OrganicArmor":13},{"Tiny House":42,"Shovel":110,"CCEMRelics:TeddyBear":32,"Counterbalance":110,"reliquary:TatteredRug":13,"Bag of Preparation":65,"Black Star":84,"StSpp:BackupBattery":94,"infinitespire:Lucky Rock":110,"Cracked Core":0,"aspiration:FaultyCoupler":13,"CCEMRelics:OrganicArmor":65}]},"card_choices":[{"not_picked":["Rebound","Beam Cell"],"picked":"StuffTheSpire:Coldhearted","floor":1},{"not_picked":["Panic Button","Turbo"],"picked":"Defragment","floor":3},{"not_picked":["Steam","Double Energy"],"picked":"Hologram","floor":4},{"not_picked":["Double Energy","Recycle","Chaos"],"picked":"SKIP","floor":7},{"not_picked":["Panic Button","Reprogram"],"picked":"hubris:PowerSurge","floor":10},{"not_picked":["Streamline","ReplayTheSpireMod:System Scan"],"picked":"Coolheaded","floor":11},{"not_picked":["Ball Lightning","StSpp:Fierceness"],"picked":"BasicCrystalCard","floor":12},{"not_picked":["Chaos","Panic Button"],"picked":"Fission","floor":13},{"not_picked":["Ball Lightning","StuffTheSpire:Rend"],"picked":"BootSequence","floor":14},{"not_picked":["Buffer","hubris:DoWhile"],"picked":"StuffTheSpire:ForEach","floor":16},{"not_picked":["StuffTheSpire:Plugnplay","Rip and Tear"],"picked":"Barrage","floor":17},{"not_picked":["Stack","Cold Snap"],"picked":"Steam Power","floor":18},{"not_picked":["Force Field+1","Gash"],"picked":"Scrape","floor":19},{"not_picked":["StSpp:Mask","Lockon"],"picked":"Hologram+1","floor":21},{"not_picked":["ReplayGash+1","Beam Cell"],"picked":"Loop+1","floor":27},{"not_picked":["StuffTheSpire:ShieldGenerator","Hologram"],"picked":"Loop","floor":28},{"not_picked":["Scrape+1","Steam"],"picked":"hubris:PowerSurge","floor":30},{"not_picked":["hubris:SpecializedCircuitry","StuffTheSpire:LaunchingStrike"],"picked":"All For One","floor":33},{"not_picked":["Compile Driver","Chaos"],"picked":"Skim","floor":35},{"not_picked":["Hologram","Steam+1","Compile Driver"],"picked":"SKIP","floor":36},{"not_picked":["StuffTheSpire:SnapShoot","StSpp:Mask+1"],"picked":"StuffTheSpire:Synthwave+1","floor":38},{"not_picked":["Aggregate+1","Cold Snap"],"picked":"Gash+1","floor":39},{"not_picked":["Cold Snap+1","White Noise"],"picked":"Crystallizer+1","floor":41},{"not_picked":["BasicCrystalCard","hubris:PowerSurge"],"picked":"Capacitor","floor":45}],"player_experience":232223,"relics_obtained":[{"floor":7,"key":"reliquary:TatteredRug"},{"floor":9,"key":"aspiration:FaultyCoupler"},{"floor":14,"key":"CCEMRelics:TeddyBear"},{"floor":26,"key":"Bag of Preparation"},{"floor":41,"key":"Shovel"},{"floor":41,"key":"Counterbalance"},{"floor":43,"key":"infinitespire:Lucky Rock"}],"event_choices":[{"damage_healed":67,"gold_gain":0,"player_choice":"Upgrade","damage_taken":15,"max_hp_gain":0,"max_hp_loss":77,"event_name":"betterThird:BetterShining","floor":5,"gold_loss":0,"cards_upgraded":["Defend_B","Hologram"]},{"damage_healed":0,"gold_gain":0,"player_choice":"1 cards matched","damage_taken":0,"max_hp_gain":0,"max_hp_loss":0,"event_name":"Match and Keep!","floor":24,"gold_loss":0,"cards_obtained":["StSpp:CopyPaste"]},{"damage_healed":0,"gold_gain":0,"player_choice":"CARD ","damage_taken":12,"max_hp_gain":0,"max_hp_loss":0,"event_name":"Knowing Skull","floor":31,"potions_obtained":[],"gold_loss":0,"cards_obtained":["Specialist"]},{"damage_healed":0,"gold_gain":0,"player_choice":"Upgraded","damage_taken":0,"max_hp_gain":0,"max_hp_loss":0,"event_name":"Upgrade Shrine","floor":42,"gold_loss":0,"cards_upgraded":["Specialist"]}],"is_beta":false,"boss_relics":[{"not_picked":["Velvet Choker","hubris:BlackHole"],"picked":"Tiny House"},{"not_picked":["Fusion Hammer","CCEMRelics:DefectiveTurbocharger"],"picked":"Black Star"}],"items_purged_floors":[22,29,37,37],"is_endless":false,"potions_floor_spawned":[1,3,4,11,12,14,16,18,21,35,45],"killed_by":"Nightmare","ascension_level":0}}