{"host":"o6j8h35axmoodbwy","time":1611834485,"event":{"mods":["2.2 Compatiblity","Act Like it!","BaseMod","Colored Map","Colored Powertips","Gensokyo","Marisa（霧雨　魔理沙）","Minty Spire (QoL Compilation)","Prisma Mod","Quick Restart","Shop Mod","StSLib","SuperFastMode","Td1madao Mod","Youmu（魂魄妖梦）"],"gold_per_floor":[119,119,119,119,142,142,186,186,213,232,232,245,261,261,261,355,355,371,233,256,256,256],"floor_reached":21,"language":"JPN","playtime":1444,"items_purged":[],"score":367,"play_id":"9afaa244-f6b7-4523-8c72-f9fe3bd83a96","local_time":"20210128204805","is_ascension_mode":true,"campfire_choices":[{"data":"Blood for Blood","floor":6,"key":"SMITH"},{"data":"Clothesline","floor":8,"key":"SMITH"},{"data":"Shrug It Off","floor":15,"key":"SMITH"}],"circlet_count":0,"master_deck":["AscendersBane","Strike_R+1","Strike_R+1","Defend_R","Defend_R","Defend_R","Defend_R","Bash","Blood for Blood+1","Shrug It Off+1","Clothesline+1","Impervious","Headbutt","Berserk","Second Wind+1","Spot Weakness+1","Brutality+1","Evolve","Heavy Blade","True Grit+1"],"relics":["Burning Blood","NeowsBlessing","Golden Idol","Regal Pillow","Bag of Preparation","Bird Faced Urn","GremlinMask","Astrolabe"],"acts_visited":["Exordium","TheCity"],"potions_floor_usage":[16,20,21,21],"damage_taken":[{"damage":0,"enemies":"Small Slimes","floor":1,"turns":1},{"damage":0,"enemies":"2 Louse","floor":5,"turns":1},{"damage":0,"enemies":"3 Sentries","floor":7,"turns":1},{"damage":1,"enemies":"Jaw Worm","floor":10,"turns":3},{"damage":5,"enemies":"3 Louse","floor":12,"turns":4},{"damage":5,"enemies":"Gremlin Gang","floor":13,"turns":5},{"damage":43,"enemies":"Slime Boss","floor":16,"turns":10},{"damage":0,"enemies":"Chosen","floor":18,"turns":4},{"damage":27,"enemies":"3 Byrds","floor":20,"turns":6},{"damage":59,"enemies":"Masked Bandits","floor":21,"turns":5}],"seed_played":"-1106857899596620097","potions_obtained":[{"floor":1,"key":"Energy Potion"},{"floor":10,"key":"PowerPotion"},{"floor":18,"key":"AttackPotion"},{"floor":20,"key":"ColorlessPotion"}],"is_trial":false,"path_per_floor":["M","?","?","?","M","R","E","R","T","M","T","M","M","?","R","B",null,"M","$","M","?"],"character_chosen":"IRONCLAD","items_purchased":["Evolve","Heavy Blade"],"campfire_rested":0,"item_purchase_floors":[19,19],"current_hp_per_floor":[74,48,25,25,31,31,37,37,37,42,42,43,44,44,44,9,59,67,67,50,0,0],"gold":256,"neow_bonus":"THREE_ENEMY_KILL","is_daily":false,"chose_seed":false,"campfire_upgraded":3,"win_rate":0.0,"timestamp":1611834485,"path_taken":["M","?","?","?","M","R","E","R","T","M","?","M","?","?","R","BOSS","M","$","?","?"],"items_purchased_type":["Card","Card"],"build_version":"2020-12-22","purchased_purges":0,"victory":false,"max_hp_per_floor":[75,75,75,75,75,75,75,75,75,75,75,75,75,75,75,75,75,75,75,75,75,75],"card_choices":[{"not_picked":["Bloodletting","Sever Soul"],"picked":"Blood for Blood","floor":1},{"not_picked":["Thunderclap","Armaments"],"picked":"Shrug It Off","floor":5},{"not_picked":["Uppercut","Wild Strike"],"picked":"Clothesline","floor":7},{"not_picked":["Cleave","Evolve"],"picked":"Impervious","floor":10},{"not_picked":["Combust","Twin Strike"],"picked":"Headbutt","floor":12},{"not_picked":["Blood for Blood","Bloodletting","Flex"],"picked":"SKIP","floor":13},{"not_picked":["Impervious","Bludgeon"],"picked":"Berserk","floor":16},{"not_picked":["Twin Strike","Iron Wave","Cleave"],"picked":"SKIP","floor":18},{"not_picked":["Warcry","Havoc"],"picked":"True Grit+1","floor":20}],"player_experience":614061,"relics_obtained":[{"floor":7,"key":"Regal Pillow"},{"floor":9,"key":"Bag of Preparation"},{"floor":11,"key":"Bird Faced Urn"}],"event_choices":[{"damage_healed":0,"gold_gain":0,"player_choice":"Take Damage","damage_taken":26,"relics_obtained":["Golden Idol"],"max_hp_gain":0,"max_hp_loss":0,"event_name":"Golden Idol","floor":2,"gold_loss":0},{"damage_healed":0,"gold_gain":0,"player_choice":"Entered Light","damage_taken":23,"max_hp_gain":0,"max_hp_loss":0,"event_name":"Shining Light","floor":3,"gold_loss":0,"cards_upgraded":["Strike_R","Strike_R"]},{"damage_healed":0,"gold_gain":0,"player_choice":"Ignored","damage_taken":0,"max_hp_gain":0,"max_hp_loss":0,"event_name":"Liars Game","floor":4,"gold_loss":0},{"damage_healed":0,"gold_gain":0,"player_choice":"Trade","damage_taken":0,"relics_obtained":["GremlinMask"],"max_hp_gain":0,"max_hp_loss":0,"event_name":"FaceTrader","floor":14,"gold_loss":0},{"damage_healed":0,"gold_gain":0,"player_choice":"Fought Bandits","damage_taken":0,"max_hp_gain":0,"max_hp_loss":0,"event_name":"Masked Bandits","floor":21,"gold_loss":0}],"is_beta":false,"boss_relics":[{"not_picked":["Coffee Dripper","Pandora\u0027s Box"],"picked":"Astrolabe"}],"items_purged_floors":[],"is_endless":false,"potions_floor_spawned":[1,10,18,20],"killed_by":"Masked Bandits","ascension_level":16}}