{"host":"dzit4ljil6490tuf","time":1611794539,"event":{"mods":["BaseMod","Downfall","Hermit","Hubris","Minty Spire (QoL Compilation)","StSLib","The Cursed","The Runesmith","The Servant 0.9.4"],"gold_per_floor":[99,114,129,144,159,189,239,269,284,284,299,299,314,329,344,444,444,444,459,459,459,459,474,474,489,519,534,534,634,634,649,664,664,664,664],"floor_reached":33,"language":"ITA","playtime":1517,"items_purged":[],"score":285,"play_id":"9c7b0ccb-d9f9-4bbb-9370-5090b4e3aaa6","local_time":"20210128014219","daily_mods":["Draft","Green Cards","downfall:Hexed"],"is_ascension_mode":false,"campfire_choices":[{"data":"Noxious Fumes","floor":1,"key":"SMITH"},{"data":"bronze:Constructor","floor":12,"key":"SMITH"},{"data":"bronze:Terminator","floor":18,"key":"SMITH"},{"floor":28,"key":"REST"},{"data":"bronze:Fortify","floor":30,"key":"SMITH"}],"circlet_count":0,"master_deck":["Noxious Fumes+1","bronze:Branch","bronze:Iterate","Quick Slash","Poisoned Stab","Cloak And Dagger","bronze:Constructor+1","bronze:Shield","bronze:WhirlingStrike","Acrobatics","bronze:WhirlingStrike","bronze:BitShift","bronze:WildBeam","bronze:Repair","Catalyst+1","bronze:Iterate","bronze:Return","Caltrops","bronze:WhirlingStrike","Poisoned Stab","bronze:ChosenStrike","bronze:Flail","Noxious Fumes+1","Riddle With Holes","bronze:Terminator+1","bronze:Overheat","Corpse Explosion","bronze:OilSpill+1","bronze:DelayedGuard","Backflip+1","bronze:Fortify+1","bronze:Repulsor+1","bronze:Branch+1"],"relics":["bronze:BronzeCore","Velvet Choker","Bronze Scales","Smiling Mask","Eternal Feather","bronze:ElectromagneticCoil","Pantograph","Runesmith:Nanobots","hubris:64BitClover","Frozen Egg 2"],"acts_visited":["Exordium","TheCity"],"potions_floor_usage":[23,26,29,29],"damage_taken":[{"damage":0,"enemies":"Cultist","floor":2,"turns":3},{"damage":0,"enemies":"Jaw Worm","floor":3,"turns":2},{"damage":0,"enemies":"Small Slimes","floor":4,"turns":3},{"damage":14,"enemies":"3 Louse","floor":5,"turns":2},{"damage":8,"enemies":"Gremlin Nob","floor":6,"turns":4},{"damage":2,"enemies":"Lagavulin","floor":8,"turns":4},{"damage":2,"enemies":"2 Fungi Beasts","floor":9,"turns":2},{"damage":10,"enemies":"Exordium Thugs","floor":11,"turns":2},{"damage":7,"enemies":"Blue Slaver","floor":13,"turns":2},{"damage":0,"enemies":"Exordium Wildlife","floor":14,"turns":2},{"damage":15,"enemies":"3 Louse","floor":15,"turns":2},{"damage":14,"enemies":"SI_SHIV_ARCHETYPE","floor":16,"turns":5},{"damage":10,"enemies":"Chosen","floor":19,"turns":3},{"damage":20,"enemies":"Snecko","floor":23,"turns":4},{"damage":22,"enemies":"Sentry and Sphere","floor":25,"turns":4},{"damage":18,"enemies":"Book of Stabbing","floor":26,"turns":4},{"damage":10,"enemies":"Cultist and Chosen","floor":27,"turns":3},{"damage":7,"enemies":"Colosseum Nobs","floor":29,"turns":4},{"damage":0,"enemies":"3 Cultists","floor":31,"turns":2},{"damage":0,"enemies":"Snecko","floor":32,"turns":3},{"damage":84,"enemies":"IC_MUSHROOM_ARCHETYPE","floor":33,"turns":6}],"seed_played":"9192803745042345800","potions_obtained":[{"floor":3,"key":"Guardian:BlockOnCardUsePotion"},{"floor":4,"key":"Swift Potion"},{"floor":9,"key":"Regen Potion"},{"floor":19,"key":"bronze:BurnAndBuffPotion"},{"floor":25,"key":"bronze:BurnAndBuffPotion"},{"floor":29,"key":"SpeedPotion"},{"floor":31,"key":"BlessingOfTheForge"}],"is_trial":false,"path_per_floor":["R","M","M","M","M","E","T","E","M","?","M","R","M","M","M","B",null,"R","M","?","?","?","M","T","M","E","M","R","?","R","M","M","B"],"character_chosen":"THE_AUTOMATON","items_purchased":[],"campfire_rested":1,"item_purchase_floors":[],"current_hp_per_floor":[70,70,70,70,63,62,62,67,70,70,60,70,70,70,62,48,70,70,60,47,47,47,48,48,26,15,5,45,45,63,63,63,0,0,0],"gold":664,"neow_bonus":"","is_daily":true,"chose_seed":false,"campfire_upgraded":4,"win_rate":0.0,"timestamp":1611794539,"path_taken":["R","?","M","M","M","E","T","E","M","?","M","R","M","?","M","BOSS","R","M","?","?","?","?","T","M","E","M","R","?","R","M","M","BOSS"],"items_purchased_type":[],"build_version":"2020-12-22","purchased_purges":0,"victory":false,"max_hp_per_floor":[70,70,70,70,70,70,70,70,70,70,70,70,70,70,70,70,70,70,70,75,75,75,75,75,75,75,75,75,75,75,75,75,75,75,75],"card_choices":[{"not_picked":["bronze:Shield","Outmaneuver"],"picked":"Noxious Fumes","floor":0},{"not_picked":["Skewer","Endless Agony"],"picked":"bronze:Branch","floor":0},{"not_picked":["Prepared","bronze:DelayedGuard"],"picked":"bronze:Iterate","floor":0},{"not_picked":["Blade Dance","bronze:WildBeam"],"picked":"Quick Slash","floor":0},{"not_picked":["bronze:OilSpill","bronze:Fortify"],"picked":"Poisoned Stab","floor":0},{"not_picked":["bronze:WildBeam","Backflip"],"picked":"Cloak And Dagger","floor":0},{"not_picked":["Outmaneuver","bronze:BronzeArmor"],"picked":"bronze:Constructor","floor":0},{"not_picked":["Choke","bronze:BitShift"],"picked":"bronze:Shield","floor":0},{"not_picked":["Choke","bronze:Shield"],"picked":"bronze:WhirlingStrike","floor":0},{"not_picked":["bronze:ForLoop","bronze:BugBarrage"],"picked":"Acrobatics","floor":0},{"not_picked":["bronze:Shield","bronze:BugBarrage"],"picked":"bronze:WhirlingStrike","floor":0},{"not_picked":["Outmaneuver","bronze:DigitalCarnage"],"picked":"bronze:BitShift","floor":0},{"not_picked":["Outmaneuver","Deflect"],"picked":"bronze:WildBeam","floor":0},{"not_picked":["Infinite Blades","bronze:Return"],"picked":"bronze:Repair","floor":0},{"not_picked":["bronze:FollowUp","PiercingWail"],"picked":"Catalyst","floor":0},{"not_picked":["hubris:Counter","bronze:WildBeam"],"picked":"bronze:Iterate","floor":2},{"not_picked":["Dagger Throw","Reflex"],"picked":"bronze:Return","floor":3},{"not_picked":["bronze:InfiniteBeams","Calculated Gamble"],"picked":"Caltrops","floor":4},{"not_picked":["bronze:BuggyMess","bronze:Deprecate"],"picked":"bronze:WhirlingStrike","floor":5},{"not_picked":["Deflect","bronze:OilSpill"],"picked":"Poisoned Stab","floor":6},{"not_picked":["bronze:Flail","Choke"],"picked":"bronze:ChosenStrike","floor":8},{"not_picked":["bronze:InfiniteBeams","bronze:ItsAFeature"],"picked":"bronze:Flail","floor":9},{"not_picked":["bronze:FollowUp","bronze:ForceShield"],"picked":"Riddle With Holes","floor":11},{"not_picked":["bronze:CutThrough","Reflex"],"picked":"bronze:Terminator","floor":13},{"not_picked":["All Out Attack","Envenom","Prepared"],"picked":"SKIP","floor":14},{"not_picked":["bronze:WildBeam","Bane"],"picked":"bronze:Overheat","floor":15},{"not_picked":["Malaise","bronze:Virus"],"picked":"Corpse Explosion","floor":16},{"not_picked":["Deadly Poison","Cloak And Dagger","bronze:InfiniteBeams+1"],"picked":"SKIP","floor":19},{"not_picked":["bronze:ChosenStrike","Bouncing Flask+1"],"picked":"bronze:OilSpill+1","floor":23},{"not_picked":["PiercingWail","Slice"],"picked":"bronze:DelayedGuard","floor":25},{"not_picked":["Noxious Fumes","bronze:DigitalCarnage","Riddle With Holes+1"],"picked":"SKIP","floor":26},{"not_picked":["Accuracy","Expertise+1"],"picked":"Backflip+1","floor":27},{"not_picked":["bronze:Branch","Backstab"],"picked":"bronze:Fortify","floor":29},{"not_picked":["bronze:Turbo","Backflip"],"picked":"bronze:Repulsor+1","floor":31},{"not_picked":["Masterful Stab","bronze:BronzeOrb+1"],"picked":"bronze:Branch+1","floor":32}],"player_experience":614336,"relics_obtained":[{"floor":6,"key":"Bronze Scales"},{"floor":7,"key":"Smiling Mask"},{"floor":8,"key":"Eternal Feather"},{"floor":24,"key":"Pantograph"},{"floor":26,"key":"Runesmith:Nanobots"},{"floor":29,"key":"hubris:64BitClover"},{"floor":29,"key":"Frozen Egg 2"}],"event_choices":[{"damage_healed":0,"gold_gain":0,"player_choice":"Ignored","damage_taken":0,"max_hp_gain":0,"max_hp_loss":0,"event_name":"Vampires","floor":21,"gold_loss":0}],"is_beta":false,"boss_relics":[{"not_picked":["hubris:HollowSoul","Busted Crown"],"picked":"bronze:ElectromagneticCoil"}],"items_purged_floors":[],"is_endless":false,"potions_floor_spawned":[3,4,9,11,19,25,29,31],"killed_by":"IC_MUSHROOM_ARCHETYPE","ascension_level":0}}