{"host":"cdkrzjeeka80pjqp","time":1611860905,"event":{"mods":["AchievementEnabler","BaseMod","Block Reminder","Colored Map","Colored Powertips","Highlight Path","Minty Spire (QoL Compilation)","Relic Stats"],"gold_per_floor":[113,188,188,200,214,245,258,293,346,346,380,146,175,175,175,272,272,292,292,292,9,9,50,50,67,67,76,1,29,29,71,71,176,176,186,205,230,241,241,241,241],"floor_reached":40,"language":"ENG","playtime":3112,"items_purged":[],"score":562,"play_id":"1cea625a-6360-4819-8b1b-a7a912aba803","local_time":"20210128200825","is_ascension_mode":true,"campfire_choices":[{"floor":10,"key":"REST"},{"data":"TalkToTheHand","floor":15,"key":"SMITH"},{"floor":32,"key":"REST"}],"circlet_count":0,"master_deck":["Strike_P","Strike_P","Strike_P+1","Strike_P","Defend_P+1","Defend_P+1","Defend_P","Eruption","Vigilance","Meditate+1","BattleHymn","Weave","CutThroughFate","FollowUp","FollowUp","EmptyBody","TalkToTheHand+1","Judgement","Conclude","Wireheading","FlurryOfBlows","Consecrate+1","Evaluate+1","Perseverance","WaveOfTheHand+1"],"relics":["PureWater","Thread and Needle","Shuriken","War Paint","Boot","MealTicket","Odd Mushroom","TeardropLocket","MutagenicStrength","CeramicFish","Kunai","Strawberry","Nunchaku","Black Star"],"acts_visited":["Exordium","TheCity","TheBeyond"],"potions_floor_usage":[5,23,36,38,38,40],"damage_taken":[{"damage":8,"enemies":"2 Louse","floor":1,"turns":3},{"damage":0,"enemies":"Jaw Worm","floor":4,"turns":3},{"damage":0,"enemies":"Small Slimes","floor":5,"turns":1},{"damage":15,"enemies":"Lagavulin","floor":6,"turns":5},{"damage":0,"enemies":"Blue Slaver","floor":7,"turns":3},{"damage":4,"enemies":"Gremlin Nob","floor":8,"turns":3},{"damage":0,"enemies":"Lagavulin","floor":11,"turns":3},{"damage":0,"enemies":"The Mushroom Lair","floor":13,"turns":3},{"damage":3,"enemies":"Hexaghost","floor":16,"turns":5},{"damage":0,"enemies":"Shell Parasite","floor":18,"turns":5},{"damage":40,"enemies":"Book of Stabbing","floor":23,"turns":6},{"damage":12,"enemies":"Chosen","floor":25,"turns":3},{"damage":6,"enemies":"Snake Plant","floor":29,"turns":4},{"damage":12,"enemies":"Gremlin Leader","floor":31,"turns":5},{"damage":21,"enemies":"Automaton","floor":33,"turns":8},{"damage":4,"enemies":"Orb Walker","floor":35,"turns":3},{"damage":0,"enemies":"3 Shapes","floor":36,"turns":3},{"damage":0,"enemies":"Maw","floor":37,"turns":6},{"damage":58,"enemies":"Transient","floor":38,"turns":5},{"damage":31,"enemies":"Reptomancer","floor":40,"turns":2}],"seed_played":"8735430054778340341","potions_obtained":[{"floor":4,"key":"Explosive Potion"},{"floor":8,"key":"BlessingOfTheForge"},{"floor":16,"key":"Block Potion"},{"floor":25,"key":"SpeedPotion"},{"floor":29,"key":"Ancient Potion"},{"floor":36,"key":"SteroidPotion"},{"floor":38,"key":"SneckoOil"}],"is_trial":false,"path_per_floor":["M","?","?","M","M","E","M","E","T","R","E","$","?","?","R","B",null,"M","?","?","$","?","E","?","M","T","?","?","M","$","E","R","B",null,"M","M","M","M","?","E"],"character_chosen":"WATCHER","items_purchased":["TalkToTheHand","MealTicket","Wireheading","TeardropLocket"],"campfire_rested":2,"item_purchase_floors":[12,12,21,21],"current_hp_per_floor":[64,53,39,39,39,24,24,20,20,41,41,41,41,46,46,43,77,77,77,63,78,78,38,29,17,17,24,24,18,33,21,47,26,89,85,85,85,27,27,0,0],"gold":241,"neow_bonus":"REMOVE_CARD","is_daily":false,"chose_seed":false,"campfire_upgraded":1,"win_rate":0.0,"timestamp":1611860905,"path_taken":["M","?","?","M","M","E","M","E","T","R","E","$","?","?","R","BOSS","M","?","?","$","?","E","?","M","T","?","?","M","$","E","R","BOSS","M","M","M","M","?","E"],"items_purchased_type":["Card","Relic","Card","Relic"],"build_version":"2020-12-22","purchased_purges":0,"victory":false,"max_hp_per_floor":[72,72,72,72,72,72,72,72,72,72,72,72,72,77,77,77,77,77,77,82,82,82,82,82,82,82,89,89,89,89,89,89,89,89,89,89,89,89,89,89,89],"relic_stats":{"Nunchaku":[9],"counters":[20,79],"Shuriken":[48],"CeramicFish":54,"MealTicket":30,"Black Star":0,"Kunai":[32],"War Paint":["Defend_P","Defend_P"],"Boot":[14],"obtain_stats":[{"CeramicFish":23,"Thread and Needle":6,"TeardropLocket":21,"War Paint":9,"Odd Mushroom":13,"Boot":11,"Nunchaku":31,"Shuriken":8,"MutagenicStrength":22,"Strawberry":27,"MealTicket":12,"Black Star":34,"Kunai":26,"PureWater":0},{"CeramicFish":11,"Thread and Needle":4,"TeardropLocket":10,"War Paint":6,"Odd Mushroom":8,"Boot":7,"Nunchaku":14,"Shuriken":6,"MutagenicStrength":10,"Strawberry":12,"MealTicket":7,"Black Star":15,"Kunai":12,"PureWater":0},{"CeramicFish":40,"Thread and Needle":12,"TeardropLocket":34,"War Paint":18,"Odd Mushroom":24,"Boot":21,"Nunchaku":52,"Shuriken":18,"MutagenicStrength":34,"Strawberry":43,"MealTicket":21,"Black Star":60,"Kunai":43,"PureWater":0}]},"card_choices":[{"not_picked":["ClearTheMind","Protect"],"picked":"Meditate","floor":1},{"not_picked":["EmptyFist","FlyingSleeves"],"picked":"BattleHymn","floor":4},{"not_picked":["BowlingBash","Halt"],"picked":"Weave","floor":5},{"not_picked":["Prostrate","Study"],"picked":"CutThroughFate","floor":6},{"not_picked":["Perseverance","FlyingSleeves"],"picked":"FollowUp","floor":7},{"not_picked":["Pray","PathToVictory"],"picked":"FollowUp","floor":8},{"not_picked":["Weave","InnerPeace"],"picked":"EmptyBody","floor":11},{"not_picked":["Scrawl","Vault"],"picked":"Judgement","floor":16},{"not_picked":["Prostrate","LikeWater+1"],"picked":"Conclude","floor":18},{"not_picked":["CutThroughFate","Crescendo"],"picked":"FlurryOfBlows","floor":23},{"not_picked":["Vengeance","Study","CrushJoints"],"picked":"SKIP","floor":25},{"not_picked":["FollowUp","Evaluate"],"picked":"Consecrate+1","floor":29},{"not_picked":["MentalFortress+1","JustLucky"],"picked":"Evaluate+1","floor":31},{"not_picked":["SashWhip","EmptyFist","Evaluate"],"picked":"SKIP","floor":35},{"not_picked":["CrushJoints","FlyingSleeves+1"],"picked":"Perseverance","floor":36},{"not_picked":["Crescendo","JustLucky"],"picked":"WaveOfTheHand+1","floor":37},{"not_picked":["Halt+1","Brilliance","EmptyFist+1"],"picked":"SKIP","floor":38}],"player_experience":392989,"relics_obtained":[{"floor":6,"key":"Thread and Needle"},{"floor":8,"key":"Shuriken"},{"floor":9,"key":"War Paint"},{"floor":11,"key":"Boot"},{"floor":13,"key":"Odd Mushroom"},{"floor":23,"key":"CeramicFish"},{"floor":26,"key":"Kunai"},{"floor":31,"key":"Nunchaku"}],"event_choices":[{"damage_healed":0,"gold_gain":75,"player_choice":"Gather Gold","damage_taken":11,"max_hp_gain":0,"max_hp_loss":0,"event_name":"World of Goop","floor":2,"gold_loss":0},{"damage_healed":0,"gold_gain":0,"player_choice":"Entered Light","damage_taken":14,"max_hp_gain":0,"max_hp_loss":0,"event_name":"Shining Light","floor":3,"gold_loss":0,"cards_upgraded":["Meditate","Strike_P"]},{"damage_healed":0,"gold_gain":0,"player_choice":"Fought Mushrooms","damage_taken":0,"max_hp_gain":0,"max_hp_loss":0,"event_name":"Mushrooms","floor":13,"gold_loss":0},{"damage_healed":0,"gold_gain":0,"player_choice":"Donut","damage_taken":0,"max_hp_gain":5,"max_hp_loss":0,"event_name":"Big Fish","floor":14,"gold_loss":0},{"damage_healed":0,"gold_gain":0,"player_choice":"Ignored","damage_taken":0,"max_hp_gain":0,"max_hp_loss":0,"event_name":"Vampires","floor":19,"gold_loss":0},{"damage_healed":0,"gold_gain":0,"player_choice":"Shed Blood","damage_taken":19,"max_hp_gain":5,"max_hp_loss":0,"event_name":"Forgotten Altar","floor":20,"gold_loss":0},{"damage_healed":0,"gold_gain":0,"player_choice":"Inject Mutagens","damage_taken":0,"relics_obtained":["MutagenicStrength"],"max_hp_gain":0,"max_hp_loss":0,"event_name":"Drug Dealer","floor":22,"gold_loss":0},{"damage_healed":0,"gold_gain":0,"player_choice":"Stopped","damage_taken":9,"max_hp_gain":0,"max_hp_loss":0,"event_name":"Cursed Tome","floor":24,"gold_loss":0},{"damage_healed":0,"gold_gain":0,"player_choice":"Opened","damage_taken":0,"relics_obtained":["Strawberry"],"max_hp_gain":0,"max_hp_loss":0,"event_name":"The Mausoleum","floor":27,"gold_loss":0,"cards_obtained":["Writhe"]},{"cards_removed":["Writhe"],"damage_healed":0,"gold_gain":0,"player_choice":"Gave Gold","damage_taken":0,"max_hp_gain":0,"max_hp_loss":0,"event_name":"Beggar","floor":28,"gold_loss":75},{"damage_healed":0,"gold_gain":0,"player_choice":"Ignored","damage_taken":0,"max_hp_gain":0,"max_hp_loss":0,"event_name":"Tomb of Lord Red Mask","floor":39,"gold_loss":0}],"is_beta":false,"boss_relics":[{"not_picked":["Philosopher\u0027s Stone","Ectoplasm","Snecko Eye"]},{"not_picked":["Coffee Dripper","Astrolabe"],"picked":"Black Star"}],"items_purged_floors":[],"is_endless":false,"potions_floor_spawned":[4,8,16,25,29,36,38],"killed_by":"Reptomancer","ascension_level":3}}