{"host":"rolltorest","time":1611868517,"event":{"mods":["BaseMod","Jorbs\u0027s Wanderer Trilogy","Koishi","Minty Spire (QoL Compilation)","Relic Stats","Robot Space Explorer","Slay the Relics Exporter","StSLib","The Servant 0.9.4"],"gold_per_floor":[118,63,83,24,24,42,69,69,69,84,84,84,117,135,135,211,211,231,231,231,251,264,264,264],"floor_reached":23,"language":"ENG","playtime":659,"items_purged":[],"score":402,"play_id":"b1e4d66f-660c-48a0-a21e-f3eaff0bc023","local_time":"20210128131517","is_ascension_mode":true,"campfire_choices":[{"floor":12,"key":"REST"},{"data":"Koishi:BramblyRoseGarden","floor":15,"key":"SMITH"}],"circlet_count":0,"master_deck":["AscendersBane","Koishi:BasicStrike","Koishi:BasicStrike","Koishi:BasicStrike","Koishi:BasicDefend","Koishi:BasicDefend","Koishi:BasicDefend","Koishi:BasicDefend","Koishi:Provoke","Koishi:HauntingSlash","Koishi:TremblingHands","Koishi:JumpScare","Koishi:CatchAndRose+1","Koishi:Whimsy","Koishi:TraumaticStroke","Koishi:Jaunt","Koishi:BramblyRoseGarden+1","Koishi:FadingMemory","Koishi:TerrifyingSpectre","Koishi:Vanish","Koishi:YoukaiPolygraph","Writhe","Koishi:Untouchable"],"relics":["Koishi:ImaginaryFriend","NeowsBlessing","Darkstone Periapt","Blue Candle","Regal Pillow","Mummified Hand","White Beast Statue","Philosopher\u0027s Stone","Letter Opener"],"acts_visited":["Exordium","TheCity"],"potions_floor_usage":[13,23],"damage_taken":[{"damage":0,"enemies":"Small Slimes","floor":1,"turns":1},{"damage":0,"enemies":"Cultist","floor":3,"turns":1},{"damage":0,"enemies":"2 Louse","floor":6,"turns":1},{"damage":41,"enemies":"Lagavulin","floor":7,"turns":10},{"damage":3,"enemies":"Red Slaver","floor":10,"turns":4},{"damage":30,"enemies":"3 Sentries","floor":13,"turns":11},{"damage":0,"enemies":"3 Louse","floor":14,"turns":3},{"damage":7,"enemies":"Hexaghost","floor":16,"turns":9},{"damage":16,"enemies":"Shell Parasite","floor":18,"turns":5},{"damage":9,"enemies":"Spheric Guardian","floor":21,"turns":5},{"damage":9,"enemies":"Snake Plant","floor":22,"turns":4},{"damage":28,"enemies":"Book of Stabbing","floor":23,"turns":4}],"seed_played":"-5298513157440143132","potions_obtained":[{"floor":1,"key":"Explosive Potion"},{"floor":7,"key":"GamblersBrew"},{"floor":13,"key":"Strength Potion"},{"floor":18,"key":"CultistPotion"}],"is_trial":false,"path_per_floor":["M","?","M","$","?","M","E","?","T","M","T","R","E","M","R","B",null,"M","?","?","M","M","E"],"character_chosen":"KOISHI","items_purchased":["Koishi:CatchAndRose"],"campfire_rested":1,"item_purchase_floors":[4],"current_hp_per_floor":[51,51,51,51,44,46,9,9,9,10,10,42,13,16,16,14,46,34,34,40,31,26,0,0],"gold":264,"neow_bonus":"THREE_ENEMY_KILL","is_daily":false,"chose_seed":false,"campfire_upgraded":1,"win_rate":0.0,"timestamp":1611868517,"path_taken":["M","?","?","$","?","M","E","?","T","M","?","R","E","M","R","BOSS","M","?","?","M","M","E"],"items_purchased_type":["Card"],"build_version":"2020-12-18","purchased_purges":0,"victory":false,"max_hp_per_floor":[57,57,57,57,57,57,57,57,57,57,57,57,57,57,57,57,57,57,57,63,63,63,63,63],"relic_stats":{"Darkstone Periapt":6,"Regal Pillow":15,"counters":[12,57],"Mummified Hand":[11],"Blue Candle":[0],"Letter Opener":[21],"obtain_stats":[{"Darkstone Periapt":2,"Regal Pillow":9,"NeowsBlessing":0,"Mummified Hand":11,"Blue Candle":7,"Philosopher\u0027s Stone":17,"Letter Opener":20,"White Beast Statue":13,"Koishi:ImaginaryFriend":0},{"Darkstone Periapt":1,"Regal Pillow":4,"NeowsBlessing":0,"Mummified Hand":5,"Blue Candle":4,"Philosopher\u0027s Stone":8,"Letter Opener":9,"White Beast Statue":6,"Koishi:ImaginaryFriend":0},{"Darkstone Periapt":1,"Regal Pillow":12,"NeowsBlessing":0,"Mummified Hand":16,"Blue Candle":12,"Philosopher\u0027s Stone":39,"Letter Opener":44,"White Beast Statue":27,"Koishi:ImaginaryFriend":0}]},"card_choices":[{"not_picked":["Koishi:ParalyzingFear","Koishi:FleetingPhantom"],"picked":"Koishi:TremblingHands","floor":1},{"not_picked":["Koishi:PhantomStrike","Koishi:PhantomBarrier"],"picked":"Koishi:JumpScare","floor":3},{"not_picked":["Koishi:DreadfulBlow","Koishi:Heartbroken"],"picked":"Koishi:Whimsy","floor":6},{"not_picked":["Koishi:DanmakuParanoia","Koishi:IdleWhim"],"picked":"Koishi:TraumaticStroke","floor":7},{"not_picked":["Koishi:LastRemote","Koishi:JumpScare"],"picked":"Koishi:Jaunt","floor":10},{"not_picked":["Koishi:PhantomBarrier","Koishi:RacingHeart"],"picked":"Koishi:BramblyRoseGarden","floor":13},{"not_picked":["Koishi:UnconsciousUprising","Koishi:Jaunt"],"picked":"Koishi:FadingMemory","floor":14},{"not_picked":["Koishi:FadingMemory","Koishi:Heartbroken"],"picked":"Koishi:TerrifyingSpectre","floor":16},{"not_picked":["Koishi:HeartAttack","Koishi:PhantomBarrier"],"picked":"Koishi:Vanish","floor":18},{"not_picked":["Koishi:HeartfeltFancy","Koishi:Prune"],"picked":"Koishi:Untouchable","floor":21},{"not_picked":["Koishi:UnconsciousUprising","Koishi:IdleWhim","Koishi:GeneticsOfTheUnconscious"],"picked":"SKIP","floor":22}],"player_experience":2260148,"relics_obtained":[{"floor":7,"key":"Blue Candle"},{"floor":9,"key":"Regal Pillow"},{"floor":11,"key":"Mummified Hand"},{"floor":13,"key":"White Beast Statue"}],"event_choices":[{"damage_healed":0,"gold_gain":0,"player_choice":"Paid Gold","damage_taken":0,"relics_obtained":["Darkstone Periapt"],"max_hp_gain":0,"max_hp_loss":0,"event_name":"WeMeetAgain","floor":2,"gold_loss":55},{"cards_removed":["Koishi:BasicStrike"],"damage_healed":0,"gold_gain":0,"player_choice":"Card Removal","damage_taken":7,"max_hp_gain":0,"max_hp_loss":0,"event_name":"Golden Wing","floor":5,"gold_loss":0},{"damage_healed":0,"gold_gain":0,"player_choice":"Grow","damage_taken":0,"max_hp_gain":0,"max_hp_loss":0,"event_name":"Living Wall","floor":8,"gold_loss":0,"cards_upgraded":["Koishi:CatchAndRose"]},{"damage_healed":0,"gold_gain":0,"player_choice":"Read","damage_taken":0,"max_hp_gain":0,"max_hp_loss":0,"event_name":"The Library","floor":19,"gold_loss":0,"cards_obtained":["Koishi:YoukaiPolygraph"]},{"damage_healed":0,"gold_gain":0,"player_choice":"Opened","damage_taken":0,"relics_obtained":["Letter Opener"],"max_hp_gain":0,"max_hp_loss":0,"event_name":"The Mausoleum","floor":20,"gold_loss":0,"cards_obtained":["Writhe"]}],"is_beta":true,"boss_relics":[{"not_picked":["Busted Crown","Tiny House"],"picked":"Philosopher\u0027s Stone"}],"items_purged_floors":[],"is_endless":false,"potions_floor_spawned":[1,7,10,13,14,16,18,21,22],"killed_by":"Book of Stabbing","ascension_level":20}}