{"host":"«Â«˛","time":1611828943,"event":{"mods":["BaseMod","Colored Powertips","Marisa£®ÏF”Í°°ƒß¿Ì…≥£©","Minty Spire (QoL Compilation)","Quick Restart","Reimu£®≤©¿ˆ¡È√Œ£©","StSLib","UnlockEverythingMod"],"gold_per_floor":[113,113,11,11,11,11,11,11,35,35,35,35,52,118,118,221,221,235,235,50,67,120,120,120,137,160,194,194,48,48,48,48,150,150,162,162,24,37,37,37,68,68,95,125,125,98,98,114,114,114,114,114,75,102,102],"floor_reached":56,"language":"ZHS","playtime":3289,"items_purged":[],"score":1276,"play_id":"e7cd581b-429c-4785-844b-80fee83ae970","local_time":"20210128181543","daily_mods":["SealedDeck","Specialized","Heirloom","Time Dilation","Flight"],"is_ascension_mode":false,"campfire_choices":[{"floor":6.0,"key":"RECALL"},{"data":"KamiRite:ReiMu","floor":7.0,"key":"SMITH"},{"data":"KamiRite:ReiMu","floor":8.0,"key":"SMITH"},{"data":"KamiRite:ReiMu","floor":10.0,"key":"SMITH"},{"data":"KamiRite:ReiMu","floor":11.0,"key":"SMITH"},{"data":"FineLineFantasy:ReiMu","floor":15.0,"key":"SMITH"},{"data":"CeremonyResonance:ReiMu","floor":23.0,"key":"SMITH"},{"data":"InherentArray:ReiMu","floor":24.0,"key":"SMITH"},{"data":"MikOfLucky:ReiMu","floor":30.0,"key":"SMITH"},{"data":"YinYangSange:ReiMu","floor":32.0,"key":"SMITH"},{"data":"Dreaming:ReiMu","floor":40,"key":"SMITH"},{"data":"KamiSacrifice:ReiMu","floor":42,"key":"SMITH"},{"data":"WonderfulDomain:ReiMu","floor":45,"key":"SMITH"},{"data":"Amulet:ReiMu","floor":47,"key":"SMITH"},{"floor":49,"key":"REST"},{"data":"YinYangSign:ReiMu","floor":52,"key":"SMITH"}],"circlet_count":0,"master_deck":["KamiRite:ReiMu+1","KamiRite:ReiMu+1","KamiRite:ReiMu+1","KamiRite:ReiMu+1","KamiRite:ReiMu+1","KamiSacrifice:ReiMu+1","SafetyPray:ReiMu","YinYangSign:ReiMu+1","Crusade:ReiMu","Amulet:ReiMu","SubAcupoint:ReiMu","SubAcupoint:ReiMu","ShadowOfCrow2:ReiMu","ShadowOfCrow2:ReiMu","YinYangSange:ReiMu+1","Intuition:ReiMu","FineLineFantasy:ReiMu+1","AirStrike:ReiMu","SubcavityInstant:ReiMu","CeremonyResonance:ReiMu+1","WonderfulDomain:ReiMu+1","InherentArray:ReiMu+1","TightArray:ReiMu+1","MikOfLucky:ReiMu+1","Free:ReiMu","MikOfLucky:ReiMu+1","FantasyMoon:ReiMu","KamiRite:ReiMu+1","CurseOfTheBell","InherentArray:ReiMu+1","Dreaming:ReiMu+1","Revelation:ReiMu+1","AlertArray:ReiMu+1","PhosphorusFlame:ReiMu+1","Amulet:ReiMu+1","ShadowOfCrow2:ReiMu+1","Gathering:ReiMu","PhosphorusFlame:ReiMu"],"relics":["ShineYinYang:ReiMu","FossilizedHelix","Oddly Smooth Stone","CheatingSign:ReiMu","Art of War","Centennial Puzzle","TurtleShell:ReiMu","MutagenicStrength","Calling Bell","Bronze Scales","Letter Opener","Pocketwatch","Question Card","Nunchaku","Akabeko","Ornamental Fan"],"acts_visited":["Exordium","TheCity","TheBeyond","TheEnding"],"potions_floor_usage":[38,38,44,48,55],"damage_taken":[{"damage":1.0,"enemies":"Jaw Worm","floor":1.0,"turns":4.0},{"damage":0.0,"enemies":"2 Louse","floor":13.0,"turns":2.0},{"damage":4.0,"enemies":"Hexaghost","floor":16.0,"turns":6.0},{"damage":0.0,"enemies":"3 Byrds","floor":18.0,"turns":4.0},{"damage":2.0,"enemies":"Chosen","floor":21.0,"turns":4.0},{"damage":0.0,"enemies":"Snecko","floor":25.0,"turns":5.0},{"damage":0.0,"enemies":"Book of Stabbing","floor":27.0,"turns":5.0},{"damage":6.0,"enemies":"Collector","floor":33.0,"turns":7.0},{"damage":0,"enemies":"Orb Walker","floor":35,"turns":3},{"damage":0,"enemies":"3 Darklings","floor":38,"turns":5},{"damage":0,"enemies":"Nemesis","floor":41,"turns":5},{"damage":7,"enemies":"Reptomancer","floor":44,"turns":6},{"damage":0,"enemies":"Writhing Mass","floor":48,"turns":4},{"damage":35,"enemies":"Awakened One","floor":50,"turns":8},{"damage":5,"enemies":"Shield and Spear","floor":54,"turns":5},{"damage":25,"enemies":"The Heart","floor":55,"turns":7}],"seed_played":"-7682222019233051425","potions_obtained":[{"floor":1.0,"key":"PinkPotion:ReiMu"},{"floor":21.0,"key":"BlessingOfTheForge"},{"floor":27.0,"key":"Block Potion"},{"floor":33.0,"key":"Block Potion"},{"floor":38,"key":"SkillPotion"},{"floor":41,"key":"ColorlessPotion"},{"floor":54,"key":"PinkPotion:ReiMu"}],"is_trial":true,"path_per_floor":["M","?","$","?","$","R","R","R","T","R","R","?","M","?","R","B",null,"M","?","$","M","T","R","R","M","T","E","?","$","R","?","R","B",null,"M","?","$","M","?","R","E","R","T","E","R","$","R","M","R","B",null,"R","$","E","B",null],"character_chosen":"REIMU","items_purchased":["FineLineFantasy:ReiMu","AirStrike:ReiMu","CheatingSign:ReiMu","InherentArray:ReiMu","MikOfLucky:ReiMu","FantasyMoon:ReiMu","Dreaming:ReiMu","Amulet:ReiMu","Gathering:ReiMu"],"campfire_rested":1,"item_purchase_floors":[3,3,20,20,29,29,37,46,53],"current_hp_per_floor":[64,64,64,64,64,64,64,64,64,64,64,64,64,64,64,60,65,65,65,65,63,63,63,63,63,63,63,63,63,63,63,63,57,65,65,65,65,65,65,65,65,65,65,58,58,58,58,58,65,30,65,65,65,60,35],"gold":102,"neow_bonus":"","is_daily":false,"chose_seed":false,"campfire_upgraded":14,"win_rate":0.0,"timestamp":1611828943,"path_taken":["M","?","$","?","$","R","R","R","T","R","R","?","?","?","R","BOSS","M","?","$","?","?","R","R","?","T","E","?","$","R","?","R","BOSS","M","?","?","?","?","R","E","R","T","E","R","$","R","M","R","BOSS","R","$","E","BOSS"],"items_purchased_type":["Card","Card","Relic","Card","Card","Card","Card","Card","Card"],"build_version":"2020-12-18","purchased_purges":0,"victory":true,"max_hp_per_floor":[65,65,65,65,65,65,65,65,65,65,65,65,65,65,65,65,65,65,65,65,65,65,65,65,65,65,65,65,65,65,65,65,65,65,65,65,65,65,65,65,65,65,65,65,65,65,65,65,65,65,65,65,65,65,65],"card_choices":[{"not_picked":["DoubleButterfly:ReiMu","Mountainwind:ReiMu"],"picked":"Intuition:ReiMu","floor":1.0},{"not_picked":["RainPray2:ReiMu","OrbThrow:ReiMu"],"picked":"SubcavityInstant:ReiMu","floor":13.0},{"not_picked":["Free:ReiMu","CleanRite:ReiMu"],"picked":"CeremonyResonance:ReiMu","floor":16.0},{"not_picked":["LovePray:ReiMu","SpringWay:ReiMu+1"],"picked":"WonderfulDomain:ReiMu","floor":18.0},{"not_picked":["SubAcupoint:ReiMu+1","EmergencyTakeOff:ReiMu+1"],"picked":"TightArray:ReiMu+1","floor":21.0},{"not_picked":["SpreadBorder2:ReiMu","CareerPray:ReiMu"],"picked":"MikOfLucky:ReiMu+1","floor":25.0},{"not_picked":["MikOfLucky:ReiMu","RainPray2:ReiMu"],"picked":"Free:ReiMu","floor":27.0},{"not_picked":["HakureiPhantom:ReiMu","Determination:ReiMu"],"picked":"KamiRite:ReiMu","floor":33.0},{"not_picked":["FineLineFantasy:ReiMu","SpringWay:ReiMu+1"],"picked":"InherentArray:ReiMu+1","floor":35},{"not_picked":["SpiritualOutbreak2:ReiMu+1","SpreadBorder2:ReiMu+1"],"picked":"Revelation:ReiMu+1","floor":38},{"not_picked":["OrbThrow:ReiMu","EmergencyTakeOff:ReiMu"],"picked":"AlertArray:ReiMu+1","floor":41},{"not_picked":["YinYangSange:ReiMu+1","AlertArray:ReiMu","SpringWay:ReiMu+1"],"picked":"PhosphorusFlame:ReiMu+1","floor":44},{"not_picked":["SealNeedle:ReiMu","ForcedLanding:ReiMu","SubAcupoint:ReiMu"],"picked":"ShadowOfCrow2:ReiMu+1","floor":48},{"not_picked":["SubcavityInstant:ReiMu+1","TightArray:ReiMu","TakeOff:ReiMu"],"picked":"PhosphorusFlame:ReiMu","floor":54}],"player_experience":269279,"relics_obtained":[{"floor":22.0,"key":"Art of War"},{"floor":26.0,"key":"Centennial Puzzle"},{"floor":27.0,"key":"TurtleShell:ReiMu"},{"floor":34,"key":"Bronze Scales"},{"floor":34,"key":"Letter Opener"},{"floor":34,"key":"Pocketwatch"},{"floor":41,"key":"Question Card"},{"floor":43,"key":"Nunchaku"},{"floor":44,"key":"Akabeko"},{"floor":54,"key":"Ornamental Fan"}],"event_choices":[{"damage_healed":0.0,"max_hp_gain":0.0,"max_hp_loss":0.0,"gold_gain":0.0,"event_name":"Liars Game","player_choice":"Ignored","floor":2.0,"gold_loss":0.0,"damage_taken":0.0},{"damage_healed":0.0,"max_hp_gain":0.0,"max_hp_loss":0.0,"gold_gain":0.0,"event_name":"Living Wall","player_choice":"Grow","floor":4.0,"gold_loss":0.0,"damage_taken":0.0,"cards_upgraded":["KamiRite:ReiMu"]},{"damage_healed":0.0,"max_hp_gain":0.0,"max_hp_loss":0.0,"gold_gain":0.0,"event_name":"Dead Adventurer","player_choice":"Searched \u00271\u0027 times","floor":12.0,"gold_loss":0.0,"damage_taken":0.0,"relics_obtained":["Oddly Smooth Stone"]},{"damage_healed":0.0,"max_hp_gain":0.0,"max_hp_loss":0.0,"gold_gain":66.0,"event_name":"Golden Wing","player_choice":"Gained Gold","floor":14.0,"gold_loss":0.0,"damage_taken":0.0},{"damage_healed":0.0,"max_hp_gain":0.0,"max_hp_loss":0.0,"gold_gain":0.0,"event_name":"N\u0027loth","player_choice":"Ignored","floor":19.0,"gold_loss":0.0,"damage_taken":0.0},{"damage_healed":0.0,"max_hp_gain":0.0,"max_hp_loss":0.0,"gold_gain":0.0,"event_name":"Drug Dealer","player_choice":"Inject Mutagens","floor":28.0,"gold_loss":0.0,"damage_taken":0.0,"relics_obtained":["MutagenicStrength"]},{"damage_healed":0.0,"max_hp_gain":0.0,"max_hp_loss":0.0,"gold_gain":0.0,"event_name":"Ghosts","player_choice":"Ignored","floor":31.0,"gold_loss":0.0,"damage_taken":0.0},{"damage_healed":0,"gold_gain":0,"player_choice":"Bought 0 Potions","damage_taken":0,"max_hp_gain":0,"max_hp_loss":0,"event_name":"The Woman in Blue","floor":36,"gold_loss":0},{"damage_healed":0,"gold_gain":0,"player_choice":"Forge","damage_taken":0,"max_hp_gain":0,"max_hp_loss":0,"event_name":"Accursed Blacksmith","floor":39,"gold_loss":0,"cards_upgraded":["KamiRite:ReiMu"]}],"is_beta":true,"boss_relics":[{"not_picked":["Busted Crown","Empty Cage"],"picked":"ShineYinYang:ReiMu"},{"not_picked":["SacredBark","Coffee Dripper"],"picked":"Calling Bell"}],"items_purged_floors":[],"is_endless":false,"potions_floor_spawned":[1,21,27,33,38,41,54],"ascension_level":0}}