{"host":"3yynf0dn84873kbr","time":1611815012,"event":{"mods":["Act Like it!","Arknights The Spire","BaseMod","CapriCore","Gensokyo","Minty Spire (QoL Compilation)","StSLib","[IsaacMod]ÒÔÈö¼âËþ"],"gold_per_floor":[118,118,118,128,142,142,159,159,212,212,19,37,37,55,55,160,160,179,199,199,199,66,0,0,20,75,75,75,75],"floor_reached":28,"language":"ZHS","playtime":1241,"items_purged":[],"score":208,"play_id":"b99861b2-29ae-4f8e-b94c-430d3ecf09c4","local_time":"20210128142332","is_ascension_mode":false,"campfire_choices":[{"data":"Metallicize","floor":6,"key":"SMITH"},{"data":"Barricade","floor":8,"key":"SMITH"},{"data":"Shrug It Off","floor":10,"key":"SMITH"},{"data":"Entrench","floor":15,"key":"SMITH"},{"data":"Armaments","floor":24,"key":"SMITH"}],"circlet_count":0,"master_deck":["Strike_R","Strike_R","Strike_R+1","Strike_R","Defend_R","Defend_R","Defend_R","Defend_R","Bash","Twin Strike","Flex","Barricade+1","Metallicize+1","Shrug It Off+1","Entrench+1","Feel No Pain","Spot Weakness","Armaments+1","Gensokyo:BlemishedSteel","Gensokyo:Shovel","Sword Boomerang"],"relics":["Black Blood","HushsDoor","GuppysPaw","Gensokyo:YoukaiFlower","Strawberry","Membership Card","Gensokyo:DayTheSeaSplit","DoctorsRemote","TheBean"],"acts_visited":["Exordium","Gensokyo:Gensokyo"],"potions_floor_usage":[16,28,28],"damage_taken":[{"damage":7,"enemies":"Gensokyo:Gryphon","floor":1,"turns":3},{"damage":0,"enemies":"Gensokyo:2_Kodama","floor":4,"turns":3},{"damage":0,"enemies":"Gensokyo:3_Fairies","floor":5,"turns":4},{"damage":7,"enemies":"Gensokyo:VengefulSpirit","floor":7,"turns":5},{"damage":11,"enemies":"Gensokyo:2_Rabbits","floor":12,"turns":6},{"damage":9,"enemies":"Gensokyo:3_Kodama","floor":14,"turns":9},{"damage":4,"enemies":"Gensokyo:Kokoro","floor":16,"turns":22},{"damage":15,"enemies":"Gensokyo:CosmicMonolith","floor":18,"turns":14},{"damage":39,"enemies":"Gensokyo:3_Dogs","floor":19,"turns":9},{"damage":44,"enemies":"Gensokyo:Slime_Group","floor":25,"turns":6},{"damage":2,"enemies":"Gensokyo:Chomper_and_Gloop","floor":28,"turns":5}],"seed_played":"5822283262319458942","potions_obtained":[{"floor":1,"key":"LiquidMemories"},{"floor":7,"key":"Swift Potion"},{"floor":14,"key":"SpeedPotion"},{"floor":18,"key":"ColorlessPotion"}],"is_trial":false,"path_per_floor":["M","?","?","M","M","R","M","R","T","R","$","M","?","M","R","B",null,"M","M","?","?","COS","?","R","M","T","?","M"],"character_chosen":"IRONCLAD","items_purchased":["Membership Card","Entrench"],"campfire_rested":0,"item_purchase_floors":[11,11],"current_hp_per_floor":[79,79,79,80,80,80,79,79,86,86,86,81,81,78,78,80,87,84,57,57,57,57,57,57,25,25,25,23,23],"gold":75,"neow_bonus":"THREE_CARDS","is_daily":false,"chose_seed":false,"campfire_upgraded":5,"win_rate":0.0,"timestamp":1611815012,"path_taken":["M","?","?","?","M","R","M","R","T","R","?","M","?","M","R","BOSS","M","M","?","?","COS","?","R","M","T","?","M"],"items_purchased_type":["Relic","Card"],"build_version":"2020-12-22","purchased_purges":0,"victory":false,"max_hp_per_floor":[80,80,80,80,80,80,80,80,87,87,87,87,87,87,87,87,87,87,87,87,81,81,81,81,81,81,81,81,81],"card_choices":[{"not_picked":[],"picked":"BettingIsNotGood","floor":0},{"not_picked":["Seeing Red","Heavy Blade"],"picked":"Twin Strike","floor":0},{"not_picked":["Clash","Sever Soul"],"picked":"Flex","floor":1},{"not_picked":["Sentinel","Anger"],"picked":"Barricade","floor":4},{"not_picked":["Feel No Pain","Headbutt"],"picked":"Metallicize","floor":5},{"not_picked":["Wild Strike","Perfected Strike"],"picked":"Shrug It Off","floor":7},{"not_picked":["Intimidate","Thunderclap"],"picked":"Feel No Pain","floor":12},{"not_picked":["Clash","Seeing Red","Dual Wield"],"picked":"SKIP","floor":14},{"not_picked":["Anger+1","Iron Wave"],"picked":"Spot Weakness","floor":18},{"not_picked":["True Grit+1","Cleave"],"picked":"Armaments","floor":19},{"not_picked":["Flex","Fiend Fire"],"picked":"Sword Boomerang","floor":25}],"player_experience":121757,"relics_obtained":[{"floor":9,"key":"Strawberry"},{"floor":26,"key":"TheBean"}],"event_choices":[],"is_beta":false,"boss_relics":[{"not_picked":["Astrolabe","Busted Crown"],"picked":"Black Blood"},{"not_picked":[]}],"items_purged_floors":[],"is_endless":false,"potions_floor_spawned":[1,7,14,18],"killed_by":"Gensokyo:Chomper_and_Gloop","ascension_level":0}}