{"host":"t9q14bihfoo75lsb","time":1611797140,"event":{"mods":["BaseMod","Better Third Choice","Challenge The Spire","Hermit","Infinite Spire","Koishi","Minty Spire (QoL Compilation)","Reworked Bosses","Shop Mod","Spicy Shops","StSLib","The Cursed","The Dragon Tamer","The Hierophant","The Runesmith"],"gold_per_floor":[117,117,117,134,134,134,164,164,164,175,175,188,188,238,238,337,337,356,374,93,113,113,138,138,138,138,138],"floor_reached":25,"language":"KOR","playtime":869,"items_purged":["Shame"],"score":244,"play_id":"d61f4c78-609b-4eb4-b6bb-5aed92b8eab3","local_time":"20210128102540","is_ascension_mode":false,"metric_token":991,"campfire_choices":[{"data":"DTMod:BreakAttack","floor":6,"key":"SMITH"},{"data":"Flash of Steel","floor":8,"key":"SMITH"},{"data":"DTMod:DoubleHit","floor":11,"key":"SMITH"},{"data":"DTMod:Training","floor":13,"key":"SMITH"},{"floor":15,"key":"RECALL"},{"data":"DTMod:SealedStrike+1","floor":24,"key":"SMITH"}],"dtmod_dragon_data":[0,50,1,-1,8,0],"circlet_count":0,"master_deck":["DTMod:Strike","DTMod:Strike+1","DTMod:DoubleHit+1","DTMod:TargetDefense","DTMod:TargetDefense","DTMod:TargetDefense","DTMod:TargetDefense","DTMod:SwitchingTactic","Flash of Steel+1","DTMod:BreakAttack+1","DTMod:RunningTactic","DTMod:Training+1","DTMod:SealedStrike+2","DTMod:ComboAttack+1","DTMod:WarmUp+1","DTMod:QuickFly","DTMod:DragonDance","DTMod:Feint","DTMod:CleansingStrike"],"relics":["DTMod:PactStone","HornCleat","Kunai","Coffee Dripper","Whetstone","DTMod:MindBender","Happy Flower"],"acts_visited":["Exordium","TheCity"],"potions_floor_usage":[7,19,25],"damage_taken":[{"damage":0.0,"enemies":"Cultist","floor":1.0,"turns":4.0},{"damage":0,"enemies":"Jaw Worm","floor":4,"turns":4},{"damage":0,"enemies":"Lagavulin","floor":7,"turns":4},{"damage":2,"enemies":"2 Louse","floor":10,"turns":3},{"damage":0,"enemies":"Exordium Wildlife","floor":12,"turns":3},{"damage":7,"enemies":"Hexaghost","floor":16,"turns":9},{"damage":0,"enemies":"Shell Parasite","floor":18,"turns":4},{"damage":0,"enemies":"3 Byrds","floor":19,"turns":5},{"damage":0,"enemies":"Centurion and Healer","floor":21,"turns":4},{"damage":7,"enemies":"Book of Stabbing","floor":23,"turns":4},{"damage":44,"enemies":"Nightmare","floor":25,"turns":5}],"seed_played":"-17354162560657049","potions_obtained":[{"floor":4,"key":"SteroidPotion"},{"floor":10,"key":"Fire Potion"},{"floor":12,"key":"infinitespire:BlackPotion"},{"floor":19,"key":"Fruit Juice"},{"floor":21,"key":"Strength Potion"}],"is_trial":false,"path_per_floor":["M","?","?","M","?","R","E","R","T","M","R","M","R","T","R","B",null,"M","M","$","M","?","E","R","NM"],"character_chosen":"THE_DT","items_purchased":["Whetstone","DTMod:MindBender"],"campfire_rested":0,"item_purchase_floors":[20,20],"current_hp_per_floor":[45,45,45,45,45,45,45,45,45,43,43,43,43,43,43,36,45,45,50,50,50,50,43,43,0,0,0],"gold":138,"neow_bonus":"RANDOM_COLORLESS","is_daily":false,"chose_seed":false,"campfire_upgraded":5,"win_rate":0.0,"timestamp":1611797140,"path_taken":["M","?","?","M","?","R","E","R","T","M","R","?","R","?","R","BOSS","M","M","$","M","?","E","R","NM"],"items_purchased_type":["Relic","Relic"],"build_version":"2020-12-22","purchased_purges":1,"victory":false,"max_hp_per_floor":[45,45,45,45,45,45,45,45,45,45,45,45,45,45,45,45,45,45,50,50,50,50,50,50,50,50,50],"card_choices":[{"not_picked":["Purity","Jack Of All Trades"],"picked":"Flash of Steel","floor":0.0},{"not_picked":["DTMod:BuildUp","DTMod:Threaten"],"picked":"DTMod:BreakAttack","floor":1.0},{"not_picked":["DTMod:MagicField","DTMod:ExcessFootwork"],"picked":"DTMod:InvisibleFlame","floor":4},{"not_picked":["DTMod:BurningEnergy","DTMod:ShieldDrain"],"picked":"DTMod:RunningTactic","floor":7},{"not_picked":["DTMod:Punisher","DTMod:Astonish","DTMod:BuildUp"],"picked":"SKIP","floor":10},{"not_picked":["DTMod:BizarreTactic","DTMod:MaximumCharge"],"picked":"DTMod:Training","floor":12},{"not_picked":["DTMod:Multitask","DTMod:GearUp"],"picked":"DTMod:SealedStrike","floor":16},{"not_picked":["DTMod:WarmUp","DTMod:BlazingStrike+1"],"picked":"DTMod:ComboAttack+1","floor":18},{"not_picked":["DTMod:Training","DTMod:CrossStep"],"picked":"DTMod:WarmUp+1","floor":19},{"not_picked":["DTMod:Punisher","DTMod:Adaptation"],"picked":"DTMod:QuickFly","floor":21},{"not_picked":["DTMod:BurningEnergy","DTMod:SneakAttack"],"picked":"DTMod:CleansingStrike","floor":23}],"player_experience":481324,"relics_obtained":[{"floor":7,"key":"HornCleat"},{"floor":9,"key":"Kunai"},{"floor":23,"key":"Happy Flower"}],"event_choices":[{"damage_healed":45.0,"max_hp_gain":0.0,"max_hp_loss":45.0,"gold_gain":0.0,"event_name":"betterThird:BetterShining","player_choice":"Embrace Burn","floor":2.0,"gold_loss":0.0,"damage_taken":0.0},{"cards_removed":["DTMod:InvisibleFlame"],"damage_healed":0,"gold_gain":0,"player_choice":"Offered Uncommon","damage_taken":0,"max_hp_gain":0,"max_hp_loss":0,"event_name":"Bonfire Elementals","floor":5,"gold_loss":0},{"damage_healed":0,"gold_gain":0,"cards_transformed":["DTMod:Strike","DTMod:Strike"],"player_choice":"Became Test Subject","damage_taken":0,"max_hp_gain":0,"max_hp_loss":0,"event_name":"Drug Dealer","floor":22,"gold_loss":0,"cards_obtained":["DTMod:DragonDance","DTMod:Feint"]}],"is_beta":false,"boss_relics":[{"not_picked":["Runesmith:UraniumAnvil","Velvet Choker"],"picked":"Coffee Dripper"}],"items_purged_floors":[20],"is_endless":false,"potions_floor_spawned":[4,10,12,19,21],"killed_by":"Nightmare","ascension_level":0}}