{"host":"g907ck67u7c3hrs6","time":1611841520,"event":{"mods":["BaseMod","Colored Map","DeckTracker","Highlight Path","Keyboard Shortcuts","Minty Spire (QoL Compilation)","Permanent Neow","Say the Spire","SuperFastMode"],"gold_per_floor":[110,110,110,110,130,130,130,55,104,140,188,231,243,293,305,442,454,484,496,267,292,317,356,356,400,400,440,440,440,483,521,521,644,644,644],"floor_reached":34,"language":"KOR","playtime":940,"items_purged":["Regret"],"score":595,"play_id":"5a348895-f008-4afe-bfa1-ccfa58180d3e","local_time":"20210128224520","daily_mods":["SealedDeck","Heirloom","Flight","DeadlyEvents","Elite Swarm"],"is_ascension_mode":false,"campfire_choices":[{"data":"Inflame","floor":6,"key":"SMITH"},{"data":"Sword Boomerang","floor":7,"key":"SMITH"},{"data":"Demon Form","floor":15,"key":"SMITH"},{"data":"Offering","floor":24,"key":"SMITH"},{"data":"Normality","floor":28,"key":"PURGE"},{"data":"Limit Break","floor":29,"key":"SMITH"},{"data":"Offering","floor":32,"key":"SMITH"}],"circlet_count":0,"master_deck":["Armaments","Shrug It Off+1","Armaments+1","Headbutt+1","Sword Boomerang+1","Pummel+1","Pummel","Inflame+1","Disarm","Evolve","Sentinel","Shrug It Off","Barricade","Demon Form+1","Impervious","Reaper","Juggernaut","Disarm","Burning Pact","Evolve+1","Battle Trance","Offering+1","Exhume","Limit Break+1","Offering+1","Offering"],"relics":["Burning Blood","Ice Cream","Golden Idol","Question Card","Bronze Scales","Whetstone","MawBank","War Paint","Unceasing Top","Nunchaku","Cursed Key","Pear","Bottled Lightning","Turnip","Pantograph","Peace Pipe","Charon\u0027s Ashes","Gremlin Horn","Black Star"],"acts_visited":["Exordium","TheCity","TheBeyond"],"potions_floor_usage":[],"damage_taken":[{"damage":0,"enemies":"Cultist","floor":1,"turns":2},{"damage":3,"enemies":"2 Louse","floor":5,"turns":2},{"damage":5,"enemies":"3 Sentries","floor":10,"turns":5},{"damage":11,"enemies":"Gremlin Nob","floor":11,"turns":3},{"damage":21,"enemies":"3 Sentries","floor":12,"turns":5},{"damage":0,"enemies":"Lagavulin","floor":14,"turns":6},{"damage":27,"enemies":"Slime Boss","floor":16,"turns":9},{"damage":17,"enemies":"3 Byrds","floor":18,"turns":5},{"damage":22,"enemies":"2 Thieves","floor":21,"turns":4},{"damage":8,"enemies":"Snake Plant","floor":22,"turns":4},{"damage":0,"enemies":"Book of Stabbing","floor":23,"turns":6},{"damage":35,"enemies":"Gremlin Leader","floor":25,"turns":5},{"damage":20,"enemies":"Book of Stabbing","floor":27,"turns":4},{"damage":70,"enemies":"Slavers","floor":30,"turns":6},{"damage":12,"enemies":"Gremlin Leader","floor":31,"turns":4},{"damage":18,"enemies":"Champ","floor":33,"turns":6}],"seed_played":"-3803315350835643750","potions_obtained":[{"floor":1,"key":"Energy Potion"},{"floor":5,"key":"ColorlessPotion"},{"floor":10,"key":"Block Potion"},{"floor":18,"key":"SneckoOil"},{"floor":25,"key":"BlessingOfTheForge"}],"is_trial":true,"path_per_floor":["M","?","?","?","M","R","R","$","T","E","E","E","$","E","R","B",null,"M","?","$","M","M","E","R","E","T","E","R","R","E","E","R","B",null],"character_chosen":"IRONCLAD","items_purchased":["Pear"],"campfire_rested":0,"item_purchase_floors":[20],"current_hp_per_floor":[80,60,60,60,63,63,63,63,63,64,59,44,44,50,50,55,80,74,74,84,88,86,90,90,73,73,59,59,59,25,63,63,90,90,90],"gold":644,"neow_bonus":"","is_daily":false,"chose_seed":false,"campfire_upgraded":6,"win_rate":0.0,"timestamp":1611841520,"path_taken":["M","?","?","?","?","R","R","$","T","E","E","?","?","E","R","BOSS","M","?","?","?","?","E","R","E","T","E","R","R","E","E","R","BOSS"],"items_purchased_type":["Relic"],"build_version":"2020-12-22","purchased_purges":1,"victory":false,"max_hp_per_floor":[80,80,80,80,80,80,80,80,80,80,80,80,80,80,80,80,80,80,80,90,90,90,90,90,90,90,90,90,90,90,90,90,90,90,90],"card_choices":[{"not_picked":["Body Slam","Heavy Blade"],"picked":"Sentinel","floor":1},{"not_picked":["Heavy Blade","Headbutt","Sever Soul"],"picked":"Shrug It Off","floor":5},{"not_picked":["Brutality","Juggernaut","Berserk"],"picked":"Barricade","floor":10},{"not_picked":["Juggernaut","Barricade","Brutality"],"picked":"Demon Form","floor":11},{"not_picked":["Corruption","Juggernaut","Brutality"],"picked":"Impervious","floor":12},{"not_picked":["Fiend Fire","Juggernaut","Impervious"],"picked":"Reaper","floor":14},{"not_picked":["Berserk","Bludgeon","Fiend Fire"],"picked":"Juggernaut","floor":16},{"not_picked":["Clash","Wild Strike","Perfected Strike+1"],"picked":"Disarm","floor":18},{"not_picked":["Twin Strike","Wild Strike","Perfected Strike"],"picked":"Evolve+1","floor":21},{"not_picked":["Warcry","Combust","Shrug It Off+1"],"picked":"Battle Trance","floor":22},{"not_picked":["Juggernaut","Bludgeon","Immolate"],"picked":"Offering","floor":23},{"not_picked":["Juggernaut","Fiend Fire","Berserk"],"picked":"Exhume","floor":25},{"not_picked":["Reaper","Demon Form","Double Tap"],"picked":"Limit Break","floor":27},{"not_picked":["Immolate","Bludgeon","Corruption","Barricade"],"picked":"SKIP","floor":30},{"not_picked":["Barricade","Exhume","Impervious"],"picked":"Offering","floor":31},{"not_picked":["Juggernaut","Exhume","Corruption"],"picked":"Offering","floor":33}],"player_experience":242902,"relics_obtained":[{"floor":9,"key":"Whetstone"},{"floor":10,"key":"MawBank"},{"floor":11,"key":"War Paint"},{"floor":12,"key":"Unceasing Top"},{"floor":14,"key":"Nunchaku"},{"floor":23,"key":"Bottled Lightning"},{"floor":25,"key":"Turnip"},{"floor":26,"key":"Pantograph"},{"floor":27,"key":"Peace Pipe"},{"floor":30,"key":"Charon\u0027s Ashes"},{"floor":31,"key":"Gremlin Horn"}],"event_choices":[{"damage_healed":0,"gold_gain":0,"player_choice":"Take Damage","damage_taken":20,"relics_obtained":["Golden Idol"],"max_hp_gain":0,"max_hp_loss":0,"event_name":"Golden Idol","floor":2,"gold_loss":0},{"damage_healed":0,"gold_gain":0,"player_choice":"Box","damage_taken":0,"relics_obtained":["Question Card"],"max_hp_gain":0,"max_hp_loss":0,"event_name":"Big Fish","floor":3,"gold_loss":0,"cards_obtained":["Regret"]},{"damage_healed":0,"gold_gain":0,"player_choice":"Gave Potion","damage_taken":0,"relics_obtained":["Bronze Scales"],"max_hp_gain":0,"max_hp_loss":0,"event_name":"WeMeetAgain","floor":4,"gold_loss":0},{"damage_healed":0,"gold_gain":0,"player_choice":"Read","damage_taken":0,"max_hp_gain":0,"max_hp_loss":0,"event_name":"The Library","floor":19,"gold_loss":0,"cards_obtained":["Burning Pact"]}],"is_beta":false,"boss_relics":[{"not_picked":["Velvet Choker","Snecko Eye"],"picked":"Cursed Key"},{"not_picked":["Sozu","Runic Pyramid"],"picked":"Black Star"}],"items_purged_floors":[8],"is_endless":true,"potions_floor_spawned":[1,5,10,18,22,25,27,33],"ascension_level":0}}