{"host":"6gl4z8x6qhx9xtfj","time":1611833131,"event":{"mods":["2.2 Compatiblity","AchievementEnabler","BaseMod","Bestiary","Colored Map","Colored Powertips","Evolution","Minty Spire (QoL Compilation)","Quick Restart","Relic Stats","StSLib","SuperFastMode"],"gold_per_floor":[111,111,111,129,146,171,183,215,215,215,215,233,247,247,247,343,343,354,382,400,22,22,22,56,73,120,120,120,146,160,174,174,174,174],"floor_reached":33,"language":"RUS","playtime":2302,"items_purged":["Defend_P"],"score":297,"play_id":"6b76f4f7-08a0-4997-ba30-afbc545c5b02","local_time":"20210128142531","is_ascension_mode":false,"campfire_choices":[{"data":"Eruption","floor":10.0,"key":"SMITH"},{"floor":15.0,"key":"REST"},{"data":"Study","floor":23.0,"key":"SMITH"},{"floor":27.0,"key":"REST"},{"floor":32.0,"key":"REST"}],"circlet_count":0,"master_deck":["FlyingSleeves","FlyingSleeves+1","Strike_P","Defend_P","Defend_P+1","Defend_P","Eruption+1","Vigilance","ReachHeaven","EmptyFist","Study+1","ClearTheMind","FlurryOfBlows","SashWhip","CutThroughFate","Wallop","DeceiveReality","Brilliance","CutThroughFate","Crescendo","FlurryOfBlows+1","Worship","ThirdEye","ThirdEye","Crescendo+1"],"relics":["PureWater","EVO:Axolotl","Unceasing Top","Omamori","Juzu Bracelet","Orichalcum","Question Card","VioletLotus","Red Mask","Medical Kit","Regal Pillow","Damaru","Bag of Marbles","Lizard Tail"],"acts_visited":["Exordium","TheCity"],"potions_floor_usage":[33,33,33],"damage_taken":[{"damage":0.0,"enemies":"Jaw Worm","floor":1.0,"turns":2.0},{"damage":0.0,"enemies":"Small Slimes","floor":4.0,"turns":2.0},{"damage":0.0,"enemies":"Cultist","floor":5.0,"turns":3.0},{"damage":16.0,"enemies":"Gremlin Nob","floor":6.0,"turns":3.0},{"damage":0.0,"enemies":"2 Fungi Beasts","floor":7.0,"turns":3.0},{"damage":5.0,"enemies":"Lagavulin","floor":8.0,"turns":3.0},{"damage":0.0,"enemies":"3 Louse","floor":12.0,"turns":3.0},{"damage":0.0,"enemies":"Blue Slaver","floor":13.0,"turns":2.0},{"damage":10.0,"enemies":"Hexaghost","floor":16.0,"turns":6.0},{"damage":2.0,"enemies":"3 Byrds","floor":18.0,"turns":4.0},{"damage":1.0,"enemies":"Masked Bandits","floor":19.0,"turns":3.0},{"damage":23.0,"enemies":"2 Thieves","floor":20.0,"turns":4.0},{"damage":42.0,"enemies":"Slavers","floor":24.0,"turns":4.0},{"damage":0.0,"enemies":"Centurion and Healer","floor":25.0,"turns":2.0},{"damage":26.0,"enemies":"Book of Stabbing","floor":29.0,"turns":4.0},{"damage":0.0,"enemies":"Snecko","floor":30.0,"turns":3.0},{"damage":6.0,"enemies":"Snake Plant","floor":31.0,"turns":4.0},{"damage":92,"enemies":"Champ","floor":33,"turns":8}],"seed_played":"-2225914801660736039","potions_obtained":[{"floor":1.0,"key":"BlessingOfTheForge"},{"floor":5.0,"key":"SkillPotion"},{"floor":7.0,"key":"Regen Potion"},{"floor":8.0,"key":"AttackPotion"},{"floor":12.0,"key":"AttackPotion"},{"floor":22.0,"key":"Regen Potion"},{"floor":22.0,"key":"SpeedPotion"},{"floor":22.0,"key":"Swift Potion"},{"floor":25.0,"key":"EntropicBrew"},{"floor":29.0,"key":"Energy Potion"},{"floor":30.0,"key":"Dexterity Potion"},{"floor":31.0,"key":"Energy Potion"}],"is_trial":false,"path_per_floor":["M","?","?","M","M","E","M","E","T","R","?","M","M","?","R","B",null,"M","?","M","$","?","R","E","M","T","R","?","E","M","M","R","B"],"character_chosen":"WATCHER","items_purchased":["Medical Kit","Regal Pillow"],"campfire_rested":3,"item_purchase_floors":[21,21],"current_hp_per_floor":[51,51,37,37,37,21,21,25,25,25,13,13,13,37,58,48,72,70,69,46,46,46,46,4,4,4,40,40,19,19,13,49,0,0],"gold":174,"neow_bonus":"ONE_RARE_RELIC","is_daily":false,"chose_seed":false,"campfire_upgraded":2,"win_rate":0.0,"timestamp":1611833131,"path_taken":["M","?","?","M","M","E","M","E","T","R","?","M","M","?","R","BOSS","M","?","M","$","?","R","E","M","T","R","?","E","M","M","R","BOSS"],"items_purchased_type":["Relic","Relic"],"build_version":"2020-12-22","purchased_purges":1,"victory":false,"max_hp_per_floor":[72,72,72,72,72,72,72,72,72,72,72,72,72,72,72,72,72,72,72,72,72,72,72,72,72,72,72,72,72,72,72,72,72,72],"relic_stats":{"Regal Pillow":30,"Lizard Tail":36,"counters":[18,63],"VioletLotus":[13],"Juzu Bracelet":1,"Orichalcum":[60],"Question Card":11,"Medical Kit":[0],"obtain_stats":[{"Regal Pillow":21,"Damaru":24,"Omamori":6,"Juzu Bracelet":8,"EVO:Axolotl":0,"Orichalcum":9,"Question Card":11,"Medical Kit":21,"Lizard Tail":29,"VioletLotus":17,"Red Mask":19,"Bag of Marbles":26,"PureWater":0,"Unceasing Top":0},{"Regal Pillow":12,"Damaru":13,"Omamori":4,"Juzu Bracelet":6,"EVO:Axolotl":0,"Orichalcum":6,"Question Card":6,"Medical Kit":12,"Lizard Tail":15,"VioletLotus":9,"Red Mask":11,"Bag of Marbles":14,"PureWater":0,"Unceasing Top":0},{"Regal Pillow":38,"Damaru":42,"Omamori":10,"Juzu Bracelet":16,"EVO:Axolotl":0,"Orichalcum":16,"Question Card":16,"Medical Kit":38,"Lizard Tail":48,"VioletLotus":27,"Red Mask":34,"Bag of Marbles":44,"PureWater":0,"Unceasing Top":0}],"Unceasing Top":[0]},"card_choices":[{"not_picked":["ThirdEye","FlurryOfBlows"],"picked":"ReachHeaven","floor":1.0},{"not_picked":["Halt","EmptyFist"],"picked":"Study","floor":4.0},{"not_picked":["FlurryOfBlows","Evaluate"],"picked":"ClearTheMind","floor":5.0},{"not_picked":["ThirdEye","PathToVictory"],"picked":"FlurryOfBlows","floor":6.0},{"not_picked":["Swivel","PathToVictory"],"picked":"SashWhip","floor":7.0},{"not_picked":["ClearTheMind","ConjureBlade"],"picked":"CutThroughFate","floor":8.0},{"not_picked":["Consecrate","LikeWater","CrushJoints"],"picked":"Wallop","floor":12.0},{"not_picked":["ThirdEye","WindmillStrike","FlyingSleeves"],"picked":"DeceiveReality","floor":13.0},{"not_picked":["DeusExMachina","LessonLearned","Scrawl"],"picked":"Brilliance","floor":16.0},{"not_picked":["Protect","Meditate+1","FlyingSleeves"],"picked":"CutThroughFate","floor":18.0},{"not_picked":["Fasting2","DeusExMachina","Consecrate+1"],"picked":"Crescendo","floor":19.0},{"not_picked":["SandsOfTime","EmptyFist","SashWhip+1"],"picked":"FlurryOfBlows+1","floor":20.0},{"not_picked":["PathToVictory+1","Protect","ConjureBlade"],"picked":"Worship","floor":24.0},{"not_picked":["SandsOfTime+1","CutThroughFate","Meditate"],"picked":"ThirdEye","floor":25.0},{"not_picked":["Consecrate","Study","SashWhip","ClearTheMind+1"],"picked":"SKIP","floor":29.0},{"not_picked":["BowlingBash","ClearTheMind","Perseverance+1"],"picked":"ThirdEye","floor":30.0},{"not_picked":["Halt","Ragnarok","EmptyFist"],"picked":"Crescendo+1","floor":31.0}],"player_experience":73019,"relics_obtained":[{"floor":6.0,"key":"Omamori"},{"floor":8.0,"key":"Juzu Bracelet"},{"floor":9.0,"key":"Orichalcum"},{"floor":19.0,"key":"Red Mask"},{"floor":24.0,"key":"Damaru"},{"floor":26.0,"key":"Bag of Marbles"},{"floor":29.0,"key":"Lizard Tail"}],"event_choices":[{"damage_healed":0.0,"max_hp_gain":0.0,"max_hp_loss":0.0,"gold_gain":0.0,"cards_transformed":["Strike_P"],"event_name":"Living Wall","player_choice":"Change","floor":2.0,"gold_loss":0.0,"damage_taken":0.0,"cards_obtained":["EmptyFist"]},{"damage_healed":0.0,"max_hp_gain":0.0,"max_hp_loss":0.0,"gold_gain":0.0,"event_name":"Shining Light","player_choice":"Entered Light","floor":3.0,"gold_loss":0.0,"damage_taken":14.0,"cards_upgraded":["Defend_P","FlyingSleeves"]},{"damage_healed":0.0,"max_hp_gain":0.0,"max_hp_loss":0.0,"gold_gain":0.0,"event_name":"Scrap Ooze","player_choice":"Success","floor":11.0,"gold_loss":0.0,"damage_taken":12.0,"relics_obtained":["Question Card"]},{"damage_healed":24.0,"max_hp_gain":0.0,"max_hp_loss":0.0,"gold_gain":0.0,"event_name":"Big Fish","player_choice":"Banana","floor":14.0,"gold_loss":0.0,"damage_taken":0.0},{"damage_healed":0.0,"max_hp_gain":0.0,"max_hp_loss":0.0,"gold_gain":0.0,"event_name":"Masked Bandits","player_choice":"Fought Bandits","floor":19.0,"gold_loss":0.0,"damage_taken":0.0},{"damage_healed":0.0,"max_hp_gain":0.0,"max_hp_loss":0.0,"gold_gain":0.0,"event_name":"Lab","player_choice":"Got Potions","floor":22.0,"gold_loss":0.0,"damage_taken":0.0},{"damage_healed":0.0,"max_hp_gain":0.0,"max_hp_loss":0.0,"gold_gain":0.0,"event_name":"Vampires","player_choice":"Ignored","floor":28.0,"gold_loss":0.0,"damage_taken":0.0}],"is_beta":false,"boss_relics":[{"not_picked":["Empty Cage","SacredBark"],"picked":"VioletLotus"}],"items_purged_floors":[21],"is_endless":false,"potions_floor_spawned":[1,5,7,8,12,25,29,30,31],"killed_by":"Champ","ascension_level":0}}