{"host":"irrizrmw64do51k7","time":1611802617,"event":{"mods":["AchievementEnabler","BaseMod","Better Altar","Better Match","Better Note","Better Sensory Stone","Better Skull","Better Third Choice","BetterRewards","Card Forge","Colored Map","Colored Powertips","Curses Come First","DeckTracker","Good Game Mod","Hubris","Infinite Spire","Minty Spire (QoL Compilation)","Quick Restart","Relic Stats","Replay The Spire","Shop Mod","StSLib"],"gold_per_floor":[18,28,28,45,61,95,95,127,172,197,216,216,228,22,22,127,127,138,138,153,153,153,188,188,188,242,242,257,273,273,293,293,293,293],"floor_reached":33,"language":"ENG","playtime":1685,"items_purged":["Parasite"],"score":374,"play_id":"56757d2e-fa80-4306-86bb-d6a48e291ee3","local_time":"20210127185657","is_ascension_mode":true,"campfire_choices":[{"floor":7,"key":"REST"},{"floor":15,"key":"RECALL"},{"floor":24,"key":"REST"},{"floor":27,"key":"REST"},{"floor":32,"key":"REST"}],"circlet_count":0,"master_deck":["Strike_P","Strike_P","Strike_P","Strike_P","Defend_P","Defend_P","Defend_P","Defend_P","Eruption","Vigilance","Vault","FlyingSleeves","Perseverance","FlurryOfBlows","MentalFortress","FlurryOfBlows","ClearTheMind","Protect","Replay:AtTheReady","PathToVictory","hubris:EnhanceAbility","Apotheosis","ReplayTheSpireMod:Uncanny Aura","Establishment","Replay:Cycle","DevaForm","LikeWater+1","RitualDagger","Indignation","Replay:ManipulateFuture","Study","infinitespire:Punishment","Crescendo+1"],"relics":["PureWater","Hammer of Thor","Seething Fire","Anvil of the Gods","REME:ComplimentaryCards","Lizard Tail","Orichalcum","Thread and Needle","Replay:Wax Seal","Akabeko","ReplayTheSpireMod:ShopPack","Philosopher\u0027s Stone","Onion Ring","PreservedInsect"],"acts_visited":["Exordium","TheCity"],"potions_floor_usage":[8,10,29,31],"damage_taken":[{"damage":0,"enemies":"2 Louse","floor":1,"turns":3},{"damage":0,"enemies":"Jaw Worm","floor":2,"turns":3},{"damage":0,"enemies":"Small Slimes","floor":4,"turns":4},{"damage":21,"enemies":"3 Louse","floor":5,"turns":6},{"damage":47,"enemies":"3 Sentries","floor":6,"turns":9},{"damage":23,"enemies":"Replay:BlueRogue","floor":8,"turns":13},{"damage":21,"enemies":"3 Sentries","floor":10,"turns":8},{"damage":5,"enemies":"Blue Slaver","floor":11,"turns":4},{"damage":0,"enemies":"Large Slime","floor":13,"turns":6},{"damage":6,"enemies":"Hexaghost","floor":16,"turns":8},{"damage":0,"enemies":"Spheric Guardian","floor":18,"turns":4},{"damage":0,"enemies":"Shell Parasite","floor":20,"turns":7},{"damage":32,"enemies":"Gremlin Leader","floor":23,"turns":8},{"damage":17,"enemies":"Cultist and Chosen","floor":28,"turns":10},{"damage":12,"enemies":"Sentry and Sphere","floor":29,"turns":1},{"damage":27,"enemies":"Chosen and Byrds","floor":31,"turns":8},{"damage":77,"enemies":"Collector","floor":33,"turns":10}],"seed_played":"-2955202025110184150","potions_obtained":[{"floor":1,"key":"LifebloodPotion"},{"floor":6,"key":"SpeedPotion"},{"floor":10,"key":"SpeedPotion"},{"floor":16,"key":"Death Potion"},{"floor":20,"key":"Elixir"},{"floor":29,"key":"Venom Potion"}],"is_trial":false,"path_per_floor":["M","M","?","M","M","E","R","E","T","E","M","?","M","$","R_BF","B",null,"M","?","M","?","T","E","R","?","T","R","M","M","AVR","M","R","B"],"character_chosen":"WATCHER","items_purchased":["ReplayTheSpireMod:ShopPack"],"campfire_rested":4,"item_purchase_floors":[14],"current_hp_per_floor":[86,86,86,86,65,18,43,20,20,43,38,59,59,59,59,53,83,83,67,67,61,61,29,53,53,53,77,60,48,48,21,45,0,0],"gold":293,"neow_bonus":"TWENTY_PERCENT_HP_BONUS","is_daily":false,"chose_seed":false,"campfire_upgraded":0,"win_rate":0.0,"timestamp":1611802617,"path_taken":["M","M","?","M","M","E","R","E","T","E","M","?","M","$","R_BF","BOSS","M","?","M","?","?","E","R","?","T","R","M","M","AVR","M","R","BOSS"],"items_purchased_type":["Relic"],"build_version":"2020-12-22","purchased_purges":1,"victory":false,"max_hp_per_floor":[86,86,86,86,86,86,86,86,86,86,86,86,86,83,83,83,83,83,83,83,83,83,83,83,83,83,83,83,83,83,83,83,83,83],"relic_stats":{"Lizard Tail":43,"counters":[340,1153],"PreservedInsect":0,"Orichalcum":[174],"obtain_stats":[{"Golden Egg":22,"infinitespire:BottledMercury":0,"Ginger":0,"Whetstone":148,"Bottled Tornado":158,"Boot":6,"FrozenCore":17,"Old Coin":26,"Replay:Wanted Poster":17,"Blood Vial":88,"infinitespire:ShieldingShard":26,"Sundial":7,"MealTicket":91,"infinitespire:Golems Mask":132,"Necronomicon":24,"Kunai":8,"Replay:Wax Seal":9,"Replay:Bottled Steam":28,"MerchantsRug":5,"Pear":97,"Blue Candle":102,"Eternal Feather":43,"Pen Nib":27,"Replay:Ancient Bell":17,"infinitespire:Magic Flask":0,"Akabeko":10,"Cables":0,"SlaversCollar":119,"infinitespire:Lychee Nut":0,"Bird Faced Urn":41,"Pandora\u0027s Box":68,"CultistMask":0,"StrikeDummy":159,"Unceasing Top":9,"infinitespire:PuzzleCube":13,"Solar Panel":0,"Lantern":57,"Regal Pillow":158,"Torii":38,"Singing Bowl":0,"animator:TheMissingPiece":0,"Blue Doll":0,"StoneCalendar":165,"Bag of Preparation":27,"Smiling Mask":77,"Ancient Tea Set":158,"Pet Ghost":49,"Matryoshka":9,"Shovel":43,"infinitespire:Bottled Soul":76,"WingedGreaves":102,"Replay:Bottled Eggs":37,"Ring of Panic":22,"infinitespire:Eraser":108,"InkBottle":57,"Potion Belt":23,"Lee\u0027s Waffle":0,"Inserter":136,"NeowsBlessing":0,"Circlet":0,"Thread and Needle":0,"infinitespire:Joker Card":12,"PreservedInsect":9,"The Courier":22,"Geode":0,"Omamori":0,"Seething Fire":0,"infinitespire:CheckeredPen":0,"infinitespire:Lucky Rock":22,"Ring of Greed":22,"Frozen Egg 2":77,"MawBank":129,"Replay:Arrowhead":36,"Nuclear Battery":17,"Busted Crown":34,"Ornamental Fan":161,"betterThird:SlimedRelic":0,"Orrery":0,"animator:LivingPicture":0,"Turnip":0,"Art of War":74,"Bottled Lightning":56,"Toy Ornithopter":128,"infinitespire:Freezer":38,"infinitespire:Midas Blood":9,"Ice Cream":0,"Calipers":0,"Tiny House":17,"Gremlin Horn":28,"CeramicFish":6,"Vajra":47,"Hammer of Thor":0,"Centennial Puzzle":8,"Lizard Tail":0,"infinitespire:SolderingIron":40,"HornCleat":41,"Strawberry":10,"Prayer Wheel":37,"Philosopher\u0027s Stone":0,"Iron Hammer":17,"Toxic Egg 2":30,"Girya":11,"Happy Flower":0,"ReplayTheSpireMod:CursedCoin":0,"Dead Branch":0,"Oddly Smooth Stone":0,"infinitespire:Beetle Shell":10,"Letter Opener":26,"War Paint":142,"Question Card":20,"Du-Vu Doll":27,"OrangePellets":0,"Bottled Flame":43,"Anvil of the Gods":0,"Shuriken":116,"Bronze Scales":43,"Simple Rune":0,"Molten Egg 2":0,"Onion Ring":23,"infinitespire:EmpoweringShard":7,"Black Star":34,"hubris:ToyBattleship":4,"Symbiotic Virus":45,"Pocketwatch":27,"Meat on the Bone":91,"Darkstone Periapt":88,"SacredBark":85,"Enchiridion":122,"Mango":0,"Incense Burner":0,"Juzu Bracelet":8,"hubris:SlimyHat":7,"Empty Cage":68,"Dream Catcher":26,"Nunchaku":44,"Emotion Chip":93,"Mummified Hand":88,"Gambling Chip":0,"Pantograph":129,"Tiny Chest":110,"Red Mask":21,"Cracked Core":21,"Gremlin Food":19,"BargainBundle":0,"ReplayTheSpireMod:Ninjato":24,"infinitespire:CursedDice":31,"Quantum Egg":52,"infinitespire:FocusingShard":42,"Odd Mushroom":65,"Orichalcum":27,"White Beast Statue":26,"Mercury Hourglass":107,"Peace Pipe":29,"Calling Bell":102,"Strange Spoon":36,"Cauldron":191,"REME:ComplimentaryCards":0,"CaptainsWheel":0,"DataDisk":48,"Anchor":62,"infinitespire:WardingShard":13,"infinitespire:Satchel":125,"Bag of Marbles":0,"Membership Card":0,"PureWater":0,"FossilizedHelix":27,"TungstenRod":0,"ReplayTheSpireMod:ShopPack":14},{"Golden Egg":105,"infinitespire:BottledMercury":167,"Ginger":70,"Whetstone":252,"Bottled Tornado":257,"Boot":28,"FrozenCore":101,"Old Coin":142,"Replay:Wanted Poster":80,"Blood Vial":217,"infinitespire:ShieldingShard":40,"Sundial":131,"MealTicket":219,"infinitespire:Golems Mask":243,"Necronomicon":105,"Kunai":95,"Replay:Wax Seal":329,"Replay:Bottled Steam":107,"MerchantsRug":93,"Pear":224,"Blue Candle":226,"Eternal Feather":50,"Pen Nib":85,"Replay:Ancient Bell":321,"infinitespire:Magic Flask":70,"Akabeko":174,"Cables":3,"SlaversCollar":235,"infinitespire:Lychee Nut":91,"Bird Faced Urn":189,"Pandora\u0027s Box":204,"CultistMask":124,"StrikeDummy":258,"Unceasing Top":10,"infinitespire:PuzzleCube":176,"Solar Panel":70,"Lantern":198,"Regal Pillow":257,"Torii":47,"Singing Bowl":124,"animator:TheMissingPiece":0,"Blue Doll":70,"StoneCalendar":261,"Bag of Preparation":19,"Smiling Mask":210,"Ancient Tea Set":257,"Pet Ghost":116,"Matryoshka":29,"Shovel":113,"infinitespire:Bottled Soul":69,"WingedGreaves":226,"Replay:Bottled Eggs":90,"Ring of Panic":105,"infinitespire:Eraser":230,"InkBottle":58,"Potion Belt":181,"Lee\u0027s Waffle":167,"Inserter":245,"NeowsBlessing":0,"Circlet":118,"Thread and Needle":124,"infinitespire:Joker Card":12,"PreservedInsect":76,"The Courier":105,"Geode":70,"Omamori":167,"Seething Fire":0,"infinitespire:CheckeredPen":3,"infinitespire:Lucky Rock":18,"Ring of Greed":105,"Frozen Egg 2":69,"MawBank":240,"Replay:Arrowhead":89,"Nuclear Battery":34,"Busted Crown":45,"Ornamental Fan":259,"betterThird:SlimedRelic":124,"Orrery":70,"animator:LivingPicture":0,"Turnip":3,"Art of War":68,"Bottled Lightning":57,"Toy Ornithopter":239,"infinitespire:Freezer":47,"infinitespire:Midas Blood":76,"Ice Cream":3,"Calipers":3,"Tiny House":15,"Gremlin Horn":182,"CeramicFish":94,"Vajra":191,"Hammer of Thor":0,"Centennial Puzzle":10,"Lizard Tail":153,"infinitespire:SolderingIron":48,"HornCleat":113,"Strawberry":77,"Prayer Wheel":90,"Philosopher\u0027s Stone":124,"Iron Hammer":321,"Toxic Egg 2":145,"Girya":175,"Happy Flower":124,"ReplayTheSpireMod:CursedCoin":91,"Dead Branch":167,"Oddly Smooth Stone":118,"infinitespire:Beetle Shell":30,"Letter Opener":106,"War Paint":249,"Question Card":139,"Du-Vu Doll":41,"OrangePellets":124,"Bottled Flame":189,"Anvil of the Gods":0,"Shuriken":234,"Bronze Scales":50,"Simple Rune":91,"Molten Egg 2":167,"Onion Ring":336,"infinitespire:EmpoweringShard":10,"Black Star":146,"hubris:ToyBattleship":314,"Symbiotic Virus":189,"Pocketwatch":143,"Meat on the Bone":219,"Darkstone Periapt":217,"SacredBark":214,"Enchiridion":237,"Mango":167,"Incense Burner":70,"Juzu Bracelet":76,"hubris:SlimyHat":316,"Empty Cage":63,"Dream Catcher":84,"Nunchaku":114,"Emotion Chip":221,"Mummified Hand":217,"Gambling Chip":3,"Pantograph":240,"Tiny Chest":232,"Red Mask":18,"Cracked Core":18,"Gremlin Food":322,"BargainBundle":70,"ReplayTheSpireMod:Ninjato":84,"infinitespire:CursedDice":88,"Quantum Egg":117,"infinitespire:FocusingShard":189,"Odd Mushroom":62,"Orichalcum":106,"White Beast Statue":84,"Mercury Hourglass":229,"Peace Pipe":86,"Calling Bell":226,"Strange Spoon":89,"Cauldron":274,"REME:ComplimentaryCards":0,"CaptainsWheel":3,"DataDisk":52,"Anchor":60,"infinitespire:WardingShard":136,"infinitespire:Satchel":239,"Bag of Marbles":167,"Membership Card":167,"PureWater":0,"FossilizedHelix":106,"TungstenRod":167,"ReplayTheSpireMod:ShopPack":332},{"Golden Egg":397,"infinitespire:BottledMercury":671,"Ginger":242,"Whetstone":861,"Bottled Tornado":874,"Boot":104,"FrozenCore":383,"Old Coin":553,"Replay:Wanted Poster":293,"Blood Vial":807,"infinitespire:ShieldingShard":146,"Sundial":498,"MealTicket":812,"infinitespire:Golems Mask":849,"Necronomicon":397,"Kunai":368,"Replay:Wax Seal":1079,"Replay:Bottled Steam":404,"MerchantsRug":362,"Pear":826,"Blue Candle":829,"Eternal Feather":188,"Pen Nib":313,"Replay:Ancient Bell":1032,"infinitespire:Magic Flask":242,"Akabeko":694,"Cables":5,"SlaversCollar":841,"infinitespire:Lychee Nut":357,"Bird Faced Urn":756,"Pandora\u0027s Box":786,"CultistMask":469,"StrikeDummy":875,"Unceasing Top":25,"infinitespire:PuzzleCube":704,"Solar Panel":242,"Lantern":775,"Regal Pillow":874,"Torii":175,"Singing Bowl":469,"animator:TheMissingPiece":0,"Blue Doll":242,"StoneCalendar":878,"Bag of Preparation":71,"Smiling Mask":794,"Ancient Tea Set":874,"Pet Ghost":440,"Matryoshka":108,"Shovel":426,"infinitespire:Bottled Soul":241,"WingedGreaves":829,"Replay:Bottled Eggs":346,"Ring of Panic":397,"infinitespire:Eraser":833,"InkBottle":210,"Potion Belt":726,"Lee\u0027s Waffle":671,"Inserter":851,"NeowsBlessing":0,"Circlet":444,"Thread and Needle":469,"infinitespire:Joker Card":33,"PreservedInsect":266,"The Courier":397,"Geode":242,"Omamori":671,"Seething Fire":0,"infinitespire:CheckeredPen":5,"infinitespire:Lucky Rock":63,"Ring of Greed":397,"Frozen Egg 2":241,"MawBank":846,"Replay:Arrowhead":335,"Nuclear Battery":125,"Busted Crown":170,"Ornamental Fan":876,"betterThird:SlimedRelic":469,"Orrery":242,"animator:LivingPicture":0,"Turnip":5,"Art of War":236,"Bottled Lightning":208,"Toy Ornithopter":845,"infinitespire:Freezer":175,"infinitespire:Midas Blood":266,"Ice Cream":5,"Calipers":5,"Tiny House":51,"Gremlin Horn":730,"CeramicFish":365,"Vajra":764,"Hammer of Thor":0,"Centennial Puzzle":25,"Lizard Tail":606,"infinitespire:SolderingIron":180,"HornCleat":426,"Strawberry":273,"Prayer Wheel":339,"Philosopher\u0027s Stone":469,"Iron Hammer":1032,"Toxic Egg 2":569,"Girya":697,"Happy Flower":469,"ReplayTheSpireMod:CursedCoin":357,"Dead Branch":671,"Oddly Smooth Stone":444,"infinitespire:Beetle Shell":111,"Letter Opener":401,"War Paint":858,"Question Card":534,"Du-Vu Doll":151,"OrangePellets":469,"Bottled Flame":756,"Anvil of the Gods":0,"Shuriken":839,"Bronze Scales":188,"Simple Rune":357,"Molten Egg 2":671,"Onion Ring":1124,"infinitespire:EmpoweringShard":25,"Black Star":577,"hubris:ToyBattleship":1005,"Symbiotic Virus":756,"Pocketwatch":556,"Meat on the Bone":812,"Darkstone Periapt":807,"SacredBark":800,"Enchiridion":843,"Mango":671,"Incense Burner":242,"Juzu Bracelet":266,"hubris:SlimyHat":1012,"Empty Cage":222,"Dream Catcher":308,"Nunchaku":431,"Emotion Chip":820,"Mummified Hand":807,"Gambling Chip":5,"Pantograph":846,"Tiny Chest":835,"Red Mask":63,"Cracked Core":63,"Gremlin Food":1038,"BargainBundle":242,"ReplayTheSpireMod:Ninjato":308,"infinitespire:CursedDice":326,"Quantum Egg":441,"infinitespire:FocusingShard":756,"Odd Mushroom":218,"Orichalcum":401,"White Beast Statue":308,"Mercury Hourglass":832,"Peace Pipe":318,"Calling Bell":829,"Strange Spoon":335,"Cauldron":902,"REME:ComplimentaryCards":0,"CaptainsWheel":5,"DataDisk":193,"Anchor":214,"infinitespire:WardingShard":519,"infinitespire:Satchel":845,"Bag of Marbles":671,"Membership Card":671,"PureWater":0,"FossilizedHelix":401,"TungstenRod":671,"ReplayTheSpireMod:ShopPack":1097}]},"card_choices":[{"not_picked":["EmptyBody","CrushJoints"],"picked":"FlyingSleeves","floor":1},{"not_picked":["ClearTheMind","Halt"],"picked":"Perseverance","floor":2},{"not_picked":["Swivel","Consecrate"],"picked":"FlurryOfBlows","floor":4},{"not_picked":["Halt","Replay:BluntJabs"],"picked":"MentalFortress","floor":5},{"not_picked":["Consecrate","Collect"],"picked":"FlurryOfBlows","floor":6},{"not_picked":["ThirdEye","SandsOfTime"],"picked":"ClearTheMind","floor":8},{"not_picked":["SashWhip","ClearTheMind"],"picked":"Protect","floor":10},{"not_picked":["Adaptation","ClearTheMind"],"picked":"Replay:AtTheReady","floor":11},{"not_picked":["EmptyBody","EmptyFist"],"picked":"PathToVictory","floor":13},{"not_picked":["Metamorphosis","ReplayTheSpireMod:Necrogeddon"],"picked":"hubris:EnhanceAbility","floor":14},{"not_picked":["Metamorphosis","Dark Shackles"],"picked":"Apotheosis","floor":14},{"not_picked":["Violence","Enlightenment"],"picked":"ReplayTheSpireMod:Uncanny Aura","floor":14},{"not_picked":["SpiritShield","Brilliance"],"picked":"Establishment","floor":16},{"not_picked":["Prostrate","FlyingSleeves+1"],"picked":"Replay:Cycle","floor":18},{"not_picked":["Consecrate","Protect"],"picked":"LikeWater+1","floor":20},{"not_picked":["EmptyBody+1","SashWhip"],"picked":"Indignation","floor":23},{"not_picked":["FollowUp","Replay:BluntJabs+1"],"picked":"Replay:ManipulateFuture","floor":28},{"not_picked":["EmptyBody","Tantrum"],"picked":"Study","floor":29},{"not_picked":["JustLucky","SashWhip"],"picked":"Crescendo+1","floor":31}],"player_experience":537006,"relics_obtained":[{"floor":3,"key":"Lizard Tail"},{"floor":6,"key":"Orichalcum"},{"floor":8,"key":"Thread and Needle"},{"floor":9,"key":"Replay:Wax Seal"},{"floor":10,"key":"Akabeko"},{"floor":23,"key":"Onion Ring"},{"floor":26,"key":"PreservedInsect"}],"event_choices":[{"damage_healed":21,"gold_gain":0,"player_choice":"Healed and dodged fight","damage_taken":0,"max_hp_gain":0,"max_hp_loss":0,"event_name":"Mushrooms","floor":12,"gold_loss":0,"cards_obtained":["Parasite"]},{"damage_healed":0,"gold_gain":2,"player_choice":"2","damage_taken":0,"max_hp_gain":0,"max_hp_loss":16,"event_name":"betterStone:BetterStone","floor":19,"gold_loss":0},{"damage_healed":0,"gold_gain":0,"player_choice":"Dagger","damage_taken":6,"max_hp_gain":0,"max_hp_loss":0,"event_name":"betterThird:BetterNest","floor":21,"gold_loss":0,"cards_obtained":["RitualDagger"]},{"damage_healed":0,"gold_gain":0,"player_choice":"Ignored","damage_taken":0,"max_hp_gain":0,"max_hp_loss":0,"event_name":"Vampires","floor":25,"gold_loss":0}],"is_beta":false,"boss_relics":[{"not_picked":["Painkiller Herb","hubris:TerracottaHorce"],"picked":"Philosopher\u0027s Stone"}],"items_purged_floors":[14],"is_endless":false,"potions_floor_spawned":[1,6,10,16,20,23,29],"killed_by":"Collector","ascension_level":4}}