{"host":"msmkw03x1o7nq45i","time":1611851395,"event":{"mods":["AchievementEnabler","BaseMod","Bestiary","Colored Powertips","GifTheSpireLib","Highlight Path","Minty Spire (QoL Compilation)","Random Character Button","StSLib","everything is the same but u backflip on backflip"],"gold_per_floor":[118,131,131,146,2,2,22,49,74,90,122,122,144,156,156,234,234,246,45,45,45,45,73,25,38,63,78,78,78],"floor_reached":28,"language":"ENG","playtime":1225,"items_purged":[],"score":422,"play_id":"c711eaee-16b7-4513-826e-95fbee69d632","local_time":"20210128182955","is_ascension_mode":true,"campfire_choices":[{"data":"Defragment","floor":6,"key":"SMITH"},{"floor":12,"key":"REST"},{"data":"Chaos","floor":15,"key":"SMITH"}],"circlet_count":0,"master_deck":["AscendersBane","Strike_B+1","Strike_B+1","Strike_B+1","Defend_B+1","Defend_B+1","Defend_B+1","Defend_B+1","Zap","Dualcast","Defragment+1","Ball Lightning","Beam Cell","Loop","Machine Learning","Coolheaded","Electrodynamics","Chaos+1","Biased Cognition","Biased Cognition","Shame","Skim","Coolheaded","Double Energy"],"relics":["Cracked Core","NeowsBlessing","OrangePellets","Bronze Scales","Blood Vial","Oddly Smooth Stone","Odd Mushroom","Black Star","DollysMirror","Molten Egg 2","Cables","Ornamental Fan","Omamori","Vajra"],"acts_visited":["Exordium","TheCity"],"potions_floor_usage":[8,11,11,16,23],"damage_taken":[{"damage":0,"enemies":"Cultist","floor":1,"turns":1},{"damage":0,"enemies":"2 Louse","floor":2,"turns":1},{"damage":0,"enemies":"Jaw Worm","floor":4,"turns":1},{"damage":13,"enemies":"Blue Slaver","floor":7,"turns":3},{"damage":20,"enemies":"3 Sentries","floor":8,"turns":6},{"damage":26,"enemies":"Exordium Thugs","floor":10,"turns":4},{"damage":2,"enemies":"Gremlin Nob","floor":11,"turns":3},{"damage":12,"enemies":"The Mushroom Lair","floor":13,"turns":2},{"damage":5,"enemies":"Looter","floor":14,"turns":2},{"damage":6,"enemies":"Hexaghost","floor":16,"turns":5},{"damage":0,"enemies":"Chosen","floor":18,"turns":4},{"damage":22,"enemies":"Book of Stabbing","floor":23,"turns":5},{"damage":2,"enemies":"Spheric Guardian","floor":25,"turns":3},{"damage":27,"enemies":"Snake Plant","floor":27,"turns":3},{"damage":16,"enemies":"Sentry and Sphere","floor":28,"turns":2}],"seed_played":"-6277676268546510484","potions_obtained":[{"floor":4,"key":"SpeedPotion"},{"floor":7,"key":"Dexterity Potion"},{"floor":10,"key":"EssenceOfDarkness"},{"floor":11,"key":"Ancient Potion"},{"floor":13,"key":"DuplicationPotion"},{"floor":23,"key":"SneckoOil"},{"floor":25,"key":"Ancient Potion"}],"is_trial":false,"path_per_floor":["M","M","?","M","$","R","M","E","T","M","E","R","?","M","R","B",null,"M","$","?","?","T","E","$","M","T","M","M"],"character_chosen":"DEFECT","items_purchased":["OrangePellets","DollysMirror","Weak Potion","Coolheaded"],"campfire_rested":1,"item_purchase_floors":[5,19,19,24],"current_hp_per_floor":[64,64,64,64,64,64,51,31,31,7,7,28,18,15,15,11,56,58,58,58,58,58,38,38,38,38,13,0,0],"gold":78,"neow_bonus":"THREE_ENEMY_KILL","is_daily":false,"chose_seed":false,"campfire_upgraded":2,"win_rate":0.0,"timestamp":1611851395,"path_taken":["M","?","?","?","$","R","M","E","T","M","E","R","?","M","R","BOSS","M","$","?","?","?","E","?","M","T","?","M"],"items_purchased_type":["Relic","Relic","Potion","Card"],"build_version":"2020-12-22","purchased_purges":0,"victory":false,"max_hp_per_floor":[71,71,71,71,71,71,71,71,71,71,71,71,71,71,71,71,71,71,71,71,71,71,71,71,71,71,71,71,71],"card_choices":[{"not_picked":["Steam","Steam Power"],"picked":"Defragment","floor":1},{"not_picked":["Auto Shields","Hologram"],"picked":"Ball Lightning","floor":2},{"not_picked":["Gash","Turbo","Tempest"],"picked":"SKIP","floor":4},{"not_picked":["Gash","Skim"],"picked":"Loop","floor":7},{"not_picked":["Streamline","Cold Snap"],"picked":"Machine Learning","floor":8},{"not_picked":["Storm","Sweeping Beam"],"picked":"Coolheaded","floor":10},{"not_picked":["Hologram","Genetic Algorithm"],"picked":"Electrodynamics","floor":11},{"not_picked":["Redo","Gash"],"picked":"Chaos","floor":13},{"not_picked":["Reprogram","Gash","Streamline"],"picked":"SKIP","floor":14},{"not_picked":["Buffer","Seek"],"picked":"Biased Cognition","floor":16},{"not_picked":["Steam","Loop","Consume"],"picked":"SKIP","floor":18},{"not_picked":["Beam Cell+1","Sunder+1"],"picked":"Skim","floor":23},{"not_picked":["Leap","Steam"],"picked":"Double Energy","floor":25},{"not_picked":["Go for the Eyes+1","Hologram","Streamline+1"],"picked":"SKIP","floor":27}],"player_experience":424386,"relics_obtained":[{"floor":8,"key":"Bronze Scales"},{"floor":9,"key":"Blood Vial"},{"floor":11,"key":"Oddly Smooth Stone"},{"floor":13,"key":"Odd Mushroom"},{"floor":22,"key":"Cables"},{"floor":23,"key":"Ornamental Fan"},{"floor":23,"key":"Omamori"},{"floor":26,"key":"Vajra"}],"event_choices":[{"damage_healed":0,"gold_gain":0,"cards_transformed":["Strike_B"],"player_choice":"Transformed","damage_taken":0,"max_hp_gain":0,"max_hp_loss":0,"event_name":"Transmorgrifier","floor":3,"gold_loss":0,"cards_obtained":["Beam Cell"]},{"damage_healed":0,"gold_gain":0,"player_choice":"Fought Mushrooms","damage_taken":0,"max_hp_gain":0,"max_hp_loss":0,"event_name":"Mushrooms","floor":13,"gold_loss":0},{"damage_healed":0,"gold_gain":0,"player_choice":"Stole Relic","damage_taken":0,"relics_obtained":["Molten Egg 2"],"max_hp_gain":0,"max_hp_loss":0,"event_name":"Addict","floor":20,"gold_loss":0,"cards_obtained":["Shame"]},{"damage_healed":0,"gold_gain":0,"player_choice":"Simplicity","damage_taken":0,"max_hp_gain":0,"max_hp_loss":0,"event_name":"Back to Basics","floor":21,"gold_loss":0,"cards_upgraded":["Strike_B","Strike_B","Strike_B","Defend_B","Defend_B","Defend_B","Defend_B"]}],"is_beta":false,"boss_relics":[{"not_picked":["SacredBark","Calling Bell"],"picked":"Black Star"}],"items_purged_floors":[],"is_endless":false,"potions_floor_spawned":[4,7,10,11,13,23,25],"killed_by":"Sentry and Sphere","ascension_level":14}}