{"host":"yx5rao87132cy5xq","time":1611872091,"event":{"mods":["2.2 Compatiblity","AchievementEnabler","BaseMod","Bestiary","Colored Map","Colored Powertips","Minty Spire (QoL Compilation)","Quick Restart","Relic Stats","Slay-I","SuperFastMode"],"gold_per_floor":[114,114,114,189,209,240,253,61,86,112,17,86,96,96,96,96,96],"floor_reached":16,"language":"ENG","playtime":630,"items_purged":[],"score":178,"play_id":"d008c47a-3ab1-44ab-9a31-a54ce934a4f0","local_time":"20210128231451","is_ascension_mode":true,"campfire_choices":[{"floor":15,"key":"REST"}],"circlet_count":0,"master_deck":["AscendersBane","Strike_R","Strike_R","Strike_R","Strike_R","Strike_R","Defend_R","Defend_R","Defend_R","Defend_R","Bash+1","Cleave","Wild Strike","Clash","Uppercut","Dark Embrace","Burning Pact","Sentinel","Shrug It Off","Dark Shackles"],"relics":["Burning Blood","Bronze Scales","Boot","Darkstone Periapt"],"acts_visited":["Exordium"],"potions_floor_usage":[6,6,10,16],"damage_taken":[{"damage":10,"enemies":"2 Louse","floor":1,"turns":4},{"damage":7,"enemies":"Small Slimes","floor":5,"turns":3},{"damage":8,"enemies":"Gremlin Nob","floor":6,"turns":3},{"damage":9,"enemies":"Jaw Worm","floor":7,"turns":3},{"damage":45,"enemies":"3 Sentries","floor":10,"turns":7},{"damage":9,"enemies":"Blue Slaver","floor":13,"turns":4},{"damage":34,"enemies":"Hexaghost","floor":16,"turns":9}],"seed_played":"8021701416182311104","potions_obtained":[{"floor":0,"key":"SpeedPotion"},{"floor":0,"key":"Weak Potion"},{"floor":0,"key":"Energy Potion"},{"floor":6,"key":"EssenceOfSteel"},{"floor":7,"key":"Explosive Potion"}],"is_trial":false,"path_per_floor":["M","?","?","?","M","E","M","$","T","E","$","?","M","?","R","B"],"character_chosen":"IRONCLAD","items_purchased":["Dark Embrace","Burning Pact","Sentinel","Dark Shackles"],"campfire_rested":1,"item_purchase_floors":[8,8,8,11],"current_hp_per_floor":[68,68,68,57,56,54,51,51,51,12,12,12,9,9,33,0,0],"gold":96,"neow_bonus":"THREE_SMALL_POTIONS","is_daily":false,"chose_seed":false,"campfire_upgraded":0,"win_rate":0.0,"timestamp":1611872091,"path_taken":["M","?","?","?","M","E","M","$","T","E","$","?","?","?","R","BOSS"],"items_purchased_type":["Card","Card","Card","Card"],"build_version":"2020-12-22","purchased_purges":0,"victory":false,"max_hp_per_floor":[80,80,80,80,80,80,80,80,80,80,80,80,80,80,80,80,80],"relic_stats":{"Darkstone Periapt":0,"counters":[7,33],"Bronze Scales":[90],"Boot":[1],"obtain_stats":[{"Darkstone Periapt":10,"Bronze Scales":6,"Boot":9,"Burning Blood":0},{"Darkstone Periapt":5,"Bronze Scales":3,"Boot":4,"Burning Blood":0},{"Darkstone Periapt":20,"Bronze Scales":10,"Boot":13,"Burning Blood":0}],"Burning Blood":36},"card_choices":[{"not_picked":["Combust","Battle Trance"],"picked":"Cleave","floor":1},{"not_picked":["Pummel","Body Slam"],"picked":"Wild Strike","floor":5},{"not_picked":["Armaments","Brutality"],"picked":"Clash","floor":6},{"not_picked":["Havoc","Body Slam"],"picked":"Uppercut","floor":7},{"not_picked":["Havoc","Blood for Blood"],"picked":"Shrug It Off","floor":10},{"not_picked":["Pommel Strike","Havoc","Clothesline"],"picked":"SKIP","floor":13}],"player_experience":880173,"relics_obtained":[{"floor":6,"key":"Bronze Scales"},{"floor":9,"key":"Boot"},{"floor":10,"key":"Darkstone Periapt"}],"event_choices":[{"damage_healed":0,"gold_gain":0,"player_choice":"Ignored","damage_taken":0,"max_hp_gain":0,"max_hp_loss":0,"event_name":"Liars Game","floor":2,"gold_loss":0},{"damage_healed":0,"gold_gain":0,"player_choice":"Grow","damage_taken":0,"max_hp_gain":0,"max_hp_loss":0,"event_name":"Living Wall","floor":3,"gold_loss":0,"cards_upgraded":["Bash"]},{"damage_healed":0,"gold_gain":75,"player_choice":"Gather Gold","damage_taken":11,"max_hp_gain":0,"max_hp_loss":0,"event_name":"World of Goop","floor":4,"gold_loss":0},{"damage_healed":0,"gold_gain":69,"player_choice":"Gained Gold","damage_taken":0,"max_hp_gain":0,"max_hp_loss":0,"event_name":"Golden Wing","floor":12,"gold_loss":0},{"damage_healed":0,"gold_gain":0,"player_choice":"Ignored","damage_taken":0,"max_hp_gain":0,"max_hp_loss":0,"event_name":"Golden Idol","floor":14,"gold_loss":0}],"is_beta":false,"boss_relics":[],"items_purged_floors":[],"is_endless":false,"potions_floor_spawned":[1,6,7],"killed_by":"Hexaghost","ascension_level":13}}