{"host":"TacoTurd","time":1611796372,"event":{"mods":["BaseMod","Bestiary","Colored Map","Downfall","MarisaÅiñ∂âJÅ@ñÇóùçπÅj","Minty Spire (QoL Compilation)","Quick Restart","StSLib","SuperFastMode","The Bug Knight","The IronCluck","slay the spire mod where everything is the same but ironclad has a cowboy hat"],"gold_per_floor":[99,109,129,145,157,117,144,144,161,161,179,179,89,124,134,229,229,229,247,263,281,281,281,305,305,333,333,64,64,82,82,82,82],"floor_reached":31,"language":"ENG","playtime":1754,"items_purged":["Slimebound:Strike_Slimebound"],"score":257,"play_id":"4f49c252-9cba-4936-b0c5-9217c3eb6687","local_time":"20210127201252","is_ascension_mode":false,"campfire_choices":[{"data":"Slimebound:Split","floor":1,"key":"SMITH"},{"data":"Slimebound:LevelUp","floor":12,"key":"SMITH"},{"data":"Slimebound:MassRepurpose","floor":18,"key":"SMITH"},{"floor":27,"key":"REST"}],"circlet_count":0,"master_deck":["Slimebound:Strike_Slimebound","Slimebound:Tackle","Slimebound:Defend_Slimebound","Slimebound:Defend_Slimebound","Slimebound:Defend_Slimebound","Slimebound:Defend_Slimebound","Slimebound:Split+1","Slimebound:CorrosiveSpit","Slimebound:SplitLeeching","Slimebound:SlimeSpikes","Slimebound:RollThrough","Slimebound:LevelUp+1","Slimebound:LivingWall","Slimebound:PressTheAttack","Slimebound:Repurpose","Slimebound:Dissolve","Slimebound:MassRepurpose+1","Slimebound:Grow","Writhe","Slimebound:RallyTheTroops","Slimebound:DisruptingSlam","expansioncontent:QuickStudy","Slimebound:ItLooksTasty"],"relics":["Slimebound:AbsorbEndCombatUpgraded","Regal Pillow","Juzu Bracelet","Nunchaku","Peace Pipe"],"acts_visited":["Exordium","TheCity"],"potions_floor_usage":[6,13,26,28],"damage_taken":[{"damage":5,"enemies":"2 Louse","floor":2,"turns":4},{"damage":1,"enemies":"Jaw Worm","floor":3,"turns":4},{"damage":0,"enemies":"Small Slimes","floor":4,"turns":4},{"damage":12,"enemies":"Exordium Wildlife","floor":5,"turns":5},{"damage":2,"enemies":"downfall:FleeingMerchant","floor":6,"turns":4},{"damage":20,"enemies":"Gremlin Gang","floor":9,"turns":4},{"damage":3,"enemies":"Red Slaver","floor":11,"turns":4},{"damage":15,"enemies":"downfall:FleeingMerchant","floor":13,"turns":4},{"damage":14,"enemies":"Gremlin Nob","floor":14,"turns":4},{"damage":1,"enemies":"Exordium Wildlife","floor":15,"turns":4},{"damage":47,"enemies":"WA_ARCHETYPE_RETAIN","floor":16,"turns":10},{"damage":22,"enemies":"Chosen","floor":19,"turns":5},{"damage":31,"enemies":"Spheric Guardian","floor":20,"turns":5},{"damage":10,"enemies":"Centurion and Healer","floor":21,"turns":9},{"damage":67,"enemies":"Slavers","floor":26,"turns":6},{"damage":5,"enemies":"downfall:FleeingMerchant","floor":28,"turns":4},{"damage":36,"enemies":"Cultist and Chosen","floor":30,"turns":8},{"damage":34,"enemies":"Sentry and Sphere","floor":31,"turns":5}],"seed_played":"3712703984462364077","potions_obtained":[{"floor":3,"key":"FairyPotion"},{"floor":4,"key":"AttackPotion"},{"floor":5,"key":"FairyPotion"},{"floor":11,"key":"Swift Potion"},{"floor":15,"key":"BlessingOfTheForge"},{"floor":20,"key":"Block Potion"},{"floor":26,"key":"Slimebound:SlimedPotion"},{"floor":30,"key":"Slimebound:SpawnSlimePotion"}],"is_trial":false,"path_per_floor":["R","M","M","M","M","$","T","?","M","?","M","R","$","E","M","B",null,"R","M","M","M","?","?","T","?","E","R","$","?","M","M"],"character_chosen":"SLIMEBOUND","items_purchased":["Slimebound:LivingWall","Slimebound:DisruptingSlam","expansioncontent:QuickStudy"],"campfire_rested":1,"item_purchase_floors":[6,28,28],"current_hp_per_floor":[71,66,69,71,59,59,59,59,39,44,43,43,34,26,25,14,76,76,54,23,22,22,22,22,47,18,55,56,56,26,0,0,0],"gold":82,"neow_bonus":"TEN_PERCENT_HP_BONUS","is_daily":false,"chose_seed":false,"campfire_upgraded":3,"win_rate":0.0,"timestamp":1611796372,"path_taken":["R","M","M","M","M","$","T","?","M","?","M","R","?","E","M","BOSS","R","M","M","M","?","?","T","?","E","R","$","?","M","M"],"items_purchased_type":["Card","Card","Card"],"build_version":"2020-12-18","purchased_purges":1,"victory":false,"max_hp_per_floor":[71,71,71,71,71,71,71,71,71,76,76,76,76,76,76,76,76,76,76,76,76,76,76,76,76,76,76,76,76,76,76,76,76],"card_choices":[{"not_picked":["Slimebound:SlimeSpikes","Slimebound:Nibble"],"picked":"Slimebound:SplitLeeching","floor":2},{"not_picked":["Slimebound:SlimeTap","Slimebound:ProtectTheBoss"],"picked":"Slimebound:SlimeSpikes","floor":3},{"not_picked":["Slimebound:GoopTackle","Slimebound:Overexert"],"picked":"Slimebound:RollThrough","floor":4},{"not_picked":["Slimebound:SamplingLick","Slimebound:ViciousTackle","Slimebound:FlameTackle"],"picked":"SKIP","floor":5},{"not_picked":["Slimebound:RollThrough","Slimebound:ForwardTackle"],"picked":"Slimebound:LevelUp","floor":6},{"not_picked":["Slimebound:SamplingLick","Slimebound:LivingWall"],"picked":"Slimebound:PressTheAttack","floor":9},{"not_picked":["Slimebound:TongueLash","Slimebound:LeadByExample"],"picked":"Slimebound:Repurpose","floor":11},{"not_picked":["Slimebound:LeechEnergy","Slimebound:SlimeSpikes","Slimebound:Chomp"],"picked":"SKIP","floor":13},{"not_picked":["Slimebound:LivingWall","Slimebound:Gluttony"],"picked":"Slimebound:Dissolve","floor":14},{"not_picked":["Slimebound:ForwardTackle","Slimebound:Replication","Slimebound:Chomp"],"picked":"SKIP","floor":15},{"not_picked":["Slimebound:Teamwork","Slimebound:FirmFortitude"],"picked":"Slimebound:MassRepurpose","floor":16},{"not_picked":["Slimebound:FinishingTackle","Slimebound:Chomp","Slimebound:SplitAcid+1"],"picked":"SKIP","floor":19},{"not_picked":["Slimebound:SplitLeeching","Slimebound:FinishingTackle"],"picked":"Slimebound:Grow","floor":20},{"not_picked":["Slimebound:LeechEnergy","Slimebound:Chomp","Slimebound:ComboTackle"],"picked":"SKIP","floor":21},{"not_picked":["Slimebound:LeechEnergy+1","Slimebound:SplitLeeching+1"],"picked":"Slimebound:RallyTheTroops","floor":26},{"not_picked":["Slimebound:SplitLeeching","Slimebound:FormOfPuddle","Slimebound:FinishingTackle"],"picked":"SKIP","floor":28},{"not_picked":["Slimebound:LeechingTouch","Slimebound:Schlurp"],"picked":"Slimebound:ItLooksTasty","floor":30}],"player_experience":391197,"relics_obtained":[{"floor":14,"key":"Regal Pillow"},{"floor":24,"key":"Nunchaku"},{"floor":26,"key":"Peace Pipe"}],"event_choices":[{"damage_healed":0,"gold_gain":0,"player_choice":"Donut","damage_taken":0,"max_hp_gain":5,"max_hp_loss":0,"event_name":"Big Fish","floor":10,"gold_loss":0},{"damage_healed":25,"gold_gain":0,"player_choice":"Heal","damage_taken":0,"max_hp_gain":0,"max_hp_loss":0,"event_name":"The Library","floor":25,"gold_loss":0},{"damage_healed":0,"gold_gain":0,"player_choice":"Ignored","damage_taken":0,"max_hp_gain":0,"max_hp_loss":0,"event_name":"Vampires","floor":29,"gold_loss":0}],"is_beta":true,"boss_relics":[{"not_picked":["Cursed Key","Empty Cage"],"picked":"Slimebound:AbsorbEndCombatUpgraded"}],"items_purged_floors":[13],"is_endless":false,"potions_floor_spawned":[3,4,5,11,15,20,26,30],"killed_by":"Sentry and Sphere","ascension_level":0}}