{"host":"r9v0g0iwbsx9dzwu","time":1611828770,"event":{"mods":["ATMod(阿瑾Mod)","Aspiration","BaseMod","Minty Spire (QoL Compilation)","MostiFishMod","Replay The Spire","RumiaBox-露米娅的神秘盒子","StSLib","TestMod","[IsaacMod]以撒尖塔","【功能Mod】聪明的最终Boss","【遗物卡牌】REMEMod"],"gold_per_floor":[119,139,154,165,175,202,202,232,232,232,232,257,18,18,18,18,18,108,108,126,126,149,199,32,32,65,80,106,149,149,182,182,82,82,136,136,159,159,159,234,247,285,303,338,338,459,483,483,358,41,41,41,41],"floor_reached":52,"language":"ZHS","playtime":1681,"items_purged":["Strike_G","Strike_G","MostiFishMod:GrandStart","Envenom"],"score":1916,"play_id":"8a1e554e-d141-4c08-84f6-f98f01775241","local_time":"20210128181250","is_ascension_mode":true,"campfire_choices":[{"data":"Replay:Bag of Tricks","floor":7.0,"key":"SMITH"},{"data":"Flechettes","floor":11.0,"key":"SMITH"},{"data":"Well Laid Plans","floor":17.0,"key":"SMITH"},{"data":"MostiFishMod:WinterMarkForm","floor":25.0,"key":"SMITH"},{"data":"MostiFishMod:Neurotoxin","floor":30.0,"key":"SMITH"},{"data":"Neutralize","floor":32,"key":"SMITH"},{"floor":34,"key":"RECALL"},{"data":"MostiFishMod:StrandedSiren","floor":48,"key":"SMITH"},{"data":"MostiFishMod:WinterMarkForm","floor":51,"key":"SMITH"}],"circlet_count":0,"master_deck":["BloodyBrimstone","AT_KingSlayer","Crippling Poison","Backflip","Replay:Bag of Tricks+1","Flechettes+1","Well Laid Plans+1","MostiFishMod:WinterMarkForm+1","MostiFishMod:Neurotoxin+1","AT_ArcaneSupremacy+1","MostiFishMod:Neurotoxin+1","REME_Whirling","Panic Button+1","Echo Form+1","MostiFishMod:WinterMarkForm+1","ReplayTheSpireMod:Omega Cannon","MostiFishMod:Nova","REME_SpectralBlade","AT_WaterDrop","MostiFishMod:StrandedSiren+1","Reboot","Burst","BloodyBrimstone"],"relics":["Ring of the Snake","AT_ATBox","DaveBox","testmod-TestBox","HushsDoor","REME_ComplimentaryCards","BFFS","testmod-CardMagician","OneHitWonderSystem","Baka2","REME_PoisonedDagger","Mango","Mirror","Golden Idol","SynthV","testmod-TimeTraveler","Bag of Marbles","Juzu Bracelet","Bronze Scales","YumHeart","SynthV:C4","aspiration:DefectSkillbook","DaveBox","OneHitWonderSystem","aspiration:StickyExplosives_weak","AT_BellDemon","Lantern","BookOfRevelations","TheBean","SumBook","OriginationStaff","DeadEye","Mercury Hourglass","REME_LimitBreaker","Orichalcum","TuHaoJin","Dodecahedron"],"acts_visited":["Exordium","TheCity","TheBeyond"],"potions_floor_usage":[],"damage_taken":[{"damage":0.0,"enemies":"Small Slimes","floor":1.0,"turns":1.0},{"damage":0.0,"enemies":"Jaw Worm","floor":2.0,"turns":3.0},{"damage":0.0,"enemies":"2 Louse","floor":3.0,"turns":2.0},{"damage":0.0,"enemies":"Blue Slaver","floor":4.0,"turns":2.0},{"damage":0.0,"enemies":"Large Slime","floor":5.0,"turns":3.0},{"damage":0.0,"enemies":"Gremlin Nob","floor":6.0,"turns":4.0},{"damage":0.0,"enemies":"3 Sentries","floor":8.0,"turns":2.0},{"damage":0.0,"enemies":"Exordium Wildlife","floor":12.0,"turns":3.0},{"damage":0.0,"enemies":"Blue Slaver","floor":16.0,"turns":2.0},{"damage":0.0,"enemies":"Hexaghost","floor":18.0,"turns":4.0},{"damage":0.0,"enemies":"Chosen","floor":20.0,"turns":3.0},{"damage":0.0,"enemies":"Spheric Guardian","floor":22.0,"turns":2.0},{"damage":0.0,"enemies":"Slavers","floor":26.0,"turns":4.0},{"damage":0.0,"enemies":"Snecko","floor":27.0,"turns":3.0},{"damage":0.0,"enemies":"Replay:Snechameleon","floor":29.0,"turns":2.0},{"damage":0.0,"enemies":"Book of Stabbing","floor":31.0,"turns":2.0},{"damage":0,"enemies":"Champ","floor":35,"turns":4},{"damage":0,"enemies":"3 Shapes","floor":37,"turns":2},{"damage":0,"enemies":"Orb Walker","floor":41,"turns":1},{"damage":0,"enemies":"R_Hoarder","floor":42,"turns":2},{"damage":0,"enemies":"Sphere and 2 Shapes","floor":43,"turns":1},{"damage":0,"enemies":"Nemesis","floor":44,"turns":1},{"damage":0,"enemies":"R_Hoarder","floor":46,"turns":2},{"damage":0,"enemies":"3 Darklings","floor":47,"turns":1},{"damage":0,"enemies":"Time Eater","floor":52,"turns":10}],"seed_played":"-1300454042917803809","potions_obtained":[{"floor":2.0,"key":"SpeedPotion"},{"floor":4.0,"key":"GhostInAJar"},{"floor":6.0,"key":"DistilledChaos"},{"floor":12.0,"key":"Toxic Potion"},{"floor":20.0,"key":"Flashbang"}],"is_trial":false,"path_per_floor":["M","M","M","M","M","E","R","E","T","?","R","M","$","PTL","PTL","M","R","B",null,"M","?","M","?","$","R","E","M","T","E","R","E","R","$","R","B",null,"M","?","T","?","M","E","M","E","T","E","M","R","$","$","R","B"],"character_chosen":"THE_SILENT","items_purchased":["SynthV","AT_ArchangelStaff","Dodecahedron"],"campfire_rested":0,"item_purchase_floors":[13,24,50],"current_hp_per_floor":[1,1,1,1,1,15,1,1,1,1,1,1,1,1,1,1,1,1,1,1,1,1,1,1,1,6,1,1,1,1,1,1,1,1,1,1,1,1,1,1,1,1,1,1,1,1,1,1,1,1,1,1,1],"gold":41,"neow_bonus":"REMOVE_TWO","is_daily":false,"chose_seed":false,"campfire_upgraded":8,"win_rate":0.0,"timestamp":1611828770,"path_taken":["M","M","M","M","M","E","R","E","T","?","R","M","$","PTL","PTL","M","R","BOSS","M","?","M","?","?","R","E","M","T","E","R","E","R","$","R","BOSS","M","?","?","?","M","E","M","E","T","E","M","R","?","$","R","BOSS"],"items_purchased_type":["Relic","Relic","Relic"],"build_version":"2020-12-22","purchased_purges":4,"victory":false,"max_hp_per_floor":[1,1,1,1,1,15,1,1,1,1,1,1,1,1,1,1,1,1,1,1,1,1,1,1,1,6,1,1,1,1,1,1,1,1,1,1,1,1,1,1,1,1,1,1,1,1,1,1,1,1,1,0,0],"card_choices":[{"not_picked":[],"picked":"BloodyBrimstone","floor":0.0},{"not_picked":["Dagger Throw","MostiFishMod:PerfectParry","Blade Dance"],"picked":"SKIP","floor":1.0},{"not_picked":["Draining Mist","AT_KneejerkReflex"],"picked":"Bomb","floor":2.0},{"not_picked":["Cloak And Dagger","ReplayTheSpireMod:Necrosis"],"picked":"Crippling Poison","floor":3.0},{"not_picked":["Prepared","Expertise"],"picked":"Backflip","floor":4.0},{"not_picked":["Quick Slash","Blade Dance","Bane"],"picked":"SKIP","floor":5.0},{"not_picked":["Outmaneuver","Dagger Spray"],"picked":"Replay:Bag of Tricks","floor":6.0},{"not_picked":["MostiFishMod:Confrontation","MostiFishMod:PreservedThorns"],"picked":"Flechettes","floor":8.0},{"not_picked":["Outmaneuver","Slice","ReplayTheSpireMod:Speed Training"],"picked":"SKIP","floor":12.0},{"not_picked":["AT_WindFlip","Underhanded Strike"],"picked":"Well Laid Plans","floor":16.0},{"not_picked":["Night Terror","A Thousand Cuts"],"picked":"MostiFishMod:Neurotoxin","floor":18.0},{"not_picked":["Deflect","Dodge and Roll"],"picked":"AT_ArcaneSupremacy+1","floor":20.0},{"not_picked":["Dagger Spray+1","Well Laid Plans","Deflect"],"picked":"SKIP","floor":22.0},{"not_picked":["MostiFishMod:SpreadingSpore","Choke","Distraction"],"picked":"SKIP","floor":26.0},{"not_picked":["AT_ShadowStep","Catalyst","Underhanded Strike+1"],"picked":"SKIP","floor":26.0},{"not_picked":["Deflect","Eviscerate","Draining Mist"],"picked":"SKIP","floor":26.0},{"not_picked":["MostiFishMod:PerfectParry","Dodge and Roll","Tactician"],"picked":"SKIP","floor":26.0},{"not_picked":["Sucker Punch","Flying Knee","Cloak And Dagger"],"picked":"SKIP","floor":27.0},{"not_picked":["Sucker Punch","Flying Knee","Cloak And Dagger"],"picked":"SKIP","floor":27.0},{"not_picked":["Quick Slash","Heel Hook","Deflect"],"picked":"SKIP","floor":29.0},{"not_picked":["Underhanded Strike","Flying Knee","AT_WindFlip"],"picked":"SKIP","floor":31.0},{"not_picked":["Blade Dance","Go for the Eyes","Heatsinks","AT_WindFlip"],"picked":"SKIP","floor":37},{"not_picked":["Cold Snap","REME_ShadowStrike","MostiFishMod:ReprogramOld+1"],"picked":"REME_Whirling","floor":40},{"not_picked":["Pulse","Distribution","Noxious Fumes","Underhanded Strike"],"picked":"SKIP","floor":41},{"not_picked":["ReplaySolidLightProjector","ReplayTheSpireMod:The Works","Crystallizer"],"picked":"Panic Button+1","floor":42},{"not_picked":["Backflip+1","Cloak And Dagger","ReplayTheSpireMod:Speed Training+1","Cold Snap+1"],"picked":"SKIP","floor":43},{"not_picked":["AT_HeatAcrobatics+1","Skewer","Storm","Hidden Blade"],"picked":"SKIP","floor":44},{"not_picked":["Double Energy+1","REME_GreenPollution+1","Slice"],"picked":"MostiFishMod:FullyArmed","floor":46},{"not_picked":["Heel Hook","AT_WindFlip","Expertise+1","Leap"],"picked":"SKIP","floor":47}],"player_experience":29121,"relics_obtained":[{"floor":1.0,"key":"Baka"},{"floor":2.0,"key":"Baka2"},{"floor":6.0,"key":"REME_PoisonedDagger"},{"floor":6.0,"key":"Mango"},{"floor":8.0,"key":"Mirror"},{"floor":22.0,"key":"Bag of Marbles"},{"floor":26.0,"key":"Juzu Bracelet"},{"floor":28.0,"key":"Bronze Scales"},{"floor":29.0,"key":"YumHeart"},{"floor":31.0,"key":"SynthV:C4"},{"floor":39,"key":"aspiration:StickyExplosives_weak"},{"floor":40,"key":"AT_BellDemon"},{"floor":41,"key":"Lantern"},{"floor":42,"key":"BookOfRevelations"},{"floor":42,"key":"TheBean"},{"floor":43,"key":"SumBook"},{"floor":44,"key":"OriginationStaff"},{"floor":44,"key":"DeadEye"},{"floor":45,"key":"Mercury Hourglass"},{"floor":46,"key":"REME_LimitBreaker"},{"floor":46,"key":"Orichalcum"},{"floor":47,"key":"TuHaoJin"}],"event_choices":[{"damage_healed":0.0,"max_hp_gain":0.0,"max_hp_loss":0.0,"gold_gain":0.0,"event_name":"Golden Idol","player_choice":"Take Damage","floor":10.0,"gold_loss":0.0,"damage_taken":0.0,"relics_obtained":["Golden Idol"]},{"damage_healed":0.0,"max_hp_gain":0.0,"max_hp_loss":0.0,"gold_gain":50.0,"event_name":"Nest","player_choice":"Stole From Cult","floor":23.0,"gold_loss":0.0,"damage_taken":0.0},{"damage_healed":0,"gold_gain":0,"player_choice":"Swap Relic","damage_taken":0,"relics_obtained":["DaveBox"],"max_hp_gain":0,"max_hp_loss":0,"event_name":"给自己的盒子","floor":38,"relics_lost":["AT_ArchangelStaff"],"gold_loss":0}],"is_beta":false,"boss_relics":[{"not_picked":["testmod-BloodSacrificeSpiritualization","REME_ChargedStone"],"picked":"testmod-TimeTraveler"},{"not_picked":[]},{"not_picked":["HaiYi:Twilight","RhineCircuit"],"picked":"aspiration:DefectSkillbook"},{"not_picked":[]}],"items_purged_floors":[13,33,49,50],"is_endless":false,"potions_floor_spawned":[2,4,6,8,12,18,20,26,27,35,37,41,43],"killed_by":"Time Eater","ascension_level":20}}