{"host":"wbdly04l9mkn9nrc","time":1611831530,"event":{"mods":["AchievementEnabler","BaseMod","BetterRewards","Minty Spire (QoL Compilation)","Replay The Spire","StSLib","[IsaacMod]ÒÔÈö¼âËþ"],"gold_per_floor":[114,38,38,38,70,81,98,98,123,48,48,83,83,93,93,211,211,226,304,325,424,95,121,121,150,150,187,112,147,159,186,186,300,300,316,340,357,431,321,356,356,356,356,356,387,0,13,44,44,44],"floor_reached":51,"language":"ZHS","playtime":2390,"items_purged":["Strike_B","Defend_B","Injury","Regret","Strike_B"],"score":1489,"play_id":"0b836813-6491-429f-9bbd-da8d551531d3","local_time":"20210128185850","is_ascension_mode":true,"campfire_choices":[{"data":"ElectricPowerLearning","floor":8.0,"key":"SMITH"},{"data":"Echo Form","floor":13.0,"key":"SMITH"},{"floor":15.0,"key":"DIG"},{"data":"Seek","floor":24.0,"key":"SMITH"},{"data":"Storm","floor":42.0,"key":"SMITH"},{"data":"Apotheosis","floor":42.0,"key":"SMITH"},{"floor":49,"key":"DIG"}],"circlet_count":0,"master_deck":["AscendersBane","Strike_B","Strike_B","Defend_B","Defend_B","Zap+1","Dualcast+1","Turbo","Conserve Battery","Scrape+1","Tempest","ElectricPowerLearning+1","Purity","Lockon+1","Cold Snap","Echo Form+1","Seek+1","Electrodynamics","Reboot","Storm+1","Ball Lightning+1","Apotheosis+1","Pulse+1","Leap","Biased Cognition","Static Discharge","Skim+1","Double Energy","Secret Weapon","Pot Of Greed","Pot Of Greed","Pot Of Greed"],"relics":["Cracked Core","HushsDoor","PunchingBag","Membership Card","DataDisk","Blood Vial","SalivaCoin","ReplayTheSpireMod:CursedCoin","MealTicket","ReplayTheSpireMod:TigerMarble","PreservedInsect","Chemical X","Lantern","Replay:Wax Seal","Replay:Baseball","HornCleat","Tiny Chest","MagicMushroom","Matryoshka","Mummified Hand","War Paint","Replay:Arrowhead","Replay:Bottled Snecko","Sundial","Du-Vu Doll","Bottled Lightning","SlaversCollar","Bag of Marbles","MawBank","Gremlin Horn","D6","EdensBlessing","Gambling Chip","Replay:Rubber Ducky","Red Mask","Bag of Preparation","Grinning Jar"],"acts_visited":["Exordium","TheCity","TheBeyond"],"potions_floor_usage":[50],"damage_taken":[{"damage":0.0,"enemies":"Small Slimes","floor":1.0,"turns":2.0},{"damage":8.0,"enemies":"2 Louse","floor":5.0,"turns":2.0},{"damage":0.0,"enemies":"Cultist","floor":6.0,"turns":2.0},{"damage":0.0,"enemies":"Blue Slaver","floor":7.0,"turns":1.0},{"damage":7.0,"enemies":"3 Sentries","floor":12.0,"turns":2.0},{"damage":0.0,"enemies":"Red Slaver","floor":14.0,"turns":1.0},{"damage":6.0,"enemies":"Hexaghost","floor":16.0,"turns":6.0},{"damage":0.0,"enemies":"Spheric Guardian","floor":18.0,"turns":1.0},{"damage":2.0,"enemies":"Chosen","floor":20.0,"turns":2.0},{"damage":0.0,"enemies":"Slavers","floor":23.0,"turns":2.0},{"damage":0.0,"enemies":"Book of Stabbing","floor":25.0,"turns":3.0},{"damage":6.0,"enemies":"Gremlin Leader","floor":27.0,"turns":3.0},{"damage":12.0,"enemies":"Slavers","floor":29.0,"turns":3.0},{"damage":0.0,"enemies":"Snecko","floor":30.0,"turns":2.0},{"damage":16.0,"enemies":"Snake Plant","floor":31.0,"turns":2.0},{"damage":14.0,"enemies":"Champ","floor":33.0,"turns":6.0},{"damage":0.0,"enemies":"3 Shapes","floor":35.0,"turns":2.0},{"damage":0.0,"enemies":"3 Darklings","floor":37.0,"turns":2.0},{"damage":0.0,"enemies":"Nemesis","floor":40.0,"turns":1.0},{"damage":0.0,"enemies":"Reptomancer","floor":45.0,"turns":2.0},{"damage":0.0,"enemies":"4 Shapes","floor":47.0,"turns":2.0},{"damage":0.0,"enemies":"Giant Head","floor":48.0,"turns":3.0},{"damage":0,"enemies":"Replay:Hell Engine","floor":50,"turns":4}],"seed_played":"1278628037240527719","potions_obtained":[{"floor":5.0,"key":"LiquidBronze"},{"floor":6.0,"key":"Elixir"},{"floor":16.0,"key":"Block Potion"},{"floor":18.0,"key":"Fruit Juice"},{"floor":23.0,"key":"Elixir"},{"floor":27.0,"key":"SkillPotion"},{"floor":38.0,"key":"Energy Potion"},{"floor":40.0,"key":"Milkshake"}],"is_trial":false,"path_per_floor":["M","$","?","?","M","M","M","R","T","$","T","E","R","M","R","B",null,"M","T","M","?","$","E","R","E","T","E","?","E","M","M","R","B",null,"M","T","M","?","$","E","?","R","T","T","E","?","M","E","R","B",null],"character_chosen":"DEFECT","items_purchased":["Membership Card","DataDisk","Turbo","Blood Vial","SalivaCoin","Conserve Battery","Fruit Juice","ReplayTheSpireMod:CursedCoin","MealTicket","Scrape+1","Tempest","ReplayTheSpireMod:TigerMarble","PreservedInsect","Chemical X","Electrodynamics","Reboot","Apotheosis","Mummified Hand","Pulse+1","Static Discharge","Gremlin Horn"],"campfire_rested":0,"item_purchase_floors":[0,0,0,0,0,0,0,0,0,0,0,0,0,2,17,17,22,22,22,34,39],"current_hp_per_floor":[27,42,42,42,36,38,40,40,40,55,55,50,50,52,52,48,74,81,81,82,82,85,85,85,85,85,79,79,70,73,60,85,71,80,83,83,83,83,83,83,83,83,83,83,83,83,83,83,83,83],"gold":44,"neow_bonus":"","is_daily":false,"chose_seed":false,"campfire_upgraded":5,"win_rate":0.0,"timestamp":1611831530,"path_taken":["M","$","?","?","M","M","M","R","T","$","?","E","R","M","R","BOSS","M","?","M","?","$","E","R","E","T","E","?","E","M","M","R","BOSS","M","?","?","?","$","E","?","R","T","?","E","?","M","E","R","BOSS"],"items_purchased_type":["Relic","Relic","Card","Relic","Relic","Card","Potion","Relic","Relic","Card","Card","Relic","Relic","Relic","Card","Card","Card","Relic","Card","Card","Relic"],"build_version":"2020-12-22","purchased_purges":5,"victory":true,"max_hp_per_floor":[80,80,80,80,80,80,80,80,80,80,80,80,80,80,80,80,80,85,85,85,85,85,85,85,85,85,85,85,85,85,85,85,85,83,83,83,83,83,83,83,83,83,83,83,83,83,83,83,83,83],"card_choices":[{"not_picked":["FIFO Queue","Go for the Eyes"],"picked":"ElectricPowerLearning","floor":1.0},{"not_picked":["Panic Button","FTL"],"picked":"Cold Snap","floor":5.0},{"not_picked":["Barrage","ReplayTheSpireMod:Reroute Power","Steam Power"],"picked":"SKIP","floor":6.0},{"not_picked":["Panic Button","Coolheaded","Consume"],"picked":"SKIP","floor":7.0},{"not_picked":["Rip and Tear","Hologram"],"picked":"Echo Form","floor":12.0},{"not_picked":["Conserve Battery","Double Energy","Barrage"],"picked":"SKIP","floor":14.0},{"not_picked":["Reboot","Thunder Strike"],"picked":"Seek","floor":16.0},{"not_picked":["Time Bomb","Rip and Tear"],"picked":"Storm","floor":18.0},{"not_picked":["ReplaySolidLightProjector","Panic Button"],"picked":"Ball Lightning+1","floor":20.0},{"not_picked":["Reinforced Body","ReplayTheSpireMod:Omega Cannon","Rainbow"],"picked":"SKIP","floor":23.0},{"not_picked":["Ball Lightning+1","Stack"],"picked":"Leap","floor":25.0},{"not_picked":["Force Field","Stack","Gash"],"picked":"SKIP","floor":27.0},{"not_picked":["Storm+1","Conserve Battery","Fusion"],"picked":"SKIP","floor":29.0},{"not_picked":["Ball Lightning","Beam Cell","Sweeping Beam"],"picked":"SKIP","floor":30.0},{"not_picked":["Glacier","Doom and Gloom","Stack"],"picked":"SKIP","floor":31.0},{"not_picked":["ReplayTheSpireMod:Omega Cannon","Multi-Cast"],"picked":"Biased Cognition","floor":33.0},{"not_picked":["Distribution+1","BootSequence+1","Coolheaded+1"],"picked":"SKIP","floor":35.0},{"not_picked":["Gash","Hello World"],"picked":"Skim+1","floor":37.0},{"not_picked":["Chaos","Time Bomb"],"picked":"Double Energy","floor":40.0},{"not_picked":["Secret Technique","Apotheosis"],"picked":"Secret Weapon","floor":41.0},{"not_picked":["Ball Lightning","Cold Snap+1","Fusion"],"picked":"SKIP","floor":45.0},{"not_picked":["Self Repair","Hologram","Distribution"],"picked":"SKIP","floor":47.0},{"not_picked":["Turbo+1","Sweeping Beam+1","BootSequence+1"],"picked":"SKIP","floor":48.0}],"player_experience":274741,"relics_obtained":[{"floor":9.0,"key":"Replay:Wax Seal"},{"floor":11.0,"key":"Replay:Baseball"},{"floor":12.0,"key":"HornCleat"},{"floor":15.0,"key":"Tiny Chest"},{"floor":19.0,"key":"Matryoshka"},{"floor":23.0,"key":"War Paint"},{"floor":25.0,"key":"Replay:Arrowhead"},{"floor":26.0,"key":"Replay:Bottled Snecko"},{"floor":26.0,"key":"Sundial"},{"floor":27.0,"key":"Du-Vu Doll"},{"floor":29.0,"key":"Bottled Lightning"},{"floor":36.0,"key":"Bag of Marbles"},{"floor":38.0,"key":"MawBank"},{"floor":40.0,"key":"D6"},{"floor":43.0,"key":"EdensBlessing"},{"floor":44.0,"key":"Gambling Chip"},{"floor":45.0,"key":"Replay:Rubber Ducky"},{"floor":48.0,"key":"Bag of Preparation"},{"floor":49,"key":"Grinning Jar"}],"event_choices":[{"damage_healed":0.0,"max_hp_gain":0.0,"max_hp_loss":0.0,"gold_gain":0.0,"event_name":"Big Fish","player_choice":"Box","floor":3.0,"gold_loss":0.0,"damage_taken":0.0,"relics_obtained":["Lantern"],"cards_obtained":["Regret"]},{"damage_healed":0.0,"max_hp_gain":0.0,"max_hp_loss":0.0,"gold_gain":0.0,"event_name":"Match and Keep!","player_choice":"2 cards matched","floor":4.0,"gold_loss":0.0,"damage_taken":0.0,"cards_obtained":["Purity","Lockon"]},{"damage_healed":0.0,"max_hp_gain":0.0,"max_hp_loss":0.0,"gold_gain":99.0,"event_name":"Nest","player_choice":"Stole From Cult","floor":21.0,"gold_loss":0.0,"damage_taken":0.0},{"cards_removed":["Defend_B"],"damage_healed":0.0,"max_hp_gain":0.0,"max_hp_loss":0.0,"gold_gain":0.0,"event_name":"Beggar","player_choice":"Gave Gold","floor":28.0,"gold_loss":75.0,"damage_taken":0.0},{"damage_healed":0.0,"max_hp_gain":0.0,"max_hp_loss":0.0,"gold_gain":0.0,"event_name":"SensoryStone","player_choice":"Memory 1","floor":41.0,"gold_loss":0.0,"damage_taken":0.0},{"damage_healed":0.0,"max_hp_gain":0.0,"max_hp_loss":0.0,"gold_gain":0.0,"event_name":"Tomb of Lord Red Mask","player_choice":"Paid","floor":46.0,"gold_loss":387.0,"damage_taken":0.0,"relics_obtained":["Red Mask"]}],"is_beta":false,"boss_relics":[{"not_picked":["FrozenCore","Coffee Dripper"],"picked":"MagicMushroom"},{"not_picked":[]},{"not_picked":["Cursed Key","SacredBark"],"picked":"SlaversCollar"},{"not_picked":[]}],"items_purged_floors":[0,0,0,10,22],"is_endless":false,"potions_floor_spawned":[5,6,16,18,23,27,31,40,45,47,48],"ascension_level":10}}