{"host":"vddkjx04kiwje1tk","time":1611821001,"event":{"mods":["AchievementEnabler","BaseMod","Colored Map","Minty Spire (QoL Compilation)","Quick Restart","SuperFastMode"],"gold_per_floor":[117,47,47,8,8,38,38,66,66,66,81,112,126,142,142,237,237,257,267,267,285,300,300,300],"floor_reached":23,"language":"KOR","playtime":663,"items_purged":[],"score":326,"play_id":"7dfc6b34-581b-48bd-9783-e78eaed302bd","local_time":"20210128170321","is_ascension_mode":true,"campfire_choices":[{"data":"Genetic Algorithm","floor":7,"key":"SMITH"},{"data":"Fusion","floor":10,"key":"SMITH"},{"data":"Loop","floor":15,"key":"SMITH"}],"circlet_count":0,"master_deck":["Strike_B","Strike_B","Strike_B","Strike_B","Defend_B","Defend_B","Defend_B","Defend_B","Zap","Dualcast","Cold Snap","Defragment+1","Fusion+1","Genetic Algorithm+1","Biased Cognition","Loop+1","White Noise+1","Core Surge","Defragment","Chaos+1"],"relics":["Cracked Core","NeowsBlessing","Meat on the Bone","Anchor","Toxic Egg 2","Darkstone Periapt","Centennial Puzzle","Black Star","FaceOfCleric"],"acts_visited":["Exordium","TheCity"],"potions_floor_usage":[21,22,23],"damage_taken":[{"damage":0,"enemies":"Cultist","floor":1,"turns":1},{"damage":0,"enemies":"3 Sentries","floor":6,"turns":1},{"damage":0,"enemies":"Gremlin Nob","floor":8,"turns":1},{"damage":0,"enemies":"Jaw Worm","floor":11,"turns":3},{"damage":15,"enemies":"Lagavulin","floor":12,"turns":6},{"damage":0,"enemies":"Small Slimes","floor":13,"turns":3},{"damage":4,"enemies":"Red Slaver","floor":14,"turns":3},{"damage":30,"enemies":"Slime Boss","floor":16,"turns":8},{"damage":2,"enemies":"Chosen","floor":18,"turns":3},{"damage":15,"enemies":"Shell Parasite","floor":19,"turns":8},{"damage":24,"enemies":"Cultist and Chosen","floor":21,"turns":5},{"damage":22,"enemies":"Snecko","floor":22,"turns":4},{"damage":29,"enemies":"Book of Stabbing","floor":23,"turns":7}],"seed_played":"-2981984807025559486","potions_obtained":[{"floor":8,"key":"SpeedPotion"},{"floor":11,"key":"Block Potion"},{"floor":12,"key":"SteroidPotion"},{"floor":19,"key":"Fire Potion"},{"floor":22,"key":"EssenceOfSteel"}],"is_trial":false,"path_per_floor":["M","$","?","$","T","E","R","E","T","R","M","E","M","M","R","B",null,"M","M","?","M","M","E"],"character_chosen":"DEFECT","items_purchased":["Defragment","Fusion"],"campfire_rested":0,"item_purchase_floors":[2,4],"current_hp_per_floor":[75,75,75,75,75,75,75,75,75,75,75,60,60,56,56,38,66,64,49,49,38,29,0,0],"gold":300,"neow_bonus":"THREE_ENEMY_KILL","is_daily":false,"chose_seed":false,"campfire_upgraded":3,"win_rate":0.0,"timestamp":1611821001,"path_taken":["M","?","?","?","?","E","R","E","T","R","M","E","?","M","R","BOSS","M","M","?","?","M","E"],"items_purchased_type":["Card","Card"],"build_version":"2020-12-22","purchased_purges":0,"victory":false,"max_hp_per_floor":[75,75,75,75,75,75,75,75,75,75,75,75,75,75,75,75,75,75,75,75,76,77,77,77],"card_choices":[{"not_picked":["Hologram","Stack"],"picked":"Cold Snap","floor":1},{"not_picked":["Compile Driver","Sweeping Beam"],"picked":"Genetic Algorithm","floor":6},{"not_picked":["Stack+1","Conserve Battery+1"],"picked":"Biased Cognition","floor":8},{"not_picked":["Cold Snap","Glacier+1"],"picked":"Loop","floor":11},{"not_picked":["Lockon","Go for the Eyes","Hello World"],"picked":"SKIP","floor":12},{"not_picked":["Lockon","Beam Cell","Darkness+1"],"picked":"SKIP","floor":13},{"not_picked":["Barrage","Turbo+1"],"picked":"White Noise+1","floor":14},{"not_picked":["Buffer","Echo Form"],"picked":"Core Surge","floor":16},{"not_picked":["Turbo+1","Beam Cell"],"picked":"Defragment","floor":18},{"not_picked":["Streamline","Beam Cell"],"picked":"Chaos+1","floor":19},{"not_picked":["Rebound+1","Blizzard","Sweeping Beam"],"picked":"SKIP","floor":21},{"not_picked":["Ball Lightning","Steam Power+1","Streamline"],"picked":"SKIP","floor":22}],"player_experience":218596,"relics_obtained":[{"floor":5,"key":"Meat on the Bone"},{"floor":6,"key":"Anchor"},{"floor":8,"key":"Toxic Egg 2"},{"floor":9,"key":"Darkstone Periapt"},{"floor":12,"key":"Centennial Puzzle"}],"event_choices":[{"damage_healed":0,"gold_gain":0,"player_choice":"Grow","damage_taken":0,"max_hp_gain":0,"max_hp_loss":0,"event_name":"Living Wall","floor":3,"gold_loss":0,"cards_upgraded":["Defragment"]},{"damage_healed":0,"gold_gain":0,"player_choice":"Trade","damage_taken":0,"relics_obtained":["FaceOfCleric"],"max_hp_gain":0,"max_hp_loss":0,"event_name":"FaceTrader","floor":20,"gold_loss":0}],"is_beta":false,"boss_relics":[{"not_picked":["Runic Pyramid","Runic Dome"],"picked":"Black Star"}],"items_purged_floors":[],"is_endless":false,"potions_floor_spawned":[8,11,12,14,19,22],"killed_by":"Book of Stabbing","ascension_level":5}}