{"host":"qsusua7l529r8z9k","time":1611845822,"event":{"mods":["BaseMod","Minty Spire (QoL Compilation)","Spicy Shops","StSLib"],"gold_per_floor":[113,113,129,146,157,157,187,197,197,197,223,223,234,234,234,311,311,322,47,59,59,78,78,78,78],"floor_reached":24,"language":"ZHS","playtime":763,"items_purged":["Strike_B"],"score":395,"play_id":"d6cc0cd6-495d-49d8-8275-548de69b06e7","local_time":"20210128225702","is_ascension_mode":true,"campfire_choices":[{"floor":6.0,"key":"REST"},{"floor":10.0,"key":"REST"},{"data":"Recycle","floor":12.0,"key":"SMITH"},{"data":"Turbo","floor":15.0,"key":"SMITH"},{"data":"Defragment","floor":23.0,"key":"SMITH"}],"circlet_count":0,"master_deck":["AscendersBane","Strike_B","Defend_B","Defend_B","Defend_B+1","Defend_B","Zap","Dualcast","Rip and Tear","Genetic Algorithm+1","Ball Lightning","Ball Lightning","Reboot","Recycle+1","Echo Form","Turbo+1","Reboot","White Noise+1","Defragment+1"],"relics":["Cracked Core","Vajra","Pocketwatch","Eternal Feather","WingedGreaves","Runic Dome","ClockworkSouvenir"],"acts_visited":["Exordium","TheCity"],"potions_floor_usage":[24,24],"damage_taken":[{"damage":2.0,"enemies":"2 Louse","floor":1.0,"turns":3.0},{"damage":0.0,"enemies":"Cultist","floor":3.0,"turns":3.0},{"damage":0.0,"enemies":"Jaw Worm","floor":4.0,"turns":3.0},{"damage":15.0,"enemies":"Exordium Thugs","floor":5.0,"turns":3.0},{"damage":12.0,"enemies":"Lagavulin","floor":7.0,"turns":6.0},{"damage":5.0,"enemies":"Red Slaver","floor":8.0,"turns":3.0},{"damage":16.0,"enemies":"3 Sentries","floor":11.0,"turns":6.0},{"damage":0.0,"enemies":"2 Fungi Beasts","floor":13.0,"turns":3.0},{"damage":10.0,"enemies":"Hexaghost","floor":16.0,"turns":8.0},{"damage":7.0,"enemies":"Shell Parasite","floor":18.0,"turns":5.0},{"damage":5.0,"enemies":"3 Byrds","floor":20.0,"turns":4.0},{"damage":14.0,"enemies":"Snake Plant","floor":22.0,"turns":4.0},{"damage":46,"enemies":"Book of Stabbing","floor":24,"turns":4}],"seed_played":"-7869202272455562355","potions_obtained":[{"floor":1.0,"key":"PotionOfCapacity"},{"floor":8.0,"key":"Swift Potion"},{"floor":11.0,"key":"Fruit Juice"},{"floor":13.0,"key":"LiquidMemories"},{"floor":16.0,"key":"Swift Potion"},{"floor":21.0,"key":"ColorlessPotion"},{"floor":21.0,"key":"Swift Potion"},{"floor":22.0,"key":"PowerPotion"}],"is_trial":false,"path_per_floor":["M","?","M","M","M","R","E","M","T","R","E","R","M","?","R","B",null,"M","$","M","?","M","R","E"],"character_chosen":"DEFECT","items_purchased":["ClockworkSouvenir","Defragment"],"campfire_rested":2,"item_purchase_floors":[19,19],"current_hp_per_floor":[44,23,23,23,8,29,17,12,12,33,22,31,31,26,35,25,63,56,56,51,51,37,46,0,0],"gold":78,"neow_bonus":"TRANSFORM_TWO_CARDS","is_daily":false,"chose_seed":false,"campfire_upgraded":3,"win_rate":0.0,"timestamp":1611845822,"path_taken":["M","?","M","M","M","R","E","M","T","R","E","R","M","?","R","BOSS","M","$","M","?","M","R","E"],"items_purchased_type":["Relic","Card"],"build_version":"2020-12-22","purchased_purges":1,"victory":false,"max_hp_per_floor":[71,71,71,71,71,71,71,71,71,71,76,76,76,76,76,76,76,76,76,76,76,76,76,76,76],"card_choices":[{"not_picked":["Scrape","Hologram","Gash"],"picked":"SKIP","floor":1.0},{"not_picked":["Rebound","Leap"],"picked":"Ball Lightning","floor":3.0},{"not_picked":["Conserve Battery","Stack"],"picked":"Ball Lightning","floor":4.0},{"not_picked":["Rebound","Sweeping Beam"],"picked":"Reboot","floor":5.0},{"not_picked":["Scrape","Go for the Eyes"],"picked":"Recycle","floor":7.0},{"not_picked":["Gash","Tempest","Go for the Eyes"],"picked":"SKIP","floor":8.0},{"not_picked":["Cold Snap","Blizzard"],"picked":"Echo Form","floor":11.0},{"not_picked":["Go for the Eyes","Hologram"],"picked":"Turbo","floor":13.0},{"not_picked":["Thunder Strike","Echo Form"],"picked":"Reboot","floor":16.0},{"not_picked":["Redo","Rebound"],"picked":"White Noise+1","floor":18.0},{"not_picked":["Rebound","Doom and Gloom","Darkness"],"picked":"SKIP","floor":20.0},{"not_picked":["Rebound","Sweeping Beam","Recycle"],"picked":"SKIP","floor":22.0},{"not_picked":["Rebound","Sweeping Beam","Recycle"],"picked":"SKIP","floor":22.0}],"player_experience":533382,"relics_obtained":[{"floor":7.0,"key":"Vajra"},{"floor":9.0,"key":"Pocketwatch"},{"floor":11.0,"key":"Eternal Feather"}],"event_choices":[{"damage_healed":0.0,"max_hp_gain":0.0,"max_hp_loss":0.0,"gold_gain":0.0,"event_name":"Shining Light","player_choice":"Entered Light","floor":2.0,"gold_loss":0.0,"damage_taken":21.0,"cards_upgraded":["Genetic Algorithm","Defend_B"]},{"damage_healed":0.0,"max_hp_gain":0.0,"max_hp_loss":0.0,"gold_gain":0.0,"event_name":"Scrap Ooze","player_choice":"Success","floor":14.0,"gold_loss":0.0,"damage_taken":5.0,"relics_obtained":["WingedGreaves"]},{"damage_healed":0.0,"max_hp_gain":0.0,"max_hp_loss":0.0,"gold_gain":0.0,"event_name":"Lab","player_choice":"Got Potions","floor":21.0,"gold_loss":0.0,"damage_taken":0.0}],"is_beta":false,"boss_relics":[{"not_picked":["Ectoplasm","SlaversCollar"],"picked":"Runic Dome"}],"items_purged_floors":[19],"is_endless":false,"potions_floor_spawned":[1,8,11,13,16,22],"killed_by":"Book of Stabbing","ascension_level":18}}