{"host":"ming","time":1611838730,"event":{"mods":["BaseMod","Hermit","KinomotoSakuraMod(Ä¾Ö®±¾Ó£)","Minty Spire (QoL Compilation)","Replay The Spire","StSLib","The Bug Knight","The Senshi"],"gold_per_floor":[116,116,116,116,116,155,155,174,199,199,233,289,305,323,323,451,451,472,472,497,139,164,164,205,226,226,257,257,257,257,281,394,518,518,536,85,149,173,173,204,204,204,254,294,307,253,333,382,394,406],"floor_reached":51,"language":"ZHS","playtime":3896,"items_purged":["hermit:Defend_Hermit"],"score":1024,"play_id":"9e72c607-595f-4693-b1fa-e107046b506c","local_time":"20210128205850","is_ascension_mode":false,"campfire_choices":[{"data":"hermit:Showdown","floor":7,"key":"SMITH"},{"data":"hermit:Combo","floor":15,"key":"SMITH"},{"floor":23,"key":"DIG"},{"data":"hermit:Magnum","floor":28,"key":"SMITH"},{"data":"hermit:TakeAim","floor":41,"key":"SMITH"},{"data":"hermit:Vantage","floor":49,"key":"SMITH"}],"circlet_count":0,"master_deck":["hermit:Strike_Hermit","hermit:Strike_Hermit","hermit:Strike_Hermit","hermit:Strike_Hermit","hermit:Defend_Hermit","hermit:Defend_Hermit","hermit:Defend_Hermit","hermit:Snapshot","hermit:Covet","hermit:Showdown+1","hermit:Dissolve+1","ReplayTheSpireMod:Splinters","hermit:Vantage+1","hermit:Grudge","hermit:EyeOfTheStorm","hermit:Combo+1","hermit:Magnum+1","hermit:SprayPray+1","hermit:CalledShot+1","hermit:Reprieve","hermit:Horror","hermit:Determination","hermit:CursedWeapon","hermit:Spite","hermit:BigShot","ReplayTheSpireMod:Splinters","hermit:TakeAim+1","Sickly","Voices","hermit:BigShot+1","hermit:HighCaliber+1","hermit:FromBeyond","hermit:Combo+1","hermit:Adapt","hermit:Cheat+1","hermit:BigShot+1","Madness","Madness","Regret","hermit:GhostlyPresence+1","ReplayTheSpireMod:Splinters","hermit:DeadMansHand+1","hermit:Maintenance+1"],"relics":["hermit:Momento","NeowsBlessing","Replay:Multitool","Golden Idol","Letter Opener","Divine Protection","Nunchaku","Strawberry","ReplayTheSpireMod:Shallot","Cursed Key","BargainBundle","Orichalcum","ReplayTheSpireMod:Lightbulb","Juzu Bracelet","ReplayTheSpireMod:TigerMarble","Lantern","Gremlin Food","Sozu","Happy Flower","PreservedInsect","FossilizedHelix","Golden Egg","Oddly Smooth Stone","hermit:RyeStalk","CeramicFish","MawBank"],"acts_visited":["Exordium","TheCity","TheBeyond"],"potions_floor_usage":[27,37,37,37],"damage_taken":[{"damage":0,"enemies":"Small Slimes","floor":1,"turns":1},{"damage":0,"enemies":"Lagavulin","floor":6,"turns":1},{"damage":0,"enemies":"2 Louse","floor":8,"turns":1},{"damage":14,"enemies":"Gremlin Nob","floor":11,"turns":5},{"damage":0,"enemies":"Jaw Worm","floor":13,"turns":2},{"damage":0,"enemies":"Looter","floor":14,"turns":3},{"damage":5,"enemies":"Slime Boss","floor":16,"turns":10},{"damage":19,"enemies":"Shell Parasite","floor":18,"turns":5},{"damage":0,"enemies":"2 Thieves","floor":20,"turns":4},{"damage":0,"enemies":"Snake Plant","floor":22,"turns":4},{"damage":3,"enemies":"HollowMod:Nosk","floor":24,"turns":7},{"damage":0,"enemies":"Centurion and Healer","floor":25,"turns":3},{"damage":21,"enemies":"Slavers","floor":27,"turns":3},{"damage":35,"enemies":"Champ","floor":33,"turns":8},{"damage":0,"enemies":"3 Darklings","floor":35,"turns":3},{"damage":0,"enemies":"2 Orb Walkers","floor":37,"turns":5},{"damage":0,"enemies":"Orb Walker","floor":38,"turns":3},{"damage":0,"enemies":"HollowMod:StalkingDevout","floor":40,"turns":4},{"damage":7,"enemies":"4 Shapes","floor":44,"turns":5},{"damage":1,"enemies":"3 Darklings","floor":45,"turns":4},{"damage":0,"enemies":"Giant Head","floor":48,"turns":3},{"damage":30,"enemies":"Donu and Deca","floor":50,"turns":7}],"seed_played":"7181841890936646553","potions_obtained":[{"floor":1,"key":"SkillPotion"},{"floor":13,"key":"Explosive Potion"},{"floor":14,"key":"Languid Potion"},{"floor":19,"key":"ColorlessPotion"},{"floor":33,"key":"Block Potion"}],"is_trial":false,"path_per_floor":["M","?","?","?","?","E","R","M","T","R","E","R","M","M","R","B",null,"M","?","M","$","M","R","E","M","T","E","R","?","$","T","R","B",null,"M","$","?","M","?","E","R","?","T","M","M","?","?","E","R","B",null],"character_chosen":"HERMIT","items_purchased":["hermit:Reprieve","BargainBundle","hermit:Horror","hermit:Determination","hermit:Adapt","Happy Flower","PreservedInsect"],"campfire_rested":0,"item_purchase_floors":[21,21,21,21,36,36,36],"current_hp_per_floor":[75,75,57,50,32,32,32,32,32,54,47,47,47,47,47,42,82,63,63,63,63,63,63,72,72,72,51,51,51,51,51,51,16,82,82,82,82,82,82,82,82,72,72,65,64,64,64,82,82,52],"gold":418,"neow_bonus":"THREE_ENEMY_KILL","is_daily":false,"chose_seed":false,"campfire_upgraded":5,"win_rate":0.0,"timestamp":1611838730,"path_taken":["M","?","?","?","?","E","R","M","T","R","E","R","M","?","R","BOSS","M","?","?","?","M","R","E","M","T","E","R","?","$","?","R","BOSS","M","$","?","M","?","E","R","?","T","M","M","?","?","E","R","BOSS"],"items_purchased_type":["Card","Relic","Card","Card","Card","Relic","Relic"],"build_version":"2020-12-18","purchased_purges":1,"victory":true,"max_hp_per_floor":[75,75,75,75,75,75,75,75,75,75,82,82,82,82,82,82,82,82,82,82,82,82,82,82,82,82,82,82,82,82,82,82,82,82,82,82,82,82,82,82,82,82,82,82,82,82,82,82,82,82],"card_choices":[{"not_picked":["hermit:Virtue","hermit:TakeCover"],"picked":"hermit:Showdown","floor":1},{"not_picked":["hermit:Purgatory","hermit:Midnight"],"picked":"hermit:Dissolve","floor":6},{"not_picked":["hermit:Manifest","hermit:ItchyTrigger","hermit:Snipe"],"picked":"SKIP","floor":8},{"not_picked":["hermit:Dive","hermit:Desperado","hermit:Ricochet"],"picked":"SKIP","floor":11},{"not_picked":["hermit:WideOpen","hermit:LowProfile"],"picked":"hermit:Vantage","floor":12},{"not_picked":["hermit:LowProfile","hermit:TrackingShot"],"picked":"hermit:Grudge","floor":12},{"not_picked":["hermit:BodyArmor","hermit:Quickdraw"],"picked":"hermit:EyeOfTheStorm","floor":13},{"not_picked":["hermit:Vantage","hermit:Enervate"],"picked":"hermit:Combo","floor":14},{"not_picked":["hermit:Adapt","hermit:BlackWind"],"picked":"hermit:Magnum","floor":16},{"not_picked":["hermit:Feint+1","hermit:CursedWeapon"],"picked":"hermit:SprayPray+1","floor":18},{"not_picked":["hermit:Horror","hermit:HighCaliber"],"picked":"hermit:CalledShot+1","floor":20},{"not_picked":["hermit:Roulette","hermit:Quickdraw"],"picked":"hermit:CursedWeapon","floor":22},{"not_picked":["hermit:BodyArmor","hermit:LowProfile"],"picked":"hermit:Spite","floor":24},{"not_picked":["hermit:Roulette","hermit:Midnight+1"],"picked":"hermit:BigShot","floor":25},{"not_picked":["hermit:EyeOfTheStorm","hermit:Dissolve","hermit:Showdown+1"],"picked":"SKIP","floor":27},{"not_picked":["hermit:TrackingShot","hermit:CalledShot"],"picked":"hermit:BigShot+1","floor":32},{"not_picked":["hermit:TakeAim","hermit:ItchyTrigger"],"picked":"hermit:HighCaliber+1","floor":32},{"not_picked":["hermit:Reprieve","hermit:BlackWind"],"picked":"hermit:FromBeyond","floor":33},{"not_picked":["hermit:HoleUp+1","hermit:TrackingShot+1"],"picked":"hermit:Combo+1","floor":35},{"not_picked":["hermit:Ricochet","hermit:BodyArmor"],"picked":"hermit:Cheat+1","floor":37},{"not_picked":["hermit:Manifest+1","hermit:Showdown"],"picked":"hermit:BigShot+1","floor":38},{"not_picked":["hermit:Snipe+1","hermit:NoHoldsBarred","hermit:Ricochet"],"picked":"SKIP","floor":40},{"not_picked":["hermit:Coalescence","hermit:NoHoldsBarred+1"],"picked":"hermit:GhostlyPresence+1","floor":44},{"not_picked":["hermit:HighCaliber","hermit:BigShot+1","hermit:Dive"],"picked":"SKIP","floor":45},{"not_picked":["hermit:Maintenance+1","hermit:Glare+1"],"picked":"hermit:DeadMansHand+1","floor":47},{"not_picked":["hermit:Determination+1","hermit:Malice"],"picked":"hermit:Maintenance+1","floor":48}],"player_experience":706763,"relics_obtained":[{"floor":6,"key":"Divine Protection"},{"floor":9,"key":"Nunchaku"},{"floor":11,"key":"Strawberry"},{"floor":12,"key":"ReplayTheSpireMod:Shallot"},{"floor":23,"key":"Orichalcum"},{"floor":24,"key":"ReplayTheSpireMod:Lightbulb"},{"floor":26,"key":"Juzu Bracelet"},{"floor":27,"key":"ReplayTheSpireMod:TigerMarble"},{"floor":31,"key":"Lantern"},{"floor":32,"key":"Gremlin Food"},{"floor":37,"key":"FossilizedHelix"},{"floor":40,"key":"Golden Egg"},{"floor":43,"key":"Oddly Smooth Stone"},{"floor":47,"key":"CeramicFish"},{"floor":48,"key":"MawBank"}],"event_choices":[{"damage_healed":0,"gold_gain":0,"player_choice":"Box","damage_taken":0,"relics_obtained":["Replay:Multitool"],"max_hp_gain":0,"max_hp_loss":0,"event_name":"Big Fish","floor":2,"gold_loss":0,"cards_obtained":["Regret"]},{"damage_healed":0,"gold_gain":0,"player_choice":"Take Damage","damage_taken":18,"relics_obtained":["Golden Idol"],"max_hp_gain":0,"max_hp_loss":0,"event_name":"Golden Idol","floor":3,"gold_loss":0},{"cards_removed":["Regret"],"damage_healed":0,"gold_gain":0,"player_choice":"Card Removal","damage_taken":7,"max_hp_gain":0,"max_hp_loss":0,"event_name":"Golden Wing","floor":4,"gold_loss":0},{"damage_healed":0,"gold_gain":0,"player_choice":"Success","damage_taken":18,"relics_obtained":["Letter Opener"],"max_hp_gain":0,"max_hp_loss":0,"event_name":"Scrap Ooze","floor":5,"gold_loss":0},{"damage_healed":0,"gold_gain":0,"player_choice":"Got Potions","damage_taken":0,"max_hp_gain":0,"max_hp_loss":0,"event_name":"Lab","floor":19,"gold_loss":0},{"damage_healed":0,"gold_gain":0,"player_choice":"Read","damage_taken":0,"max_hp_gain":0,"max_hp_loss":0,"event_name":"The Library","floor":29,"gold_loss":0,"cards_obtained":["hermit:TakeAim"]},{"damage_healed":0,"gold_gain":0,"player_choice":"Fight","damage_taken":0,"max_hp_gain":0,"max_hp_loss":0,"event_name":"Mysterious Sphere","floor":37,"gold_loss":0},{"damage_healed":0,"gold_gain":0,"player_choice":"Ignored","damage_taken":0,"max_hp_gain":0,"max_hp_loss":0,"event_name":"SecretPortal","floor":39,"gold_loss":0},{"damage_healed":0,"gold_gain":0,"player_choice":"Embrace Madness","damage_taken":10,"max_hp_gain":0,"max_hp_loss":0,"event_name":"Winding Halls","floor":42,"gold_loss":0,"cards_obtained":["Madness","Madness"]},{"damage_healed":0,"gold_gain":0,"player_choice":"Paid Gold","damage_taken":0,"relics_obtained":["hermit:RyeStalk"],"max_hp_gain":0,"max_hp_loss":0,"event_name":"WeMeetAgain","floor":46,"gold_loss":54}],"is_beta":true,"boss_relics":[{"not_picked":["Philosopher\u0027s Stone","Replay:Wanted Poster"],"picked":"Cursed Key"},{"not_picked":["Velvet Choker","hermit:DentedPlate"],"picked":"Sozu"}],"items_purged_floors":[21],"is_endless":false,"potions_floor_spawned":[1,13,14,22,25,33,44,45],"ascension_level":0}}