{"host":"f0gpob8hq9vgebej","time":1611833803,"event":{"mods":["AchievementEnabler","BaseMod","Minty Spire (QoL Compilation)","Quick Restart","SuperFastMode"],"gold_per_floor":[119,135,135,145,163,163,163,37,37,69,69,83,111,128,128,223,223,235,254,254,274,288,288,150,176,203,216,226,226,261,272,272,376,376,396,396,412,412,428,130,150,150,150,0,27,27,61,77,77,77],"floor_reached":51,"language":"KOR","playtime":1237,"items_purged":["Strike_B","Strike_B","Strike_B","Strike_B"],"score":1292,"play_id":"bc9c1046-c663-4e42-b159-e9f73acae836","local_time":"20210128203643","is_ascension_mode":true,"campfire_choices":[{"data":"Barrage","floor":6.0,"key":"SMITH"},{"data":"Conserve Battery","floor":11.0,"key":"SMITH"},{"floor":15.0,"key":"REST"},{"data":"Static Discharge","floor":23.0,"key":"SMITH"},{"data":"Loop","floor":29.0,"key":"SMITH"},{"data":"Thunder Strike","floor":32.0,"key":"SMITH"},{"data":"Coolheaded","floor":42.0,"key":"SMITH"},{"data":"Panache","floor":46.0,"key":"SMITH"},{"data":"Buffer","floor":49,"key":"SMITH"}],"circlet_count":0,"master_deck":["AscendersBane","Defend_B","Defend_B","Defend_B","Defend_B","Zap+1","Dualcast","Thunder Strike+1","Barrage+1","Coolheaded+1","Turbo","Conserve Battery+1","Redo+1","BootSequence+1","Steam Power+1","Amplify+1","Fission+1","Ball Lightning","Static Discharge+1","Glacier+1","Storm+1","Capacitor+1","Loop+1","Turbo+1","Multi-Cast+1","Blizzard+1","Panache+1","Coolheaded+1","Buffer+1","Defragment+1"],"relics":["Cracked Core","Mercury Hourglass","Toxic Egg 2","FossilizedHelix","Cables","Runic Pyramid","Eternal Feather","Oddly Smooth Stone","Ancient Tea Set","Happy Flower","Nuclear Battery","StrikeDummy","Toy Ornithopter","Pantograph","Mango"],"acts_visited":["Exordium","TheCity","TheBeyond"],"potions_floor_usage":[47,50,50],"damage_taken":[{"damage":7.0,"enemies":"Jaw Worm","floor":1.0,"turns":4.0},{"damage":0.0,"enemies":"Cultist","floor":2.0,"turns":3.0},{"damage":1.0,"enemies":"2 Louse","floor":4.0,"turns":2.0},{"damage":9.0,"enemies":"Red Slaver","floor":5.0,"turns":3.0},{"damage":14.0,"enemies":"3 Sentries","floor":10.0,"turns":6.0},{"damage":10.0,"enemies":"3 Louse","floor":12.0,"turns":3.0},{"damage":8.0,"enemies":"Lagavulin","floor":13.0,"turns":6.0},{"damage":0.0,"enemies":"Exordium Thugs","floor":14.0,"turns":3.0},{"damage":8.0,"enemies":"Hexaghost","floor":16.0,"turns":8.0},{"damage":7.0,"enemies":"Shell Parasite","floor":18.0,"turns":6.0},{"damage":0.0,"enemies":"Chosen","floor":19.0,"turns":5.0},{"damage":3.0,"enemies":"Shelled Parasite and Fungi","floor":21.0,"turns":5.0},{"damage":0.0,"enemies":"Snecko","floor":22.0,"turns":5.0},{"damage":24.0,"enemies":"Slavers","floor":25.0,"turns":5.0},{"damage":0.0,"enemies":"Snake Plant","floor":27.0,"turns":4.0},{"damage":0.0,"enemies":"Centurion and Healer","floor":28.0,"turns":4.0},{"damage":7.0,"enemies":"Book of Stabbing","floor":30.0,"turns":3.0},{"damage":0.0,"enemies":"Chosen and Byrds","floor":31.0,"turns":4.0},{"damage":0.0,"enemies":"Automaton","floor":33.0,"turns":6.0},{"damage":0.0,"enemies":"Orb Walker","floor":35.0,"turns":3.0},{"damage":0.0,"enemies":"3 Shapes","floor":37.0,"turns":4.0},{"damage":22.0,"enemies":"Transient","floor":39.0,"turns":5.0},{"damage":0.0,"enemies":"4 Shapes","floor":41.0,"turns":2.0},{"damage":28.0,"enemies":"Nemesis","floor":45.0,"turns":5.0},{"damage":25,"enemies":"Reptomancer","floor":47,"turns":4},{"damage":0,"enemies":"Spire Growth","floor":48,"turns":3},{"damage":0,"enemies":"Donu and Deca","floor":50,"turns":5}],"seed_played":"2331753043494088257","potions_obtained":[{"floor":2.0,"key":"CultistPotion"},{"floor":10.0,"key":"Energy Potion"},{"floor":12.0,"key":"EntropicBrew"},{"floor":16.0,"key":"PowerPotion"},{"floor":25.0,"key":"Fruit Juice"},{"floor":28.0,"key":"EssenceOfSteel"},{"floor":30.0,"key":"Dexterity Potion"},{"floor":35.0,"key":"Weak Potion"},{"floor":45.0,"key":"Regen Potion"},{"floor":47,"key":"SkillPotion"}],"is_trial":false,"path_per_floor":["M","M","?","M","M","R","?","$","T","E","R","M","E","M","R","B",null,"M","M","T","M","M","R","$","E","T","M","M","R","E","M","R","B",null,"M","T","M","?","M","$","M","R","T","$","E","R","E","M","R","B",null],"character_chosen":"DEFECT","items_purchased":["Conserve Battery","Glacier+1","Panache"],"campfire_rested":1,"item_purchase_floors":[8,24,40],"current_hp_per_floor":[61,61,61,60,51,51,51,51,51,37,37,27,19,19,41,33,65,58,58,58,55,55,67,67,48,48,48,48,63,56,56,71,71,78,78,78,78,76,54,54,54,69,69,69,41,56,50,50,68,90],"gold":77,"neow_bonus":"ONE_RANDOM_RARE_CARD","is_daily":false,"chose_seed":false,"campfire_upgraded":8,"win_rate":0.0,"timestamp":1611833803,"path_taken":["M","M","?","M","?","R","?","$","T","E","R","M","E","M","R","BOSS","M","M","?","M","M","R","$","E","T","M","M","R","E","M","R","BOSS","M","?","M","?","?","$","M","R","T","$","E","R","E","M","R","BOSS"],"items_purchased_type":["Card","Card","Card"],"build_version":"2020-12-22","purchased_purges":4,"victory":true,"max_hp_per_floor":[75,75,75,75,75,75,75,75,75,75,75,75,75,75,75,75,75,75,75,75,75,75,75,75,80,80,80,80,80,80,80,80,80,80,80,80,80,76,76,76,76,76,76,76,76,76,90,90,90,90],"card_choices":[{"not_picked":["Compile Driver","Steam"],"picked":"Barrage","floor":1.0},{"not_picked":["Rebound","Compile Driver"],"picked":"Coolheaded","floor":2.0},{"not_picked":["Beam Cell","Rip and Tear"],"picked":"Turbo","floor":4.0},{"not_picked":["Coolheaded","Go for the Eyes","Beam Cell"],"picked":"SKIP","floor":5.0},{"not_picked":["Gash","Steam+1"],"picked":"Redo+1","floor":10.0},{"not_picked":["Recycle+1","Rebound"],"picked":"BootSequence+1","floor":12.0},{"not_picked":["Compile Driver","Beam Cell"],"picked":"Steam Power+1","floor":13.0},{"not_picked":["Ball Lightning","Genetic Algorithm+1"],"picked":"Amplify+1","floor":14.0},{"not_picked":["Echo Form","Rainbow+1"],"picked":"Fission+1","floor":16.0},{"not_picked":["Conserve Battery+1","Streamline","Compile Driver"],"picked":"SKIP","floor":18.0},{"not_picked":["Streamline+1","Chill+1"],"picked":"Ball Lightning","floor":19.0},{"not_picked":["Steam Power+1","Redo+1","Rebound+1"],"picked":"SKIP","floor":21.0},{"not_picked":["Cold Snap","Aggregate+1"],"picked":"Static Discharge","floor":22.0},{"not_picked":["BootSequence+1","Rebound"],"picked":"Storm+1","floor":25.0},{"not_picked":["Leap+1","Turbo+1"],"picked":"Capacitor+1","floor":27.0},{"not_picked":["Conserve Battery+1","Coolheaded+1"],"picked":"Loop","floor":28.0},{"not_picked":["Coolheaded+1","Rebound"],"picked":"Turbo+1","floor":30.0},{"not_picked":["Go for the Eyes","Genetic Algorithm+1"],"picked":"Multi-Cast+1","floor":31.0},{"not_picked":["Compile Driver","Fusion+1","Turbo+1"],"picked":"SKIP","floor":35.0},{"not_picked":["Gash","Beam Cell+1","Leap+1"],"picked":"SKIP","floor":37.0},{"not_picked":["Cold Snap","Core Surge"],"picked":"Blizzard+1","floor":39.0},{"not_picked":["Aggregate+1","Compile Driver+1","Steam+1"],"picked":"SKIP","floor":41.0},{"not_picked":["Streamline","Barrage"],"picked":"Coolheaded+1","floor":45.0},{"not_picked":["Steam+1","Capacitor+1"],"picked":"Buffer","floor":47},{"not_picked":["Barrage","Streamline"],"picked":"Defragment+1","floor":48}],"player_experience":280438,"relics_obtained":[{"floor":7.0,"key":"Mercury Hourglass"},{"floor":9.0,"key":"Toxic Egg 2"},{"floor":10.0,"key":"FossilizedHelix"},{"floor":13.0,"key":"Cables"},{"floor":20.0,"key":"Eternal Feather"},{"floor":25.0,"key":"Oddly Smooth Stone"},{"floor":26.0,"key":"Ancient Tea Set"},{"floor":30.0,"key":"Happy Flower"},{"floor":36.0,"key":"StrikeDummy"},{"floor":43.0,"key":"Toy Ornithopter"},{"floor":45.0,"key":"Pantograph"},{"floor":47,"key":"Mango"}],"event_choices":[{"damage_healed":0.0,"max_hp_gain":0.0,"max_hp_loss":0.0,"gold_gain":0.0,"event_name":"Accursed Blacksmith","player_choice":"Forge","floor":3.0,"gold_loss":0.0,"damage_taken":0.0,"cards_upgraded":["Zap"]},{"damage_healed":0.0,"max_hp_gain":0.0,"max_hp_loss":0.0,"gold_gain":0.0,"event_name":"Wheel of Change","player_choice":"Relic","floor":7.0,"gold_loss":0.0,"damage_taken":0.0},{"damage_healed":0.0,"max_hp_gain":0.0,"max_hp_loss":4.0,"gold_gain":0.0,"event_name":"Winding Halls","player_choice":"Max HP","floor":38.0,"gold_loss":0.0,"damage_taken":0.0}],"is_beta":false,"boss_relics":[{"not_picked":["SlaversCollar","Velvet Choker"],"picked":"Runic Pyramid"},{"not_picked":["Sozu","Cursed Key"],"picked":"Nuclear Battery"}],"items_purged_floors":[8,24,40,44],"is_endless":false,"potions_floor_spawned":[2,10,12,14,16,25,28,30,31,35,45,47],"ascension_level":10}}