{"host":"bvp2uifzy1c463d9","time":1611813416,"event":{"mods":["AchievementEnabler","BaseMod","Block Reminder","Colored Map","Colored Powertips","Hermit","Highlight Path","Infinite Spire","Minty Spire (QoL Compilation)","Random Character Button","Relic Stats","Replay The Spire","StSLib","The Jungle"],"gold_per_floor":[113,113,123,298,361,387,173,173,198,98,48,48,64,75,75,176,176,194,211,57,57,68,101,101,134,157,157,223,223,241,241,241,344,344,362,35,35,48,48,48,75,90,90,90,102,173,173,199,199,199,199,199,122,156,156],"floor_reached":56,"language":"ENG","playtime":5917,"items_purged":["hermit:Defend_Hermit","hermit:Defend_Hermit","hermit:Defend_Hermit","Hallucinations"],"score":1631,"play_id":"07cf21fa-3e94-471c-a79e-3d50f28e0485","local_time":"20210127235656","is_ascension_mode":false,"campfire_choices":[{"data":"infinitespire:TheBestDefense","floor":15.0,"key":"SMITH"},{"data":"hermit:Manifest","floor":24,"key":"SMITH"},{"data":"hermit:Covet","floor":27,"key":"SMITH"},{"data":"hermit:FatalDesire","floor":40,"key":"SMITH"},{"data":"hermit:ShadowCloak","floor":44,"key":"SMITH"},{"floor":49,"key":"RECALL"},{"data":"hermit:ShadowCloak","floor":52,"key":"SMITH"}],"circlet_count":0,"master_deck":["hermit:Snapshot","hermit:Covet+1","hermit:ShadowCloak+1","hermit:ShadowCloak","Shame","infinitespire:TheBestDefense+1","hermit:WideOpen","Doubt","ReplayTheSpireMod:Splinters","hermit:Feint","hermit:Gestalt","hermit:Manifest+1","hermit:Malice","hermit:ShadowCloak+1","hermit:Dissolve","hermit:Misfire","hermit:Reprieve","Shame","hermit:Quickdraw+1","hermit:Gambit","hermit:Magnum","ReplayTheSpireMod:IOU","Shame","hermit:FatalDesire+1","hermit:Coalescence","Madness","Madness","hermit:Virtue+1","Parasite","hermit:Manifest+1","hermit:Spite+1"],"relics":["hermit:Momento","Tiny Chest","Question Card","Torii","Regal Pillow","Bird Faced Urn","Replay:Grab Bag","Philosopher\u0027s Stone","Busted Crown","Replay:Drink Me","hermit:RyeStalk","Calipers","Nunchaku","infinitespire:EmpoweringShard","Akabeko","infinitespire:Broken Mirror","Replay:Ancient Bell","Happy Flower","infinitespire:FocusingShard","Replay:Kaleidoscope","Blood Vial","Shuriken","Pear","infinitespire:EvilPickle","Replay:Wax Seal"],"acts_visited":["Exordium","TheCity","TheBeyond","TheEnding"],"potions_floor_usage":[23,28,38,45,48],"damage_taken":[{"damage":0.0,"enemies":"Small Slimes","floor":1.0,"turns":3.0},{"damage":2.0,"enemies":"2 Louse","floor":3.0,"turns":7.0},{"damage":26.0,"enemies":"3 Sentries","floor":6.0,"turns":16.0},{"damage":1.0,"enemies":"Jaw Worm","floor":13.0,"turns":11.0},{"damage":1.0,"enemies":"Looter","floor":14.0,"turns":5.0},{"damage":21.0,"enemies":"Fading Forest","floor":16.0,"turns":11.0},{"damage":2.0,"enemies":"Shell Parasite","floor":18.0,"turns":2.0},{"damage":0.0,"enemies":"Spheric Guardian","floor":19.0,"turns":4.0},{"damage":3.0,"enemies":"Centurion and Healer","floor":22.0,"turns":5.0},{"damage":6,"enemies":"Replay:Snechameleon","floor":23,"turns":7},{"damage":2,"enemies":"Book of Stabbing","floor":25,"turns":7},{"damage":13,"enemies":"Slavers","floor":28,"turns":8},{"damage":0,"enemies":"Snecko","floor":30,"turns":9},{"damage":8,"enemies":"Pondfish","floor":33,"turns":8},{"damage":1,"enemies":"3 Shapes","floor":35,"turns":4},{"damage":0,"enemies":"3 Darklings","floor":38,"turns":5},{"damage":2,"enemies":"Giant Head","floor":41,"turns":9},{"damage":8,"enemies":"Writhing Mass","floor":42,"turns":5},{"damage":1,"enemies":"Spire Growth","floor":45,"turns":5},{"damage":1,"enemies":"Maw","floor":48,"turns":3},{"damage":2,"enemies":"infinitespire:MassOfShapes","floor":50,"turns":10},{"damage":12,"enemies":"Shield and Spear","floor":54,"turns":5},{"damage":17,"enemies":"The Heart","floor":55,"turns":10}],"seed_played":"-5754428055433740932","potions_obtained":[{"floor":5.0,"key":"DistilledChaos"},{"floor":6.0,"key":"Explosive Potion"},{"floor":16.0,"key":"DistilledChaos"},{"floor":19.0,"key":"AttackPotion"},{"floor":28,"key":"Energy Potion"},{"floor":30,"key":"LifebloodPotion"},{"floor":38,"key":"BlessingOfTheForge"},{"floor":45,"key":"Fire Potion"}],"is_trial":false,"path_per_floor":["M","?","M","?","?","E","$","?","T","$","?","T","M","M","R_BF","B",null,"M","M","$","?","M","E","R","E","T","R","E","?","M","T","R_BF","B",null,"M","$","?","M","?","R","E","M","T","R","M","T","AVR","M","R","B",null,"R","$","E","B",null],"character_chosen":"HERMIT","items_purchased":["hermit:Malice","hermit:ShadowCloak","hermit:RyeStalk","hermit:FatalDesire","hermit:Coalescence","Reflective Coating"],"campfire_rested":0,"item_purchase_floors":[7,7,20,36,36,53],"current_hp_per_floor":[75,75,73,73,73,47,47,40,40,40,40,40,45,50,50,45,57,55,57,57,57,56,55,55,57,57,57,47,38,50,50,50,48,62,62,62,62,62,54,54,61,60,60,60,62,72,72,72,72,72,72,72,72,70,70],"gold":156,"neow_bonus":"RANDOM_EVENT","is_daily":false,"chose_seed":false,"campfire_upgraded":6,"win_rate":0.0,"timestamp":1611813416,"path_taken":["M","?","M","?","?","E","$","?","T","?","?","?","?","M","R_BF","BOSS","M","M","$","?","M","E","R","E","T","R","E","?","M","?","R_BF","BOSS","M","$","?","?","?","R","E","M","T","R","M","?","AVR","M","R","BOSS","R","$","E","BOSS"],"items_purchased_type":["Card","Card","Relic","Card","Card","Potion"],"build_version":"2020-12-22","purchased_purges":4,"victory":true,"max_hp_per_floor":[75,75,75,75,75,75,75,75,75,75,75,75,75,75,75,75,57,57,57,57,57,57,57,57,57,57,57,57,62,62,62,62,62,62,62,62,62,62,62,62,62,62,62,62,62,72,72,72,72,72,72,72,72,72,72],"relic_stats":{"Blood Vial":5,"Regal Pillow":0,"Nunchaku":[13],"Busted Crown":52,"Torii":17,"Happy Flower":[18],"counters":[23,159],"Shuriken":[5],"Bird Faced Urn":[69],"Tiny Chest":3,"Question Card":31,"obtain_stats":[{"Regal Pillow":9,"Calipers":21,"Torii":8,"Blood Vial":41,"hermit:RyeStalk":20,"Nunchaku":23,"Tiny Chest":5,"Philosopher\u0027s Stone":17,"Replay:Wax Seal":54,"Replay:Drink Me":17,"Pear":46,"Happy Flower":34,"Replay:Grab Bag":17,"infinitespire:FocusingShard":34,"Replay:Ancient Bell":34,"Replay:Kaleidoscope":34,"Question Card":6,"Akabeko":28,"infinitespire:EvilPickle":47,"Busted Crown":17,"infinitespire:Broken Mirror":31,"Shuriken":43,"Bird Faced Urn":12,"infinitespire:EmpoweringShard":25,"hermit:Momento":0},{"Regal Pillow":3,"Calipers":8,"Torii":3,"Blood Vial":17,"hermit:RyeStalk":8,"Nunchaku":10,"Tiny Chest":2,"Philosopher\u0027s Stone":6,"Replay:Wax Seal":22,"Replay:Drink Me":6,"Pear":19,"Happy Flower":14,"Replay:Grab Bag":6,"infinitespire:FocusingShard":14,"Replay:Ancient Bell":14,"Replay:Kaleidoscope":14,"Question Card":3,"Akabeko":12,"infinitespire:EvilPickle":19,"Busted Crown":6,"infinitespire:Broken Mirror":13,"Shuriken":18,"Bird Faced Urn":3,"infinitespire:EmpoweringShard":11,"hermit:Momento":0},{"Regal Pillow":26,"Calipers":59,"Torii":26,"Blood Vial":121,"hermit:RyeStalk":59,"Nunchaku":71,"Tiny Chest":10,"Philosopher\u0027s Stone":53,"Replay:Wax Seal":149,"Replay:Drink Me":53,"Pear":131,"Happy Flower":103,"Replay:Grab Bag":53,"infinitespire:FocusingShard":103,"Replay:Ancient Bell":103,"Replay:Kaleidoscope":103,"Question Card":26,"Akabeko":86,"infinitespire:EvilPickle":131,"Busted Crown":53,"infinitespire:Broken Mirror":95,"Shuriken":126,"Bird Faced Urn":26,"infinitespire:EmpoweringShard":78,"hermit:Momento":0}]},"card_choices":[{"not_picked":["hermit:DeadMansHand","hermit:ItchyTrigger"],"picked":"hermit:ShadowCloak","floor":1.0},{"not_picked":["infinitespire:Execution","ReplayTheSpireMod:Haul"],"picked":"infinitespire:TheBestDefense","floor":2.0},{"not_picked":["hermit:Shortfuse","hermit:TrackingShot"],"picked":"hermit:WideOpen","floor":3.0},{"not_picked":["hermit:HighCaliber","hermit:Cheat"],"picked":"hermit:Feint","floor":5.0},{"not_picked":["hermit:TrackingShot","hermit:HighCaliber"],"picked":"hermit:Gestalt","floor":5.0},{"not_picked":["hermit:Dive","hermit:LuckOfTheDraw"],"picked":"hermit:Manifest","floor":6.0},{"not_picked":["hermit:LuckOfTheDraw","hermit:Desperado","hermit:FlashPowder"],"picked":"hermit:Dissolve","floor":13.0},{"not_picked":["hermit:HighCaliber","hermit:FlashPowder","hermit:Ricochet"],"picked":"hermit:Misfire","floor":14.0},{"not_picked":["hermit:FromBeyond","hermit:RoundhouseKick","hermit:BlackWind"],"picked":"hermit:Reprieve","floor":16.0},{"not_picked":["hermit:Ricochet+1","hermit:Quickdraw"],"picked":"SKIP","floor":18.0},{"not_picked":["hermit:Ricochet","hermit:Enervate"],"picked":"SKIP","floor":19.0},{"not_picked":["hermit:Snipe","hermit:HighCaliber+1"],"picked":"SKIP","floor":22.0},{"not_picked":["hermit:Snipe","hermit:Enervate"],"picked":"SKIP","floor":23},{"not_picked":["hermit:BlackWind","hermit:ItchyTrigger"],"picked":"SKIP","floor":25},{"not_picked":["hermit:Dive"],"picked":"hermit:Quickdraw+1","floor":28},{"not_picked":["hermit:ItchyTrigger","hermit:Reprieve"],"picked":"SKIP","floor":30},{"not_picked":["hermit:Adapt"],"picked":"hermit:Magnum","floor":33},{"not_picked":["Writhe"],"picked":"ReplayTheSpireMod:IOU","floor":34},{"not_picked":["CurseOfTheBell"],"picked":"Hallucinations","floor":34},{"not_picked":["Doubt"],"picked":"Shame","floor":34},{"not_picked":["hermit:Combo","hermit:Quickdraw"],"picked":"SKIP","floor":35},{"not_picked":["hermit:Glare+1","hermit:Roulette+1"],"picked":"SKIP","floor":38},{"not_picked":["hermit:TrackingShot"],"picked":"hermit:Virtue+1","floor":41},{"not_picked":["hermit:Snipe+1","hermit:Desperado+1"],"picked":"SKIP","floor":42},{"not_picked":["hermit:Feint"],"picked":"hermit:Manifest+1","floor":45},{"not_picked":["hermit:HoleUp"],"picked":"hermit:Spite+1","floor":48},{"not_picked":["hermit:ItchyTrigger","hermit:Glare"],"picked":"SKIP","floor":54}],"player_experience":193350,"relics_obtained":[{"floor":5.0,"key":"Tiny Chest"},{"floor":6.0,"key":"Question Card"},{"floor":9.0,"key":"Regal Pillow"},{"floor":12.0,"key":"Bird Faced Urn"},{"floor":23,"key":"Nunchaku"},{"floor":25,"key":"infinitespire:EmpoweringShard"},{"floor":28,"key":"Akabeko"},{"floor":31,"key":"infinitespire:Broken Mirror"},{"floor":41,"key":"Blood Vial"},{"floor":43,"key":"Shuriken"},{"floor":46,"key":"Pear"},{"floor":54,"key":"Replay:Wax Seal"}],"event_choices":[{"damage_healed":0.0,"max_hp_gain":0.0,"max_hp_loss":0.0,"gold_gain":0.0,"cards_transformed":["hermit:Strike_Hermit"],"event_name":"Living Wall","player_choice":"Change","floor":0.0,"gold_loss":0.0,"damage_taken":0.0,"cards_obtained":["hermit:ShadowCloak"]},{"damage_healed":0.0,"max_hp_gain":0.0,"max_hp_loss":0.0,"gold_gain":175.0,"event_name":"Liars Game","player_choice":"AGREE","floor":4.0,"gold_loss":0.0,"damage_taken":0.0,"cards_obtained":["Doubt"]},{"damage_healed":0.0,"max_hp_gain":0.0,"max_hp_loss":0.0,"gold_gain":0.0,"event_name":"Scrap Ooze","player_choice":"Success","floor":8.0,"gold_loss":0.0,"damage_taken":7.0,"relics_obtained":["Torii"]},{"cards_removed":["hermit:Strike_Hermit"],"damage_healed":0.0,"max_hp_gain":0.0,"max_hp_loss":0.0,"gold_gain":0.0,"event_name":"The Cleric","player_choice":"Card Removal","floor":11.0,"gold_loss":50.0,"damage_taken":0.0},{"damage_healed":0.0,"max_hp_gain":0.0,"max_hp_loss":0.0,"gold_gain":0.0,"event_name":"Addict","player_choice":"Stole Relic","floor":21.0,"gold_loss":0.0,"damage_taken":0.0,"relics_obtained":["Calipers"],"cards_obtained":["Shame"]},{"damage_healed":0,"gold_gain":0,"player_choice":"Shed Blood","damage_taken":14,"max_hp_gain":5,"max_hp_loss":0,"event_name":"Forgotten Altar","floor":29,"gold_loss":0},{"damage_healed":0,"gold_gain":0,"player_choice":"Ignored","damage_taken":0,"max_hp_gain":0,"max_hp_loss":0,"event_name":"SecretPortal","floor":37,"gold_loss":0},{"damage_healed":0,"gold_gain":0,"player_choice":"Embrace Madness","damage_taken":8,"max_hp_gain":0,"max_hp_loss":0,"event_name":"Winding Halls","floor":39,"gold_loss":0,"cards_obtained":["Madness","Madness"]}],"is_beta":false,"boss_relics":[{"not_picked":["Velvet Choker","Empty Cage"],"picked":"Replay:Grab Bag"},{"not_picked":["ReplayTheSpireMod:Onyx Gauntlets","ReplayTheSpireMod:DimensionalGlitch"],"picked":"Philosopher\u0027s Stone"},{"not_picked":["Fusion Hammer","Runic Dome"],"picked":"Busted Crown"},{"not_picked":["hermit:ClaspedLocket","SacredBark"],"picked":"Replay:Drink Me"},{"not_picked":["hermit:DentedPlate","Ring of Chaos"],"picked":"Replay:Ancient Bell"},{"not_picked":["MawBank","infinitespire:Beetle Shell"],"picked":"Happy Flower"},{"not_picked":["Onion Ring","Sundial"],"picked":"infinitespire:FocusingShard"},{"not_picked":["Turnip","Shovel"],"picked":"Replay:Kaleidoscope"}],"items_purged_floors":[7,10,36,47],"is_endless":false,"potions_floor_spawned":[6,16,19,22,28,30,38,45],"ascension_level":0}}