{"host":"nxnzcl474ro3ewbj","time":1611820731,"event":{"mods":["2.2 Compatiblity","Act Like it!","BaseMod","Better Third Choice","Better-Laid Plans","Colored Map","Custom Start","Highlight Path","Keyboard Shortcuts","Minty Spire (QoL Compilation)","Quick Restart","Rare Cards Sparkle","Relic Stats","Shop Mod","Slay the Relics Exporter","StSLib","SuperFastMode"],"gold_per_floor":[113,63,63,77,77,103,103,128,128,53,53,67,84,148,148,227,227,240,240,240,260,260,260,293,293,293,324,324,224,256,59,59,138,138,157,78,92,111,125,156,156,185,185,216,216,248,258,258,258,258],"floor_reached":51,"language":"KOR","playtime":1084,"items_purged":["Defend_R","Pain"],"score":1456,"play_id":"fa1d0a97-4b6e-4678-9764-253c1dd9ac0b","local_time":"20210128165851","is_ascension_mode":true,"campfire_choices":[{"data":"Whirlwind","floor":7,"key":"SMITH"},{"data":"Spot Weakness","floor":15,"key":"SMITH"},{"data":"Seeing Red","floor":23,"key":"SMITH"},{"data":"Body Slam","floor":25,"key":"SMITH"},{"data":"Limit Break","floor":28,"key":"SMITH"},{"data":"Flex","floor":32,"key":"SMITH"},{"data":"Battle Trance","floor":41,"key":"SMITH"},{"data":"Limit Break","floor":49,"key":"SMITH"}],"circlet_count":0,"master_deck":["AscendersBane","Strike_R","Strike_R","Strike_R","Strike_R","Defend_R+1","Defend_R","Defend_R","Bandage Up+1","Shrug It Off","Flex+1","Whirlwind+1","Battle Trance+1","Body Slam+1","Spot Weakness+1","Immolate","Seeing Red+1","Limit Break+1","Shockwave","Flex+1","Limit Break+1","Battle Trance","Rage","Sword Boomerang","Dark Embrace+1","Flex+1"],"relics":["Burning Blood","HornCleat","Du-Vu Doll","Regal Pillow","Red Skull","Anchor","Runic Dome","Sundial","WarpedTongs","Akabeko","Turnip","Mummified Hand","Torii","Lantern","SlaversCollar","Frozen Egg 2","Singing Bowl","Happy Flower","Smiling Mask","Bag of Preparation","StrikeDummy"],"acts_visited":["Exordium","TheCity","TheBeyond"],"potions_floor_usage":[14,18,50,50],"damage_taken":[{"damage":10,"enemies":"Small Slimes","floor":1,"turns":5},{"damage":5,"enemies":"Jaw Worm","floor":4,"turns":5},{"damage":25,"enemies":"Gremlin Nob","floor":6,"turns":4},{"damage":35,"enemies":"3 Sentries","floor":8,"turns":7},{"damage":3,"enemies":"2 Louse","floor":12,"turns":2},{"damage":3,"enemies":"Exordium Wildlife","floor":13,"turns":3},{"damage":6,"enemies":"Gremlin Nob","floor":14,"turns":3},{"damage":16,"enemies":"The Guardian","floor":16,"turns":8},{"damage":0,"enemies":"Chosen","floor":18,"turns":3},{"damage":7,"enemies":"2 Thieves","floor":21,"turns":3},{"damage":11,"enemies":"Book of Stabbing","floor":24,"turns":3},{"damage":18,"enemies":"Gremlin Leader","floor":27,"turns":5},{"damage":8,"enemies":"Book of Stabbing","floor":30,"turns":4},{"damage":70,"enemies":"Collector","floor":33,"turns":7},{"damage":1,"enemies":"Orb Walker","floor":35,"turns":3},{"damage":1,"enemies":"3 Darklings","floor":37,"turns":4},{"damage":10,"enemies":"Transient","floor":38,"turns":5},{"damage":7,"enemies":"Maw","floor":39,"turns":5},{"damage":1,"enemies":"Giant Head","floor":40,"turns":6},{"damage":14,"enemies":"Nemesis","floor":42,"turns":3},{"damage":13,"enemies":"Giant Head","floor":44,"turns":5},{"damage":0,"enemies":"Reptomancer","floor":46,"turns":2},{"damage":0,"enemies":"4 Shapes","floor":47,"turns":1},{"damage":52,"enemies":"Donu and Deca","floor":50,"turns":5}],"seed_played":"8498696869934058791","potions_obtained":[{"floor":4,"key":"Fruit Juice"},{"floor":8,"key":"GamblersBrew"},{"floor":14,"key":"EssenceOfSteel"},{"floor":18,"key":"Strength Potion"},{"floor":37,"key":"PowerPotion"}],"is_trial":false,"path_per_floor":["M","?","?","M","?","E","R","E","T","$","?","M","M","?","R","B",null,"M","?","?","M","?","R","E","R","T","E","R","$","E","$","R","B",null,"M","$","M","M","M","E","R","E","T","E","?","E","M","T","R","B",null],"character_chosen":"IRONCLAD","items_purchased":["Lantern","Flex","Battle Trance"],"campfire_rested":0,"item_purchase_floors":[31,31,36],"current_hp_per_floor":[68,68,53,60,60,47,47,24,24,24,6,15,24,30,30,26,63,80,80,80,79,79,79,78,78,78,72,72,72,76,76,76,16,64,75,75,80,76,79,80,80,78,78,75,75,83,86,86,86,46],"gold":258,"neow_bonus":"RANDOM_COLORLESS","is_daily":false,"chose_seed":false,"campfire_upgraded":8,"win_rate":0.0,"timestamp":1611820731,"path_taken":["M","?","?","M","?","E","R","E","T","?","?","?","M","?","R","BOSS","M","?","?","?","?","R","E","R","T","E","R","$","E","$","R","BOSS","M","$","M","?","M","E","R","E","T","E","?","E","M","?","R","BOSS"],"items_purchased_type":["Relic","Card","Card"],"build_version":"2020-12-22","purchased_purges":2,"victory":true,"max_hp_per_floor":[75,75,75,75,75,75,75,75,75,75,75,75,75,75,75,75,75,80,80,80,80,80,80,80,80,80,80,80,80,80,80,80,80,80,80,80,80,80,80,80,80,80,80,82,82,84,86,86,86,86],"relic_stats":{"Regal Pillow":0,"Torii":13,"Singing Bowl":6,"Happy Flower":[4],"counters":[24,101],"Bag of Preparation":[4],"Smiling Mask":0,"Burning Blood":128,"WarpedTongs":[58],"Sundial":[8],"Mummified Hand":[6],"Turnip":[6],"obtain_stats":[{"Regal Pillow":9,"Lantern":31,"Torii":30,"Singing Bowl":42,"Happy Flower":43,"Bag of Preparation":46,"Frozen Egg 2":40,"Smiling Mask":44,"Burning Blood":0,"Akabeko":24,"WarpedTongs":22,"Du-Vu Doll":8,"Runic Dome":17,"SlaversCollar":34,"Anchor":14,"HornCleat":6,"Sundial":19,"Mummified Hand":27,"Turnip":26,"StrikeDummy":48,"Red Skull":11},{"Regal Pillow":4,"Lantern":13,"Torii":13,"Singing Bowl":20,"Happy Flower":20,"Bag of Preparation":22,"Frozen Egg 2":19,"Smiling Mask":21,"Burning Blood":0,"Akabeko":11,"WarpedTongs":10,"Du-Vu Doll":4,"Runic Dome":8,"SlaversCollar":14,"Anchor":6,"HornCleat":3,"Sundial":9,"Mummified Hand":12,"Turnip":11,"StrikeDummy":23,"Red Skull":4},{"Regal Pillow":21,"Lantern":55,"Torii":55,"Singing Bowl":88,"Happy Flower":88,"Bag of Preparation":95,"Frozen Egg 2":85,"Smiling Mask":93,"Burning Blood":0,"Akabeko":46,"WarpedTongs":43,"Du-Vu Doll":21,"Runic Dome":37,"SlaversCollar":62,"Anchor":26,"HornCleat":14,"Sundial":40,"Mummified Hand":51,"Turnip":46,"StrikeDummy":96,"Red Skull":21}]},"card_choices":[{"not_picked":["Blind","Good Instincts"],"picked":"Bandage Up","floor":0},{"not_picked":["Pummel","Anger"],"picked":"Shrug It Off","floor":1},{"not_picked":["Headbutt","Body Slam"],"picked":"Flex","floor":4},{"not_picked":["Spot Weakness","Warcry"],"picked":"Whirlwind","floor":6},{"not_picked":["Hemokinesis","Combust"],"picked":"Battle Trance","floor":8},{"not_picked":["Flex","Headbutt","Combust"],"picked":"SKIP","floor":12},{"not_picked":["Metallicize","Shockwave"],"picked":"Body Slam","floor":13},{"not_picked":["Pommel Strike","Shrug It Off"],"picked":"Spot Weakness","floor":14},{"not_picked":["Corruption","Impervious"],"picked":"Immolate","floor":16},{"not_picked":["Iron Wave","Thunderclap"],"picked":"Seeing Red","floor":18},{"not_picked":["Dual Wield","Clothesline","Thunderclap"],"picked":"SKIP","floor":21},{"not_picked":["Warcry","Rampage","Perfected Strike"],"picked":"SKIP","floor":24},{"not_picked":["Searing Blow","Cleave"],"picked":"Limit Break","floor":27},{"not_picked":["Rupture+1","Sword Boomerang"],"picked":"Shockwave","floor":30},{"not_picked":["Berserk","Barricade"],"picked":"Limit Break","floor":33},{"not_picked":["Rupture","Whirlwind","Carnage"],"picked":"SKIP","floor":35},{"not_picked":["Twin Strike","Body Slam"],"picked":"Rage","floor":37},{"not_picked":["Armaments+1","Flame Barrier"],"picked":"Sword Boomerang","floor":38},{"not_picked":["Corruption","Power Through"],"picked":"Dark Embrace+1","floor":39},{"not_picked":["Fire Breathing+1","Shockwave+1","Body Slam"],"picked":"SKIP","floor":40},{"not_picked":["Cleave","Thunderclap"],"picked":"Flex+1","floor":42},{"not_picked":["Perfected Strike","Entrench","Ghostly Armor"],"picked":"Singing Bowl","floor":44},{"not_picked":["Body Slam+1","Cleave","Whirlwind"],"picked":"Singing Bowl","floor":46},{"not_picked":["Clash+1","Sword Boomerang","Hemokinesis"],"picked":"Singing Bowl","floor":47}],"player_experience":77159,"relics_obtained":[{"floor":6,"key":"HornCleat"},{"floor":8,"key":"Du-Vu Doll"},{"floor":9,"key":"Regal Pillow"},{"floor":24,"key":"Akabeko"},{"floor":26,"key":"Turnip"},{"floor":27,"key":"Mummified Hand"},{"floor":30,"key":"Torii"},{"floor":40,"key":"Frozen Egg 2"},{"floor":42,"key":"Singing Bowl"},{"floor":43,"key":"Happy Flower"},{"floor":44,"key":"Smiling Mask"},{"floor":46,"key":"Bag of Preparation"},{"floor":48,"key":"StrikeDummy"}],"event_choices":[{"cards_removed":["Strike_R"],"damage_healed":0,"gold_gain":0,"player_choice":"Card Removal","damage_taken":0,"max_hp_gain":0,"max_hp_loss":0,"event_name":"The Cleric","floor":2,"gold_loss":50},{"damage_healed":68,"gold_gain":0,"player_choice":"Upgrade","damage_taken":15,"max_hp_gain":0,"max_hp_loss":75,"event_name":"betterThird:BetterShining","floor":3,"gold_loss":0,"cards_upgraded":["Bandage Up","Defend_R"]},{"damage_healed":0,"gold_gain":0,"player_choice":"Grow","damage_taken":0,"max_hp_gain":0,"max_hp_loss":0,"event_name":"Living Wall","floor":5,"gold_loss":0,"cards_upgraded":["Flex"]},{"damage_healed":0,"gold_gain":0,"player_choice":"Relic ","damage_taken":18,"max_hp_gain":0,"max_hp_loss":0,"event_name":"betterThird:BetterScrap","floor":11,"gold_loss":0,"cards_obtained":["ConjureBlade"]},{"damage_healed":0,"gold_gain":0,"player_choice":"Searched \u00273\u0027 times","damage_taken":0,"relics_obtained":["Anchor"],"max_hp_gain":0,"max_hp_loss":0,"event_name":"Dead Adventurer","floor":14,"gold_loss":0},{"damage_healed":0,"gold_gain":0,"player_choice":"Opened","damage_taken":0,"relics_obtained":["Sundial"],"max_hp_gain":0,"max_hp_loss":0,"event_name":"The Mausoleum","floor":19,"gold_loss":0,"cards_obtained":["Writhe"]},{"cards_removed":["Writhe"],"damage_healed":0,"gold_gain":0,"player_choice":"Card Removal","damage_taken":0,"max_hp_gain":0,"max_hp_loss":0,"event_name":"Wheel of Change","floor":20,"gold_loss":0},{"damage_healed":0,"gold_gain":0,"player_choice":"Rummage","damage_taken":0,"relics_obtained":["WarpedTongs"],"max_hp_gain":0,"max_hp_loss":0,"event_name":"Accursed Blacksmith","floor":22,"gold_loss":0,"cards_obtained":["Pain"]},{"cards_removed":["Bash"],"damage_healed":0,"gold_gain":0,"player_choice":"Removed Attack","damage_taken":0,"max_hp_gain":0,"max_hp_loss":0,"event_name":"Falling","floor":45,"gold_loss":0}],"is_beta":false,"boss_relics":[{"not_picked":["Calling Bell","Astrolabe"],"picked":"Runic Dome"},{"not_picked":["Runic Cube","Philosopher\u0027s Stone"],"picked":"SlaversCollar"}],"items_purged_floors":[10,29],"is_endless":false,"potions_floor_spawned":[4,8,14,18,27,37,38,39,42,46],"ascension_level":14}}