{"host":"2j5d0uw0vihq8b8w","time":1611829808,"event":{"mods":["2.2 Compatiblity","AchievementEnabler","BaseMod","BetterRewards","Colored Map","Colored Powertips","Custom Start","DeckTracker","Minty Spire (QoL Compilation)","Permanent Neow","Quick Restart","Rare Cards Sparkle","StSLib","SuperFastMode"],"gold_per_floor":[365,380,380,153,172,172,192,192,192,292,306,316,326,106,106,202,202,221,232,157,157,157,157,171,200,247,258,173,173,21,39,39,135,135,154,154,173,173,192,223,223,55,55,55,65,82,96,112,112,112],"floor_reached":51,"language":"KOR","playtime":2634,"items_purged":["Strike_R"],"score":768,"play_id":"e9798f06-6ef1-43f7-a25e-544b1212c6e3","local_time":"20210128193008","is_ascension_mode":false,"campfire_choices":[{"data":"Evaluate","floor":6,"key":"SMITH"},{"data":"Flex","floor":8,"key":"SMITH"},{"data":"Whirlwind","floor":15,"key":"SMITH"},{"data":"Deep Breath","floor":23,"key":"SMITH"},{"data":"Body Slam","floor":32,"key":"SMITH"},{"data":"Apotheosis","floor":44,"key":"SMITH"},{"data":"Transmutation","floor":49,"key":"SMITH"}],"circlet_count":0,"master_deck":["Bash","Twin Strike","Flex+1","Anger","Evaluate+1","Sweeping Beam","DeusExMachina","Body Slam+1","Whirlwind+1","Echo Form","FearNoEvil+1","Deep Breath+1","PiercingWail+1","Doppelganger","Wild Strike","Fiend Fire","Intimidate","Flame Barrier","Madness","Madness","Warcry+1","Transmutation+1","Transmutation","White Noise","Apotheosis+1","Phantasmal Killer","EmptyBody+1"],"relics":["Burning Blood","PrismaticShard","Meat on the Bone","Chemical X","Sozu","Ancient Tea Set","Orichalcum","Pantograph","Art of War","Pandora\u0027s Box","Pocketwatch","Dream Catcher","Darkstone Periapt"],"acts_visited":["Exordium","TheCity","TheBeyond"],"potions_floor_usage":[50],"damage_taken":[{"damage":3,"enemies":"Small Slimes","floor":1,"turns":3},{"damage":6,"enemies":"Cultist","floor":2,"turns":3},{"damage":6,"enemies":"2 Louse","floor":5,"turns":2},{"damage":20,"enemies":"Exordium Thugs","floor":7,"turns":6},{"damage":2,"enemies":"Blue Slaver","floor":11,"turns":2},{"damage":0,"enemies":"Looter","floor":12,"turns":3},{"damage":0,"enemies":"Large Slime","floor":13,"turns":5},{"damage":35,"enemies":"Slime Boss","floor":16,"turns":4},{"damage":16,"enemies":"2 Thieves","floor":18,"turns":4},{"damage":5,"enemies":"3 Byrds","floor":19,"turns":2},{"damage":18,"enemies":"Shelled Parasite and Fungi","floor":24,"turns":3},{"damage":17,"enemies":"Slavers","floor":25,"turns":2},{"damage":12,"enemies":"Snake Plant","floor":27,"turns":5},{"damage":0,"enemies":"3 Cultists","floor":31,"turns":2},{"damage":36,"enemies":"Collector","floor":33,"turns":6},{"damage":0,"enemies":"3 Darklings","floor":35,"turns":2},{"damage":0,"enemies":"Orb Walker","floor":37,"turns":3},{"damage":16,"enemies":"Writhing Mass","floor":39,"turns":4},{"damage":0,"enemies":"Nemesis","floor":40,"turns":5},{"damage":0,"enemies":"Jaw Worm Horde","floor":45,"turns":1},{"damage":15,"enemies":"Maw","floor":46,"turns":5},{"damage":16,"enemies":"Transient","floor":47,"turns":5},{"damage":32,"enemies":"Spire Growth","floor":48,"turns":4},{"damage":37,"enemies":"Donu and Deca","floor":50,"turns":5}],"seed_played":"8068001220112945556","potions_obtained":[{"floor":5,"key":"EssenceOfSteel"},{"floor":12,"key":"SpeedPotion"},{"floor":13,"key":"Swift Potion"},{"floor":16,"key":"Energy Potion"}],"is_trial":false,"path_per_floor":["M","M","?","$","M","R","M","R","T","?","M","M","M","$","R","B",null,"M","M","?","?","?","R","M","E","T","M","?","$","$","M","R","B",null,"M","?","M","?","M","E","?","$","T","R","M","M","M","M","R","B",null],"character_chosen":"IRONCLAD","items_purchased":["PrismaticShard","Chemical X","Whirlwind","Art of War","Apotheosis"],"campfire_rested":0,"item_purchase_floors":[4,14,14,30,42],"current_hp_per_floor":[59,59,59,59,59,59,45,45,45,45,49,55,61,61,61,44,80,70,71,71,56,56,56,56,57,57,51,51,51,51,57,57,52,85,85,74,80,70,60,66,66,66,66,66,72,63,53,39,39,45],"gold":112,"neow_bonus":"TWO_FIFTY_GOLD","is_daily":false,"chose_seed":false,"campfire_upgraded":7,"win_rate":0.0,"timestamp":1611829808,"path_taken":["M","M","?","$","?","R","M","R","T","?","M","M","M","$","R","BOSS","M","M","?","?","?","R","M","E","T","M","?","?","$","M","R","BOSS","M","?","M","?","M","E","?","$","T","R","M","M","M","M","R","BOSS"],"items_purchased_type":["Relic","Relic","Card","Relic","Card"],"build_version":"2020-12-22","purchased_purges":1,"victory":true,"max_hp_per_floor":[80,80,80,80,80,80,80,80,80,80,80,80,80,80,80,80,80,80,80,80,85,85,85,85,85,85,85,85,85,85,85,85,85,85,85,85,85,85,85,85,85,85,85,85,85,85,85,85,85,85],"card_choices":[{"not_picked":["Armaments","Perfected Strike"],"picked":"Twin Strike","floor":1},{"not_picked":["Twin Strike","Armaments"],"picked":"Flex","floor":2},{"not_picked":["Acrobatics","Dagger Spray"],"picked":"Evaluate","floor":5},{"not_picked":["Cold Snap","Flame Barrier"],"picked":"Sweeping Beam","floor":7},{"not_picked":["Barrage","Go for the Eyes"],"picked":"DeusExMachina","floor":11},{"not_picked":["ClearTheMind","Blade Dance"],"picked":"Body Slam","floor":12},{"not_picked":["PanicButton","Sweeping Beam","Steam"],"picked":"SKIP","floor":13},{"not_picked":["Storm of Steel","Adrenaline"],"picked":"Echo Form","floor":16},{"not_picked":["BowlingBash","Battle Trance"],"picked":"FearNoEvil+1","floor":18},{"not_picked":["Dramatic Entrance+1","Clothesline"],"picked":"Deep Breath","floor":19},{"not_picked":["Deflect","CrushJoints+1","Heavy Blade"],"picked":"SKIP","floor":24},{"not_picked":["Halt","Disarm+1"],"picked":"PiercingWail+1","floor":25},{"not_picked":["Cold Snap","Underhanded Strike","Cleave"],"picked":"SKIP","floor":27},{"not_picked":["Lockon","Body Slam","Halt+1"],"picked":"SKIP","floor":31},{"not_picked":["Secret Technique","Storm of Steel"],"picked":"Doppelganger","floor":33},{"not_picked":["Prepared","Wild Strike+1","Go for the Eyes"],"picked":"SKIP","floor":35},{"not_picked":["Redo","Slice"],"picked":"Warcry+1","floor":37},{"not_picked":["Sadistic Nature","Magnetism"],"picked":"Transmutation","floor":38},{"not_picked":["The Bomb","Discovery"],"picked":"Transmutation","floor":38},{"not_picked":["DeceiveReality","Heavy Blade"],"picked":"White Noise","floor":39},{"not_picked":["Force Field+1","Finesse","Blood for Blood+1"],"picked":"SKIP","floor":40},{"not_picked":["Beam Cell+1","Halt","Pummel"],"picked":"SKIP","floor":45},{"not_picked":["Warcry","Leap+1"],"picked":"Phantasmal Killer","floor":46},{"not_picked":["Slice","Iron Wave","JustLucky"],"picked":"SKIP","floor":47},{"not_picked":["Redo+1","Backstab"],"picked":"EmptyBody+1","floor":48}],"player_experience":611258,"relics_obtained":[{"floor":9,"key":"Meat on the Bone"},{"floor":25,"key":"Ancient Tea Set"},{"floor":26,"key":"Orichalcum"},{"floor":40,"key":"Pocketwatch"},{"floor":43,"key":"Darkstone Periapt"}],"event_choices":[{"damage_healed":0,"gold_gain":0,"cards_transformed":["Strike_R"],"player_choice":"Transformed","damage_taken":0,"max_hp_gain":0,"max_hp_loss":0,"event_name":"Transmorgrifier","floor":3,"gold_loss":0,"cards_obtained":["Anger"]},{"damage_healed":0,"gold_gain":100,"player_choice":"Pray","damage_taken":0,"max_hp_gain":0,"max_hp_loss":0,"event_name":"Golden Shrine","floor":10,"gold_loss":0},{"cards_removed":["Strike_R"],"damage_healed":0,"gold_gain":0,"player_choice":"Gave Gold","damage_taken":0,"max_hp_gain":0,"max_hp_loss":0,"event_name":"Beggar","floor":20,"gold_loss":75},{"damage_healed":0,"gold_gain":0,"player_choice":"Shed Blood","damage_taken":20,"max_hp_gain":5,"max_hp_loss":0,"event_name":"Forgotten Altar","floor":21,"gold_loss":0},{"cards_removed":["Strike_R"],"damage_healed":0,"gold_gain":0,"player_choice":"Elegance","damage_taken":0,"max_hp_gain":0,"max_hp_loss":0,"event_name":"Back to Basics","floor":22,"gold_loss":0},{"damage_healed":0,"gold_gain":0,"player_choice":"Obtained Relic","damage_taken":0,"relics_obtained":["Pantograph"],"max_hp_gain":0,"max_hp_loss":0,"event_name":"Addict","floor":28,"gold_loss":85},{"damage_healed":0,"gold_gain":0,"player_choice":"Embrace Madness","damage_taken":11,"max_hp_gain":0,"max_hp_loss":0,"event_name":"Winding Halls","floor":36,"gold_loss":0,"cards_obtained":["Madness","Madness"]},{"damage_healed":0,"gold_gain":0,"player_choice":"Memory 3","damage_taken":10,"max_hp_gain":0,"max_hp_loss":0,"event_name":"SensoryStone","floor":38,"gold_loss":0},{"cards_removed":["Fiend Fire"],"damage_healed":0,"gold_gain":0,"player_choice":"Gave Card","damage_taken":0,"relics_obtained":["Dream Catcher"],"max_hp_gain":0,"max_hp_loss":0,"event_name":"WeMeetAgain","floor":41,"gold_loss":0}],"is_beta":false,"boss_relics":[{"not_picked":["Empty Cage","SlaversCollar"],"picked":"Sozu"},{"not_picked":["Snecko Eye","Black Blood"],"picked":"Pandora\u0027s Box"}],"items_purged_floors":[4],"is_endless":false,"potions_floor_spawned":[5,12,13,16,24,25,33,35,37,46,47],"ascension_level":0}}