{"host":"zrerxgu8lagrk16e","time":1611802319,"event":{"mods":["AchievementEnabler","BaseMod","Colored Map","Colored Powertips","Minty Spire (QoL Compilation)","Quick Restart","Relic Stats","StSLib","slay the spire mod where everything is the same but ironclad has a cowboy hat"],"gold_per_floor":[110,110,110,124,124,157,157,182,205,12,32,63,63,74,74,173,173,184,36,36,50,60,95,95,120,174,174,174],"floor_reached":27,"language":"ENG","playtime":1485,"items_purged":[],"score":383,"play_id":"e2c87ca1-5c5d-48bc-a450-f24331c040ec","local_time":"20210127215159","is_ascension_mode":true,"campfire_choices":[{"data":"SandsOfTime","floor":7.0,"key":"SMITH"},{"data":"MentalFortress","floor":13.0,"key":"SMITH"},{"data":"Tantrum","floor":15.0,"key":"SMITH"},{"floor":24,"key":"REST"}],"circlet_count":0,"master_deck":["Strike_P","Strike_P","Strike_P","Defend_P","Defend_P","Defend_P","Defend_P","Eruption+1","Vigilance","Perseverance","Protect","Regret","SandsOfTime+1","Consecrate","WindmillStrike","Wallop","Perseverance","MentalFortress+1","Evaluate","Tantrum+1","Establishment","ForeignInfluence","ClearTheMind","Pain","Weave","EmptyBody","Ragnarok","Vault","Normality"],"relics":["PureWater","NeowsBlessing","Regal Pillow","Mummified Hand","Boot","Toy Ornithopter","Bottled Tornado","Cursed Key","WarpedTongs","Shuriken","FossilizedHelix","Bag of Marbles"],"acts_visited":["Exordium","TheCity"],"potions_floor_usage":[23,27],"damage_taken":[{"damage":0.0,"enemies":"2 Louse","floor":1.0,"turns":1.0},{"damage":0.0,"enemies":"Jaw Worm","floor":4.0,"turns":1.0},{"damage":2.0,"enemies":"3 Sentries","floor":6.0,"turns":2.0},{"damage":0.0,"enemies":"Gremlin Nob","floor":8.0,"turns":2.0},{"damage":0.0,"enemies":"Cultist","floor":11.0,"turns":2.0},{"damage":16.0,"enemies":"Lagavulin","floor":12.0,"turns":8.0},{"damage":10.0,"enemies":"Blue Slaver","floor":14.0,"turns":4.0},{"damage":34.0,"enemies":"The Guardian","floor":16.0,"turns":9.0},{"damage":34.0,"enemies":"3 Byrds","floor":18.0,"turns":5.0},{"damage":4.0,"enemies":"2 Thieves","floor":21.0,"turns":3.0},{"damage":12.0,"enemies":"Shelled Parasite and Fungi","floor":22.0,"turns":5.0},{"damage":9,"enemies":"Slavers","floor":23,"turns":5},{"damage":48,"enemies":"Book of Stabbing","floor":25,"turns":6},{"damage":21,"enemies":"Centurion and Healer","floor":27,"turns":7}],"seed_played":"2154758999366811538","potions_obtained":[{"floor":1.0,"key":"FearPotion"},{"floor":4.0,"key":"SteroidPotion"},{"floor":6.0,"key":"AttackPotion"},{"floor":12.0,"key":"SpeedPotion"},{"floor":25,"key":"StancePotion"}],"is_trial":false,"path_per_floor":["M","?","?","M","?","E","R","E","T","$","M","E","R","M","R","B",null,"M","$","?","M","M","E","R","E","T","M"],"character_chosen":"WATCHER","items_purchased":["WindmillStrike","Wallop","Perseverance","ClearTheMind","Block Potion","Fire Potion"],"campfire_rested":1,"item_purchase_floors":[10,10,10,19,19,19],"current_hp_per_floor":[72,72,65,65,65,63,63,63,63,63,63,47,47,37,37,8,72,38,38,38,39,27,23,59,11,11,0,0],"gold":174,"neow_bonus":"THREE_ENEMY_KILL","is_daily":false,"chose_seed":false,"campfire_upgraded":3,"win_rate":0.0,"timestamp":1611802319,"path_taken":["M","?","?","M","?","E","R","E","T","?","M","E","R","M","R","BOSS","M","?","?","M","?","E","R","E","T","M"],"items_purchased_type":["Card","Card","Card","Card","Potion","Potion"],"build_version":"2020-12-22","purchased_purges":0,"victory":false,"max_hp_per_floor":[72,72,72,72,72,72,72,72,72,72,72,72,72,72,72,72,72,72,72,72,72,72,72,72,72,72,72,72],"relic_stats":{"Regal Pillow":15,"counters":[14,60],"Mummified Hand":[18],"Shuriken":[4],"Boot":[62],"Cursed Key":1,"obtain_stats":[{"Regal Pillow":5,"NeowsBlessing":0,"Mummified Hand":6,"Shuriken":23,"Bag of Marbles":26,"PureWater":0,"Bottled Tornado":12,"Boot":8,"Cursed Key":17,"Toy Ornithopter":9,"FossilizedHelix":25,"WarpedTongs":20},{"Regal Pillow":2,"NeowsBlessing":0,"Mummified Hand":3,"Shuriken":12,"Bag of Marbles":13,"PureWater":0,"Bottled Tornado":6,"Boot":4,"Cursed Key":8,"Toy Ornithopter":4,"FossilizedHelix":13,"WarpedTongs":9},{"Regal Pillow":2,"NeowsBlessing":0,"Mummified Hand":4,"Shuriken":47,"Bag of Marbles":53,"PureWater":0,"Bottled Tornado":16,"Boot":6,"Cursed Key":29,"Toy Ornithopter":6,"FossilizedHelix":53,"WarpedTongs":34}],"Toy Ornithopter":20,"WarpedTongs":[26]},"card_choices":[{"not_picked":["Study","EmptyBody"],"picked":"Perseverance","floor":1.0},{"not_picked":["Prostrate","Adaptation"],"picked":"Protect","floor":4.0},{"not_picked":["DeusExMachina","ClearTheMind"],"picked":"SandsOfTime","floor":6.0},{"not_picked":["Sanctity","Prostrate"],"picked":"Consecrate","floor":8.0},{"not_picked":["Halt","FlurryOfBlows"],"picked":"MentalFortress","floor":11.0},{"not_picked":["JustLucky","ThirdEye"],"picked":"Evaluate","floor":12.0},{"not_picked":["LikeWater","CrushJoints"],"picked":"Tantrum","floor":14.0},{"not_picked":["DevaForm","Omniscience"],"picked":"Establishment","floor":16.0},{"not_picked":["Collect","FlurryOfBlows"],"picked":"ForeignInfluence","floor":18.0},{"not_picked":["WheelKick+1","FollowUp"],"picked":"Weave","floor":21.0},{"not_picked":["Halt","PathToVictory"],"picked":"EmptyBody","floor":22.0},{"not_picked":["Meditate","SashWhip+1"],"picked":"Ragnarok","floor":23},{"not_picked":["Protect+1","Crescendo"],"picked":"Vault","floor":25}],"player_experience":180933,"relics_obtained":[{"floor":6.0,"key":"Mummified Hand"},{"floor":8.0,"key":"Boot"},{"floor":9.0,"key":"Toy Ornithopter"},{"floor":12.0,"key":"Bottled Tornado"},{"floor":23,"key":"Shuriken"},{"floor":25,"key":"FossilizedHelix"},{"floor":26,"key":"Bag of Marbles"}],"event_choices":[{"damage_healed":0.0,"max_hp_gain":0.0,"max_hp_loss":0.0,"gold_gain":0.0,"event_name":"Living Wall","player_choice":"Grow","floor":2.0,"gold_loss":0.0,"damage_taken":0.0,"cards_upgraded":["Eruption"]},{"cards_removed":["Strike_P"],"damage_healed":0.0,"max_hp_gain":0.0,"max_hp_loss":0.0,"gold_gain":0.0,"event_name":"Golden Wing","player_choice":"Card Removal","floor":3.0,"gold_loss":0.0,"damage_taken":7.0},{"damage_healed":0.0,"max_hp_gain":0.0,"max_hp_loss":0.0,"gold_gain":0.0,"event_name":"Big Fish","player_choice":"Box","floor":5.0,"gold_loss":0.0,"damage_taken":0.0,"relics_obtained":["Regal Pillow"],"cards_obtained":["Regret"]},{"damage_healed":0.0,"max_hp_gain":0.0,"max_hp_loss":0.0,"gold_gain":0.0,"event_name":"Accursed Blacksmith","player_choice":"Rummage","floor":20.0,"gold_loss":0.0,"damage_taken":0.0,"relics_obtained":["WarpedTongs"],"cards_obtained":["Pain"]}],"is_beta":false,"boss_relics":[{"not_picked":["Velvet Choker","Sozu"],"picked":"Cursed Key"}],"items_purged_floors":[],"is_endless":false,"potions_floor_spawned":[1,4,6,12,25],"killed_by":"Centurion and Healer","ascension_level":4}}