{"host":"13o02hya6v6rzuva","time":1611849042,"event":{"mods":["BaseMod","Minty Spire (QoL Compilation)","Relic Stats"],"gold_per_floor":[215,229,244,257,270,270,300,300,300,311,322,397,431,441,441,537,537,553,553,2,12,12,12,26,60,60,71,400,400,430,11,11,11,11],"floor_reached":33,"language":"ENG","playtime":3339,"items_purged":[],"score":498,"play_id":"ace4944b-f0a4-4ab3-8941-06433644b290","local_time":"20210128165042","is_ascension_mode":true,"campfire_choices":[{"data":"Ragnarok","floor":6.0,"key":"SMITH"},{"data":"LikeWater","floor":8.0,"key":"SMITH"},{"floor":15.0,"key":"REST"},{"data":"Ragnarok","floor":23.0,"key":"SMITH"},{"floor":29.0,"key":"REST"},{"floor":32,"key":"REST"}],"circlet_count":0,"master_deck":["Strike_P","Strike_P","Strike_P","Strike_P","Defend_P","Defend_P","Defend_P","Defend_P","Eruption","Vigilance","TalkToTheHand","FlyingSleeves","Consecrate","Ragnarok+1","FlurryOfBlows","LikeWater+1","Evaluate","Protect","LikeWater","FlurryOfBlows","Ragnarok+1","SpiritShield","DevaForm","Apotheosis"],"relics":["PureWater","Gambling Chip","Darkstone Periapt","Snecko Eye","Mango","HornCleat","Bottled Lightning","Matryoshka","Old Coin","Ancient Tea Set","Bottled Tornado"],"acts_visited":["Exordium","TheCity"],"potions_floor_usage":[],"damage_taken":[{"damage":0.0,"enemies":"Small Slimes","floor":1.0,"turns":3.0},{"damage":0.0,"enemies":"Jaw Worm","floor":2.0,"turns":3.0},{"damage":0.0,"enemies":"Cultist","floor":3.0,"turns":4.0},{"damage":7.0,"enemies":"Blue Slaver","floor":4.0,"turns":3.0},{"damage":4.0,"enemies":"Exordium Wildlife","floor":5.0,"turns":3.0},{"damage":7.0,"enemies":"3 Sentries","floor":7.0,"turns":3.0},{"damage":0.0,"enemies":"2 Fungi Beasts","floor":10.0,"turns":2.0},{"damage":0.0,"enemies":"Blue Slaver","floor":11.0,"turns":2.0},{"damage":0.0,"enemies":"Gremlin Nob","floor":13.0,"turns":3.0},{"damage":8.0,"enemies":"Large Slime","floor":14.0,"turns":4.0},{"damage":40.0,"enemies":"Hexaghost","floor":16.0,"turns":8.0},{"damage":0.0,"enemies":"Spheric Guardian","floor":18.0,"turns":2.0},{"damage":7.0,"enemies":"2 Thieves","floor":21.0,"turns":4.0},{"damage":25.0,"enemies":"Snake Plant","floor":24.0,"turns":5.0},{"damage":0.0,"enemies":"Book of Stabbing","floor":25.0,"turns":2.0},{"damage":15.0,"enemies":"Centurion and Healer","floor":27.0,"turns":6.0},{"damage":21.0,"enemies":"Gremlin Leader","floor":28.0,"turns":6.0},{"damage":0,"enemies":"Book of Stabbing","floor":30,"turns":5},{"damage":23,"enemies":"Collector","floor":33,"turns":7}],"seed_played":"8660326232287810795","potions_obtained":[{"floor":1.0,"key":"SteroidPotion"},{"floor":3.0,"key":"StancePotion"},{"floor":10.0,"key":"ColorlessPotion"},{"floor":11.0,"key":"ColorlessPotion"},{"floor":24.0,"key":"Energy Potion"},{"floor":25.0,"key":"Weak Potion"},{"floor":28.0,"key":"BlessingOfTheForge"},{"floor":30,"key":"ColorlessPotion"}],"is_trial":false,"path_per_floor":["M","M","M","M","M","R","E","R","T","M","M","?","E","M","R","B",null,"M","?","$","M","?","R","M","E","T","M","E","R","E","$","R","B"],"character_chosen":"WATCHER","items_purchased":["Mango","HornCleat","Bottled Tornado","Apotheosis"],"campfire_rested":3,"item_purchase_floors":[20,20,31,31],"current_hp_per_floor":[72,72,72,65,61,61,54,54,54,54,54,43,43,35,56,16,72,72,59,73,66,66,66,41,41,41,26,5,32,32,32,59,36,36],"gold":11,"neow_bonus":"HUNDRED_GOLD","is_daily":false,"chose_seed":false,"campfire_upgraded":3,"win_rate":0.0,"timestamp":1611849042,"path_taken":["M","M","M","M","M","R","E","R","T","M","M","?","E","M","R","BOSS","M","?","$","M","?","R","M","E","T","M","E","R","E","$","R","BOSS"],"items_purchased_type":["Relic","Relic","Relic","Card"],"build_version":"2020-12-22","purchased_purges":0,"victory":false,"max_hp_per_floor":[72,72,72,72,72,72,72,72,72,72,72,72,72,72,72,72,72,72,77,91,91,91,91,91,91,91,91,91,91,91,91,91,91,91],"relic_stats":{"Darkstone Periapt":0,"counters":[19,75],"Gambling Chip":[30],"Snecko Eye":[71,62,79,78],"obtain_stats":[{"Darkstone Periapt":13,"HornCleat":20,"Matryoshka":26,"Gambling Chip":7,"Snecko Eye":17,"Mango":20,"Bottled Lightning":25,"PureWater":0,"Bottled Tornado":31,"Ancient Tea Set":30,"Old Coin":28},{"Darkstone Periapt":9,"HornCleat":12,"Matryoshka":15,"Gambling Chip":6,"Snecko Eye":11,"Mango":12,"Bottled Lightning":15,"PureWater":0,"Bottled Tornado":18,"Ancient Tea Set":18,"Old Coin":17},{"Darkstone Periapt":26,"HornCleat":40,"Matryoshka":51,"Gambling Chip":19,"Snecko Eye":38,"Mango":40,"Bottled Lightning":51,"PureWater":0,"Bottled Tornado":68,"Ancient Tea Set":68,"Old Coin":63}]},"card_choices":[{"not_picked":["Pray","Evaluate"],"picked":"TalkToTheHand","floor":1.0},{"not_picked":["Swivel","EmptyBody"],"picked":"FlyingSleeves","floor":2.0},{"not_picked":["CrushJoints","FlyingSleeves"],"picked":"Consecrate","floor":3.0},{"not_picked":["JustLucky","MentalFortress"],"picked":"Ragnarok","floor":4.0},{"not_picked":["PathToVictory","EmptyFist"],"picked":"FlurryOfBlows","floor":5.0},{"not_picked":["Consecrate","Fasting2"],"picked":"LikeWater","floor":7.0},{"not_picked":["SashWhip","FollowUp"],"picked":"Evaluate","floor":10.0},{"not_picked":["EmptyFist","Devotion"],"picked":"Protect","floor":11.0},{"not_picked":["WaveOfTheHand","Ragnarok"],"picked":"LikeWater","floor":13.0},{"not_picked":["Swivel","Protect"],"picked":"FlurryOfBlows","floor":14.0},{"not_picked":["Wish","ConjureBlade"],"picked":"Ragnarok","floor":16.0},{"not_picked":["FlyingSleeves","InnerPeace","EmptyFist"],"picked":"SKIP","floor":18.0},{"not_picked":["Protect","BowlingBash"],"picked":"SpiritShield","floor":21.0},{"not_picked":["EmptyFist+1","CutThroughFate+1","Evaluate"],"picked":"SKIP","floor":24.0},{"not_picked":["Conclude","Pray","ThirdEye"],"picked":"SKIP","floor":25.0},{"not_picked":["BowlingBash+1","PathToVictory","JustLucky"],"picked":"SKIP","floor":27.0},{"not_picked":["JustLucky","Evaluate","FlurryOfBlows+1"],"picked":"SKIP","floor":28.0},{"not_picked":["EmptyFist","Fasting2"],"picked":"DevaForm","floor":30}],"player_experience":1162334,"relics_obtained":[{"floor":7.0,"key":"Gambling Chip"},{"floor":13.0,"key":"Darkstone Periapt"},{"floor":25.0,"key":"Bottled Lightning"},{"floor":26.0,"key":"Matryoshka"},{"floor":28.0,"key":"Old Coin"},{"floor":30,"key":"Ancient Tea Set"}],"event_choices":[{"damage_healed":0.0,"max_hp_gain":0.0,"max_hp_loss":0.0,"gold_gain":75.0,"event_name":"World of Goop","player_choice":"Gather Gold","floor":12.0,"gold_loss":0.0,"damage_taken":11.0},{"damage_healed":0.0,"max_hp_gain":5.0,"max_hp_loss":0.0,"gold_gain":0.0,"event_name":"Forgotten Altar","player_choice":"Shed Blood","floor":19.0,"gold_loss":0.0,"damage_taken":18.0},{"damage_healed":0.0,"max_hp_gain":0.0,"max_hp_loss":0.0,"gold_gain":0.0,"event_name":"Vampires","player_choice":"Ignored","floor":22.0,"gold_loss":0.0,"damage_taken":0.0}],"is_beta":false,"boss_relics":[{"not_picked":["Fusion Hammer","Pandora\u0027s Box"],"picked":"Snecko Eye"}],"items_purged_floors":[],"is_endless":false,"potions_floor_spawned":[1,3,10,11,24,25,28,30],"killed_by":"Collector","ascension_level":4}}