{"host":"1omuyl0df1yi03p2","time":1611861848,"event":{"mods":["BaseMod","Colored Map","Colored Powertips","Downfall","Hubris","Infinite Spire","Minty Spire (QoL Compilation)","Replay The Spire","StSLib","The Bug Knight","The Necromancer","The Wild Card"],"gold_per_floor":[99,117,117,117,130,20,20,20,67,67,83,43,61,78,95,95,95,95],"floor_reached":16,"language":"ENG","playtime":2637,"items_purged":[],"score":92,"play_id":"80c2fbd4-839a-4275-a396-7d3c3f18297e","local_time":"20210128132408","is_ascension_mode":false,"campfire_choices":[{"data":"champ:Taunt","floor":1,"key":"SMITH"},{"data":"champ:Lariat","floor":8,"key":"SMITH"},{"data":"champ:PreciseThrust","floor":10,"key":"SMITH"}],"circlet_count":0,"master_deck":["champ:Strike","champ:Strike","champ:Strike","champ:Strike","champ:Defend","champ:Defend","champ:Defend","champ:Defend","champ:Execute+1","champ:Taunt+1","champ:DefensiveShout","Regret","champ:PreciseThrust+1","champ:Lariat+1","champ:BringItOn","champ:IronFortress","champ:BringItOn","champ:StanceDance","champ:FanOfKnives","champ:Endure","champ:FocusedBerserking","champ:SkillfulDodge"],"relics":["champ:ChampionCrown","PreservedInsect","Replay:Bottled Eggs","Replay:Baseball"],"acts_visited":["Exordium"],"potions_floor_usage":[13,16],"damage_taken":[{"damage":20,"enemies":"Cultist","floor":2,"turns":3},{"damage":17,"enemies":"2 Louse","floor":5,"turns":4},{"damage":18,"enemies":"downfall:FleeingMerchant","floor":6,"turns":4},{"damage":11,"enemies":"Jaw Worm","floor":11,"turns":2},{"damage":16,"enemies":"downfall:FleeingMerchant","floor":12,"turns":4},{"damage":28,"enemies":"Exordium Thugs","floor":13,"turns":5},{"damage":3,"enemies":"Red Slaver","floor":14,"turns":3},{"damage":20,"enemies":"Exordium Wildlife","floor":15,"turns":4},{"damage":98,"enemies":"SI_SHIV_ARCHETYPE","floor":16,"turns":7}],"seed_played":"-2215643692703023863","potions_obtained":[{"floor":2,"key":"PowerPotion"},{"floor":11,"key":"LiquidMemories"}],"is_trial":false,"path_per_floor":["R","M","?","?","M","$","T","R","T","R","M","$","M","M","M","B"],"character_chosen":"THE_CHAMP","items_purchased":["champ:BringItOn","champ:IronFortress","champ:FanOfKnives"],"campfire_rested":0,"item_purchase_floors":[6,6,12],"current_hp_per_floor":[99,99,99,99,97,89,89,89,89,89,88,82,74,71,66,0,0,0],"gold":95,"neow_bonus":"TEN_PERCENT_HP_BONUS","is_daily":false,"chose_seed":false,"campfire_upgraded":3,"win_rate":0.0,"timestamp":1611861848,"path_taken":["R","M","?","?","M","$","T","R","?","R","?","?","M","M","M","BOSS"],"items_purchased_type":["Card","Card","Card"],"build_version":"2020-12-22","purchased_purges":0,"victory":false,"max_hp_per_floor":[99,99,99,99,99,99,99,99,99,99,99,99,99,99,99,99,99,99],"card_choices":[{"not_picked":["champ:Shatter","champ:FancyFootwork"],"picked":"champ:DefensiveShout","floor":2},{"not_picked":["champ:Shatter","champ:DefensiveShout"],"picked":"champ:PreciseThrust","floor":5},{"not_picked":["champ:DefensiveShout","champ:Shatter"],"picked":"champ:Lariat","floor":6},{"not_picked":["champ:StanceDance","champ:FocusedDefense"],"picked":"champ:BringItOn","floor":11},{"not_picked":["champ:DefensiveShout","champ:StrikeOfGenius"],"picked":"champ:StanceDance","floor":12},{"not_picked":["champ:BerserkersShout","champ:Shatter"],"picked":"champ:Endure","floor":13},{"not_picked":["champ:BringItOn","champ:Shatter"],"picked":"champ:FocusedBerserking","floor":14},{"not_picked":["champ:TornadoPunch","champ:EnGarde"],"picked":"champ:SkillfulDodge","floor":15}],"player_experience":183060,"relics_obtained":[{"floor":7,"key":"Replay:Bottled Eggs"},{"floor":9,"key":"Replay:Baseball"}],"event_choices":[{"damage_healed":0,"gold_gain":0,"player_choice":"Box","damage_taken":0,"relics_obtained":["PreservedInsect"],"max_hp_gain":0,"max_hp_loss":0,"event_name":"Big Fish","floor":3,"gold_loss":0,"cards_obtained":["Regret"]}],"is_beta":false,"boss_relics":[],"items_purged_floors":[],"is_endless":false,"potions_floor_spawned":[2,11],"killed_by":"SI_SHIV_ARCHETYPE","ascension_level":0}}