{"host":"8kd0mw0b4mjhs7vl","time":1611858805,"event":{"mods":["BaseMod","Colored Map","Downfall","Friendly Minions","Minty Spire (QoL Compilation)","StSLib","SuperFastMode"],"gold_per_floor":[99,118,131,131,145,62,139,156,59,89,109,123,273,300,316,421,421,321,332,342,31,31,31,54,54,71,71,71,71],"floor_reached":27,"language":"ENG","playtime":4955,"items_purged":[],"score":215,"play_id":"022ff5f4-1f82-4db9-b259-2d966373dba3","local_time":"20210128183325","is_ascension_mode":false,"campfire_choices":[{"data":"hexamod:Sear","floor":1,"key":"SMITH"},{"data":"hexamod:ForkedFlame","floor":18,"key":"SMITH"}],"circlet_count":0,"master_deck":["hexamod:Strike","hexamod:Strike","hexamod:Defend","hexamod:Defend","hexamod:Defend","hexamod:Defend","hexamod:Sear+1","hexamod:Float","hexamod:CatchUp","hexamod:StepThrough","hexamod:BurningTouch","hexamod:SoulSteal","hexamod:HexaLevel","hexamod:Incineration","hexamod:TimeOfNeed","hexamod:ExtraCrispy","hexamod:Hexaguard","hexamod:UnlimitedPower","hexamod:GhostLash","hexamod:ForkedFlame+1","hexamod:RecurringNightmare+1","hexamod:ThirdSeal","hexamod:Hexaguard","hexamod:RadiantFlame","Pain","hexamod:ChargedBarrage"],"relics":["hexamod:SpiritBrand","White Beast Statue","Eternal Feather","Odd Mushroom","hexamod:IceCube","downfall:HeartBlessingGreen","Membership Card","Question Card","Happy Flower"],"acts_visited":["Exordium","TheCity"],"potions_floor_usage":[8,9,12,14,16,16,16,16,16,20,21,21,26,26,27],"damage_taken":[{"damage":0,"enemies":"Cultist","floor":2,"turns":3},{"damage":0,"enemies":"2 Louse","floor":3,"turns":4},{"damage":0,"enemies":"Small Slimes","floor":5,"turns":4},{"damage":0,"enemies":"downfall:FleeingMerchant","floor":6,"turns":4},{"damage":0,"enemies":"3 Louse","floor":8,"turns":1},{"damage":10,"enemies":"downfall:FleeingMerchant","floor":9,"turns":4},{"damage":9,"enemies":"Lagavulin","floor":10,"turns":5},{"damage":9,"enemies":"Large Slime","floor":11,"turns":4},{"damage":0,"enemies":"Blue Slaver","floor":12,"turns":3},{"damage":20,"enemies":"The Mushroom Lair","floor":14,"turns":3},{"damage":12,"enemies":"Exordium Wildlife","floor":15,"turns":6},{"damage":22,"enemies":"WA_ARCHETYPE_RETAIN","floor":16,"turns":6},{"damage":10,"enemies":"3 Byrds","floor":19,"turns":4},{"damage":15,"enemies":"Centurion and Healer","floor":20,"turns":5},{"damage":15,"enemies":"downfall:FleeingMerchant","floor":21,"turns":4},{"damage":19,"enemies":"Sentry and Sphere","floor":26,"turns":6},{"damage":45,"enemies":"Gremlin Leader","floor":27,"turns":7}],"seed_played":"-2036049149403804664","potions_obtained":[{"floor":2,"key":"Explosive Potion"},{"floor":8,"key":"LiquidMemories"},{"floor":9,"key":"Regen Potion"},{"floor":10,"key":"PowerPotion"},{"floor":11,"key":"EntropicBrew"},{"floor":12,"key":"Energy Potion"},{"floor":14,"key":"Energy Potion"},{"floor":15,"key":"LiquidBronze"},{"floor":16,"key":"Ancient Potion"},{"floor":19,"key":"GamblersBrew"},{"floor":20,"key":"Weak Potion"},{"floor":21,"key":"Explosive Potion"},{"floor":26,"key":"Strength Potion"}],"is_trial":false,"path_per_floor":["R","M","M","?","M","$","T","M","$","E","M","M","?","?","M","B",null,"R","M","M","$","?","?","T","?","M","E"],"character_chosen":"THE_SPIRIT","items_purchased":["hexamod:HexaLevel","hexamod:ExtraCrispy","Membership Card","Question Card","hexamod:EctoCoolerPotion"],"campfire_rested":0,"item_purchase_floors":[6,9,21,21,21],"current_hp_per_floor":[77,77,77,77,77,77,77,77,67,58,49,61,61,41,29,7,77,77,67,52,37,37,62,62,62,43,0,0,0],"gold":71,"neow_bonus":"TEN_PERCENT_HP_BONUS","is_daily":false,"chose_seed":false,"campfire_upgraded":2,"win_rate":0.0,"timestamp":1611858805,"path_taken":["R","M","M","?","M","$","T","M","?","E","?","M","?","?","M","BOSS","R","M","M","$","?","?","T","?","M","E"],"items_purchased_type":["Card","Card","Relic","Relic","Potion"],"build_version":"2020-12-22","purchased_purges":0,"victory":false,"max_hp_per_floor":[77,77,77,77,77,77,77,77,77,77,77,77,77,77,77,77,77,77,77,77,77,77,77,77,77,77,77,77,77],"card_choices":[{"not_picked":["hexamod:StepThrough","hexamod:AdvancingGuard"],"picked":"hexamod:CatchUp","floor":2},{"not_picked":["hexamod:NightmareGuise","hexamod:GhostLash"],"picked":"hexamod:StepThrough","floor":3},{"not_picked":["hexamod:FastForward","hexamod:GhostflameBarrier"],"picked":"hexamod:BurningTouch","floor":5},{"not_picked":["hexamod:NightmareGuise","hexamod:Rewind"],"picked":"hexamod:SoulSteal","floor":6},{"not_picked":["hexamod:SwordOfDarkness","hexamod:Firestarter"],"picked":"hexamod:Incineration","floor":8},{"not_picked":["hexamod:Incineration","hexamod:SpectersWail"],"picked":"hexamod:TimeOfNeed","floor":9},{"not_picked":["hexamod:ThermalTransfer","hexamod:GhostOfSpireFuture"],"picked":"hexamod:Hexaguard","floor":10},{"not_picked":["hexamod:NecessarySacrifice","hexamod:ShieldOfDarkness","hexamod:GhostLash"],"picked":"SKIP","floor":11},{"not_picked":["hexamod:ThermalTransfer","hexamod:Firestarter","hexamod:BacktrackSmack"],"picked":"SKIP","floor":12},{"not_picked":["hexamod:NightmareGuise","hexamod:GhostLash"],"picked":"hexamod:UnlimitedPower","floor":14},{"not_picked":["hexamod:FastForward","hexamod:ParanormalForm"],"picked":"hexamod:GhostLash","floor":15},{"not_picked":["hexamod:SearingWound","hexamod:ParanormalForm"],"picked":"hexamod:ForkedFlame","floor":16},{"not_picked":["hexamod:HeatMetal+1","hexamod:Again"],"picked":"hexamod:RecurringNightmare+1","floor":19},{"not_picked":["hexamod:Firestarter+1","hexamod:FastForward"],"picked":"hexamod:ThirdSeal","floor":20},{"not_picked":["hexamod:BacktrackSmack","hexamod:GhostOfSpireFuture"],"picked":"hexamod:Hexaguard","floor":21},{"not_picked":["hexamod:PhantomFireball+1","hexamod:HeatMetal","hexamod:Again+1"],"picked":"SKIP","floor":21},{"not_picked":["hexamod:RadiantFlame+1","hexamod:Firestarter","hexamod:Hexaguard"],"picked":"hexamod:ChargedBarrage","floor":26},{"not_picked":["hexamod:NightmareStrike","hexamod:GhostLash","hexamod:Hexaguard","hexamod:Firestarter"],"picked":"SKIP","floor":26}],"player_experience":282598,"relics_obtained":[{"floor":7,"key":"White Beast Statue"},{"floor":10,"key":"Eternal Feather"},{"floor":14,"key":"Odd Mushroom"},{"floor":24,"key":"Happy Flower"}],"event_choices":[{"cards_removed":["hexamod:Strike"],"damage_healed":0,"gold_gain":0,"player_choice":"Offered Basic","damage_taken":0,"max_hp_gain":0,"max_hp_loss":0,"event_name":"Bonfire Elementals","floor":4,"gold_loss":0},{"damage_healed":0,"gold_gain":0,"player_choice":"Fought Mushrooms","damage_taken":0,"max_hp_gain":0,"max_hp_loss":0,"event_name":"Mushrooms","floor":14,"gold_loss":0},{"damage_healed":25,"gold_gain":0,"player_choice":"Heal","damage_taken":0,"max_hp_gain":0,"max_hp_loss":0,"event_name":"The Library","floor":23,"gold_loss":0},{"damage_healed":0,"gold_gain":0,"cards_transformed":["hexamod:Strike","downfall:Icky"],"player_choice":"Became Test Subject","damage_taken":0,"max_hp_gain":0,"max_hp_loss":0,"event_name":"Drug Dealer","floor":25,"gold_loss":0,"cards_obtained":["hexamod:RadiantFlame","Pain"]}],"is_beta":false,"boss_relics":[{"not_picked":["bronze:MakeshiftBattery","Pandora\u0027s Box"],"picked":"hexamod:IceCube"}],"items_purged_floors":[],"is_endless":false,"potions_floor_spawned":[2,8,9,10,11,12,14,15,16,19,20,21,26],"killed_by":"Gremlin Leader","ascension_level":0}}