{"host":"8u7tvcybuv0u72fd","time":1611810754,"event":{"mods":["BaseMod","BetterRewards","Colored Map","Colored Powertips","Minty Spire (QoL Compilation)","Quick Restart","Shop Mod"],"gold_per_floor":[113,188,203,378,396,396,416,416,439,457,457,469,469,489,489,594,594,594,519,519,519,519,519,519,519,519,519,369,369,369,369,369,369,369,369,369,369,369,369,369,115,115,115,115,115,115,115,115,115,115,115,115,15,15,15,15],"floor_reached":55,"language":"ENG","playtime":2754,"items_purged":["Strike_R","Madness"],"score":929,"play_id":"923217dd-f698-4f5c-ac6a-c47a2ed5123a","local_time":"20210128001234","is_ascension_mode":false,"campfire_choices":[{"data":"Uppercut","floor":6.0,"key":"SMITH"},{"data":"Doubt","floor":11.0,"key":"PURGE"},{"data":"Body Slam","floor":13.0,"key":"SMITH"},{"floor":15.0,"key":"REST"},{"data":"Bash","floor":25.0,"key":"SMITH"},{"data":"Double Tap","floor":32.0,"key":"SMITH"},{"data":"Rage","floor":40.0,"key":"SMITH"},{"data":"Enlightenment","floor":46.0,"key":"SMITH"},{"floor":49.0,"key":"RECALL"},{"data":"Parasite","floor":52,"key":"PURGE"}],"circlet_count":0,"master_deck":["Strike_R+1","Strike_R+1","Strike_R+1","Defend_R+1","Defend_R+1","Defend_R+1","Defend_R+1","Bash+1","Rampage+1","Uppercut+1","Shrug It Off+1","Body Slam+1","Feed","Seeing Red+1","Headbutt","Dropkick","Rage+1","Double Tap+1","Impervious","CurseOfTheBell","Enlightenment+1","Madness","Inflame"],"relics":["Burning Blood","Peace Pipe","Juzu Bracelet","Turnip","MealTicket","Pocketwatch","Tiny Chest","Ectoplasm","Art of War","Pen Nib","White Beast Statue","Vajra","PreservedInsect","Calling Bell","Orichalcum","Question Card","Thread and Needle","Bottled Lightning","Happy Flower","CeramicFish","Sundial"],"acts_visited":["Exordium","TheCity","TheBeyond","TheEnding"],"potions_floor_usage":[50,55,55,55,55,55,55],"damage_taken":[{"damage":0.0,"enemies":"Small Slimes","floor":1.0,"turns":4.0},{"damage":0.0,"enemies":"Jaw Worm","floor":3.0,"turns":4.0},{"damage":2.0,"enemies":"2 Louse","floor":5.0,"turns":3.0},{"damage":2.0,"enemies":"2 Fungi Beasts","floor":7.0,"turns":4.0},{"damage":0.0,"enemies":"Exordium Wildlife","floor":10.0,"turns":4.0},{"damage":0.0,"enemies":"Looter","floor":12.0,"turns":4.0},{"damage":2.0,"enemies":"Gremlin Gang","floor":14.0,"turns":4.0},{"damage":48.0,"enemies":"The Guardian","floor":16.0,"turns":8.0},{"damage":0.0,"enemies":"Spheric Guardian","floor":18.0,"turns":3.0},{"damage":2.0,"enemies":"3 Byrds","floor":20.0,"turns":7.0},{"damage":23.0,"enemies":"Slavers","floor":23.0,"turns":5.0},{"damage":6.0,"enemies":"Cultist and Chosen","floor":27.0,"turns":5.0},{"damage":4.0,"enemies":"Snake Plant","floor":29.0,"turns":4.0},{"damage":1.0,"enemies":"Centurion and Healer","floor":30.0,"turns":3.0},{"damage":23.0,"enemies":"Gremlin Leader","floor":31.0,"turns":8.0},{"damage":24.0,"enemies":"Champ","floor":33.0,"turns":10.0},{"damage":0.0,"enemies":"Orb Walker","floor":35.0,"turns":3.0},{"damage":4.0,"enemies":"3 Shapes","floor":39.0,"turns":4.0},{"damage":20.0,"enemies":"Giant Head","floor":42.0,"turns":7.0},{"damage":9.0,"enemies":"Writhing Mass","floor":45.0,"turns":4.0},{"damage":14.0,"enemies":"Spire Growth","floor":47.0,"turns":3.0},{"damage":16.0,"enemies":"4 Shapes","floor":48.0,"turns":7.0},{"damage":57,"enemies":"Awakened One","floor":50,"turns":12},{"damage":28,"enemies":"Shield and Spear","floor":54,"turns":7},{"damage":115,"enemies":"The Heart","floor":55,"turns":5}],"seed_played":"-7445131621738895106","potions_obtained":[{"floor":5.0,"key":"AttackPotion"},{"floor":10.0,"key":"Weak Potion"},{"floor":12.0,"key":"Weak Potion"},{"floor":18.0,"key":"AttackPotion"},{"floor":22.0,"key":"Fire Potion"},{"floor":29.0,"key":"EssenceOfSteel"},{"floor":35.0,"key":"Block Potion"},{"floor":39.0,"key":"Strength Potion"},{"floor":45.0,"key":"AttackPotion"},{"floor":47.0,"key":"LiquidBronze"},{"floor":48.0,"key":"EntropicBrew"},{"floor":54,"key":"SkillPotion"}],"is_trial":false,"path_per_floor":["M","?","M","?","M","R","M","?","T","M","R","M","R","M","R","B",null,"M","?","M","?","?","E","T","R","T","M","$","M","M","E","R","B",null,"M","?","?","?","M","R","$","E","T","T","M","R","M","M","R","B",null,"R","$","E","B"],"character_chosen":"IRONCLAD","items_purchased":["Rampage","Juzu Bracelet","MealTicket","Uppercut","SkillPotion","Vajra","Bottled Lightning"],"campfire_rested":1,"item_purchase_floors":[0,0,0,0,0,28,41],"current_hp_per_floor":[38,27,33,33,37,37,41,25,25,31,31,37,37,44,68,26,83,83,83,86,86,86,72,72,72,72,72,87,92,95,81,81,66,101,104,104,104,91,96,96,107,93,93,93,93,93,85,78,78,27,113,110,110,91,0,0],"gold":15,"neow_bonus":"","is_daily":false,"chose_seed":false,"campfire_upgraded":6,"win_rate":0.0,"timestamp":1611810754,"path_taken":["M","?","M","?","M","R","M","?","T","M","R","M","R","M","R","BOSS","M","?","M","?","?","E","?","R","T","M","$","M","M","E","R","BOSS","M","?","?","?","M","R","$","E","T","?","M","R","M","M","R","BOSS","R","$","E","BOSS"],"items_purchased_type":["Card","Relic","Relic","Card","Potion","Relic","Relic"],"build_version":"2020-12-22","purchased_purges":2,"victory":false,"max_hp_per_floor":[80,80,80,80,80,80,80,80,80,80,80,80,80,83,83,83,83,83,83,86,86,86,89,89,89,89,89,89,92,95,98,98,101,101,104,104,104,104,107,107,107,107,107,107,110,110,110,113,113,113,113,110,110,113,113,113],"card_choices":[{"not_picked":["Power Through","Armaments"],"picked":"Shrug It Off","floor":1.0},{"not_picked":["Anger","Clash","Whirlwind"],"picked":"SKIP","floor":3.0},{"not_picked":["Rage","Rampage","Reckless Charge"],"picked":"SKIP","floor":5.0},{"not_picked":["Rupture","Clothesline","Havoc"],"picked":"SKIP","floor":7.0},{"not_picked":["Shrug It Off","Anger"],"picked":"Body Slam","floor":10.0},{"not_picked":["Anger","Iron Wave"],"picked":"Feed","floor":12.0},{"not_picked":["Cleave","Perfected Strike","Sword Boomerang"],"picked":"SKIP","floor":14.0},{"not_picked":["Havoc","Hemokinesis","Pummel+1"],"picked":"SKIP","floor":18.0},{"not_picked":["Twin Strike+1","Clothesline"],"picked":"Seeing Red+1","floor":20.0},{"not_picked":["Dropkick","Iron Wave"],"picked":"Headbutt","floor":23.0},{"not_picked":["Perfected Strike","Second Wind+1"],"picked":"Dropkick","floor":27.0},{"not_picked":["Ghostly Armor","Shockwave","Headbutt"],"picked":"SKIP","floor":29.0},{"not_picked":["Sword Boomerang","Cleave"],"picked":"Rage","floor":30.0},{"not_picked":["Power Through","Fire Breathing+1"],"picked":"Double Tap","floor":31.0},{"not_picked":["Reaper","Berserk"],"picked":"Impervious","floor":33.0},{"not_picked":["Anger","Perfected Strike","Iron Wave+1","Uppercut"],"picked":"SKIP","floor":35.0},{"not_picked":["Magnetism","Transmutation","Violence"],"picked":"Enlightenment","floor":36.0},{"not_picked":["Blood for Blood","Warcry+1","Headbutt","Heavy Blade+1"],"picked":"SKIP","floor":39.0},{"not_picked":["Searing Blow+1","Sever Soul","Infernal Blade","Reckless Charge+1"],"picked":"SKIP","floor":42.0},{"not_picked":["Thunderclap+1","Second Wind","Heavy Blade","Sever Soul"],"picked":"SKIP","floor":45.0},{"not_picked":["Iron Wave","Cleave+1","Spot Weakness+1","Infernal Blade+1"],"picked":"SKIP","floor":47.0},{"not_picked":["Pommel Strike","Clash+1","Warcry+1","Armaments+1"],"picked":"SKIP","floor":48.0},{"not_picked":["True Grit","Second Wind","Limit Break"],"picked":"Inflame","floor":54}],"player_experience":1437286,"relics_obtained":[{"floor":9.0,"key":"Tiny Chest"},{"floor":23.0,"key":"Art of War"},{"floor":24.0,"key":"Pen Nib"},{"floor":26.0,"key":"White Beast Statue"},{"floor":31.0,"key":"PreservedInsect"},{"floor":34.0,"key":"Orichalcum"},{"floor":34.0,"key":"Question Card"},{"floor":34.0,"key":"Thread and Needle"},{"floor":42.0,"key":"Happy Flower"},{"floor":44.0,"key":"CeramicFish"},{"floor":54,"key":"Sundial"}],"event_choices":[{"damage_healed":0.0,"max_hp_gain":0.0,"max_hp_loss":0.0,"gold_gain":75.0,"event_name":"World of Goop","player_choice":"Gather Gold","floor":2.0,"gold_loss":0.0,"damage_taken":11.0},{"damage_healed":0.0,"max_hp_gain":0.0,"max_hp_loss":0.0,"gold_gain":175.0,"event_name":"Liars Game","player_choice":"AGREE","floor":4.0,"gold_loss":0.0,"damage_taken":0.0,"cards_obtained":["Doubt"]},{"damage_healed":0.0,"max_hp_gain":0.0,"max_hp_loss":0.0,"gold_gain":0.0,"event_name":"Shining Light","player_choice":"Entered Light","floor":8.0,"gold_loss":0.0,"damage_taken":16.0,"cards_upgraded":["Rampage","Shrug It Off"]},{"cards_removed":["Strike_R"],"damage_healed":0.0,"max_hp_gain":0.0,"max_hp_loss":0.0,"gold_gain":0.0,"event_name":"Beggar","player_choice":"Gave Gold","floor":19.0,"gold_loss":75.0,"damage_taken":0.0},{"damage_healed":0.0,"max_hp_gain":0.0,"max_hp_loss":0.0,"gold_gain":0.0,"event_name":"Back to Basics","player_choice":"Simplicity","floor":21.0,"gold_loss":0.0,"damage_taken":0.0,"cards_upgraded":["Strike_R","Strike_R","Strike_R","Defend_R","Defend_R","Defend_R","Defend_R"]},{"damage_healed":0.0,"max_hp_gain":0.0,"max_hp_loss":0.0,"gold_gain":0.0,"event_name":"Lab","player_choice":"Got Potions","floor":22.0,"gold_loss":0.0,"damage_taken":0.0},{"damage_healed":0.0,"max_hp_gain":0.0,"max_hp_loss":0.0,"gold_gain":0.0,"event_name":"SensoryStone","player_choice":"Memory 1","floor":36.0,"gold_loss":0.0,"damage_taken":0.0},{"damage_healed":0.0,"max_hp_gain":0.0,"max_hp_loss":0.0,"gold_gain":0.0,"event_name":"Tomb of Lord Red Mask","player_choice":"Ignored","floor":37.0,"gold_loss":0.0,"damage_taken":0.0},{"damage_healed":0.0,"max_hp_gain":0.0,"max_hp_loss":0.0,"gold_gain":0.0,"event_name":"Winding Halls","player_choice":"Embrace Madness","floor":38.0,"gold_loss":0.0,"damage_taken":13.0,"cards_obtained":["Madness","Madness"]}],"is_beta":false,"boss_relics":[{"not_picked":["Astrolabe","Tiny House"],"picked":"Ectoplasm"},{"not_picked":["Sozu","Busted Crown"],"picked":"Calling Bell"}],"items_purged_floors":[0,53],"is_endless":false,"potions_floor_spawned":[5,10,12,18,27,29,30,31,33,35,39,42,45,47,48,54],"killed_by":"The Heart","ascension_level":0}}