{"host":"8inpc3yxphy2r27y","time":1611826698,"event":{"mods":["Aspiration","Astrologer","Bard","BaseMod","Better Synergies","Better Vampires","Challenge The Spire","Conspire","Decade(王小明)","Defuse TimeMaze Blight","Downfall","Energized Spire","FutureSeer","Gremlin Mod","GungeonMod","Highlight Path","Hunter 猎人","KinomotoSakuraMod(木之本樱)","Lobotomy","LobotomyExtend","Minty Spire (QoL Compilation)","MostiFishMod","Quick Restart","READ ME - Guardian Mod","Relic Filter Mod","Relic Stats","Replay The Spire","RumiaBox-露米娅的神秘盒子","Ryuuou龙王","SIMod","Shop Mod","Spicy Shops","StSLib","The Bug Knight","The Cursed","The Gatherer","The Hierophant","Waifu the Spire","[IsaacMod]以撒尖塔","[JumpMod]舞动尖塔","noobMod","【功能Mod】混沌之环修复补丁","【功能Mod】聪明的最终Boss","【遗物卡牌】REMEMod","残留之物","篝火指南"],"gold_per_floor":[99,114,129,144,159,174,229,229,21,21,36,51,66,96,21,36,36,36,36,51,66,81,96,111,126,141,241,241,141,156,171,186,21,36,51,101,101,1,31,31,46,61,136,151,204,204,219,234,366,366,366,366,381,410,425,425,425],"floor_reached":47,"language":"ZHS","playtime":3981,"items_purged":["HollowMod:WraithStrike","conspire:Blindness"],"score":638,"play_id":"64513b71-137f-411f-9b46-b94ee7f2b7cd","local_time":"20210128173818","daily_mods":["Draft","Green Cards","downfall:Hexed"],"is_ascension_mode":false,"campfire_choices":[{"data":"HollowMod:ShadowDash","floor":1.0,"key":"SMITH"},{"floor":1.0,"key":"DIG"},{"floor":9.0,"key":"RECALL"},{"data":"HollowMod:CrystalDash","floor":29.0,"key":"SMITH"}],"circlet_count":0,"master_deck":["Midas Touch+1","HollowMod:ShadowDash+1","HollowMod:DescendingDark+1","HollowMod:CloakDash+1","HollowMod:CrystalDash","HollowMod:SharpenedShadows","HollowMod:CycloneSlash","HollowMod:WraithStrike","HollowMod:RecoilStrike","HollowMod:InfectionAssault","HollowMod:NewLittleFool","HollowMod:InfectedCysts","HollowMod:LifebloodCocoon","HollowMod:FastStrike","HollowMod:DoubleDash","HollowMod:CycloneSlash","HollowMod:VengefulVoid+1","HollowMod:MothsMistake","HollowMod:QuirrelsAssistance","HollowMod:MantisMark","HollowMod:CrystalDash+1","HollowMod:AbyssShriek","HollowMod:DungDefenderAura","HollowMod:GreatSlash","HollowMod:CloakDash","HollowMod:FallenFury","HollowMod:SharpenedNail","HollowMod:theNailsmith","HollowMod:ElderbugsWisdom","HollowMod:BlackTendrils","HollowMod:MantisMark","HollowMod:DashSlash","HollowMod:DoubleDash","HollowMod:GrimmsGift","HollowMod:CycloneSlash","HollowMod:NewGlowingWomb","HollowMod:SiblingsSouls+1","HollowMod:LordofShades","HollowMod:WhiteLadysBlessing","Voices","Overencumbered","HollowMod:BaldurShell","HollowMod:VengefulVoid+1","HollowMod:NewJinnsSoul+1"],"relics":["HollowMod:VesselMask","HushsDoor","REME_ComplimentaryCards","HowToJump","ice","DaveBox","SteamSale","DianPoetry","SSSystem","Guide Book","MerchantsRug","DemoMod:GnawedKey","HonorFeather","HowToJump","ice","Replay:Bottled Steam","LetterFromLob","Torii","GodSword3","Heaven_r","MagicMushroom","downfall:HeartBlessingRed","SynthV","downfall:HeartBlessingBlue","Centennial Puzzle","downfall:HeartBlessingGreen","Membership Card","SalivaCoin","Technique","Replay:Ancient Bell","HollowMod:KingsBrand","ReplayTheSpireMod:Ninjato","DianDianMeat","Strange Spoon","DemoMod:MemoryAlloy","Quantum Egg","UnicornStump","Civilization"],"acts_visited":["Exordium","TheCity","TheBeyond"],"potions_floor_usage":[47,47,47],"damage_taken":[{"damage":0.0,"enemies":"Cultist","floor":2.0,"turns":2.0},{"damage":10.0,"enemies":"Jaw Worm","floor":3.0,"turns":4.0},{"damage":11.0,"enemies":"conspire:RoseBush","floor":4.0,"turns":3.0},{"damage":10.0,"enemies":"Large Slime","floor":5.0,"turns":4.0},{"damage":0.0,"enemies":"2 Fungi Beasts","floor":6.0,"turns":3.0},{"damage":69.0,"enemies":"Red Slaver","floor":10.0,"turns":4.0},{"damage":8.0,"enemies":"conspire:RoseBush","floor":2.0,"turns":2.0},{"damage":0.0,"enemies":"Jaw Worm","floor":3.0,"turns":1.0},{"damage":0.0,"enemies":"2 Louse","floor":4.0,"turns":2.0},{"damage":0.0,"enemies":"Exordium Wildlife","floor":7.0,"turns":2.0},{"damage":30.0,"enemies":"2 Fungi Beasts","floor":10.0,"turns":5.0},{"damage":0.0,"enemies":"2 Fungi Beasts","floor":11.0,"turns":1.0},{"damage":0.0,"enemies":"Lots of Slimes","floor":12.0,"turns":2.0},{"damage":0.0,"enemies":"Blue Slaver","floor":13.0,"turns":3.0},{"damage":1.0,"enemies":"Exordium Thugs","floor":14.0,"turns":2.0},{"damage":1.0,"enemies":"3 Louse","floor":15.0,"turns":2.0},{"damage":0.0,"enemies":"Gremlin Gang","floor":16.0,"turns":1.0},{"damage":0.0,"enemies":"2 Fungi Beasts","floor":17.0,"turns":2.0},{"damage":58.0,"enemies":"WA_ARCHETYPE_CALM","floor":18.0,"turns":10.0},{"damage":0.0,"enemies":"conspire:FuzzyDice","floor":21.0,"turns":3.0},{"damage":0.0,"enemies":"HollowMod:HuskSentry","floor":22.0,"turns":3.0},{"damage":0.0,"enemies":"Snecko","floor":23.0,"turns":2.0},{"damage":0.0,"enemies":"downfall:FleeingMerchant","floor":24.0,"turns":4.0},{"damage":0.0,"enemies":"Chosen and Byrds","floor":25.0,"turns":3.0},{"damage":0.0,"enemies":"Snake Plant","floor":26.0,"turns":2.0},{"damage":0.0,"enemies":"conspire:SneckoGhost","floor":30.0,"turns":2.0},{"damage":0.0,"enemies":"conspire:HollyBat","floor":32.0,"turns":7.0},{"damage":0.0,"enemies":"3 Cultists","floor":33.0,"turns":1.0},{"damage":0.0,"enemies":"Snake Plant","floor":35.0,"turns":2.0},{"damage":0.0,"enemies":"Cultist and Chosen","floor":38.0,"turns":3.0},{"damage":0.0,"enemies":"Snecko","floor":39.0,"turns":3.0},{"damage":18.0,"enemies":"IC_BLOCK_ARCHETYPE","floor":40.0,"turns":9.0},{"damage":0.0,"enemies":"Orb Walker","floor":44.0,"turns":3.0},{"damage":31.0,"enemies":"Spire Growth","floor":45.0,"turns":4.0},{"damage":0.0,"enemies":"Sphere and 2 Shapes","floor":46.0,"turns":3.0},{"damage":0,"enemies":"Jaw Worm Horde","floor":47,"turns":1}],"seed_played":"9192803745042345800","potions_obtained":[{"floor":3.0,"key":"Reflective Coating"},{"floor":6.0,"key":"Guardian:BlockOnCardUsePotion"},{"floor":3.0,"key":"FearPotion"},{"floor":4.0,"key":"bronze:BurnAndBuffPotion"},{"floor":11.0,"key":"DuplicationPotion"},{"floor":14.0,"key":"Milkshake"},{"floor":37.0,"key":"CultistPotion"}],"is_trial":false,"path_per_floor":["R","M","M","M","M","M","?","T","R","M","R","M","M","M","?","?","M","T","R","M","M","M","M","M","M","M","M","B",null,"R","M","M","M","$","M","M","T","?","R","E","?","M","M","?","M","R","?","M","M","B",null,"R","M","M","M","M","M"],"character_chosen":"THE_BUGKNIGHT","items_purchased":["Guide Book","MerchantsRug","DemoMod:GnawedKey","SynthV","Membership Card","SalivaCoin","Technique","Strange Spoon","DemoMod:MemoryAlloy","Quantum Egg","UnicornStump","Civilization"],"campfire_rested":0,"item_purchase_floors":[9,9,9,24,36,36,36,42,42,42,42,42],"current_hp_per_floor":[75,75,65,54,49,49,34,34,34,76,68,68,68,68,73,73,73,88,58,58,58,58,57,56,56,56,186,202,202,202,203,204,205,206,211,211,203,235,235,181,182,189,189,190,244,244,244,244,230,250,250,250,255,262,273,-999726,-999726],"gold":425,"neow_bonus":"","is_daily":true,"chose_seed":false,"campfire_upgraded":2,"win_rate":0.0,"timestamp":1611826698,"path_taken":["R","M","M","M","?","M","?","T","R","M","R","M","M","M","?","?","M","T","R","M","M","M","M","M","M","M","M","BOSS","R","M","M","M","$","M","M","T","?","R","E","?","M","M","?","M","R","?","?","M","BOSS","R","M","M","M","M","M"],"items_purchased_type":["Relic","Relic","Relic","Relic","Relic","Relic","Relic","Relic","Relic","Relic","Relic","Relic"],"build_version":"2020-12-22","purchased_purges":2,"victory":false,"max_hp_per_floor":[75,75,75,75,75,75,75,75,75,76,81,81,83,83,88,88,88,88,188,188,189,191,192,193,193,194,195,202,202,213,218,218,223,225,225,225,225,235,236,241,244,244,244,244,244,244,244,244,244,250,250,250,255,262,273,273,273],"relic_stats":{"Strange Spoon":[11],"Centennial Puzzle":[6],"Torii":5,"counters":[36,109],"obtain_stats":[{"HonorFeather":10,"UnicornStump":42,"DaveBox":0,"Torii":5,"DianPoetry":0,"SynthV":24,"SSSystem":8,"HollowMod:VesselMask":0,"downfall:HeartBlessingGreen":36,"DemoMod:GlassGuonStoneRelic":3,"ice":0,"Civilization":42,"Centennial Puzzle":34,"downfall:HeartBlessingBlue":29,"DemoMod:GnawedKey":9,"DemoMod:JetPack":30,"Replay:Bottled Steam":1,"KeepersGift":0,"DianDianMeat":41,"MerchantsRug":9,"ReplayTheSpireMod:Ninjato":41,"HowToJump":0,"downfall:HeartBlessingRed":20,"DemoMod:MemoryAlloy":42,"Guide Book":9,"Quantum Egg":42,"Velvet Choker":0,"Replay:Ancient Bell":41,"SteamSale":0,"HollowMod:KingsBrand":41,"Heaven_r":10,"Strange Spoon":42,"MagicMushroom":19,"LetterFromLob":2,"SalivaCoin":36,"Membership Card":36,"Technique":36,"HushsDoor":0,"GodSword3":8,"REME_ComplimentaryCards":0},{"HonorFeather":6,"UnicornStump":32,"DaveBox":0,"Torii":9,"DianPoetry":0,"SynthV":23,"SSSystem":5,"HollowMod:VesselMask":0,"downfall:HeartBlessingGreen":29,"DemoMod:GlassGuonStoneRelic":2,"ice":0,"Civilization":32,"Centennial Puzzle":28,"downfall:HeartBlessingBlue":25,"DemoMod:GnawedKey":5,"DemoMod:JetPack":26,"Replay:Bottled Steam":6,"KeepersGift":0,"DianDianMeat":32,"MerchantsRug":5,"ReplayTheSpireMod:Ninjato":32,"HowToJump":0,"downfall:HeartBlessingRed":19,"DemoMod:MemoryAlloy":32,"Guide Book":5,"Quantum Egg":32,"Velvet Choker":0,"Replay:Ancient Bell":32,"SteamSale":0,"HollowMod:KingsBrand":32,"Heaven_r":11,"Strange Spoon":32,"MagicMushroom":19,"LetterFromLob":1,"SalivaCoin":29,"Membership Card":29,"Technique":29,"HushsDoor":0,"GodSword3":10,"REME_ComplimentaryCards":0},{"HonorFeather":20,"UnicornStump":98,"DaveBox":0,"Torii":25,"DianPoetry":0,"SynthV":66,"SSSystem":16,"HollowMod:VesselMask":0,"downfall:HeartBlessingGreen":83,"DemoMod:GlassGuonStoneRelic":6,"ice":0,"Civilization":98,"Centennial Puzzle":81,"downfall:HeartBlessingBlue":71,"DemoMod:GnawedKey":16,"DemoMod:JetPack":73,"Replay:Bottled Steam":20,"KeepersGift":0,"DianDianMeat":98,"MerchantsRug":16,"ReplayTheSpireMod:Ninjato":98,"HowToJump":0,"downfall:HeartBlessingRed":54,"DemoMod:MemoryAlloy":98,"Guide Book":16,"Quantum Egg":98,"Velvet Choker":0,"Replay:Ancient Bell":98,"SteamSale":0,"HollowMod:KingsBrand":98,"Heaven_r":31,"Strange Spoon":98,"MagicMushroom":54,"LetterFromLob":2,"SalivaCoin":83,"Membership Card":83,"Technique":83,"HushsDoor":0,"GodSword3":27,"REME_ComplimentaryCards":0}]},"card_choices":[{"not_picked":[],"picked":"ChaosCard","floor":0.0},{"not_picked":["HollowMod:SoulEater","HollowMod:CornifersMapStart"],"picked":"HollowMod:ShadowDash","floor":0.0},{"not_picked":["HollowMod:ShadowDash","HollowMod:InfectedAttack"],"picked":"HollowMod:DescendingDark","floor":0.0},{"not_picked":["HollowMod:BaldurShell","HollowMod:GoodIntentions"],"picked":"HollowMod:CloakDash","floor":0.0},{"not_picked":["HollowMod:HowlingWraiths","HollowMod:InfectedAttack"],"picked":"HollowMod:CrystalDash","floor":0.0},{"not_picked":["HollowMod:LuriensSpire","HollowMod:SoulEater"],"picked":"HollowMod:ShapeofUnn","floor":0.0},{"not_picked":["HollowMod:WraithStrike","HollowMod:InfectionAssault"],"picked":"HollowMod:SharpenedShadows","floor":0.0},{"not_picked":["HollowMod:CrystalDash","HollowMod:ChannelNail"],"picked":"HollowMod:CycloneSlash","floor":0.0},{"not_picked":["HollowMod:MawleksShell","HollowMod:ShadowDash"],"picked":"HollowMod:WraithStrike","floor":0.0},{"not_picked":["HollowMod:GoodIntentions","HollowMod:SoulEater"],"picked":"HollowMod:LuriensSpire","floor":0.0},{"not_picked":["HollowMod:WraithStrike","HollowMod:DesolateDive"],"picked":"HollowMod:RecoilStrike","floor":0.0},{"not_picked":["HollowMod:CornifersMapStart","HollowMod:PaleKingsBlessing"],"picked":"HollowMod:InfectionAssault","floor":0.0},{"not_picked":["HollowMod:Grubsong","HollowMod:BaldurShell"],"picked":"HollowMod:NewLittleFool","floor":0.0},{"not_picked":["HollowMod:DesolateDive","HollowMod:AbyssShriek"],"picked":"HollowMod:InfectedCysts","floor":0.0},{"not_picked":["HollowMod:CycloneSlash","HollowMod:SoulStrike"],"picked":"HollowMod:LifebloodCocoon","floor":0.0},{"not_picked":["HollowMod:DescendingDark","HollowMod:NewJinnsSoul"],"picked":"HollowMod:FastStrike","floor":0.0},{"not_picked":["HollowMod:ShadowDash","HollowMod:CycloneSlash"],"picked":"HollowMod:DoubleDash","floor":2.0},{"not_picked":["HollowMod:ChannelNail","HollowMod:CornifersMapStart"],"picked":"HollowMod:RadiancesLament","floor":3.0},{"not_picked":["HollowMod:BaldurShell","HollowMod:CornifersMapStart"],"picked":"HollowMod:CycloneSlash","floor":4.0},{"not_picked":["HollowMod:PureNailStrike","HollowMod:SiblingsSouls"],"picked":"HollowMod:WraithStrike","floor":5.0},{"not_picked":["HollowMod:DescendingDark","HollowMod:WraithStrike"],"picked":"HollowMod:VengefulVoid","floor":6.0},{"not_picked":["HollowMod:CloakDash","HollowMod:GrimmsGift"],"picked":"HollowMod:MothsMistake","floor":2.0},{"not_picked":["HollowMod:DashSlash","HollowMod:SoulStrike"],"picked":"HollowMod:QuirrelsAssistance","floor":3.0},{"not_picked":["HollowMod:InfectionAssault","HollowMod:PureNailStrike"],"picked":"HollowMod:MantisMark","floor":4.0},{"not_picked":["HollowMod:GoodIntentions","HollowMod:InfectionAssault"],"picked":"HollowMod:CrystalDash","floor":7.0},{"not_picked":["HollowMod:CornifersMapStart","HollowMod:ShadowDash"],"picked":"HollowMod:AbyssShriek","floor":11.0},{"not_picked":["HollowMod:CloakDash","HollowMod:ElderbugsWisdom"],"picked":"HollowMod:DungDefenderAura","floor":12.0},{"not_picked":["HollowMod:LuriensSpire","HollowMod:TaintedHusks","HollowMod:VengefulSpirit"],"picked":"SKIP","floor":13.0},{"not_picked":["HollowMod:GoodIntentions","HollowMod:WraithStrike"],"picked":"HollowMod:GreatSlash","floor":14.0},{"not_picked":["HollowMod:PaleKingsBlessing","HollowMod:SoulEater"],"picked":"HollowMod:CloakDash","floor":15.0},{"not_picked":["HollowMod:LuriensSpire","HollowMod:SoulVessel"],"picked":"HollowMod:FallenFury","floor":16.0},{"not_picked":["HollowMod:AbyssShriek","HollowMod:LuriensSpire"],"picked":"HollowMod:SharpenedNail","floor":17.0},{"not_picked":["HollowMod:LifebloodCore","HollowMod:MidwifesHunger"],"picked":"HollowMod:theNailsmith","floor":18.0},{"not_picked":["HollowMod:BaldurShell+1","HollowMod:HowlingWraiths","HollowMod:CrystalDash"],"picked":"SKIP","floor":21.0},{"not_picked":["HollowMod:GoodIntentions+1","HollowMod:VengefulSpirit"],"picked":"HollowMod:BlackTendrils","floor":22.0},{"not_picked":["HollowMod:SharpenedNail","HollowMod:Grubsong"],"picked":"HollowMod:MantisMark","floor":23.0},{"not_picked":["HollowMod:DescendingDark","HollowMod:SoulSplash+1"],"picked":"HollowMod:DashSlash","floor":24.0},{"not_picked":["HollowMod:MothsMistake","HollowMod:NewLittleFool"],"picked":"HollowMod:DoubleDash","floor":25.0},{"not_picked":["HollowMod:VengefulVoid","HollowMod:CloakDash"],"picked":"HollowMod:GrimmsGift","floor":26.0},{"not_picked":["HollowMod:NewInfectedGuardian","HollowMod:ShadowDash","HollowMod:SharpenedNail"],"picked":"SKIP","floor":30.0},{"not_picked":["HollowMod:HowlingWraiths","HollowMod:InfectedCysts","HollowMod:DescendingDark"],"picked":"SKIP","floor":32.0},{"not_picked":["HollowMod:HowlingWraiths","HollowMod:InfectedCysts","HollowMod:DescendingDark"],"picked":"SKIP","floor":32.0},{"not_picked":["HollowMod:HowlingWraiths","HollowMod:InfectionAssault+1","HollowMod:WraithStrike"],"picked":"SKIP","floor":33.0},{"not_picked":["HollowMod:LuriensSpire","HollowMod:ChannelNail+1"],"picked":"HollowMod:CycloneSlash","floor":34.0},{"not_picked":["HollowMod:SiblingsSouls","HollowMod:VengefulSpirit"],"picked":"HollowMod:NewGlowingWomb","floor":35.0},{"not_picked":["HollowMod:MantisMark+1","HollowMod:SoulSplash"],"picked":"HollowMod:SiblingsSouls+1","floor":38.0},{"not_picked":["HollowMod:SharpenedNail","HollowMod:FastStrike+1"],"picked":"HollowMod:LordofShades","floor":39.0},{"not_picked":["HollowMod:NewInfectedGuardian","HollowMod:SoulMaster"],"picked":"HollowMod:WhiteLadysBlessing","floor":40.0},{"not_picked":["Parasite","Regret"],"picked":"Voices","floor":41.0},{"not_picked":["Pain","Regret"],"picked":"conspire:Blindness","floor":41.0},{"not_picked":["downfall:Bewildered","Decay"],"picked":"Overencumbered","floor":41.0},{"not_picked":["HollowMod:SoulStrike+1","HollowMod:DoubleDash+1"],"picked":"HollowMod:BaldurShell","floor":44.0},{"not_picked":["HollowMod:GoodIntentions","HollowMod:LifebloodCocoon+1"],"picked":"HollowMod:VengefulVoid+1","floor":45.0},{"not_picked":["HollowMod:BlackTendrils+1","HollowMod:NewLittleFool"],"picked":"HollowMod:NewJinnsSoul+1","floor":46.0}],"player_experience":143856,"relics_obtained":[{"floor":2.0,"key":"LetterFromLob"},{"floor":8.0,"key":"SSSystem"},{"floor":1.0,"key":"Replay:Bottled Steam"},{"floor":2.0,"key":"LetterFromLob"},{"floor":8.0,"key":"GodSword3"},{"floor":30.0,"key":"DemoMod:JetPack"},{"floor":34.0,"key":"Centennial Puzzle"}],"event_choices":[],"is_beta":false,"boss_relics":[{"not_picked":["HaiYi:Twilight","SlaversCollar"],"picked":"MagicMushroom"},{"not_picked":[]},{"not_picked":["ExusiaiGun","Snecko Eye"],"picked":"Replay:Ancient Bell"},{"not_picked":["CeramicFish","REME_PuzzleBoxRelic"],"picked":"HollowMod:KingsBrand"},{"not_picked":["PlaceholderMod:SoulofChaos","conspire:DeflatedDodgeball"],"picked":"ReplayTheSpireMod:Ninjato"},{"not_picked":["Turnip","REME_IWantAll"],"picked":"DianDianMeat"},{"not_picked":[]}],"items_purged_floors":[36,42],"is_endless":false,"potions_floor_spawned":[3,6,3,4,11,13,14,15,16,26,30,32,33,40,45],"killed_by":"Jaw Worm Horde","ascension_level":0}}