{"host":"ba8edsagfc7m13s2","time":1611864829,"event":{"mods":["BaseMod","Colored Map","Downfall","GifTheSpireLib","Hubris","Infinite Spire","Jedi Mod","Minty Spire (QoL Compilation)","Permanent Neow","READ ME - Guardian Mod","Replay The Spire","Shop Mod","StSLib","The Jungle"],"gold_per_floor":[99,110,130,9,9,0,0,13,13,29,79,64,64,64,76,180,180,180,197,197,197,215,215,265,282,302,321,349,370,370,370,389,497,497,497,511,511,530,541,566,566,566,566,566,566,310,361,361,361,361],"floor_reached":48,"language":"FRA","playtime":10674,"items_purged":[],"score":522,"play_id":"ff1a0704-df98-4cb1-9875-39deb0d39f2b","local_time":"20210128211349","is_ascension_mode":false,"campfire_choices":[{"data":"hexamod:Float","floor":1.0,"key":"SMITH"},{"floor":13.0,"key":"REST"},{"data":"hexamod:SearingWound","floor":18.0,"key":"SMITH"},{"floor":30.0,"key":"REST"},{"floor":35.0,"key":"DIG"},{"data":"hexamod:VolcanoVisage","floor":45.0,"key":"SMITH"}],"circlet_count":0,"master_deck":["hexamod:Strike+1","hexamod:Strike+1","hexamod:Strike+1","hexamod:Strike+1","hexamod:Defend+1","hexamod:Defend+1","hexamod:Defend+1","hexamod:Defend+1","hexamod:Sear","hexamod:Float+1","hexamod:SwordOfDarkness","hexamod:DynamicBlow","hexamod:SoulSteal+1","hexamod:InspiringFlames+1","hexamod:Incineration+1","hexamod:SkipABeat+1","hexamod:Rewind","hexamod:SearingWound+1","hexamod:FirstSeal","hexamod:BurningTouch","hexamod:ParanormalForm","hexamod:ThirdSeal","hexamod:AdvancingGuard","hexamod:ShieldOfDarkness","hexamod:SpectersWail+1","hexamod:FastForward","hexamod:Hexaguard","hexamod:GhostShield","hexamod:GhostOfSpirePresent","hexamod:SecondSeal","hexamod:EtherealExpedition+1","hexamod:Hexaguard","hexamod:FastForward+1","hexamod:FourthSeal","hexamod:VolcanoVisage+1","hexamod:TimeOfNeed","hexamod:ThermalTransfer+1","expansioncontent:DashGenerateEvil","hexamod:AdvancingGuard","hexamod:UnleashSpirits","hexamod:NightmareGuise","hubris:EnhanceAbility","ReplayTheSpireMod:Splinters","hexamod:NightmareStrike+1"],"relics":["hexamod:SpiritBrand","Tiny Chest","Mummified Hand","Replay:Bottled Flurry","Replay:Bottled Steam","Replay:Fungal Core","downfall:RedIOU","HornCleat","Blue Doll","MutagenicStrength","hubris:MobiusCoin","Strawberry","hubris:BundleOfHerbs"],"acts_visited":["Exordium","TheCity","TheBeyond"],"potions_floor_usage":[48,48],"damage_taken":[{"damage":1.0,"enemies":"Cultist","floor":2.0,"turns":4.0},{"damage":1.0,"enemies":"Jaw Worm","floor":3.0,"turns":3.0},{"damage":5.0,"enemies":"downfall:FleeingMerchant","floor":4.0,"turns":4.0},{"damage":10.0,"enemies":"downfall:FleeingMerchant","floor":6.0,"turns":4.0},{"damage":0.0,"enemies":"Small Slimes","floor":8.0,"turns":3.0},{"damage":3.0,"enemies":"2 Fungi Beasts","floor":10.0,"turns":4.0},{"damage":5.0,"enemies":"downfall:FleeingMerchant","floor":12.0,"turns":4.0},{"damage":7.0,"enemies":"Exordium Wildlife","floor":15.0,"turns":4.0},{"damage":48.0,"enemies":"DF_ARCHETYPE_STREAMLINE","floor":16.0,"turns":12.0},{"damage":0.0,"enemies":"3 Byrds","floor":19.0,"turns":6.0},{"damage":3.0,"enemies":"Spheric Guardian","floor":22.0,"turns":3.0},{"damage":3.0,"enemies":"Snake Plant","floor":25.0,"turns":4.0},{"damage":15.0,"enemies":"Centurion and Healer","floor":26.0,"turns":6.0},{"damage":29.0,"enemies":"Chosen and Byrds","floor":27.0,"turns":8.0},{"damage":1.0,"enemies":"Shelled Parasite and Fungi","floor":28.0,"turns":6.0},{"damage":13.0,"enemies":"Centurion and Healer","floor":29.0,"turns":7.0},{"damage":1.0,"enemies":"Snake Plant","floor":32.0,"turns":3.0},{"damage":41.0,"enemies":"IC_MUSHROOM_ARCHETYPE","floor":33.0,"turns":11.0},{"damage":12.0,"enemies":"Orb Walker","floor":36.0,"turns":5.0},{"damage":18.0,"enemies":"3 Shapes","floor":38.0,"turns":3.0},{"damage":0.0,"enemies":"Transient","floor":39.0,"turns":5.0},{"damage":0.0,"enemies":"downfall:FleeingMerchant","floor":46.0,"turns":4.0},{"damage":84,"enemies":"Giant Head","floor":48,"turns":8}],"seed_played":"-2769231576401840151","potions_obtained":[{"floor":2.0,"key":"ColorlessPotion"},{"floor":8.0,"key":"Swift Potion"},{"floor":15.0,"key":"Elixir"},{"floor":16.0,"key":"Languid Potion"},{"floor":26.0,"key":"EssenceOfSteel"},{"floor":27.0,"key":"LiquidMemories"},{"floor":28.0,"key":"Block Potion"},{"floor":33.0,"key":"Flashbang"},{"floor":33.0,"key":"Toxic Potion"},{"floor":39.0,"key":"AttackPotion"},{"floor":47.0,"key":"jedi:wingpotion"}],"is_trial":false,"path_per_floor":["R","M","M","$","T","$","T","M","?","M","T","$","R","T","M","B",null,"R","M","?","?","M","T","T","M","M","M","M","M","R","?","M","B",null,"R_BF","M","?","M","M","T","T","PTL","PTL","?","R","$","?","E"],"character_chosen":"THE_SPIRIT","items_purchased":["hexamod:InspiringFlames","hexamod:Incineration+1","hexamod:NightmareGuise","hubris:EnhanceAbility"],"campfire_rested":2,"item_purchase_floors":[4,4,46,46],"current_hp_per_floor":[70,69,68,63,63,53,53,53,53,50,50,45,66,66,66,25,70,70,70,70,70,70,70,70,70,62,40,46,40,61,61,60,26,70,70,65,65,54,61,68,68,68,68,68,68,68,68,0,0],"gold":361,"neow_bonus":"RANDOM_COMMON_RELIC","is_daily":false,"chose_seed":false,"campfire_upgraded":3,"win_rate":0.0,"timestamp":1611864829,"path_taken":["R","M","M","$","?","?","T","M","?","M","?","$","R","?","M","BOSS","R","M","?","?","M","?","T","M","M","M","?","M","R","?","M","BOSS","R_BF","M","?","M","M","?","T","PTL","PTL","?","R","?","?","E"],"items_purchased_type":["Card","Card","Card","Card"],"build_version":"2020-12-22","purchased_purges":0,"victory":false,"max_hp_per_floor":[70,70,70,70,70,70,70,70,70,70,70,70,70,70,70,70,70,70,70,70,70,70,70,70,70,70,70,70,70,70,70,70,70,70,70,70,70,70,70,77,77,77,77,77,77,77,77,77,77,77],"card_choices":[{"not_picked":["hexamod:BurningTouch","hexamod:ThermalTransfer"],"picked":"hexamod:SwordOfDarkness","floor":2.0},{"not_picked":["hexamod:SwordOfDarkness","hexamod:RecurringNightmare"],"picked":"hexamod:DynamicBlow","floor":3.0},{"not_picked":["hexamod:ExtraCrispy","hexamod:ThermalTransfer"],"picked":"hexamod:SoulSteal","floor":4.0},{"not_picked":["hexamod:Incineration","hexamod:NightmareStrike"],"picked":"hexamod:SkipABeat","floor":6.0},{"not_picked":["hexamod:Firestarter","hexamod:ThermalTransfer"],"picked":"hexamod:Rewind","floor":8.0},{"not_picked":["hexamod:AdvancingGuard","hexamod:PhantomCloak"],"picked":"hexamod:SearingWound","floor":10.0},{"not_picked":["hexamod:ThermalTransfer","hexamod:NightmareGuise"],"picked":"hexamod:FirstSeal","floor":12.0},{"not_picked":["hexamod:FirstSeal","hexamod:RetreatToShadows"],"picked":"hexamod:BurningTouch","floor":15.0},{"not_picked":["hexamod:TimeWarp","hexamod:UnleashSpirits"],"picked":"hexamod:ParanormalForm","floor":16.0},{"not_picked":["hexamod:BacktrackSmack","hexamod:HeatMetal+1"],"picked":"hexamod:ThirdSeal","floor":19.0},{"not_picked":["hexamod:SoulSteal","hexamod:SpectersWail"],"picked":"hexamod:AdvancingGuard","floor":22.0},{"not_picked":["hexamod:SoulSteal","hexamod:GhostShield"],"picked":"hexamod:ShieldOfDarkness","floor":22.0},{"not_picked":["hexamod:ShieldOfDarkness","hexamod:GhostflameBarrier"],"picked":"hexamod:SpectersWail+1","floor":25.0},{"not_picked":["hexamod:ShieldOfDarkness","hexamod:SpectersWail"],"picked":"hexamod:FastForward","floor":25.0},{"not_picked":["hexamod:FastForward","hexamod:HauntingEcho"],"picked":"hexamod:Hexaguard","floor":26.0},{"not_picked":["hexamod:ThermalTransfer+1","hexamod:DynamicBlow"],"picked":"hexamod:GhostShield","floor":26.0},{"not_picked":["hexamod:DynamicBlow","hexamod:GhostLash"],"picked":"hexamod:GhostOfSpirePresent","floor":27.0},{"not_picked":["hexamod:SpectersWail","hexamod:HauntingEcho+1"],"picked":"hexamod:SecondSeal","floor":27.0},{"not_picked":["hexamod:NightmareStrike","hexamod:GhostOfSpireFuture"],"picked":"hexamod:EtherealExpedition+1","floor":28.0},{"not_picked":["hexamod:InspiringFlames","hexamod:NightmareStrike"],"picked":"hexamod:Hexaguard","floor":28.0},{"not_picked":["hexamod:SoulSteal","hexamod:SpectralAdrenaline"],"picked":"hexamod:FastForward+1","floor":29.0},{"not_picked":["hexamod:GhostShield","hexamod:NightmareStrike"],"picked":"hexamod:FourthSeal","floor":29.0},{"not_picked":["hexamod:NecessarySacrifice","hexamod:PhantomCloak","hexamod:ShieldOfDarkness"],"picked":"SKIP","floor":32.0},{"not_picked":["hexamod:ForkedFlame","hexamod:GhostflameInferno"],"picked":"hexamod:VolcanoVisage","floor":33.0},{"not_picked":["hexamod:VolcanoVisage","hexamod:UnlimitedPower"],"picked":"hexamod:TimeOfNeed","floor":33.0},{"not_picked":["hexamod:Hexaguard","hexamod:CatchUp"],"picked":"hexamod:ThermalTransfer+1","floor":36.0},{"not_picked":["hexamod:BacktrackSmack","hexamod:HauntingEcho+1","hexamod:SecondSeal"],"picked":"SKIP","floor":36.0},{"not_picked":["expansioncontent:PrepareCrush","expansioncontent:LastStand"],"picked":"expansioncontent:DashGenerateEvil","floor":37.0},{"not_picked":["hexamod:ThirdSeal","hexamod:ThermalTransfer+1"],"picked":"hexamod:AdvancingGuard","floor":38.0},{"not_picked":["hexamod:GhostOfSpireFuture","hexamod:FastForward","hexamod:SecondSeal"],"picked":"SKIP","floor":39.0},{"not_picked":["hexamod:CatchUp","hexamod:InspiringFlames"],"picked":"hexamod:UnleashSpirits","floor":46.0},{"not_picked":["hexamod:SwordOfDarkness+1","hexamod:HeatMetal"],"picked":"hexamod:NightmareStrike+1","floor":47.0}],"player_experience":3282419,"relics_obtained":[{"floor":5.0,"key":"Mummified Hand"},{"floor":7.0,"key":"Replay:Bottled Flurry"},{"floor":11.0,"key":"War Paint"},{"floor":14.0,"key":"Replay:Bottled Steam"},{"floor":23.0,"key":"HornCleat"},{"floor":24.0,"key":"Blue Doll"},{"floor":35.0,"key":"hubris:MobiusCoin"},{"floor":40.0,"key":"Strawberry"},{"floor":41.0,"key":"hubris:BundleOfHerbs"}],"event_choices":[{"damage_healed":0.0,"max_hp_gain":0.0,"max_hp_loss":0.0,"gold_gain":0.0,"event_name":"Living Wall","player_choice":"Grow","floor":9.0,"gold_loss":0.0,"damage_taken":0.0,"cards_upgraded":["hexamod:SoulSteal"]},{"damage_healed":0.0,"max_hp_gain":0.0,"max_hp_loss":0.0,"gold_gain":0.0,"event_name":"Drug Dealer","player_choice":"Inject Mutagens","floor":31.0,"gold_loss":0.0,"damage_taken":0.0,"relics_obtained":["MutagenicStrength"]}],"is_beta":false,"boss_relics":[{"not_picked":["Replay:Wanted Poster","Cursed Key"],"picked":"Replay:Fungal Core"},{"not_picked":["hubris:RunicObelisk","Runic Dome","Replay:Drink Me"]}],"items_purged_floors":[],"is_endless":false,"potions_floor_spawned":[2,8,15,16,26,27,28,33,38],"killed_by":"Giant Head","ascension_level":0}}