{"host":"Sean","time":1611870645,"event":{"mods":["BaseMod","Block Reminder","Colored Map","Colored Powertips","Highlight Path","Minty Spire (QoL Compilation)","Permanent Neow","Relic Stats"],"gold_per_floor":[111,121,46,46,9,9,184,184,184,184,184],"floor_reached":10,"language":"ENG","playtime":168,"items_purged":["Regret"],"score":78,"play_id":"4427e58b-b94d-4a6c-9e24-d4d98bd6d1b1","local_time":"20210128215045","is_ascension_mode":true,"campfire_choices":[{"data":"Bash","floor":6,"key":"SMITH"},{"data":"Headbutt","floor":8,"key":"SMITH"}],"circlet_count":0,"master_deck":["Strike_R","Strike_R","Strike_R","Strike_R","Strike_R","Defend_R","Defend_R","Defend_R","Defend_R","Bash+1","Headbutt+1","Flame Barrier","Power Through","Doubt"],"relics":["Burning Blood","Turnip","Golden Idol","The Courier"],"acts_visited":["Exordium"],"potions_floor_usage":[],"damage_taken":[{"damage":27,"enemies":"Jaw Worm","floor":1,"turns":5},{"damage":6,"enemies":"Small Slimes","floor":2,"turns":3},{"damage":46,"enemies":"Gremlin Nob","floor":10,"turns":4}],"seed_played":"-2808305237574169412","potions_obtained":[{"floor":1,"key":"Swift Potion"}],"is_trial":false,"path_per_floor":["M","M","$","?","$","R","?","R","T","E"],"character_chosen":"IRONCLAD","items_purchased":["Power Through"],"campfire_rested":0,"item_purchase_floors":[5],"current_hp_per_floor":[51,51,51,31,31,31,31,31,31,0,0],"gold":184,"neow_bonus":"ONE_RARE_RELIC","is_daily":false,"chose_seed":false,"campfire_upgraded":2,"win_rate":0.0,"timestamp":1611870645,"path_taken":["M","M","$","?","$","R","?","R","T","E"],"items_purchased_type":["Card"],"build_version":"2020-12-18","purchased_purges":1,"victory":false,"max_hp_per_floor":[80,80,80,80,80,80,80,80,80,80,80],"relic_stats":{"counters":[3,12],"Golden Idol":0,"Turnip":[0],"obtain_stats":[{"Golden Idol":4,"Turnip":0,"The Courier":9,"Burning Blood":0},{"Golden Idol":2,"Turnip":0,"The Courier":2,"Burning Blood":0},{"Golden Idol":8,"Turnip":0,"The Courier":8,"Burning Blood":0}],"Burning Blood":12},"card_choices":[{"not_picked":["Power Through","Intimidate"],"picked":"Headbutt","floor":1},{"not_picked":["Thunderclap","Havoc"],"picked":"Flame Barrier","floor":2}],"player_experience":486064,"relics_obtained":[{"floor":9,"key":"The Courier"}],"event_choices":[{"damage_healed":0,"gold_gain":0,"player_choice":"Take Damage","damage_taken":20,"relics_obtained":["Golden Idol"],"max_hp_gain":0,"max_hp_loss":0,"event_name":"Golden Idol","floor":4,"gold_loss":0},{"damage_healed":0,"gold_gain":175,"player_choice":"AGREE","damage_taken":0,"max_hp_gain":0,"max_hp_loss":0,"event_name":"Liars Game","floor":7,"gold_loss":0,"cards_obtained":["Doubt"]}],"is_beta":true,"boss_relics":[],"items_purged_floors":[3],"is_endless":false,"potions_floor_spawned":[1],"killed_by":"Gremlin Nob","ascension_level":9}}