{"host":"h1qktzcccqnez8tx","time":1611793862,"event":{"mods":["AchievementEnabler","BaseMod","Bestiary","Better Note","Block Reminder","Colored Map","Colored Powertips","Curses Come First","Highlight Path","Minty Spire (QoL Compilation)","Permanent Neow","Quick Restart","Relic Stats","StSLib","UnlockEverythingMod"],"gold_per_floor":[119,137,137,137,137,162,162,181,181,181,199,233,233,252,252,347,397,409,426,437,437,148,148,148],"floor_reached":23,"language":"ENG","playtime":975,"items_purged":["Capacitor"],"score":283,"play_id":"b3c7632b-2e5c-435e-8de1-4f58f91f3687","local_time":"20210128013102","daily_mods":["Draft","Red Cards","Blue Cards","Purple Cards"],"is_ascension_mode":true,"campfire_choices":[{"data":"TalkToTheHand","floor":7,"key":"SMITH"},{"data":"Reprogram","floor":15,"key":"SMITH"}],"circlet_count":0,"master_deck":["TalkToTheHand","Conserve Battery","EmptyFist","Coolheaded","TalkToTheHand+1","Headbutt","Conserve Battery","FlyingSleeves","Skim","Turbo","Twin Strike","Steam Power","EmptyFist","Anger","CutThroughFate","Reprogram+1","Pummel+1","True Grit","TalkToTheHand+1","LessonLearned","Wallop"],"relics":["PureWater","Lantern","Letter Opener","Bag of Marbles","Blood Vial","Tiny House"],"acts_visited":["Exordium","TheCity"],"potions_floor_usage":[12,23],"damage_taken":[{"damage":0,"enemies":"Cultist","floor":1,"turns":3},{"damage":0,"enemies":"Jaw Worm","floor":2,"turns":3},{"damage":5,"enemies":"3 Sentries","floor":6,"turns":6},{"damage":0,"enemies":"Small Slimes","floor":8,"turns":3},{"damage":10,"enemies":"Exordium Wildlife","floor":11,"turns":3},{"damage":0,"enemies":"Gremlin Nob","floor":12,"turns":3},{"damage":0,"enemies":"3 Louse","floor":14,"turns":2},{"damage":38,"enemies":"Slime Boss","floor":16,"turns":5},{"damage":0,"enemies":"Chosen","floor":18,"turns":3},{"damage":13,"enemies":"2 Thieves","floor":19,"turns":3},{"damage":11,"enemies":"Snecko","floor":20,"turns":4},{"damage":57,"enemies":"Gremlin Leader","floor":23,"turns":6}],"seed_played":"4959291040092209549","potions_obtained":[{"floor":1,"key":"BottledMiracle"},{"floor":6,"key":"SmokeBomb"},{"floor":14,"key":"ColorlessPotion"},{"floor":16,"key":"Regen Potion"},{"floor":17,"key":"FearPotion"}],"is_trial":true,"path_per_floor":["M","M","?","$","?","E","R","M","T","?","M","E","?","M","R","B",null,"M","M","M","?","$","E"],"character_chosen":"WATCHER","items_purchased":["LessonLearned","Wallop"],"campfire_rested":0,"item_purchase_floors":[22,22],"current_hp_per_floor":[72,72,65,65,70,65,65,65,65,65,55,55,55,57,57,21,68,70,59,50,50,50,0,0],"gold":148,"neow_bonus":"","is_daily":false,"chose_seed":false,"campfire_upgraded":2,"win_rate":0.0,"timestamp":1611793862,"path_taken":["M","M","?","$","?","E","R","M","T","?","?","E","?","M","R","BOSS","M","M","M","?","$","E"],"items_purchased_type":["Card","Card"],"build_version":"2020-12-22","purchased_purges":1,"victory":false,"max_hp_per_floor":[72,72,72,72,77,77,77,77,77,77,77,77,77,77,77,77,82,82,82,82,82,82,82,82],"relic_stats":{"Blood Vial":12,"counters":[12,44],"Letter Opener":[50],"obtain_stats":[{"Blood Vial":13,"Lantern":6,"Tiny House":17,"Bag of Marbles":12,"Letter Opener":9,"PureWater":0},{"Blood Vial":6,"Lantern":3,"Tiny House":8,"Bag of Marbles":6,"Letter Opener":4,"PureWater":0},{"Blood Vial":21,"Lantern":12,"Tiny House":28,"Bag of Marbles":21,"Letter Opener":15,"PureWater":0}]},"card_choices":[{"not_picked":["SashWhip","Barrage"],"picked":"TalkToTheHand","floor":0},{"not_picked":["Clash","Gash"],"picked":"Conserve Battery","floor":0},{"not_picked":["Fasting2","Dark Embrace"],"picked":"EmptyFist","floor":0},{"not_picked":["Protect","Barrage"],"picked":"Coolheaded","floor":0},{"not_picked":["FearNoEvil","Sweeping Beam"],"picked":"TalkToTheHand","floor":0},{"not_picked":["Consecrate","SashWhip"],"picked":"Capacitor","floor":0},{"not_picked":["WindmillStrike","Combust"],"picked":"Headbutt","floor":0},{"not_picked":["Vengeance","Sweeping Beam"],"picked":"Conserve Battery","floor":0},{"not_picked":["Study","Wireheading"],"picked":"FlyingSleeves","floor":0},{"not_picked":["ForeignInfluence","Lockon"],"picked":"Skim","floor":0},{"not_picked":["CutThroughFate","Genetic Algorithm"],"picked":"Turbo","floor":0},{"not_picked":["Iron Wave","Sunder"],"picked":"Twin Strike","floor":0},{"not_picked":["Consume","Blizzard"],"picked":"Steam Power","floor":0},{"not_picked":["BowlingBash","WindmillStrike"],"picked":"Leap","floor":0},{"not_picked":["Redo","Heatsinks"],"picked":"EmptyFist","floor":0},{"not_picked":["Ball Lightning","Aggregate"],"picked":"Anger","floor":1},{"not_picked":["CrushJoints","Entrench","Compile Driver"],"picked":"SKIP","floor":2},{"not_picked":["Worship","SashWhip","Storm"],"picked":"SKIP","floor":6},{"not_picked":["Worship","SashWhip","Storm"],"picked":"SKIP","floor":6},{"not_picked":["Clash","Cold Snap"],"picked":"CutThroughFate","floor":8},{"not_picked":["Wild Strike","Wallop"],"picked":"Reprogram","floor":11},{"not_picked":["WreathOfFlame","Heavy Blade"],"picked":"Pummel","floor":12},{"not_picked":["Prostrate","Crescendo","White Noise"],"picked":"SKIP","floor":14},{"not_picked":["Loop","SignatureMove"],"picked":"True Grit","floor":17},{"not_picked":["SignatureMove","ClearTheMind","Protect"],"picked":"SKIP","floor":18},{"not_picked":["Combust","Streamline","Adaptation"],"picked":"SKIP","floor":19},{"not_picked":["Darkness+1","Protect+1","ForeignInfluence"],"picked":"SKIP","floor":20}],"player_experience":198687,"relics_obtained":[{"floor":6,"key":"Lantern"},{"floor":9,"key":"Letter Opener"},{"floor":12,"key":"Bag of Marbles"}],"event_choices":[{"cards_removed":["Leap"],"damage_healed":0,"gold_gain":0,"player_choice":"Card Removal","damage_taken":7,"max_hp_gain":0,"max_hp_loss":0,"event_name":"Golden Wing","floor":3,"gold_loss":0},{"damage_healed":0,"gold_gain":0,"player_choice":"Donut","damage_taken":0,"max_hp_gain":5,"max_hp_loss":0,"event_name":"Big Fish","floor":5,"gold_loss":0},{"damage_healed":0,"gold_gain":0,"player_choice":"Leave","damage_taken":0,"max_hp_gain":0,"max_hp_loss":0,"event_name":"The Cleric","floor":10,"gold_loss":0},{"damage_healed":0,"gold_gain":0,"player_choice":"Gave Potion","damage_taken":0,"relics_obtained":["Blood Vial"],"max_hp_gain":0,"max_hp_loss":0,"event_name":"WeMeetAgain","floor":13,"gold_loss":0},{"cards_removed":["TalkToTheHand"],"damage_healed":0,"gold_gain":0,"player_choice":"Take \u0026 Give","damage_taken":0,"max_hp_gain":0,"max_hp_loss":0,"event_name":"betterNote:BetterNote","floor":21,"gold_loss":0,"cards_obtained":["TalkToTheHand"]}],"is_beta":false,"boss_relics":[{"not_picked":["Astrolabe","Black Star"],"picked":"Tiny House"}],"items_purged_floors":[22],"is_endless":false,"potions_floor_spawned":[1,6,14,16],"killed_by":"Gremlin Leader","ascension_level":5}}