{"host":"msmkw03x1o7nq45i","time":1611867942,"event":{"mods":["AchievementEnabler","BaseMod","Bestiary","Colored Powertips","GifTheSpireLib","Highlight Path","Minty Spire (QoL Compilation)","Random Character Button","StSLib","everything is the same but u backflip on backflip"],"gold_per_floor":[369,27,27,27,94,94,126,199,270,290,301,32,64,34,34,111,111,130,130,43,43,54,89,89,123,146,159,159,159,210,241,241,318,318,330,330,343,368,368,368,383,33,33,65,65,114,133,157,157,157],"floor_reached":51,"language":"ENG","playtime":4866,"items_purged":["Strike_B"],"score":1310,"play_id":"33054177-9da2-4352-a565-853ffdfaac93","local_time":"20210128230542","is_ascension_mode":true,"campfire_choices":[{"data":"Sunder","floor":6,"key":"SMITH"},{"floor":15,"key":"REST"},{"data":"Loop","floor":29,"key":"SMITH"},{"data":"Doom and Gloom","floor":32,"key":"SMITH"},{"data":"Chaos","floor":40,"key":"SMITH"},{"data":"Coolheaded","floor":45,"key":"SMITH"},{"data":"Skim","floor":49,"key":"SMITH"}],"circlet_count":0,"master_deck":["AscendersBane","Defend_B","Defend_B","Defend_B","Defend_B+1","Zap","Dualcast","Sunder+1","Streamline","Doom and Gloom+1","Compile Driver","Coolheaded+1","Skim+1","Echo Form","Chaos+1","Bite","Bite","Bite","Bite","Bite","Loop+1","Turbo","White Noise","Glacier+1","Genetic Algorithm+1","Hologram+1","Rainbow+1","Coolheaded+1","Madness+1","Madness+1","Turbo+1","White Noise+1","Capacitor","Chill+1","Hologram+1"],"relics":["Cracked Core","Toolbox","Tiny Chest","Girya","Mummified Hand","Sundial","ClockworkSouvenir","Ancient Tea Set","Coffee Dripper","InkBottle","CaptainsWheel","Toxic Egg 2","Orichalcum","DataDisk","Anchor","Shuriken","Inserter","TungstenRod","Ornamental Fan","Darkstone Periapt","CeramicFish","Strawberry"],"acts_visited":["Exordium","TheCity","TheBeyond"],"potions_floor_usage":[13,16,23,25,33,33,44,50],"damage_taken":[{"damage":0,"enemies":"Cultist","floor":1,"turns":3},{"damage":12,"enemies":"3 Sentries","floor":7,"turns":6},{"damage":0,"enemies":"2 Louse","floor":10,"turns":2},{"damage":0,"enemies":"Small Slimes","floor":11,"turns":2},{"damage":16,"enemies":"Gremlin Nob","floor":13,"turns":3},{"damage":24,"enemies":"Slime Boss","floor":16,"turns":12},{"damage":26,"enemies":"Shell Parasite","floor":18,"turns":5},{"damage":6,"enemies":"3 Byrds","floor":22,"turns":5},{"damage":31,"enemies":"Slavers","floor":23,"turns":4},{"damage":16,"enemies":"Gremlin Leader","floor":25,"turns":6},{"damage":4,"enemies":"Snecko","floor":27,"turns":3},{"damage":27,"enemies":"Slavers","floor":31,"turns":6},{"damage":14,"enemies":"Collector","floor":33,"turns":10},{"damage":7,"enemies":"Orb Walker","floor":35,"turns":4},{"damage":11,"enemies":"3 Shapes","floor":37,"turns":5},{"damage":0,"enemies":"Mind Bloom Boss Battle","floor":38,"turns":7},{"damage":7,"enemies":"Maw","floor":41,"turns":6},{"damage":0,"enemies":"Reptomancer","floor":44,"turns":6},{"damage":0,"enemies":"Spire Growth","floor":47,"turns":6},{"damage":4,"enemies":"Writhing Mass","floor":48,"turns":7},{"damage":55,"enemies":"Awakened One","floor":50,"turns":15}],"seed_played":"2056501163395771429","potions_obtained":[{"floor":7,"key":"Explosive Potion"},{"floor":10,"key":"Dexterity Potion"},{"floor":16,"key":"Swift Potion"},{"floor":27,"key":"EssenceOfSteel"},{"floor":31,"key":"Explosive Potion"},{"floor":35,"key":"DuplicationPotion"},{"floor":38,"key":"SkillPotion"},{"floor":41,"key":"LiquidMemories"}],"is_trial":false,"path_per_floor":["M","$","?","?","?","R","E","T","T","M","M","$","E","?","R","B",null,"M","?","$","T","M","E","?","E","T","M","T","R","T","E","R","B",null,"M","?","M","?","?","R","M","$","T","E","R","T","M","M","R","B",null],"character_chosen":"DEFECT","items_purchased":["Toolbox","Tiny Chest","Streamline","ClockworkSouvenir","Coolheaded","Explosive Potion","Loop","Capacitor","Chill+1","Ornamental Fan"],"campfire_rested":1,"item_purchase_floors":[2,2,2,12,12,20,20,42,42,42],"current_hp_per_floor":[46,46,32,32,32,32,20,20,20,20,20,20,4,4,25,1,54,28,28,28,28,38,19,35,31,31,33,33,33,33,20,20,34,45,44,38,33,49,49,49,46,46,46,49,49,56,56,52,52,49],"gold":157,"neow_bonus":"TWO_FIFTY_GOLD","is_daily":false,"chose_seed":false,"campfire_upgraded":6,"win_rate":0.0,"timestamp":1611867942,"path_taken":["M","$","?","?","?","R","E","?","T","?","M","$","E","?","R","BOSS","M","?","$","?","?","E","?","E","T","M","?","R","?","E","R","BOSS","M","?","M","?","?","R","M","$","T","E","R","?","?","M","R","BOSS"],"items_purchased_type":["Relic","Relic","Card","Relic","Card","Potion","Card","Card","Card","Relic"],"build_version":"2020-12-22","purchased_purges":1,"victory":true,"max_hp_per_floor":[71,71,71,71,71,71,71,71,71,71,71,71,71,71,71,71,71,71,49,49,49,49,49,49,49,49,49,49,49,49,49,49,49,49,49,49,49,49,49,49,49,49,49,49,49,56,56,56,56,56],"card_choices":[{"not_picked":["Gash","Rebound"],"picked":"Sunder","floor":1},{"not_picked":["Heatsinks","Cold Snap"],"picked":"Doom and Gloom","floor":7},{"not_picked":["Coolheaded","Sunder"],"picked":"Compile Driver","floor":10},{"not_picked":["Redo","Steam","Beam Cell"],"picked":"SKIP","floor":11},{"not_picked":["Hello World","Streamline"],"picked":"Skim","floor":13},{"not_picked":["Buffer","Meteor Strike"],"picked":"Echo Form","floor":16},{"not_picked":["Doom and Gloom","Redo"],"picked":"Chaos","floor":18},{"not_picked":["Reinforced Body","Compile Driver"],"picked":"Turbo","floor":22},{"not_picked":["Conserve Battery","Chill+1"],"picked":"White Noise","floor":23},{"not_picked":["Melter","Ball Lightning"],"picked":"Glacier+1","floor":25},{"not_picked":["Gash","Cold Snap"],"picked":"Genetic Algorithm+1","floor":27},{"not_picked":["Genetic Algorithm+1","Go for the Eyes"],"picked":"Hologram+1","floor":31},{"not_picked":["Meteor Strike","Multi-Cast+1"],"picked":"Rainbow+1","floor":33},{"not_picked":["Reprogram+1","Barrage+1"],"picked":"Coolheaded+1","floor":35},{"not_picked":["Blizzard","Conserve Battery+1"],"picked":"Turbo+1","floor":37},{"not_picked":["Beam Cell","BootSequence+1"],"picked":"White Noise+1","floor":41},{"not_picked":["Stack+1","BootSequence+1","Lockon"],"picked":"SKIP","floor":44},{"not_picked":["Force Field+1","Turbo+1","Cold Snap+1"],"picked":"SKIP","floor":47},{"not_picked":["Ball Lightning","Go for the Eyes"],"picked":"Hologram+1","floor":48}],"player_experience":425611,"relics_obtained":[{"floor":7,"key":"Girya"},{"floor":8,"key":"Mummified Hand"},{"floor":9,"key":"Sundial"},{"floor":13,"key":"Ancient Tea Set"},{"floor":21,"key":"InkBottle"},{"floor":23,"key":"CaptainsWheel"},{"floor":25,"key":"Toxic Egg 2"},{"floor":26,"key":"Orichalcum"},{"floor":28,"key":"DataDisk"},{"floor":30,"key":"Anchor"},{"floor":31,"key":"Shuriken"},{"floor":38,"key":"TungstenRod"},{"floor":43,"key":"Darkstone Periapt"},{"floor":44,"key":"CeramicFish"},{"floor":46,"key":"Strawberry"}],"event_choices":[{"damage_healed":0,"gold_gain":0,"player_choice":"Entered Light","damage_taken":14,"max_hp_gain":0,"max_hp_loss":0,"event_name":"Shining Light","floor":3,"gold_loss":0,"cards_upgraded":["Defend_B","Strike_B"]},{"damage_healed":0,"gold_gain":0,"player_choice":"Ignored","damage_taken":0,"max_hp_gain":0,"max_hp_loss":0,"event_name":"Liars Game","floor":4,"gold_loss":0},{"damage_healed":0,"gold_gain":67,"player_choice":"Gained Gold","damage_taken":0,"max_hp_gain":0,"max_hp_loss":0,"event_name":"Golden Wing","floor":5,"gold_loss":0},{"damage_healed":0,"gold_gain":0,"player_choice":"Left Gold","damage_taken":0,"max_hp_gain":0,"max_hp_loss":0,"event_name":"World of Goop","floor":14,"gold_loss":30},{"damage_healed":0,"gold_gain":0,"player_choice":"Became a vampire","damage_taken":0,"max_hp_gain":0,"max_hp_loss":22,"event_name":"Vampires","floor":19,"gold_loss":0,"cards_obtained":["Bite","Bite","Bite","Bite","Bite"]},{"damage_healed":16,"gold_gain":0,"player_choice":"Heal","damage_taken":0,"max_hp_gain":0,"max_hp_loss":0,"event_name":"The Library","floor":24,"gold_loss":0},{"damage_healed":0,"gold_gain":0,"player_choice":"Embrace Madness","damage_taken":6,"max_hp_gain":0,"max_hp_loss":0,"event_name":"Winding Halls","floor":36,"gold_loss":0,"cards_obtained":["Madness","Madness"]},{"damage_healed":0,"gold_gain":0,"player_choice":"Fight","damage_taken":0,"max_hp_gain":0,"max_hp_loss":0,"event_name":"MindBloom","floor":38,"gold_loss":0},{"damage_healed":0,"gold_gain":0,"player_choice":"Bought 0 Potions","damage_taken":0,"max_hp_gain":0,"max_hp_loss":0,"event_name":"The Woman in Blue","floor":39,"gold_loss":0}],"is_beta":false,"boss_relics":[{"not_picked":["Pandora\u0027s Box","SacredBark"],"picked":"Coffee Dripper"},{"not_picked":["Sozu","FrozenCore"],"picked":"Inserter"}],"items_purged_floors":[12],"is_endless":false,"potions_floor_spawned":[7,10,11,16,22,27,31,35,38,41],"ascension_level":14}}