{"host":"8kd0mw0b4mjhs7vl","time":1611860732,"event":{"mods":["BaseMod","Colored Map","Downfall","Friendly Minions","Minty Spire (QoL Compilation)","StSLib","SuperFastMode"],"gold_per_floor":[99,117,117,127,127,144,144,174,188,207,223,255,255,70,83,83,83,83],"floor_reached":16,"language":"ENG","playtime":788,"items_purged":[],"score":114,"play_id":"0d4169a2-5df7-458a-97f7-d78823b10744","local_time":"20210128190532","is_ascension_mode":false,"campfire_choices":[{"data":"bronze:Goto","floor":1.0,"key":"SMITH"},{"data":"bronze:Iterate","floor":13.0,"key":"SMITH"}],"circlet_count":0,"master_deck":["bronze:Strike","bronze:Strike+1","bronze:Strike+1","bronze:Strike","bronze:Defend","bronze:Defend+1","bronze:Defend","bronze:Defend","bronze:Replicate","bronze:Goto+1","bronze:Frontload","bronze:Boost","downfall:Malfunctioning","bronze:Iterate","bronze:Verify","bronze:Boost","bronze:Iterate+1","expansioncontent:DashGenerateEvil","bronze:DelayedGuard"],"relics":["bronze:BronzeCore","PreservedInsect","Kunai","Blood Vial","Vajra"],"acts_visited":["Exordium"],"potions_floor_usage":[],"damage_taken":[{"damage":2.0,"enemies":"Small Slimes","floor":2.0,"turns":4.0},{"damage":0.0,"enemies":"2 Louse","floor":4.0,"turns":3.0},{"damage":0.0,"enemies":"Jaw Worm","floor":6.0,"turns":6.0},{"damage":4.0,"enemies":"3 Sentries","floor":8.0,"turns":6.0},{"damage":2.0,"enemies":"3 Louse","floor":9.0,"turns":6.0},{"damage":0.0,"enemies":"2 Fungi Beasts","floor":10.0,"turns":3.0},{"damage":1.0,"enemies":"Lots of Slimes","floor":11.0,"turns":5.0},{"damage":10.0,"enemies":"Gremlin Nob","floor":12.0,"turns":5.0},{"damage":0.0,"enemies":"downfall:FleeingMerchant","floor":14.0,"turns":4.0},{"damage":9.0,"enemies":"Exordium Thugs","floor":15.0,"turns":4.0},{"damage":21,"enemies":"IC_STATUS_ARCHETYPE","floor":16,"turns":8}],"seed_played":"-4817594660892438349","potions_obtained":[{"floor":4.0,"key":"Weak Potion"},{"floor":8.0,"key":"Swift Potion"},{"floor":10.0,"key":"AttackPotion"}],"is_trial":false,"path_per_floor":["R","M","?","M","?","M","T","E","M","M","M","E","R","$","M","B"],"character_chosen":"THE_AUTOMATON","items_purchased":["expansioncontent:DashGenerateEvil"],"campfire_rested":0,"item_purchase_floors":[14],"current_hp_per_floor":[77,75,33,33,33,33,33,29,29,31,32,24,24,26,19,0,0,0],"gold":83,"neow_bonus":"TEN_PERCENT_HP_BONUS","is_daily":false,"chose_seed":false,"campfire_upgraded":2,"win_rate":0.0,"timestamp":1611860732,"path_taken":["R","M","?","M","?","M","T","E","M","M","M","E","R","$","M","BOSS"],"items_purchased_type":["Card"],"build_version":"2020-12-22","purchased_purges":0,"victory":false,"max_hp_per_floor":[77,77,77,77,77,77,77,77,77,77,77,77,77,77,77,77,77,77],"card_choices":[{"not_picked":["bronze:MaxOutput","bronze:Iterate"],"picked":"bronze:Frontload","floor":2.0},{"not_picked":["bronze:Iterate","bronze:OilSpill"],"picked":"bronze:Boost","floor":4.0},{"not_picked":["bronze:ItsAFeature","bronze:Flail"],"picked":"bronze:Iterate","floor":6.0},{"not_picked":["bronze:GetLatest","bronze:Frontload","bronze:WildBeam"],"picked":"SKIP","floor":8.0},{"not_picked":["bronze:Deprecate","bronze:Repair","bronze:BitShift"],"picked":"SKIP","floor":9.0},{"not_picked":["bronze:FineTuning","bronze:Allocate"],"picked":"bronze:Verify","floor":10.0},{"not_picked":["bronze:DigitalCarnage","bronze:Branch"],"picked":"bronze:Boost","floor":11.0},{"not_picked":["bronze:CutThrough","bronze:DelayedSlice"],"picked":"bronze:Iterate","floor":12.0},{"not_picked":["bronze:Allocate","bronze:BugBarrage","bronze:Iterate"],"picked":"SKIP","floor":14.0},{"not_picked":["bronze:BitShift","bronze:BronzeArmor"],"picked":"bronze:DelayedGuard","floor":15.0}],"player_experience":288602,"relics_obtained":[{"floor":7.0,"key":"Kunai"},{"floor":8.0,"key":"Blood Vial"},{"floor":12.0,"key":"Vajra"}],"event_choices":[{"damage_healed":0.0,"max_hp_gain":0.0,"max_hp_loss":0.0,"gold_gain":0.0,"event_name":"Scrap Ooze","player_choice":"Success","floor":3.0,"gold_loss":0.0,"damage_taken":42.0,"relics_obtained":["PreservedInsect"]}],"is_beta":false,"boss_relics":[],"items_purged_floors":[],"is_endless":false,"potions_floor_spawned":[4,8,10],"killed_by":"IC_STATUS_ARCHETYPE","ascension_level":0}}