{"host":"6v2706mfck5g68yr","time":1611797324,"event":{"mods":["BaseMod","BetterRewards","Card Forge","Colored Map","Minty Spire (QoL Compilation)","Shop Mod","StSLib","SuperFastMode"],"gold_per_floor":[115,95,105,105,117,117,132,166,166,196,208,208,227,244,244,348,348,358,378,303,303,46,73,73,90,90,90,90,90,105,105,105],"floor_reached":31,"language":"ENG","playtime":980,"items_purged":["Strike_B"],"score":307,"play_id":"4db3b363-2658-497f-aa9c-c14cea7dd59a","local_time":"20210127192844","is_ascension_mode":true,"campfire_choices":[{"data":"Zap","floor":6.0,"key":"SMITH"},{"floor":12.0,"key":"REST"},{"floor":15.0,"key":"RECALL"},{"floor":24.0,"key":"REST"},{"floor":27,"key":"REST"}],"circlet_count":0,"master_deck":["Strike_B","Strike_B","Strike_B","Defend_B","Defend_B","Defend_B","Defend_B","Zap+1","Dualcast","Beam Cell+1","Barrage+1","Conserve Battery+1","Defragment+1","Electrodynamics+1","Capacitor+1","Loop+1","Hello World","Steam","White Noise","Machine Learning","Double Energy","Rebound","RitualDagger","Defragment+1","Lockon"],"relics":["Hammer of Thor","Seething Fire","Anvil of the Gods","Runic Dome","Emotion Chip","Shuriken","Matryoshka","Busted Crown","MutagenicStrength","Bottled Tornado","Gremlin Horn","Bag of Marbles"],"acts_visited":["Exordium","TheCity"],"potions_floor_usage":[31],"damage_taken":[{"damage":0.0,"enemies":"Small Slimes","floor":1.0,"turns":3.0},{"damage":0.0,"enemies":"Cultist","floor":3.0,"turns":4.0},{"damage":12.0,"enemies":"Jaw Worm","floor":5.0,"turns":2.0},{"damage":3.0,"enemies":"Looter","floor":7.0,"turns":4.0},{"damage":16.0,"enemies":"Gremlin Nob","floor":8.0,"turns":3.0},{"damage":10.0,"enemies":"3 Sentries","floor":10.0,"turns":3.0},{"damage":8.0,"enemies":"Blue Slaver","floor":11.0,"turns":3.0},{"damage":0.0,"enemies":"Exordium Thugs","floor":13.0,"turns":2.0},{"damage":1.0,"enemies":"Looter","floor":14.0,"turns":3.0},{"damage":35.0,"enemies":"Slime Boss","floor":16.0,"turns":5.0},{"damage":7.0,"enemies":"Shell Parasite","floor":18.0,"turns":4.0},{"damage":27.0,"enemies":"3 Byrds","floor":19.0,"turns":4.0},{"damage":22.0,"enemies":"Slavers","floor":23.0,"turns":3.0},{"damage":0.0,"enemies":"3 Cultists","floor":25.0,"turns":2.0},{"damage":36,"enemies":"Snecko","floor":30,"turns":4},{"damage":22,"enemies":"Snake Plant","floor":31,"turns":2}],"seed_played":"-4655681487370519580","potions_obtained":[{"floor":2.0,"key":"GamblersBrew"},{"floor":3.0,"key":"Explosive Potion"},{"floor":8.0,"key":"Swift Potion"},{"floor":10.0,"key":"Energy Potion"}],"is_trial":false,"path_per_floor":["M","?","M","$","M","R","M","E","T","E","M","R","M","M","R","B",null,"M","M","$","?","$","E","R","M","T","R","?","?","M","M"],"character_chosen":"DEFECT","items_purchased":["Bottled Tornado"],"campfire_rested":3,"item_purchase_floors":[22],"current_hp_per_floor":[75,75,75,75,63,63,60,44,44,34,26,48,48,47,47,12,75,68,41,41,41,41,19,41,41,41,63,57,57,21,0,0],"gold":105,"neow_bonus":"BOSS_RELIC","is_daily":false,"chose_seed":false,"campfire_upgraded":1,"win_rate":0.0,"timestamp":1611797324,"path_taken":["M","?","?","$","M","R","M","E","T","E","M","R","M","M","R","BOSS","M","M","$","?","$","E","R","M","T","R","?","?","M","?"],"items_purchased_type":["Relic"],"build_version":"2020-12-22","purchased_purges":1,"victory":false,"max_hp_per_floor":[75,75,75,75,75,75,75,75,75,75,75,75,75,75,75,75,75,75,75,75,75,75,75,75,75,75,75,75,75,75,75,75],"card_choices":[{"not_picked":["Compile Driver","Static Discharge"],"picked":"Beam Cell","floor":1.0},{"not_picked":["Melter","Coolheaded"],"picked":"Barrage","floor":3.0},{"not_picked":["Stack","Turbo"],"picked":"Conserve Battery","floor":5.0},{"not_picked":["Rebound","Compile Driver"],"picked":"Defragment","floor":7.0},{"not_picked":["Go for the Eyes","Coolheaded"],"picked":"Hello World","floor":8.0},{"not_picked":["BootSequence","Reprogram"],"picked":"Steam","floor":10.0},{"not_picked":["Aggregate","Hello World","Redo"],"picked":"SKIP","floor":11.0},{"not_picked":["Turbo","Barrage","Aggregate"],"picked":"SKIP","floor":13.0},{"not_picked":["Fission","Hologram"],"picked":"White Noise","floor":14.0},{"not_picked":["Multi-Cast","Meteor Strike"],"picked":"Machine Learning","floor":16.0},{"not_picked":[],"picked":"Double Energy","floor":18.0},{"not_picked":["Go for the Eyes"],"picked":"SKIP","floor":19.0},{"not_picked":[],"picked":"Rebound","floor":23.0},{"not_picked":["Streamline"],"picked":"SKIP","floor":25},{"not_picked":[],"picked":"Lockon","floor":30}],"player_experience":265583,"relics_obtained":[{"floor":8.0,"key":"Emotion Chip"},{"floor":9.0,"key":"Shuriken"},{"floor":10.0,"key":"Matryoshka"},{"floor":23.0,"key":"Gremlin Horn"},{"floor":26,"key":"Bag of Marbles"}],"event_choices":[{"damage_healed":0.0,"max_hp_gain":0.0,"max_hp_loss":0.0,"gold_gain":0.0,"event_name":"The Woman in Blue","player_choice":"Bought 1 Potion","floor":2.0,"gold_loss":0.0,"damage_taken":0.0},{"damage_healed":0.0,"max_hp_gain":0.0,"max_hp_loss":0.0,"gold_gain":0.0,"event_name":"Drug Dealer","player_choice":"Inject Mutagens","floor":21.0,"gold_loss":0.0,"damage_taken":0.0,"relics_obtained":["MutagenicStrength"]},{"damage_healed":0,"gold_gain":0,"player_choice":"Joined the Cult","damage_taken":6,"max_hp_gain":0,"max_hp_loss":0,"event_name":"Nest","floor":28,"gold_loss":0,"cards_obtained":["RitualDagger"]},{"damage_healed":0,"gold_gain":0,"player_choice":"Copied","damage_taken":0,"max_hp_gain":0,"max_hp_loss":0,"event_name":"Duplicator","floor":29,"gold_loss":0,"cards_obtained":["Defragment"]}],"is_beta":false,"boss_relics":[{"not_picked":["Inserter","Snecko Eye"],"picked":"Busted Crown"}],"items_purged_floors":[20],"is_endless":false,"potions_floor_spawned":[3,8,10,13,14,19,25],"killed_by":"Snake Plant","ascension_level":3}}