{"host":"osk2oboccoevp2u5","time":1611849308,"event":{"mods":["AchievementEnabler","Alarm Clock","BaseMod","Colored Powertips","Disable Question Mark Monsters","Displayed Cursed Tome","Hermit","Key Reminder","Minty Spire (QoL Compilation)","Potion Indicator Mod","Quick Restart","Rare Cards Sparkle","Reorder Act Four","StSLib","Useless Jewels Mod"],"gold_per_floor":[118,135,37,37,55,55,88,14,87,115,115,128,128,145,145,145,145],"floor_reached":16,"language":"ENG","playtime":861,"items_purged":["hermit:Strike_Hermit"],"score":127,"play_id":"0c70d720-431d-4b7a-8faf-0b1ca4f5e99e","local_time":"20210128115508","is_ascension_mode":true,"campfire_choices":[{"data":"hermit:Snapshot","floor":6,"key":"SMITH"},{"floor":11,"key":"REST"},{"floor":13,"key":"REST"},{"floor":15,"key":"REST"}],"circlet_count":0,"master_deck":["hermit:Strike_Hermit","hermit:Defend_Hermit","hermit:Defend_Hermit","hermit:Defend_Hermit","hermit:Defend_Hermit","hermit:Snapshot+1","hermit:Covet","hermit:Enervate","hermit:Vantage+1","hermit:TakeAim","hermit:PistolWhip"],"relics":["hermit:Momento","Lantern","Mummified Hand","Ancient Tea Set"],"acts_visited":["Exordium"],"potions_floor_usage":[7,7,10,16],"damage_taken":[{"damage":9,"enemies":"Small Slimes","floor":1,"turns":4},{"damage":4,"enemies":"2 Louse","floor":2,"turns":2},{"damage":0,"enemies":"Cultist","floor":5,"turns":3},{"damage":44,"enemies":"Gremlin Nob","floor":7,"turns":5},{"damage":19,"enemies":"Lagavulin","floor":10,"turns":8},{"damage":0,"enemies":"Exordium Wildlife","floor":12,"turns":4},{"damage":9,"enemies":"Lots of Slimes","floor":14,"turns":5},{"damage":98,"enemies":"Hexaghost","floor":16,"turns":16}],"seed_played":"2342810470105942789","potions_obtained":[{"floor":2,"key":"Strength Potion"},{"floor":5,"key":"SteroidPotion"},{"floor":12,"key":"SkillPotion"}],"is_trial":false,"path_per_floor":["M","M","$","?","M","R","E","$","T","E","R","M","R","M","R","B"],"character_chosen":"HERMIT","items_purchased":["hermit:Vantage","Regen Potion"],"campfire_rested":3,"item_purchase_floors":[3,8],"current_hp_per_floor":[59,55,55,55,55,55,11,11,11,7,27,27,47,38,58,26,26],"gold":145,"neow_bonus":"REMOVE_TWO","is_daily":false,"chose_seed":false,"campfire_upgraded":1,"win_rate":0.0,"timestamp":1611849308,"path_taken":["M","M","$","?","M","R","E","$","T","E","R","M","R","M","R","BOSS"],"items_purchased_type":["Card","Potion"],"build_version":"2020-12-22","purchased_purges":1,"victory":false,"max_hp_per_floor":[68,68,68,68,68,68,68,68,68,68,68,68,68,68,68,68,68],"card_choices":[{"not_picked":["hermit:CalledShot","hermit:Feint"],"picked":"hermit:Enervate","floor":1},{"not_picked":["hermit:Manifest","hermit:TakeCover","hermit:CursedWeapon"],"picked":"SKIP","floor":2},{"not_picked":["hermit:HighCaliber","hermit:WideOpen","hermit:Vantage"],"picked":"SKIP","floor":5},{"not_picked":["hermit:Maintenance","hermit:LuckOfTheDraw"],"picked":"hermit:TakeAim","floor":7},{"not_picked":["hermit:WideOpen","hermit:CursedWeapon","hermit:CalledShot"],"picked":"SKIP","floor":10},{"not_picked":["hermit:Determination","hermit:Misfire"],"picked":"hermit:PistolWhip","floor":12},{"not_picked":["hermit:Coalescence","hermit:ShadowCloak","hermit:Roulette"],"picked":"SKIP","floor":14}],"player_experience":939199,"relics_obtained":[{"floor":7,"key":"Lantern"},{"floor":9,"key":"Mummified Hand"},{"floor":10,"key":"Ancient Tea Set"}],"event_choices":[{"damage_healed":0,"gold_gain":0,"player_choice":"Grow","damage_taken":0,"max_hp_gain":0,"max_hp_loss":0,"event_name":"Living Wall","floor":4,"gold_loss":0,"cards_upgraded":["hermit:Vantage"]}],"is_beta":false,"boss_relics":[],"items_purged_floors":[3],"is_endless":false,"potions_floor_spawned":[2,5,12],"killed_by":"Hexaghost","ascension_level":3}}