{"host":"5h6e4l6hpn0p5lap","time":1611799769,"event":{"mods":["AchievementEnabler","BaseMod","Better Altar","Better Match","Better Sensory Stone","Better Skull","Better Third Choice","Filter the Spire","Highlight Path","Minty Spire (QoL Compilation)","StSLib"],"gold_per_floor":[111,129,129,142,161,187,187,36,36,36,54,77,93,151,151,248,298,315,330,111,131,131,162,162,178,204,204,217,244,244,67,67,67,67],"floor_reached":33,"language":"ENG","playtime":1739,"items_purged":["Strike_R","Writhe"],"score":287,"play_id":"87c83667-c16f-4d58-acba-7a67fbf3be92","local_time":"20210127210929","is_ascension_mode":false,"campfire_choices":[{"data":"Body Slam","floor":7,"key":"SMITH"},{"data":"Armaments","floor":10,"key":"SMITH"},{"data":"Iron Wave","floor":15,"key":"SMITH"},{"data":"Impervious","floor":24,"key":"SMITH"},{"data":"Flame Barrier","floor":30,"key":"SMITH"},{"data":"Impervious","floor":32,"key":"SMITH"}],"circlet_count":0,"master_deck":["Strike_R","Strike_R","Strike_R+1","Defend_R","Defend_R","Defend_R","Defend_R","Bash","Wild Strike","Pommel Strike","Flex","Armaments+1","Body Slam+1","Impervious+1","Iron Wave+1","Clothesline","Spot Weakness","Impervious+1","Cleave","Thunderclap+1","Shrug It Off+1","Rage","Flame Barrier+1","Burning Pact","Evolve+1","Ghostly Armor+1","Impervious"],"relics":["Burning Blood","Frozen Egg 2","Akabeko","Self Forming Clay","Odd Mushroom","StrikeDummy","Tiny House","ClockworkSouvenir","Singing Bowl","Potion Belt","Toy Ornithopter","Mercury Hourglass"],"acts_visited":["Exordium","TheCity"],"potions_floor_usage":[6,13,14,16,23,23,29],"damage_taken":[{"damage":5,"enemies":"Jaw Worm","floor":1,"turns":4},{"damage":6,"enemies":"Cultist","floor":2,"turns":3},{"damage":0,"enemies":"Small Slimes","floor":4,"turns":3},{"damage":0,"enemies":"2 Fungi Beasts","floor":5,"turns":4},{"damage":30,"enemies":"Lagavulin","floor":6,"turns":6},{"damage":0,"enemies":"3 Louse","floor":11,"turns":5},{"damage":2,"enemies":"The Mushroom Lair","floor":12,"turns":4},{"damage":11,"enemies":"Blue Slaver","floor":13,"turns":3},{"damage":18,"enemies":"Lagavulin Event","floor":14,"turns":5},{"damage":40,"enemies":"Hexaghost","floor":16,"turns":10},{"damage":4,"enemies":"Shell Parasite","floor":18,"turns":6},{"damage":10,"enemies":"3 Byrds","floor":19,"turns":5},{"damage":12,"enemies":"Snake Plant","floor":21,"turns":4},{"damage":13,"enemies":"Gremlin Leader","floor":23,"turns":8},{"damage":7,"enemies":"Centurion and Healer","floor":25,"turns":7},{"damage":10,"enemies":"3 Cultists","floor":28,"turns":6},{"damage":24,"enemies":"Book of Stabbing","floor":29,"turns":6},{"damage":76,"enemies":"Champ","floor":33,"turns":21}],"seed_played":"-3477953305001752853","potions_obtained":[{"floor":1,"key":"Explosive Potion"},{"floor":11,"key":"SpeedPotion"},{"floor":12,"key":"Fire Potion"},{"floor":13,"key":"BloodPotion"},{"floor":14,"key":"LiquidBronze"},{"floor":17,"key":"Strength Potion"},{"floor":18,"key":"ElixirPotion"},{"floor":19,"key":"PowerPotion"},{"floor":21,"key":"BloodPotion"},{"floor":28,"key":"GamblersBrew"}],"is_trial":false,"path_per_floor":["M","M","?","M","M","E","R","$","T","R","M","?","M","?","R","B",null,"M","M","$","M","?","E","R","M","T","?","M","E","R","$","R","B"],"character_chosen":"IRONCLAD","items_purchased":["Akabeko","ClockworkSouvenir","Impervious"],"campfire_rested":0,"item_purchase_floors":[8,20,31],"current_hp_per_floor":[80,80,80,80,80,56,56,56,56,56,62,66,77,65,65,31,85,85,81,81,75,75,85,85,84,84,84,80,67,67,67,67,0,0],"gold":67,"neow_bonus":"THREE_CARDS","is_daily":false,"chose_seed":false,"campfire_upgraded":6,"win_rate":0.0,"timestamp":1611799769,"path_taken":["M","M","?","M","M","E","R","?","T","R","M","?","M","?","R","BOSS","M","M","$","M","?","E","R","M","T","?","M","E","R","$","R","BOSS"],"items_purchased_type":["Relic","Relic","Card"],"build_version":"2020-12-22","purchased_purges":2,"victory":false,"max_hp_per_floor":[80,80,80,80,80,80,80,80,80,80,80,80,80,80,80,80,85,85,85,85,85,85,85,85,85,85,85,85,85,85,85,85,85,85],"card_choices":[{"not_picked":["Warcry","Flex"],"picked":"Wild Strike","floor":0},{"not_picked":["Seeing Red","Bloodletting"],"picked":"Pommel Strike","floor":1},{"not_picked":["Headbutt","Flame Barrier"],"picked":"Flex","floor":2},{"not_picked":["Blood for Blood","Sentinel"],"picked":"Armaments","floor":4},{"not_picked":["Headbutt","Dual Wield"],"picked":"Body Slam","floor":5},{"not_picked":["Dual Wield","Flex"],"picked":"Impervious","floor":6},{"not_picked":["Sever Soul","Twin Strike"],"picked":"Iron Wave","floor":11},{"not_picked":["Havoc","Twin Strike"],"picked":"Clothesline","floor":12},{"not_picked":["Heavy Blade","Wild Strike"],"picked":"Spot Weakness","floor":13},{"not_picked":["Offering","Limit Break"],"picked":"Impervious","floor":16},{"not_picked":["Thunderclap","Carnage"],"picked":"Cleave","floor":17},{"not_picked":["Havoc","Double Tap"],"picked":"Thunderclap+1","floor":18},{"not_picked":["Sword Boomerang+1","Twin Strike+1"],"picked":"Shrug It Off+1","floor":19},{"not_picked":["Twin Strike","Iron Wave"],"picked":"Rage","floor":21},{"not_picked":["Clash","Cleave"],"picked":"Flame Barrier","floor":23},{"not_picked":["Pummel","Cleave"],"picked":"Burning Pact","floor":25},{"not_picked":["Dual Wield","Cleave+1"],"picked":"Evolve+1","floor":28},{"not_picked":["Pummel+1","True Grit+1"],"picked":"Ghostly Armor+1","floor":29}],"player_experience":999014,"relics_obtained":[{"floor":6,"key":"Frozen Egg 2"},{"floor":9,"key":"Self Forming Clay"},{"floor":12,"key":"Odd Mushroom"},{"floor":14,"key":"StrikeDummy"},{"floor":23,"key":"Potion Belt"},{"floor":26,"key":"Toy Ornithopter"},{"floor":29,"key":"Mercury Hourglass"}],"event_choices":[{"cards_removed":["Strike_R"],"damage_healed":0,"gold_gain":0,"player_choice":"Offered Basic","damage_taken":0,"max_hp_gain":0,"max_hp_loss":0,"event_name":"Bonfire Elementals","floor":3,"gold_loss":0},{"damage_healed":0,"gold_gain":0,"player_choice":"Fought Mushrooms","damage_taken":0,"max_hp_gain":0,"max_hp_loss":0,"event_name":"Mushrooms","floor":12,"gold_loss":0},{"damage_healed":0,"gold_gain":0,"player_choice":"Searched \u00272\u0027 times","damage_taken":0,"max_hp_gain":0,"max_hp_loss":0,"event_name":"Dead Adventurer","floor":14,"gold_loss":0},{"damage_healed":0,"gold_gain":0,"player_choice":"Opened","damage_taken":0,"relics_obtained":["Singing Bowl"],"max_hp_gain":0,"max_hp_loss":0,"event_name":"The Mausoleum","floor":22,"gold_loss":0,"cards_obtained":["Writhe"]},{"damage_healed":0,"gold_gain":0,"player_choice":"Ignored","damage_taken":0,"max_hp_gain":0,"max_hp_loss":0,"event_name":"Cursed Tome","floor":27,"gold_loss":0}],"is_beta":false,"boss_relics":[{"not_picked":["Empty Cage","Runic Cube"],"picked":"Tiny House"}],"items_purged_floors":[20,31],"is_endless":false,"potions_floor_spawned":[1,11,12,13,14,18,19,21,28],"killed_by":"Champ","ascension_level":0}}