{"host":"u7lidxcfipr42qqj","time":1611813756,"event":{"mods":["AchievementEnabler","Ascension Reborn","BaseMod","Downfall","Hermit","Hubris","Infinite Spire","Minty Spire (QoL Compilation)","Replay The Spire","StSLib","The Cursed","The Necromancer","slay the spire mod where everything is the same but ironclad has a cowboy hat"],"gold_per_floor":[119,139,139,139,151,151,161,186,186,186,186,186,206,206,206,223,223,320,320,332,344,344,344,344],"floor_reached":23,"language":"ENG","playtime":1285,"items_purged":[],"score":191,"play_id":"be716879-f141-48e5-b1e2-ebfad6256cca","local_time":"20210128010236","is_ascension_mode":true,"campfire_choices":[{"data":"hermit:Snipe","floor":10,"key":"SMITH"},{"floor":14,"key":"REST"},{"floor":17,"key":"DIG"}],"circlet_count":0,"master_deck":["hermit:Strike_Hermit","hermit:Strike_Hermit","hermit:Strike_Hermit","hermit:Strike_Hermit","hermit:Defend_Hermit+1","hermit:Defend_Hermit","hermit:Defend_Hermit","hermit:Defend_Hermit+1","hermit:Snapshot+1","hermit:Covet","hermit:Misfire","hermit:ShadowCloak","hermit:Snipe+1","hermit:PistolWhip","hermit:BigShot","Spreading Infection","hermit:Deadeye","hermit:HighCaliber","hermit:Magnum","hermit:GhostlyPresence","hermit:Brawl","infinitespire:FutureSight"],"relics":["hermit:Momento","War Paint","infinitespire:WardingShard","Darkstone Periapt","Black Star","infinitespire:Satchel"],"acts_visited":["Exordium","TheCity"],"potions_floor_usage":[18,20],"damage_taken":[{"damage":4,"enemies":"Jaw Worm","floor":1,"turns":4},{"damage":2,"enemies":"2 Louse","floor":2,"turns":2},{"damage":0,"enemies":"Small Slimes","floor":5,"turns":3},{"damage":5,"enemies":"2 Fungi Beasts","floor":7,"turns":5},{"damage":8,"enemies":"Replay:BlueRogue","floor":8,"turns":7},{"damage":0,"enemies":"Exordium Wildlife","floor":13,"turns":4},{"damage":18,"enemies":"Gremlin Gang","floor":16,"turns":5},{"damage":61,"enemies":"The Guardian","floor":18,"turns":14},{"damage":20,"enemies":"2 Thieves","floor":20,"turns":4},{"damage":18,"enemies":"Chosen","floor":21,"turns":6},{"damage":35,"enemies":"Shelled Parasite and Fungi","floor":23,"turns":6}],"seed_played":"-843652803408577757","potions_obtained":[{"floor":1,"key":"champ:CounterPotion"},{"floor":8,"key":"Explosive Potion"},{"floor":18,"key":"SmokeBomb"},{"floor":20,"key":"Milkshake"}],"is_trial":false,"path_per_floor":["M","M","PTL","PTL","M","$","M","E","?","R","T","?","M","R","$","M","R","B",null,"M","M","AVR","M"],"character_chosen":"HERMIT","items_purchased":[],"campfire_rested":1,"item_purchase_floors":[],"current_hp_per_floor":[78,76,76,76,76,76,71,63,63,63,63,63,63,82,82,64,64,3,82,62,44,44,9,9],"gold":344,"neow_bonus":"TEN_PERCENT_HP_BONUS","is_daily":false,"chose_seed":false,"campfire_upgraded":1,"win_rate":0.0,"timestamp":1611813756,"path_taken":["M","M","PTL","PTL","M","$","M","E","?","R","T","?","M","R","$","M","R","BOSS","M","M","AVR","M"],"items_purchased_type":[],"build_version":"2020-12-22","purchased_purges":0,"victory":false,"max_hp_per_floor":[82,82,82,82,82,82,82,82,82,82,82,82,82,82,82,82,82,82,82,82,82,82,82,82],"card_choices":[{"not_picked":["hermit:Horror","hermit:TakeCover"],"picked":"hermit:Misfire","floor":1},{"not_picked":["hermit:DeadMansHand","hermit:LowProfile"],"picked":"hermit:ShadowCloak","floor":2},{"not_picked":["hermit:Dive","hermit:NoHoldsBarred"],"picked":"hermit:Snipe","floor":5},{"not_picked":["hermit:WideOpen","hermit:NoHoldsBarred"],"picked":"hermit:PistolWhip","floor":7},{"not_picked":["hermit:Showdown","hermit:FatalDesire"],"picked":"hermit:BigShot","floor":8},{"not_picked":["hermit:Coalescence","hermit:Gestalt"],"picked":"hermit:Deadeye","floor":13},{"not_picked":["hermit:LoneWolf","hermit:WideOpen"],"picked":"hermit:HighCaliber","floor":16},{"not_picked":["hermit:Adapt","hermit:Purgatory"],"picked":"hermit:Magnum","floor":18},{"not_picked":["hermit:LowProfile","hermit:Deadeye+1"],"picked":"hermit:GhostlyPresence","floor":20},{"not_picked":["hermit:Snipe","hermit:Deadeye"],"picked":"hermit:Brawl","floor":21}],"player_experience":159149,"relics_obtained":[{"floor":8,"key":"War Paint"},{"floor":11,"key":"infinitespire:WardingShard"},{"floor":17,"key":"Darkstone Periapt"}],"event_choices":[{"damage_healed":0,"gold_gain":0,"player_choice":"Grow","damage_taken":0,"max_hp_gain":0,"max_hp_loss":0,"event_name":"Living Wall","floor":12,"gold_loss":0,"cards_upgraded":["hermit:Snapshot"]}],"is_beta":false,"boss_relics":[{"not_picked":["infinitespire:Cupcake","Replay:Bronze Core"],"picked":"Black Star"}],"items_purged_floors":[],"is_endless":false,"potions_floor_spawned":[1,8,18,20],"killed_by":"Shelled Parasite and Fungi","ascension_level":0}}