{"host":"d7if6ph0p9yatwka","time":1611792817,"event":{"mods":["AchievementEnabler","Act Like it!","BaseMod","Gensokyo","KinomotoSakuraMod(ñÿîVñ{?)","Lobotomy","MarisaÅiñ∂âJÅ@ñÇóùçπÅj","Minty Spire (QoL Compilation)","Prisma Mod","StSLib"],"gold_per_floor":[110,121,132,132,152,152,152],"floor_reached":6,"language":"JPN","playtime":730,"items_purged":[],"score":38,"play_id":"c80dc8d9-3f2e-4879-b194-02d75bdeec5f","local_time":"20210128001337","is_ascension_mode":false,"campfire_choices":[],"circlet_count":0,"master_deck":["Strike_G","Strike_G","Strike_G","Strike_G","Strike_G","Defend_G","Defend_G","Defend_G","Defend_G","Defend_G","Survivor","Neutralize","PunishingBird","Poisoned Stab","Bloodbath","Eviscerate","Wellcheers","Flying Knee","BeautyBeast","Heel Hook"],"relics":["Ring of the Snake","CogitoBucket"],"acts_visited":["Exordium"],"potions_floor_usage":[6],"damage_taken":[{"damage":0,"enemies":"Jaw Worm","floor":1,"turns":6},{"damage":1,"enemies":"2 Louse","floor":2,"turns":3},{"damage":1,"enemies":"Small Slimes","floor":3,"turns":3},{"damage":13,"enemies":"3 Louse","floor":5,"turns":5},{"damage":109,"enemies":"3 Sentries","floor":6,"turns":3}],"seed_played":"2933778311485279977","potions_obtained":[{"floor":1,"key":"SkillPotion"}],"is_trial":false,"path_per_floor":["M","M","M","?","M","E"],"character_chosen":"THE_SILENT","items_purchased":[],"campfire_rested":0,"item_purchase_floors":[],"current_hp_per_floor":[70,69,70,70,59,0,0],"gold":152,"neow_bonus":"","is_daily":false,"chose_seed":false,"campfire_upgraded":0,"win_rate":0.0,"timestamp":1611792817,"path_taken":["M","M","M","?","M","E"],"items_purchased_type":[],"build_version":"2020-12-22","purchased_purges":0,"victory":false,"max_hp_per_floor":[70,70,70,70,70,70,70],"card_choices":[{"not_picked":["Wellcheers","Murderer"],"picked":"PunishingBird","floor":1},{"not_picked":["Bouncing Flask","Bane"],"picked":"Poisoned Stab","floor":1},{"not_picked":["Scorched","OldLady"],"picked":"Bloodbath","floor":2},{"not_picked":["Dagger Spray","Terror"],"picked":"Eviscerate","floor":2},{"not_picked":["SpiderBud","CherryBlossoms"],"picked":"Wellcheers","floor":3},{"not_picked":["Backflip","Crippling Poison"],"picked":"Flying Knee","floor":3},{"not_picked":["QueenBee","LongBird"],"picked":"BeautyBeast","floor":5},{"not_picked":["Blade Dance","Sucker Punch"],"picked":"Heel Hook","floor":5}],"player_experience":92113,"relics_obtained":[],"event_choices":[{"damage_healed":0,"gold_gain":0,"player_choice":"Ignored","damage_taken":0,"max_hp_gain":0,"max_hp_loss":0,"event_name":"Liars Game","floor":4,"gold_loss":0}],"is_beta":false,"boss_relics":[],"items_purged_floors":[],"is_endless":false,"potions_floor_spawned":[1],"killed_by":"3 Sentries","ascension_level":0}}