{"host":"osk2oboccoevp2u5","time":1611858938,"event":{"mods":["AchievementEnabler","Alarm Clock","BaseMod","Colored Powertips","Disable Question Mark Monsters","Displayed Cursed Tome","Hermit","Key Reminder","Minty Spire (QoL Compilation)","Potion Indicator Mod","Quick Restart","Rare Cards Sparkle","Reorder Act Four","StSLib","Useless Jewels Mod"],"gold_per_floor":[115,4,79,96,96,5,30,46,92,108,128,28,28,48,48,145,145,156,156,31,43,53,53,153,153,153,168,187,187,199,217,217,314,314,328,344,356,371,0,26,0,0,0,19,29,64,64,81,81,81,81],"floor_reached":50,"language":"ENG","playtime":4820,"items_purged":["hermit:Strike_Hermit","hermit:Strike_Hermit","hermit:Strike_Hermit","hermit:Defend_Hermit"],"score":604,"play_id":"86bda89a-b63c-42c8-b276-c5854c02ed14","local_time":"20210128143538","is_ascension_mode":true,"campfire_choices":[{"data":"Finesse","floor":13,"key":"SMITH"},{"data":"hermit:Ricochet","floor":15,"key":"SMITH"},{"floor":23,"key":"RECALL"}],"circlet_count":0,"master_deck":["hermit:Snapshot","hermit:Covet","hermit:TakeCover","hermit:Combo","Finesse+1","hermit:PistolWhip","hermit:Combo","hermit:Combo","hermit:Ricochet+1","hermit:Purgatory","hermit:Vantage+1","hermit:PistolWhip","hermit:HeroicBravado","hermit:Roulette+1","hermit:Enervate","hermit:HeroicBravado","hermit:Showdown+1","hermit:Determination+1","hermit:Brawl+1","hermit:TrackingShot+1","hermit:Enervate","hermit:PistolWhip","hermit:Quickdraw+1","hermit:Midnight+1","hermit:LoneWolf+1","hermit:Feint+1"],"relics":["Coffee Dripper","Anchor","Strawberry","Fusion Hammer","keyreminder:keyreminder","The Courier","Astrolabe","Akabeko","White Beast Statue","Red Mask","Gremlin Horn","Blue Candle"],"acts_visited":["Exordium","TheCity","TheBeyond"],"potions_floor_usage":[14,16,16,22,33,40,46,46,48,48,50],"damage_taken":[{"damage":4,"enemies":"Small Slimes","floor":1,"turns":4},{"damage":2,"enemies":"Jaw Worm","floor":4,"turns":4},{"damage":0,"enemies":"Cultist","floor":8,"turns":6},{"damage":7,"enemies":"Red Slaver","floor":10,"turns":3},{"damage":3,"enemies":"Blue Slaver","floor":11,"turns":4},{"damage":20,"enemies":"Lots of Slimes","floor":14,"turns":1},{"damage":19,"enemies":"Slime Boss","floor":16,"turns":6},{"damage":8,"enemies":"Shell Parasite","floor":18,"turns":4},{"damage":20,"enemies":"Spheric Guardian","floor":21,"turns":5},{"damage":2,"enemies":"Centurion and Healer","floor":22,"turns":5},{"damage":0,"enemies":"Cultist and Chosen","floor":27,"turns":4},{"damage":36,"enemies":"3 Cultists","floor":28,"turns":5},{"damage":3,"enemies":"Centurion and Healer","floor":30,"turns":7},{"damage":10,"enemies":"Shelled Parasite and Fungi","floor":31,"turns":6},{"damage":2,"enemies":"Automaton","floor":33,"turns":7},{"damage":83,"enemies":"3 Darklings","floor":35,"turns":5},{"damage":24,"enemies":"3 Shapes","floor":36,"turns":5},{"damage":11,"enemies":"Jaw Worm Horde","floor":37,"turns":4},{"damage":51,"enemies":"4 Shapes","floor":38,"turns":6},{"damage":2,"enemies":"Giant Head","floor":40,"turns":6},{"damage":12,"enemies":"Spire Growth","floor":44,"turns":4},{"damage":2,"enemies":"Maw","floor":45,"turns":4},{"damage":33,"enemies":"Nemesis","floor":46,"turns":7},{"damage":23,"enemies":"4 Shapes","floor":48,"turns":4},{"damage":14,"enemies":"Awakened One","floor":50,"turns":4}],"seed_played":"-4119078542467839573","potions_obtained":[{"floor":4,"key":"SteroidPotion"},{"floor":11,"key":"AttackPotion"},{"floor":14,"key":"BlessingOfTheForge"},{"floor":18,"key":"LiquidMemories"},{"floor":30,"key":"hermit:Tonic"},{"floor":36,"key":"Dexterity Potion"},{"floor":37,"key":"PowerPotion"},{"floor":44,"key":"CultistPotion"},{"floor":46,"key":"ColorlessPotion"},{"floor":48,"key":"GamblersBrew"}],"is_trial":false,"path_per_floor":["M","$","?","M","?","$","T","M","T","M","M","$","R","M","R","B",null,"M","?","$","M","M","R","?","R","T","M","M","R","M","M","R","B",null,"M","M","M","M","$","E","?","R","T","M","M","E","?","M","R","B"],"character_chosen":"HERMIT","items_purchased":["hermit:Combo","Finesse","Explosive Potion","hermit:Tonic","Akabeko","hermit:PistolWhip"],"campfire_rested":0,"item_purchase_floors":[2,6,39,39,39,39],"current_hp_per_floor":[71,71,60,58,63,63,63,63,70,63,60,60,60,40,40,21,87,79,79,79,59,57,57,57,57,57,57,21,21,18,8,8,6,87,4,63,52,1,1,85,85,85,85,73,71,38,38,15,15,1,1],"gold":81,"neow_bonus":"BOSS_RELIC","is_daily":false,"chose_seed":false,"campfire_upgraded":2,"win_rate":0.0,"timestamp":1611858938,"path_taken":["M","$","?","M","?","?","?","M","T","M","?","$","R","M","R","BOSS","M","?","$","?","M","R","?","R","T","M","M","R","?","M","R","BOSS","M","M","M","M","$","E","?","R","T","M","M","E","?","?","R","BOSS"],"items_purchased_type":["Card","Card","Potion","Potion","Relic","Card"],"build_version":"2020-12-22","purchased_purges":4,"victory":false,"max_hp_per_floor":[75,75,75,75,80,80,80,80,87,87,87,87,87,87,87,87,87,87,87,87,87,87,87,87,87,87,87,87,87,87,87,87,87,87,87,87,87,87,87,87,87,87,87,87,87,87,87,87,87,87,87],"card_choices":[{"not_picked":["hermit:Ricochet","hermit:Dive"],"picked":"hermit:TakeCover","floor":1},{"not_picked":["hermit:Virtue","hermit:Desperado","hermit:EyeOfTheStorm"],"picked":"SKIP","floor":4},{"not_picked":["hermit:Showdown","hermit:Roulette"],"picked":"hermit:PistolWhip","floor":8},{"not_picked":["hermit:Coalescence","hermit:Dive"],"picked":"hermit:Combo","floor":10},{"not_picked":["hermit:Scavenge","hermit:Misfire"],"picked":"hermit:Combo","floor":11},{"not_picked":["hermit:Purgatory","hermit:Shortfuse"],"picked":"hermit:Ricochet","floor":14},{"not_picked":["hermit:RoundhouseKick","hermit:FatalDesire"],"picked":"hermit:Purgatory","floor":16},{"not_picked":["hermit:Glare+1","hermit:Quickdraw","hermit:Snipe"],"picked":"SKIP","floor":18},{"not_picked":["hermit:Shortfuse","hermit:Desperado","hermit:LowProfile"],"picked":"SKIP","floor":21},{"not_picked":["hermit:BodyArmor","hermit:LoneWolf"],"picked":"hermit:Vantage+1","floor":22},{"not_picked":["hermit:ShadowCloak","hermit:Ricochet"],"picked":"hermit:PistolWhip","floor":27},{"not_picked":["hermit:Glare","hermit:Cheat"],"picked":"hermit:HeroicBravado","floor":28},{"not_picked":["hermit:Showdown","hermit:EyeOfTheStorm"],"picked":"hermit:Roulette+1","floor":30},{"not_picked":["hermit:ItchyTrigger","hermit:Determination"],"picked":"hermit:Enervate","floor":31},{"not_picked":["hermit:DeadOrAlive","hermit:Roughhouse"],"picked":"hermit:HeroicBravado","floor":33},{"not_picked":["hermit:Manifest","hermit:Quickdraw+1"],"picked":"hermit:TrackingShot+1","floor":35},{"not_picked":["hermit:Headshot","hermit:Desperado+1","hermit:LowProfile+1"],"picked":"SKIP","floor":36},{"not_picked":["hermit:Maintenance+1","hermit:Vantage+1","hermit:WideOpen+1"],"picked":"SKIP","floor":37},{"not_picked":["hermit:HoleUp","hermit:DeadMansHand"],"picked":"hermit:Enervate","floor":38},{"not_picked":["hermit:Dive","hermit:HoleUp+1"],"picked":"hermit:Quickdraw+1","floor":40},{"not_picked":["hermit:DeadOrAlive","hermit:CalledShot"],"picked":"hermit:Midnight+1","floor":44},{"not_picked":["hermit:FlashPowder","hermit:Coalescence"],"picked":"hermit:LoneWolf+1","floor":45},{"not_picked":["hermit:BodyArmor","hermit:Roulette","hermit:Misfire+1"],"picked":"SKIP","floor":46},{"not_picked":["hermit:BodyArmor","hermit:ShadowCloak"],"picked":"hermit:Feint+1","floor":48}],"player_experience":939199,"relics_obtained":[{"floor":7,"key":"Anchor"},{"floor":9,"key":"Strawberry"},{"floor":26,"key":"The Courier"},{"floor":40,"key":"White Beast Statue"},{"floor":43,"key":"Gremlin Horn"},{"floor":46,"key":"Blue Candle"}],"event_choices":[{"damage_healed":0,"gold_gain":75,"player_choice":"Gather Gold","damage_taken":11,"max_hp_gain":0,"max_hp_loss":0,"event_name":"World of Goop","floor":3,"gold_loss":0},{"damage_healed":0,"gold_gain":0,"player_choice":"Donut","damage_taken":0,"max_hp_gain":5,"max_hp_loss":0,"event_name":"Big Fish","floor":5,"gold_loss":0},{"cards_removed":["hermit:Strike_Hermit"],"damage_healed":0,"gold_gain":0,"player_choice":"Purged","damage_taken":0,"max_hp_gain":0,"max_hp_loss":0,"event_name":"Purifier","floor":19,"gold_loss":0},{"damage_healed":0,"gold_gain":100,"player_choice":"Pray","damage_taken":0,"max_hp_gain":0,"max_hp_loss":0,"event_name":"Golden Shrine","floor":24,"gold_loss":0},{"damage_healed":0,"gold_gain":0,"player_choice":"Paid","damage_taken":0,"relics_obtained":["Red Mask"],"max_hp_gain":0,"max_hp_loss":0,"event_name":"Tomb of Lord Red Mask","floor":41,"gold_loss":26},{"damage_healed":0,"gold_gain":0,"player_choice":"Ignored","damage_taken":0,"max_hp_gain":0,"max_hp_loss":0,"event_name":"SecretPortal","floor":47,"gold_loss":0}],"is_beta":false,"boss_relics":[{"not_picked":["Ectoplasm","Velvet Choker"],"picked":"Fusion Hammer"},{"not_picked":["Calling Bell","Snecko Eye"],"picked":"Astrolabe"}],"items_purged_floors":[2,12,20,39],"is_endless":false,"potions_floor_spawned":[4,11,14,18,30,36,37,44,45,46,48],"killed_by":"Awakened One","ascension_level":3}}