{"host":"sav7uxregyirlf69","time":1611835120,"event":{"mods":["AchievementEnabler","BaseMod","Colored Map","DeckTracker","Keyboard Shortcuts","Minty Spire (QoL Compilation)","READ ME - Guardian Mod","StSLib","SuperFastMode"],"gold_per_floor":[109,122,2,16,16,16,42,42,42,42,60,60,3,22,22,99,99,113,113,113,130,144,144,177,192,192,36,36,36],"floor_reached":28,"language":"KOR","playtime":419,"items_purged":["Strike_G","Strike_G+1"],"score":476,"play_id":"1900be5b-c3cf-414f-b269-b0cbc31bd52c","local_time":"20210128205840","is_ascension_mode":true,"campfire_choices":[{"data":"Noxious Fumes","floor":6,"key":"SMITH"},{"floor":8,"key":"REST"},{"data":"Deadly Poison","floor":12,"key":"SMITH"},{"data":"Neutralize","floor":15,"key":"SMITH"},{"data":"Tactician","floor":23,"key":"SMITH"}],"circlet_count":0,"master_deck":["AscendersBane","Strike_G+1","Strike_G+1","Strike_G+1","Defend_G+1","Defend_G+1","Defend_G+1","Defend_G+1","Defend_G+1","Survivor+1","Neutralize+1","Backflip","Noxious Fumes+1","Poisoned Stab","Escape Plan","Deadly Poison+1","After Image","Tactician+1","PiercingWail"],"relics":["Ring of the Snake","NeowsBlessing","StrikeDummy","InkBottle","Busted Crown","Bottled Tornado","Toxic Egg 2"],"acts_visited":["Exordium","TheCity"],"potions_floor_usage":[7,16,24,28,28],"damage_taken":[{"damage":0,"enemies":"Cultist","floor":1,"turns":1},{"damage":0,"enemies":"Small Slimes","floor":2,"turns":1},{"damage":0,"enemies":"2 Louse","floor":4,"turns":2},{"damage":28,"enemies":"Gremlin Nob","floor":7,"turns":4},{"damage":1,"enemies":"2 Fungi Beasts","floor":11,"turns":3},{"damage":8,"enemies":"Blue Slaver","floor":14,"turns":4},{"damage":13,"enemies":"The Guardian","floor":16,"turns":8},{"damage":10,"enemies":"Shell Parasite","floor":18,"turns":5},{"damage":5,"enemies":"Chosen","floor":21,"turns":4},{"damage":1,"enemies":"Snake Plant","floor":22,"turns":5},{"damage":15,"enemies":"Book of Stabbing","floor":24,"turns":5},{"damage":18,"enemies":"Shelled Parasite and Fungi","floor":25,"turns":6},{"damage":8,"enemies":"Gremlin Leader","floor":28,"turns":5}],"seed_played":"-3716934932430934855","potions_obtained":[{"floor":1,"key":"AttackPotion"},{"floor":7,"key":"LiquidMemories"},{"floor":16,"key":"ColorlessPotion"},{"floor":21,"key":"SkillPotion"}],"is_trial":false,"path_per_floor":["M","M","$","M","?","R","E","R","T","?","M","R","$","M","R","B",null,"M","?","?","M","M","R","E","M","T","$","E"],"character_chosen":"THE_SILENT","items_purchased":["Noxious Fumes","AttackPotion","PowerPotion"],"campfire_rested":1,"item_purchase_floors":[3,13,27],"current_hp_per_floor":[59,59,59,59,39,39,11,30,30,35,34,34,34,26,26,13,57,47,47,47,42,41,41,26,8,8,8,0,0],"gold":36,"neow_bonus":"THREE_ENEMY_KILL","is_daily":false,"chose_seed":false,"campfire_upgraded":4,"win_rate":0.0,"timestamp":1611835120,"path_taken":["M","?","?","M","?","R","E","R","T","?","M","R","$","M","R","BOSS","M","?","?","M","M","R","E","M","T","?","E"],"items_purchased_type":["Card","Potion","Potion"],"build_version":"2020-12-22","purchased_purges":2,"victory":false,"max_hp_per_floor":[66,66,66,66,66,66,66,66,66,71,71,71,71,71,71,71,71,71,71,71,71,71,71,71,71,71,71,71,71],"card_choices":[{"not_picked":["Cloak And Dagger","Dodge and Roll"],"picked":"Backflip","floor":1},{"not_picked":["Flying Knee","Choke","Bane"],"picked":"SKIP","floor":2},{"not_picked":["Underhanded Strike","Sucker Punch"],"picked":"Poisoned Stab","floor":4},{"not_picked":["Sucker Punch","Setup"],"picked":"Escape Plan","floor":7},{"not_picked":["Backflip","Dagger Throw"],"picked":"Deadly Poison","floor":11},{"not_picked":["Quick Slash","Deflect"],"picked":"After Image","floor":14},{"not_picked":["Endless Agony"],"picked":"SKIP","floor":18},{"not_picked":["Bane"],"picked":"SKIP","floor":21},{"not_picked":[],"picked":"Tactician","floor":22},{"not_picked":[],"picked":"PiercingWail","floor":24},{"not_picked":["Underhanded Strike"],"picked":"SKIP","floor":25}],"player_experience":1421024,"relics_obtained":[{"floor":7,"key":"StrikeDummy"},{"floor":9,"key":"InkBottle"},{"floor":24,"key":"Bottled Tornado"},{"floor":26,"key":"Toxic Egg 2"}],"event_choices":[{"damage_healed":0,"gold_gain":0,"player_choice":"Entered Light","damage_taken":20,"max_hp_gain":0,"max_hp_loss":0,"event_name":"Shining Light","floor":5,"gold_loss":0,"cards_upgraded":["Strike_G","Survivor"]},{"damage_healed":0,"gold_gain":0,"player_choice":"Donut","damage_taken":0,"max_hp_gain":5,"max_hp_loss":0,"event_name":"Big Fish","floor":10,"gold_loss":0},{"damage_healed":0,"gold_gain":0,"player_choice":"Simplicity","damage_taken":0,"max_hp_gain":0,"max_hp_loss":0,"event_name":"Back to Basics","floor":19,"gold_loss":0,"cards_upgraded":["Strike_G","Strike_G","Strike_G","Defend_G","Defend_G","Defend_G","Defend_G","Defend_G"]},{"damage_healed":0,"gold_gain":0,"player_choice":"Ignored","damage_taken":0,"max_hp_gain":0,"max_hp_loss":0,"event_name":"The Mausoleum","floor":20,"gold_loss":0}],"is_beta":false,"boss_relics":[{"not_picked":["Philosopher\u0027s Stone","Snecko Eye"],"picked":"Busted Crown"}],"items_purged_floors":[3,27],"is_endless":false,"potions_floor_spawned":[1,7,14,16,21,22],"killed_by":"Gremlin Leader","ascension_level":20}}