{"host":"5x08nt64u3vxxcfi","time":1611804167,"event":{"mods":["BaseMod","Minty Spire (QoL Compilation)","StSLib","SuperFastMode"],"gold_per_floor":[115,126,126,126,138,138,173,183,183,183,58,88,88,119,119,224,224,240,272,272,1,15,40,53,53,53,88,88,104,104,6,6,107,107,118,118,136,153,53,87,87,87,87,87,14,14,26,55,55,55],"floor_reached":51,"language":"KOR","playtime":1256,"items_purged":["Strike_R","Strike_R"],"score":1004,"play_id":"3b228dc1-031f-47d6-84cd-f2a6053f3761","local_time":"20210128122247","is_ascension_mode":true,"campfire_choices":[{"data":"Bash","floor":6.0,"key":"SMITH"},{"data":"1","floor":10.0,"key":"LIFT"},{"data":"True Grit","floor":13.0,"key":"SMITH"},{"data":"2","floor":15.0,"key":"LIFT"},{"data":"3","floor":25.0,"key":"LIFT"},{"floor":28.0,"key":"REST"},{"data":"Fire Breathing","floor":30.0,"key":"SMITH"},{"data":"Bludgeon","floor":32.0,"key":"SMITH"},{"data":"Barricade","floor":42.0,"key":"SMITH"},{"data":"Body Slam","floor":44.0,"key":"SMITH"},{"data":"Battle Trance","floor":46.0,"key":"SMITH"},{"data":"Metallicize","floor":49,"key":"SMITH"}],"circlet_count":0,"master_deck":["Strike_R+1","Defend_R","Defend_R+1","Defend_R","Defend_R","Bash+1","Shrug It Off","Body Slam+1","Pummel","Battle Trance+1","Dropkick","True Grit+1","Pommel Strike+1","Bludgeon+1","Rupture","Shockwave+1","Armaments+1","Entrench+1","Ghostly Armor+1","Metallicize+1","Headbutt","Fire Breathing+1","Disarm+1","Shrug It Off+1","Barricade+1","True Grit+1","Purity+1","Impervious+1","Dual Wield+1","Body Slam+1","Infernal Blade+1","Thunderclap+1","Blind+1","Flame Barrier+1","Seeing Red+1","Dual Wield+1"],"relics":["Burning Blood","NeowsBlessing","Lantern","Girya","Mercury Hourglass","Odd Mushroom","Toxic Egg 2","Black Star","Red Mask","PreservedInsect","Happy Flower","Strawberry","Bottled Lightning","Bag of Preparation","Whetstone","Empty Cage","Omamori","Calipers","Champion Belt","Shuriken","White Beast Statue"],"acts_visited":["Exordium","TheCity","TheBeyond"],"potions_floor_usage":[50],"damage_taken":[{"damage":0.0,"enemies":"Jaw Worm","floor":1.0,"turns":1.0},{"damage":0.0,"enemies":"Cultist","floor":2.0,"turns":1.0},{"damage":0.0,"enemies":"Small Slimes","floor":5.0,"turns":1.0},{"damage":26.0,"enemies":"3 Sentries","floor":7.0,"turns":10.0},{"damage":12.0,"enemies":"Exordium Thugs","floor":8.0,"turns":5.0},{"damage":14.0,"enemies":"The Mushroom Lair","floor":12.0,"turns":3.0},{"damage":10.0,"enemies":"Gremlin Nob","floor":14.0,"turns":3.0},{"damage":9.0,"enemies":"Slime Boss","floor":16.0,"turns":8.0},{"damage":8.0,"enemies":"3 Byrds","floor":18.0,"turns":5.0},{"damage":33.0,"enemies":"Masked Bandits","floor":19.0,"turns":4.0},{"damage":19.0,"enemies":"2 Thieves","floor":22.0,"turns":3.0},{"damage":23.0,"enemies":"Slavers","floor":23.0,"turns":4.0},{"damage":18.0,"enemies":"Snake Plant","floor":24.0,"turns":4.0},{"damage":0.0,"enemies":"Gremlin Leader","floor":27.0,"turns":4.0},{"damage":0.0,"enemies":"Shelled Parasite and Fungi","floor":29.0,"turns":3.0},{"damage":10.0,"enemies":"Champ","floor":33.0,"turns":10.0},{"damage":0.0,"enemies":"3 Shapes","floor":35.0,"turns":3.0},{"damage":0.0,"enemies":"Orb Walker","floor":37.0,"turns":3.0},{"damage":22.0,"enemies":"Writhing Mass","floor":38.0,"turns":7.0},{"damage":30.0,"enemies":"Reptomancer","floor":40.0,"turns":5.0},{"damage":0.0,"enemies":"Jaw Worm Horde","floor":47.0,"turns":4.0},{"damage":0,"enemies":"Giant Head","floor":48,"turns":6},{"damage":34,"enemies":"Donu and Deca","floor":50,"turns":11}],"seed_played":"9221201777614874935","potions_obtained":[{"floor":7.0,"key":"SteroidPotion"},{"floor":14.0,"key":"Strength Potion"},{"floor":24.0,"key":"LiquidMemories"},{"floor":27.0,"key":"Explosive Potion"},{"floor":29.0,"key":"ColorlessPotion"},{"floor":35.0,"key":"LiquidBronze"},{"floor":47,"key":"Energy Potion"}],"is_trial":false,"path_per_floor":["M","M","?","?","M","R","E","M","T","R","$","?","R","E","R","B",null,"M","?","?","$","M","E","M","R","T","E","R","M","R","$","R","B",null,"M","?","M","M","$","E","?","R","T","R","$","R","M","E","R","B",null],"character_chosen":"IRONCLAD","items_purchased":["Dropkick","True Grit","Armaments+1","PreservedInsect","Disarm+1","Shrug It Off+1","Flame Barrier+1"],"campfire_rested":1,"item_purchase_floors":[11,11,21,21,31,31,45],"current_hp_per_floor":[80,80,64,64,70,70,50,44,44,44,44,36,36,32,32,29,80,78,51,51,51,38,28,16,16,16,22,48,54,54,54,54,50,87,87,87,87,71,71,47,47,47,47,47,47,47,53,59,59,31],"gold":55,"neow_bonus":"THREE_ENEMY_KILL","is_daily":false,"chose_seed":false,"campfire_upgraded":8,"win_rate":0.0,"timestamp":1611804167,"path_taken":["M","M","?","?","M","R","E","?","T","R","$","?","R","E","R","BOSS","M","?","?","$","M","E","M","R","T","E","R","M","R","$","R","BOSS","M","?","?","M","?","E","?","R","T","R","$","R","M","E","R","BOSS"],"items_purchased_type":["Card","Card","Card","Relic","Card","Card","Card"],"build_version":"2020-12-22","purchased_purges":2,"victory":true,"max_hp_per_floor":[80,80,80,80,80,80,80,80,80,80,80,80,80,80,80,80,80,80,80,80,80,80,87,87,87,87,87,87,87,87,87,87,87,87,87,87,87,87,87,87,87,87,87,87,87,87,87,87,87,87],"card_choices":[{"not_picked":["Warcry","Fire Breathing"],"picked":"Shrug It Off","floor":1.0},{"not_picked":["Carnage","Anger"],"picked":"Ghostly Armor","floor":2.0},{"not_picked":["Warcry","Flex"],"picked":"Body Slam","floor":5.0},{"not_picked":["Cleave","Sword Boomerang"],"picked":"Pummel","floor":7.0},{"not_picked":["Ghostly Armor","Fiend Fire"],"picked":"Battle Trance","floor":8.0},{"not_picked":["Rampage","Iron Wave"],"picked":"Pommel Strike","floor":12.0},{"not_picked":["Iron Wave","Flex+1","Combust"],"picked":"SKIP","floor":14.0},{"not_picked":["Reaper","Feed"],"picked":"Bludgeon","floor":16.0},{"not_picked":["Iron Wave","Sword Boomerang"],"picked":"Rupture","floor":18.0},{"not_picked":["Wild Strike+1","Flex+1"],"picked":"Shockwave+1","floor":19.0},{"not_picked":["Searing Blow","Shrug It Off+1"],"picked":"Entrench+1","floor":22.0},{"not_picked":["Shrug It Off+1","Iron Wave"],"picked":"Ghostly Armor+1","floor":23.0},{"not_picked":["Warcry+1","Shrug It Off+1"],"picked":"Metallicize","floor":24.0},{"not_picked":["Clash","Twin Strike"],"picked":"Headbutt","floor":27.0},{"not_picked":["Metallicize+1","Fiend Fire"],"picked":"Fire Breathing","floor":29.0},{"not_picked":["Immolate","Offering+1"],"picked":"Barricade","floor":33.0},{"not_picked":["Carnage+1","Sword Boomerang"],"picked":"True Grit+1","floor":35.0},{"not_picked":["Havoc+1","Warcry+1"],"picked":"Body Slam","floor":37.0},{"not_picked":["Dual Wield+1","Iron Wave"],"picked":"Infernal Blade+1","floor":38.0},{"not_picked":["Warcry+1","Armaments+1"],"picked":"Thunderclap+1","floor":40.0},{"not_picked":["Violence+1","The Bomb+1"],"picked":"Blind+1","floor":41.0},{"not_picked":["Pummel+1","Body Slam"],"picked":"Seeing Red+1","floor":47},{"not_picked":["Perfected Strike+1","Havoc+1"],"picked":"Dual Wield+1","floor":48}],"player_experience":115180,"relics_obtained":[{"floor":7.0,"key":"Girya"},{"floor":9.0,"key":"Mercury Hourglass"},{"floor":12.0,"key":"Odd Mushroom"},{"floor":14.0,"key":"Toxic Egg 2"},{"floor":19.0,"key":"Red Mask"},{"floor":23.0,"key":"Happy Flower"},{"floor":23.0,"key":"Strawberry"},{"floor":26.0,"key":"Bottled Lightning"},{"floor":27.0,"key":"Bag of Preparation"},{"floor":27.0,"key":"Whetstone"},{"floor":40.0,"key":"Omamori"},{"floor":40.0,"key":"Calipers"},{"floor":43.0,"key":"Champion Belt"},{"floor":48,"key":"Shuriken"},{"floor":48,"key":"White Beast Statue"}],"event_choices":[{"damage_healed":0.0,"max_hp_gain":0.0,"max_hp_loss":0.0,"gold_gain":0.0,"event_name":"Shining Light","player_choice":"Entered Light","floor":3.0,"gold_loss":0.0,"damage_taken":16.0,"cards_upgraded":["Defend_R","Strike_R"]},{"cards_removed":["Ghostly Armor"],"damage_healed":0.0,"max_hp_gain":0.0,"max_hp_loss":0.0,"gold_gain":0.0,"event_name":"WeMeetAgain","player_choice":"Gave Card","floor":4.0,"gold_loss":0.0,"damage_taken":0.0,"relics_obtained":["Lantern"]},{"damage_healed":0.0,"max_hp_gain":0.0,"max_hp_loss":0.0,"gold_gain":0.0,"event_name":"Mushrooms","player_choice":"Fought Mushrooms","floor":12.0,"gold_loss":0.0,"damage_taken":0.0},{"damage_healed":0.0,"max_hp_gain":0.0,"max_hp_loss":0.0,"gold_gain":0.0,"event_name":"Masked Bandits","player_choice":"Fought Bandits","floor":19.0,"gold_loss":0.0,"damage_taken":0.0},{"damage_healed":0.0,"max_hp_gain":0.0,"max_hp_loss":0.0,"gold_gain":0.0,"event_name":"Ghosts","player_choice":"Ignored","floor":20.0,"gold_loss":0.0,"damage_taken":0.0},{"damage_healed":0.0,"max_hp_gain":0.0,"max_hp_loss":0.0,"gold_gain":0.0,"event_name":"Match and Keep!","player_choice":"3 cards matched","floor":36.0,"gold_loss":0.0,"damage_taken":0.0,"cards_obtained":["Purity","Impervious","Dual Wield"]},{"damage_healed":0.0,"max_hp_gain":0.0,"max_hp_loss":0.0,"gold_gain":0.0,"event_name":"SensoryStone","player_choice":"Memory 1","floor":41.0,"gold_loss":0.0,"damage_taken":0.0}],"is_beta":false,"boss_relics":[{"not_picked":["Sozu","Busted Crown"],"picked":"Black Star"},{"not_picked":["Fusion Hammer","Cursed Key"],"picked":"Empty Cage"}],"items_purged_floors":[21,39],"is_endless":false,"potions_floor_spawned":[7,14,24,27,29,35,47],"ascension_level":4}}