{"host":"6a9c3xws62y7efyw","time":1611805476,"event":{"mods":["BaseMod","Colored Map","Minty Spire (QoL Compilation)","Relic Stats","StSLib"],"gold_per_floor":[111,127,140,151,151,151,184,184,184,211,223,254,283,330,342,430,442,473,9,26,26,57,57,91,9,61,61,94,19,19,30,30,107,107,118,340,340,394,394,420,420,455,455,475,475,475,488,519,519,519,519],"floor_reached":50,"language":"ENG","playtime":2940,"items_purged":[],"score":1368,"play_id":"39baaabf-3390-4b11-9521-88be7c515a98","local_time":"20210127194436","is_ascension_mode":true,"campfire_choices":[{"data":"Crippling Poison","floor":6.0,"key":"SMITH"},{"data":"Noxious Fumes","floor":8.0,"key":"SMITH"},{"floor":11,"key":"REST"},{"data":"Malaise","floor":15,"key":"SMITH"},{"data":"Footwork","floor":23,"key":"SMITH"},{"data":"Adrenaline","floor":30,"key":"SMITH"},{"data":"Impatience","floor":32,"key":"SMITH"},{"floor":41,"key":"REST"},{"data":"Catalyst","floor":45,"key":"SMITH"},{"floor":49,"key":"RECALL"}],"circlet_count":0,"master_deck":["AscendersBane","Survivor","Calculated Gamble","Deflect","Poisoned Stab","Caltrops","Noxious Fumes+1","Backstab","Die Die Die+1","Endless Agony","Crippling Poison+1","Dagger Throw","Cloak And Dagger","Backflip","Deflect","Backflip","Backstab","Footwork+1","Malaise+1","Adrenaline+1","Dagger Spray+1","Cloak And Dagger","Calculated Gamble","Phantasmal Killer","Impatience+1","Dodge and Roll","Infinite Blades","Tools of the Trade","Infinite Blades+1","Mayhem","Dark Shackles","Deep Breath","Backflip","Blade Dance","Catalyst+1","Underhanded Strike+1","Sucker Punch+1","Dash+1"],"relics":["Pandora\u0027s Box","The Courier","Whetstone","MawBank","Juzu Bracelet","Philosopher\u0027s Stone","ClockworkSouvenir","Mercury Hourglass","Pen Nib","Red Mask","Peace Pipe","Centennial Puzzle","Blood Vial","InkBottle","Busted Crown","Calipers","Molten Egg 2","Torii","White Beast Statue"],"acts_visited":["Exordium","TheCity","TheBeyond"],"potions_floor_usage":[28,38,44,47,50,50],"damage_taken":[{"damage":0.0,"enemies":"2 Louse","floor":1.0,"turns":2.0},{"damage":8.0,"enemies":"Small Slimes","floor":2.0,"turns":2.0},{"damage":9.0,"enemies":"Jaw Worm","floor":3.0,"turns":2.0},{"damage":0.0,"enemies":"Gremlin Gang","floor":4.0,"turns":2.0},{"damage":0.0,"enemies":"3 Sentries","floor":7.0,"turns":4.0},{"damage":6,"enemies":"Gremlin Nob","floor":10,"turns":3},{"damage":5,"enemies":"Exordium Wildlife","floor":12,"turns":3},{"damage":0,"enemies":"3 Louse","floor":13,"turns":2},{"damage":6,"enemies":"Lagavulin","floor":14,"turns":6},{"damage":1,"enemies":"The Guardian","floor":16,"turns":9},{"damage":2,"enemies":"Chosen","floor":18,"turns":5},{"damage":0,"enemies":"3 Byrds","floor":20,"turns":2},{"damage":0,"enemies":"Masked Bandits","floor":22,"turns":2},{"damage":0,"enemies":"Gremlin Leader","floor":24,"turns":6},{"damage":6,"enemies":"Slavers","floor":28,"turns":4},{"damage":8,"enemies":"Shelled Parasite and Fungi","floor":31,"turns":2},{"damage":4,"enemies":"Collector","floor":33,"turns":7},{"damage":0,"enemies":"Orb Walker","floor":35,"turns":3},{"damage":23,"enemies":"2 Orb Walkers","floor":38,"turns":4},{"damage":13,"enemies":"Giant Head","floor":40,"turns":9},{"damage":9,"enemies":"Nemesis","floor":42,"turns":5},{"damage":1,"enemies":"3 Shapes","floor":44,"turns":3},{"damage":0,"enemies":"Writhing Mass","floor":47,"turns":7},{"damage":0,"enemies":"Giant Head","floor":48,"turns":7},{"damage":39,"enemies":"Time Eater","floor":50,"turns":8}],"seed_played":"-3513089817229256062","potions_obtained":[{"floor":4.0,"key":"DuplicationPotion"},{"floor":7.0,"key":"SmokeBomb"},{"floor":14,"key":"AttackPotion"},{"floor":16,"key":"Explosive Potion"},{"floor":28,"key":"GamblersBrew"},{"floor":40,"key":"PowerPotion"},{"floor":44,"key":"EssenceOfSteel"},{"floor":47,"key":"ColorlessPotion"}],"is_trial":false,"path_per_floor":["M","M","M","M","?","R","E","R","T","E","R","M","M","E","R","B",null,"M","$","M","?","?","R","E","$","T","?","E","?","R","M","R","B",null,"M","?","?","?","?","E","R","E","T","M","R","?","M","E","R","B"],"character_chosen":"THE_SILENT","items_purchased":["ClockworkSouvenir","Mercury Hourglass","Pen Nib","Impatience"],"campfire_rested":2,"item_purchase_floors":[19,19,19,25],"current_hp_per_floor":[59,51,42,42,31,31,31,31,31,25,44,39,39,33,33,32,58,56,56,56,56,56,56,56,56,56,56,52,52,52,46,46,44,61,63,63,53,32,32,21,40,33,33,34,34,34,36,38,38,1,1],"gold":519,"neow_bonus":"BOSS_RELIC","is_daily":false,"chose_seed":false,"campfire_upgraded":7,"win_rate":0.0,"timestamp":1611805476,"path_taken":["M","M","M","M","?","R","E","R","T","E","R","M","M","E","R","BOSS","M","$","M","?","?","R","E","?","T","?","E","?","R","M","R","BOSS","M","?","?","?","?","E","R","E","T","M","R","?","M","E","R","BOSS"],"items_purchased_type":["Relic","Relic","Relic","Card"],"build_version":"2020-12-22","purchased_purges":0,"victory":false,"max_hp_per_floor":[66,66,66,66,66,66,66,66,66,66,66,66,66,66,66,66,66,66,66,66,66,66,66,66,66,66,66,66,66,66,66,66,66,66,66,66,66,66,66,66,66,66,66,66,66,63,63,63,63,63,63],"relic_stats":{"Torii":1,"counters":[25,107],"Pen Nib":[22],"Juzu Bracelet":2,"Whetstone":["Die Die Die","Flechettes"],"MawBank":108,"Mercury Hourglass":[278],"Peace Pipe":0,"Blood Vial":22,"Centennial Puzzle":[25],"Busted Crown":20,"Pandora\u0027s Box":["Calculated Gamble","Deflect","Poisoned Stab","Caltrops","Flechettes","Noxious Fumes","Backstab","Die Die Die","Endless Agony","Crippling Poison"],"obtain_stats":[{"Calipers":38,"Torii":42,"The Courier":5,"Pen Nib":19,"Juzu Bracelet":14,"Whetstone":7,"MawBank":10,"White Beast Statue":43,"ClockworkSouvenir":19,"Mercury Hourglass":19,"Peace Pipe":24,"Blood Vial":27,"Centennial Puzzle":26,"Busted Crown":34,"Pandora\u0027s Box":0,"Philosopher\u0027s Stone":17,"Molten Egg 2":40,"Red Mask":22,"InkBottle":28,"Ring of the Snake":0},{"Calipers":19,"Torii":21,"The Courier":4,"Pen Nib":11,"Juzu Bracelet":9,"Whetstone":5,"MawBank":6,"White Beast Statue":21,"ClockworkSouvenir":11,"Mercury Hourglass":11,"Peace Pipe":14,"Blood Vial":14,"Centennial Puzzle":14,"Busted Crown":17,"Pandora\u0027s Box":0,"Philosopher\u0027s Stone":10,"Molten Egg 2":20,"Red Mask":13,"InkBottle":15,"Ring of the Snake":0},{"Calipers":69,"Torii":83,"The Courier":8,"Pen Nib":40,"Juzu Bracelet":26,"Whetstone":12,"MawBank":15,"White Beast Statue":83,"ClockworkSouvenir":40,"Mercury Hourglass":40,"Peace Pipe":50,"Blood Vial":50,"Centennial Puzzle":50,"Busted Crown":62,"Pandora\u0027s Box":0,"Philosopher\u0027s Stone":35,"Molten Egg 2":78,"Red Mask":44,"InkBottle":53,"Ring of the Snake":0}],"InkBottle":[43]},"card_choices":[{"not_picked":["Outmaneuver","Slice"],"picked":"Dagger Throw","floor":1.0},{"not_picked":["PiercingWail","Deflect"],"picked":"Cloak And Dagger","floor":2.0},{"not_picked":["Calculated Gamble","Eviscerate","Caltrops"],"picked":"SKIP","floor":3.0},{"not_picked":["PiercingWail","Sucker Punch"],"picked":"Backflip","floor":4.0},{"not_picked":["Quick Slash","Dagger Throw"],"picked":"Deflect","floor":7.0},{"not_picked":["Bane","All Out Attack"],"picked":"Backflip","floor":10},{"not_picked":["Dagger Spray","Well Laid Plans"],"picked":"Backstab","floor":12},{"not_picked":["Slice","Flying Knee"],"picked":"Footwork","floor":13},{"not_picked":["Venomology","Infinite Blades"],"picked":"Malaise","floor":14},{"not_picked":["Tools of the Trade","Doppelganger"],"picked":"Adrenaline","floor":16},{"not_picked":["Masterful Stab","Choke"],"picked":"Dagger Spray+1","floor":18},{"not_picked":["Bane","Deflect+1"],"picked":"Cloak And Dagger","floor":20},{"not_picked":["Dagger Spray","Flying Knee"],"picked":"Calculated Gamble","floor":22},{"not_picked":["Setup+1","Prepared"],"picked":"Phantasmal Killer","floor":24},{"not_picked":["Finisher","Outmaneuver"],"picked":"Dodge and Roll","floor":28},{"not_picked":["Bane","Dagger Spray+1"],"picked":"Infinite Blades","floor":31},{"not_picked":["Doppelganger","Unload"],"picked":"Tools of the Trade","floor":33},{"not_picked":[],"picked":"Infinite Blades+1","floor":35},{"not_picked":[],"picked":"Mayhem","floor":37},{"not_picked":[],"picked":"Dark Shackles","floor":37},{"not_picked":[],"picked":"Deep Breath","floor":37},{"not_picked":[],"picked":"Backflip","floor":38},{"not_picked":[],"picked":"Blade Dance","floor":40},{"not_picked":[],"picked":"Catalyst","floor":42},{"not_picked":[],"picked":"Underhanded Strike+1","floor":44},{"not_picked":[],"picked":"Sucker Punch+1","floor":47},{"not_picked":[],"picked":"Dash+1","floor":48}],"player_experience":1430834,"relics_obtained":[{"floor":7.0,"key":"Whetstone"},{"floor":10,"key":"MawBank"},{"floor":14,"key":"Juzu Bracelet"},{"floor":22,"key":"Red Mask"},{"floor":24,"key":"Peace Pipe"},{"floor":26,"key":"Centennial Puzzle"},{"floor":28,"key":"InkBottle"},{"floor":38,"key":"Calipers"},{"floor":40,"key":"Molten Egg 2"},{"floor":42,"key":"Torii"},{"floor":43,"key":"White Beast Statue"}],"event_choices":[{"damage_healed":0.0,"max_hp_gain":0.0,"max_hp_loss":0.0,"gold_gain":0.0,"event_name":"Scrap Ooze","player_choice":"Success","floor":5.0,"gold_loss":0.0,"damage_taken":11.0,"relics_obtained":["The Courier"]},{"cards_removed":["Flechettes"],"damage_healed":0,"gold_gain":0,"player_choice":"Elegance","damage_taken":0,"max_hp_gain":0,"max_hp_loss":0,"event_name":"Back to Basics","floor":21,"gold_loss":0},{"damage_healed":0,"gold_gain":0,"player_choice":"Fought Bandits","damage_taken":0,"max_hp_gain":0,"max_hp_loss":0,"event_name":"Masked Bandits","floor":22,"gold_loss":0},{"damage_healed":0,"gold_gain":0,"player_choice":"Stole Relic","damage_taken":0,"relics_obtained":["Blood Vial"],"max_hp_gain":0,"max_hp_loss":0,"event_name":"Addict","floor":27,"gold_loss":0,"cards_obtained":["Shame"]},{"cards_removed":["Shame"],"damage_healed":0,"gold_gain":0,"player_choice":"Gave Gold","damage_taken":0,"max_hp_gain":0,"max_hp_loss":0,"event_name":"Beggar","floor":29,"gold_loss":75},{"damage_healed":0,"gold_gain":222,"player_choice":"Wore Mask","damage_taken":0,"max_hp_gain":0,"max_hp_loss":0,"event_name":"Tomb of Lord Red Mask","floor":36,"gold_loss":0},{"damage_healed":0,"gold_gain":0,"player_choice":"Memory 3","damage_taken":10,"max_hp_gain":0,"max_hp_loss":0,"event_name":"SensoryStone","floor":37,"gold_loss":0},{"damage_healed":0,"gold_gain":0,"player_choice":"Fight","damage_taken":0,"max_hp_gain":0,"max_hp_loss":0,"event_name":"Mysterious Sphere","floor":38,"gold_loss":0},{"cards_removed":["Neutralize"],"damage_healed":0,"gold_gain":0,"player_choice":"Removed Attack","damage_taken":0,"max_hp_gain":0,"max_hp_loss":0,"event_name":"Falling","floor":39,"gold_loss":0},{"damage_healed":0,"gold_gain":0,"player_choice":"Max HP","damage_taken":0,"max_hp_gain":0,"max_hp_loss":3,"event_name":"Winding Halls","floor":46,"gold_loss":0}],"is_beta":false,"boss_relics":[{"not_picked":["Coffee Dripper","Runic Dome"],"picked":"Philosopher\u0027s Stone"},{"not_picked":["Empty Cage","Snecko Eye"],"picked":"Busted Crown"}],"items_purged_floors":[],"is_endless":false,"potions_floor_spawned":[4,7,14,16,22,28,40,42,44,47,48],"killed_by":"Time Eater","ascension_level":20}}