{"host":"vx9g5eyuglzorf3u","time":1611851224,"event":{"mods":["2.2 Compatiblity","BaseMod","DeckTracker","Keyboard Shortcuts","Minty Spire (QoL Compilation)","Relic Stats","StSLib","SuperFastMode","everything is the same but u backflip on backflip"],"gold_per_floor":[115,129,129,24,38,38,38,38,65,90,115,139,180,212,224,332,344,371,406,418,430,492,538,550,562,562],"floor_reached":25,"language":"KOR","playtime":614,"items_purged":["Strike_R"],"score":442,"play_id":"377aac3e-910b-49f2-824f-711448ae44ed","local_time":"20210129012704","is_ascension_mode":true,"campfire_choices":[{"data":"Disarm","floor":6.0,"key":"SMITH"},{"floor":8.0,"key":"REST"},{"data":"Body Slam","floor":15.0,"key":"SMITH"},{"floor":24.0,"key":"REST"}],"circlet_count":0,"master_deck":["AscendersBane","Defend_R+1","Defend_R","Defend_R","Shrug It Off+1","Disarm+1","Body Slam+1","Battle Trance","Disarm","Juggernaut","Armaments+1","Double Tap+1","Clothesline+1","Seeing Red","Bloodletting","Perfected Strike","Entrench"],"relics":["Burning Blood","Ancient Tea Set","Golden Idol","Orichalcum","War Paint","MawBank","Astrolabe","Matryoshka"],"acts_visited":["Exordium","TheCity"],"potions_floor_usage":[25,25],"damage_taken":[{"damage":4.0,"enemies":"Jaw Worm","floor":1.0,"turns":4.0},{"damage":1.0,"enemies":"Cultist","floor":2.0,"turns":3.0},{"damage":12.0,"enemies":"Small Slimes","floor":5.0,"turns":4.0},{"damage":21.0,"enemies":"Exordium Wildlife","floor":10.0,"turns":8.0},{"damage":17.0,"enemies":"Exordium Thugs","floor":11.0,"turns":9.0},{"damage":2.0,"enemies":"3 Sentries","floor":13.0,"turns":3.0},{"damage":0.0,"enemies":"2 Fungi Beasts","floor":14.0,"turns":3.0},{"damage":21.0,"enemies":"Hexaghost","floor":16.0,"turns":10.0},{"damage":10.0,"enemies":"Shell Parasite","floor":18.0,"turns":8.0},{"damage":16.0,"enemies":"Spheric Guardian","floor":19.0,"turns":6.0},{"damage":14.0,"enemies":"Book of Stabbing","floor":23.0,"turns":5.0},{"damage":66,"enemies":"Slavers","floor":25,"turns":4}],"seed_played":"2183473713687455301","potions_obtained":[{"floor":10.0,"key":"DistilledChaos"},{"floor":11.0,"key":"AttackPotion"},{"floor":13.0,"key":"EssenceOfSteel"},{"floor":14.0,"key":"PowerPotion"},{"floor":16.0,"key":"Explosive Potion"},{"floor":19.0,"key":"Fire Potion"},{"floor":23.0,"key":"BlessingOfTheForge"}],"is_trial":false,"path_per_floor":["M","M","?","$","M","R","?","R","T","M","M","T","E","M","R","B",null,"M","M","?","?","?","E","R","E"],"character_chosen":"IRONCLAD","items_purchased":["Shrug It Off"],"campfire_rested":2,"item_purchase_floors":[4],"current_hp_per_floor":[70,75,75,75,69,69,43,65,65,50,39,39,43,49,49,34,65,61,51,51,51,51,43,65,0,0],"gold":562,"neow_bonus":"REMOVE_CARD","is_daily":false,"chose_seed":false,"campfire_upgraded":2,"win_rate":0.0,"timestamp":1611851224,"path_taken":["M","M","?","?","M","R","?","R","T","?","M","?","E","M","R","BOSS","M","M","?","?","?","E","R","E"],"items_purchased_type":["Card"],"build_version":"2020-12-22","purchased_purges":1,"victory":false,"max_hp_per_floor":[75,75,75,75,75,75,75,75,75,75,75,75,75,75,75,75,75,75,75,75,75,75,75,75,75,75],"relic_stats":{"counters":[12,67],"Golden Idol":56,"Astrolabe":["Armaments","Double Tap","Clothesline"],"Orichalcum":[72],"War Paint":["Defend_R","Shrug It Off"],"MawBank":144,"obtain_stats":[{"Matryoshka":23,"Golden Idol":7,"Astrolabe":17,"Orichalcum":9,"War Paint":12,"Ancient Tea Set":3,"MawBank":13,"Burning Blood":0},{"Matryoshka":11,"Golden Idol":3,"Astrolabe":8,"Orichalcum":3,"War Paint":5,"Ancient Tea Set":2,"MawBank":6,"Burning Blood":0},{"Matryoshka":63,"Golden Idol":11,"Astrolabe":44,"Orichalcum":11,"War Paint":28,"Ancient Tea Set":7,"MawBank":31,"Burning Blood":0}],"Burning Blood":66},"card_choices":[{"not_picked":["Twin Strike","Perfected Strike","Inflame"],"picked":"SKIP","floor":1.0},{"not_picked":["Infernal Blade","Havoc","Clash"],"picked":"SKIP","floor":2.0},{"not_picked":["Twin Strike","Intimidate"],"picked":"Disarm","floor":5.0},{"not_picked":["Entrench","Clash"],"picked":"Body Slam","floor":10.0},{"not_picked":["Shrug It Off","Body Slam","Spot Weakness"],"picked":"SKIP","floor":11.0},{"not_picked":["Uppercut","Havoc"],"picked":"Battle Trance","floor":13.0},{"not_picked":["Warcry","Combust"],"picked":"Disarm","floor":14.0},{"not_picked":["Reaper","Bludgeon"],"picked":"Juggernaut","floor":16.0},{"not_picked":["Body Slam","Anger"],"picked":"Seeing Red","floor":18.0},{"not_picked":["Perfected Strike+1","Hemokinesis","Rage+1"],"picked":"SKIP","floor":19.0},{"not_picked":["Feel No Pain","Hemokinesis"],"picked":"Entrench","floor":23.0}],"player_experience":1494028,"relics_obtained":[{"floor":3.0,"key":"Ancient Tea Set"},{"floor":9.0,"key":"Orichalcum"},{"floor":12.0,"key":"War Paint"},{"floor":13.0,"key":"MawBank"},{"floor":23.0,"key":"Matryoshka"}],"event_choices":[{"damage_healed":0.0,"max_hp_gain":0.0,"max_hp_loss":0.0,"gold_gain":0.0,"event_name":"Wheel of Change","player_choice":"Relic","floor":3.0,"gold_loss":0.0,"damage_taken":0.0},{"damage_healed":0.0,"max_hp_gain":0.0,"max_hp_loss":0.0,"gold_gain":0.0,"event_name":"Golden Idol","player_choice":"Take Damage","floor":7.0,"gold_loss":0.0,"damage_taken":26.0,"relics_obtained":["Golden Idol"]},{"damage_healed":0.0,"max_hp_gain":0.0,"max_hp_loss":0.0,"gold_gain":0.0,"event_name":"Ghosts","player_choice":"Ignored","floor":20.0,"gold_loss":0.0,"damage_taken":0.0},{"damage_healed":0.0,"max_hp_gain":0.0,"max_hp_loss":0.0,"gold_gain":0.0,"cards_transformed":["Strike_R","Bash"],"event_name":"Drug Dealer","player_choice":"Became Test Subject","floor":21.0,"gold_loss":0.0,"damage_taken":0.0,"cards_obtained":["Bloodletting","Perfected Strike"]},{"damage_healed":0.0,"max_hp_gain":0.0,"max_hp_loss":0.0,"gold_gain":50.0,"event_name":"Nest","player_choice":"Stole From Cult","floor":22.0,"gold_loss":0.0,"damage_taken":0.0}],"is_beta":false,"boss_relics":[{"not_picked":["Velvet Choker","Busted Crown"],"picked":"Astrolabe"}],"items_purged_floors":[4],"is_endless":false,"potions_floor_spawned":[10,11,13,14,16,19,23],"killed_by":"Slavers","ascension_level":20}}