{"host":"v9ordiuf4xzdpttp","time":1611806213,"event":{"mods":["AchievementEnabler","Act Like it!","AlwaysNeverKeys","BaseMod","Better Third Choice","Better Vampires","BetterRewards","CCEM2","Colored Map","Gold Saver","Halation","Infinite Spire","Jedi Mod","Marked Mod","Minty Spire (QoL Compilation)","Pale of the Ancients","Remove Card Discount Mod","Shop Mod","Spicy Shops","StSLib","The Bug Knight","The Runesmith"],"gold_per_floor":[1205,10,25,44,26,26,53,76,76,76,76,93,110,126,126,225,225,241,241,252,270,303,335,335,351,375,393,393,393,393],"floor_reached":29,"language":"ENG","playtime":1861,"items_purged":["Strike_G"],"score":366,"play_id":"9373f5a3-b656-421b-8f79-d6950efba315","local_time":"20210127225653","is_ascension_mode":true,"campfire_choices":[{"floor":6,"key":"REST"},{"floor":11,"key":"REST"},{"data":"A Thousand Cuts","floor":15,"key":"SMITH"},{"floor":24,"key":"REST"},{"floor":28,"key":"REST"}],"circlet_count":0,"master_deck":["Strike_G","Strike_G","Strike_G","Strike_G","Defend_G","Defend_G","Defend_G","Defend_G","Defend_G","Survivor","Neutralize","Footwork","Slice","Good Instincts","Deadly Poison","Dagger Spray","Flying Knee","A Thousand Cuts+1","Apotheosis+1","Dodge and Roll","Quick Slash","Calculated Gamble","A Thousand Cuts","Outmaneuver+1","infinitespire:UltimateForm","infinitespire:Gouge","Slice","Adrenaline"],"relics":["Ring of the Snake","Kunai","Oddly Smooth Stone","CCEMRelics:ShadowVeil","MerchantsRug","Juzu Bracelet","Calipers","Odd Mushroom","Sozu","Art of War","CCEMRelics:DarkMatter","Red Mask","halation:LettersToHer","jedi:cryingmask"],"acts_visited":["Exordium","TheCity"],"potions_floor_usage":[7,8,29],"damage_taken":[{"damage":0,"enemies":"Small Slimes","floor":1,"turns":3},{"damage":0,"enemies":"Jaw Worm","floor":3,"turns":3},{"damage":0,"enemies":"2 Louse","floor":4,"turns":2},{"damage":13,"enemies":"Exordium Thugs","floor":5,"turns":4},{"damage":13,"enemies":"3 Sentries","floor":7,"turns":6},{"damage":10,"enemies":"The Mushroom Lair","floor":8,"turns":4},{"damage":2,"enemies":"2 Fungi Beasts","floor":12,"turns":4},{"damage":0,"enemies":"Looter","floor":13,"turns":2},{"damage":7,"enemies":"Blue Slaver","floor":14,"turns":4},{"damage":3,"enemies":"The Guardian","floor":16,"turns":9},{"damage":0,"enemies":"3 Byrds","floor":18,"turns":4},{"damage":6,"enemies":"Spheric Guardian","floor":20,"turns":6},{"damage":12,"enemies":"Centurion and Healer","floor":21,"turns":8},{"damage":23,"enemies":"Masked Bandits","floor":22,"turns":4},{"damage":22,"enemies":"Gremlin Leader","floor":23,"turns":7},{"damage":0,"enemies":"Cultist and Chosen","floor":25,"turns":8},{"damage":0,"enemies":"Chosen and Byrds","floor":27,"turns":4},{"damage":52,"enemies":"Book of Stabbing","floor":29,"turns":5}],"seed_played":"-6092630335732730212","potions_obtained":[{"floor":3,"key":"Dexterity Potion"},{"floor":5,"key":"Explosive Potion"},{"floor":7,"key":"GamblersBrew"}],"is_trial":false,"path_per_floor":["M","$","M","M","M","R","E","?","T","?","R","M","M","M","R","B",null,"M","AVR","M","M","?","E","R","M","T","M","R","E"],"character_chosen":"THE_SILENT","items_purchased":["Kunai","Oddly Smooth Stone","Footwork","CCEMRelics:ShadowVeil","MerchantsRug","Juzu Bracelet","Slice","Good Instincts"],"campfire_rested":4,"item_purchase_floors":[2,2,2,2,2,2,2,2],"current_hp_per_floor":[70,70,70,70,57,70,57,47,47,47,68,66,66,59,59,56,70,70,70,64,52,29,7,28,28,28,28,49,0,0],"gold":393,"neow_bonus":"","is_daily":false,"chose_seed":false,"campfire_upgraded":1,"win_rate":0.0,"timestamp":1611806213,"path_taken":["M","$","M","M","M","R","E","?","T","?","R","M","M","M","R","BOSS","M","AVR","M","M","?","E","R","M","T","M","R","E"],"items_purchased_type":["Relic","Relic","Card","Relic","Relic","Relic","Card","Card"],"build_version":"2020-12-22","purchased_purges":1,"victory":false,"max_hp_per_floor":[70,70,70,70,70,70,70,70,70,70,70,70,70,70,70,70,70,70,70,70,70,70,70,70,70,70,70,70,70,70],"card_choices":[{"not_picked":["All Out Attack","Calculated Gamble","Underhanded Strike"],"picked":"SKIP","floor":1},{"not_picked":["Eviscerate","Skewer"],"picked":"Deadly Poison","floor":3},{"not_picked":["Underhanded Strike","Bane"],"picked":"Dagger Spray","floor":4},{"not_picked":["jedi:pocketpoison","Dagger Spray"],"picked":"Flying Knee","floor":5},{"not_picked":["Underhanded Strike","Bane"],"picked":"A Thousand Cuts","floor":7},{"not_picked":["Reflex","Slice"],"picked":"Dodge and Roll","floor":12},{"not_picked":["PiercingWail","Slice"],"picked":"Quick Slash","floor":13},{"not_picked":["PiercingWail","Slice"],"picked":"Calculated Gamble","floor":14},{"not_picked":["Storm of Steel","Burst"],"picked":"A Thousand Cuts","floor":16},{"not_picked":["Dagger Throw","Dagger Spray"],"picked":"Outmaneuver+1","floor":18},{"not_picked":["Acrobatics+1","Prepared+1","Quick Slash"],"picked":"SKIP","floor":20},{"not_picked":["Dagger Throw+1","Sucker Punch","Cloak And Dagger"],"picked":"SKIP","floor":21},{"not_picked":["Noxious Fumes","Blur+1"],"picked":"Slice","floor":22},{"not_picked":["Backflip","Leg Sweep+1","Acrobatics"],"picked":"SKIP","floor":23},{"not_picked":["Blade Dance","Deflect","Finisher"],"picked":"SKIP","floor":25},{"not_picked":["PiercingWail+1","Reflex"],"picked":"Adrenaline","floor":27}],"player_experience":213038,"relics_obtained":[{"floor":7,"key":"Calipers"},{"floor":8,"key":"Odd Mushroom"},{"floor":22,"key":"Red Mask"},{"floor":23,"key":"halation:LettersToHer"},{"floor":26,"key":"halation:LettersToHer"},{"floor":26,"key":"jedi:cryingmask"}],"event_choices":[{"damage_healed":0,"gold_gain":0,"player_choice":"Fought Mushrooms","damage_taken":0,"max_hp_gain":0,"max_hp_loss":0,"event_name":"Mushrooms","floor":8,"gold_loss":0},{"damage_healed":47,"gold_gain":0,"player_choice":"Embrace","damage_taken":0,"max_hp_gain":0,"max_hp_loss":70,"event_name":"betterThird:BetterShining","floor":10,"gold_loss":0},{"damage_healed":0,"gold_gain":0,"player_choice":"Fought Bandits","damage_taken":0,"max_hp_gain":0,"max_hp_loss":0,"event_name":"Masked Bandits","floor":22,"gold_loss":0}],"is_beta":false,"boss_relics":[{"not_picked":["Runic Pyramid","Runic Dome"],"picked":"Sozu"}],"items_purged_floors":[19],"is_endless":false,"potions_floor_spawned":[3,5,7,21,23,27],"killed_by":"Book of Stabbing","ascension_level":1}}