{"host":"96bpdudduaq3ttpf","time":1611811411,"event":{"mods":["100% Spire Juice","2.2 Compatiblity","Act Like it!","Arknights The Spire","Astrologer","Bard","Bartender","BaseMod","CapriCore","Challenge The Spire","Chen","Downfall","Elementarium","Energized Spire","Friendly Minions","Gensokyo","GifTheSpireLib","Hallownest","Hermit","Jorbs\u0027s Wanderer Trilogy","KinomotoSakuraMod(????)","Koishi","KomeijiMod","Mari Mod (Legacy)","Mari\u0027s V1 Patch","Marisa????????","Mimic Mod","Minty Spire (QoL Compilation)","Prisma Mod","Quick Restart","Remilia??????","Replay The Spire","Robot Space Explorer","Shade Mod","StSLib","Td1madao Mod","The Administrix","The Bladedancer","The Bug Knight","The Construct","The Cursed","The Forsaken","The Gatherer","The Hierophant","The Immortal","The IronCluck","The Jungle","The Marked","The Mystic","The Necromancer","The Runesmith","The Senshi","The Servant 0.9.4","Wandering Minibosses","WarShipGirlsR/????R mod","Yohane!","Yuyuko"],"gold_per_floor":[116,41,70,70,86,86,98,98,98,98,98,113,136,136,136,233,233,250,0,0,160,259,259,276,407,439,439,439],"floor_reached":27,"language":"ENG","playtime":1064,"items_purged":["Moonworks:Defend"],"score":203,"play_id":"8fc4735f-c41d-4b42-bdce-6ae10770c95c","local_time":"20210127222331","is_ascension_mode":false,"campfire_choices":[{"floor":6,"key":"REST"},{"floor":8,"key":"REST"},{"data":"Moonworks:CloudOfSeagulls","floor":11,"key":"SMITH"},{"data":"Moonworks:CloudOfSeagulls","floor":15,"key":"SMITH"},{"floor":23,"key":"REST"}],"circlet_count":0,"master_deck":["Moonworks:Strike","Moonworks:Strike","Moonworks:Strike","Moonworks:Strike","Moonworks:Defend","Moonworks:Defend+1","Moonworks:Defend+1","Moonworks:Ambush+1","Moonworks:LongDistanceShot+1","Moonworks:CloudOfSeagulls+1","Moonworks:CloudOfSeagulls+1","Moonworks:Dash","Moonworks:JonathanRush","Moonworks:JonathanRush","Moonworks:HolyNight","Moonworks:ReproductionOfRecords+1","GremboGang","Moonworks:BackdoorTrade","Moonworks:Dash+1"],"relics":["Moonworks:BrokenBomb","Moonworks:Homemark","Moonworks:LittleGull","Odd Mushroom","Sozu","White Beast Statue"],"acts_visited":["Exordium","TheCity"],"potions_floor_usage":[13,16,21],"damage_taken":[{"damage":2,"enemies":"2 Louse","floor":1,"turns":3},{"damage":11,"enemies":"Small Slimes","floor":3,"turns":4},{"damage":11,"enemies":"Cultist","floor":5,"turns":4},{"damage":16,"enemies":"Looter","floor":7,"turns":3},{"damage":6,"enemies":"3 Louse","floor":12,"turns":2},{"damage":0,"enemies":"The Mushroom Lair","floor":13,"turns":2},{"damage":18,"enemies":"Hexaghost","floor":16,"turns":7},{"damage":10,"enemies":"Chosen","floor":18,"turns":3},{"damage":22,"enemies":"2 Thieves","floor":21,"turns":5},{"damage":9,"enemies":"Snake Plant","floor":24,"turns":3},{"damage":15,"enemies":"Snecko","floor":25,"turns":7},{"damage":21,"enemies":"Centurion and Healer","floor":26,"turns":5},{"damage":8,"enemies":"Centurion and Healer","floor":27,"turns":1}],"seed_played":"-8422031902666882298","potions_obtained":[{"floor":7,"key":"LifebloodPotion"},{"floor":13,"key":"Block Potion"},{"floor":16,"key":"sneckomod:MuddlingPotion"}],"is_trial":false,"path_per_floor":["M","$","M","?","M","R","M","R","T","$","R","M","?","?","R","B",null,"M","?","$","M","?","R","M","M","MIM","M"],"character_chosen":"THE_STARBREAKER","items_purchased":[],"campfire_rested":3,"item_purchase_floors":[],"current_hp_per_floor":[58,58,47,35,24,42,26,44,44,44,44,38,38,38,38,20,60,50,50,50,28,28,46,37,22,1,0,0],"gold":439,"neow_bonus":"RANDOM_EVENT","is_daily":false,"chose_seed":false,"campfire_upgraded":2,"win_rate":0.0,"timestamp":1611811411,"path_taken":["M","$","M","?","M","R","M","R","T","$","R","M","?","?","R","BOSS","M","?","$","M","?","R","M","M","MIM","M"],"items_purchased_type":[],"build_version":"2020-12-22","purchased_purges":1,"victory":false,"max_hp_per_floor":[60,60,60,60,60,60,60,60,60,60,60,60,60,60,60,60,60,60,60,60,60,60,60,60,60,60,60,60],"card_choices":[{"not_picked":["Moonworks:IndiscriminateFireSupport","Moonworks:LulusLuckyEgg"],"picked":"Moonworks:CloudOfSeagulls","floor":1},{"not_picked":["Moonworks:DeployBits","Moonworks:DevilHand"],"picked":"Moonworks:CloudOfSeagulls","floor":3},{"not_picked":["Moonworks:IndiscriminateFireSupport","Moonworks:SealedMemories"],"picked":"Moonworks:Dash","floor":5},{"not_picked":["Moonworks:WindyEnchantment","Moonworks:OutOfAmmo"],"picked":"Moonworks:JonathanRush","floor":7},{"not_picked":["Moonworks:IndiscriminateFireSupport","Moonworks:NicePresent"],"picked":"Moonworks:JonathanRush","floor":12},{"not_picked":["Moonworks:Blazing","Moonworks:WeAreWaruda"],"picked":"Moonworks:HolyNight","floor":16},{"not_picked":["Moonworks:NicePresent","Moonworks:MixPhenomenon"],"picked":"Moonworks:ReproductionOfRecords+1","floor":18},{"not_picked":["Moonworks:DevilHand","Moonworks:NicePresent","Moonworks:LulusLuckyEgg"],"picked":"SKIP","floor":21},{"not_picked":["Moonworks:MiracleRedBeanIceCream","Moonworks:ExtendedPhotonRifle+1"],"picked":"Moonworks:BackdoorTrade","floor":24},{"not_picked":["Moonworks:BindingChains","Moonworks:BigMagnum+1"],"picked":"Moonworks:Dash+1","floor":25}],"player_experience":828238,"relics_obtained":[{"floor":9,"key":"Moonworks:LittleGull"},{"floor":13,"key":"Odd Mushroom"},{"floor":26,"key":"White Beast Statue"}],"event_choices":[{"damage_healed":0,"gold_gain":0,"player_choice":"Grow","damage_taken":0,"max_hp_gain":0,"max_hp_loss":0,"event_name":"Living Wall","floor":0,"gold_loss":0,"cards_upgraded":["Moonworks:Ambush"]},{"damage_healed":0,"gold_gain":0,"player_choice":"Entered Light","damage_taken":12,"max_hp_gain":0,"max_hp_loss":0,"event_name":"Shining Light","floor":4,"gold_loss":0,"cards_upgraded":["Moonworks:LongDistanceShot","Moonworks:Defend"]},{"damage_healed":0,"gold_gain":0,"player_choice":"Fought Mushrooms","damage_taken":0,"max_hp_gain":0,"max_hp_loss":0,"event_name":"Mushrooms","floor":13,"gold_loss":0},{"damage_healed":0,"gold_gain":99,"player_choice":"Stole From Cult","damage_taken":0,"max_hp_gain":0,"max_hp_loss":0,"event_name":"Nest","floor":22,"gold_loss":0}],"is_beta":false,"boss_relics":[{"not_picked":["theForsaken:PaleLantern","energizedSpire:RedRose"],"picked":"Sozu"}],"items_purged_floors":[2],"is_endless":false,"potions_floor_spawned":[7,13,16,18,25],"killed_by":"Centurion and Healer","ascension_level":0}}