{"host":"56d873i5r3uhle0q","time":1611797942,"event":{"mods":["100% Spire Juice","Act Like it!","Aspiration","BaseMod","Block Reminder","Conspire","Dota2Spire","Downfall","Gensokyo","Hermit","Hubris","Infinite Spire","Jedi Mod","Lobotomy","LobotomyExtend","Marisa????????","Marked Mod","Minty Spire (QoL Compilation)","Reliquary","Replay The Spire","StSLib","The Animator","The Bug Knight","The Cursed","The Marked","The Servant 0.9.4","everything is the same but u backflip on backflip","??????REMEMod"],"gold_per_floor":[114,114,128,139,139,139,167,167,167,180,180,190,190,204,204,304,304,317,236,254,254,254,254,254,254],"floor_reached":24,"language":"ENG","playtime":2032,"items_purged":[],"score":196,"play_id":"4c1f21a8-45f7-4c47-9e1f-3d6acf51aafb","local_time":"20210127183902","is_ascension_mode":false,"campfire_choices":[{"data":"sneckomod:UnknownBoss","floor":6.0,"key":"SMITH"},{"floor":8.0,"key":"REST"},{"data":"HollowMod:NewGlowingWomb","floor":13,"key":"SMITH"},{"data":"HollowMod:FocusHealStart","floor":15,"key":"SMITH"},{"floor":23,"key":"REST"}],"circlet_count":0,"master_deck":["HollowMod:NailStrikeStart","HollowMod:NailStrikeStart","HollowMod:NailStrikeStart","HollowMod:NailStrikeStart","HollowMod:QuickDashStart","HollowMod:QuickDashStart","HollowMod:QuickDashStart","HollowMod:QuickDashStart","HollowMod:FocusHealStart+1","HollowMod:PogoStrike","sneckomod:UnknownBoss+1","HollowMod:NewGlowingWomb+1","HollowMod:LordofShades","HollowMod:SiblingsShadow+1","Gensokyo:BlemishedSteel"],"relics":["HollowMod:VesselMask","REME_ComplimentaryCards","Regal Pillow","Eternal Feather","Gensokyo:SongOfSouls"],"acts_visited":["Gensokyo:Gensokyo","Gensokyo:Gensokyoer"],"potions_floor_usage":[16],"damage_taken":[{"damage":8.0,"enemies":"Gensokyo:Gryphon","floor":1.0,"turns":6.0},{"damage":0.0,"enemies":"Gensokyo:2_Kodama","floor":3.0,"turns":4.0},{"damage":1.0,"enemies":"Gensokyo:Python","floor":4.0,"turns":4.0},{"damage":47.0,"enemies":"Gensokyo:Aya","floor":7.0,"turns":10.0},{"damage":17.0,"enemies":"Gensokyo:Kitsune","floor":10.0,"turns":5.0},{"damage":17,"enemies":"Gensokyo:VengefulSpirit","floor":12,"turns":6},{"damage":17,"enemies":"Gensokyo:3_Kodama","floor":14,"turns":8},{"damage":43,"enemies":"Gensokyo:Reimu","floor":16,"turns":16},{"damage":55,"enemies":"Gensokyo:AngelMirror","floor":18,"turns":6},{"damage":17,"enemies":"Gensokyo:2_Gloops","floor":20,"turns":9},{"damage":78,"enemies":"Gensokyo:Slime_Group","floor":24,"turns":5}],"seed_played":"2012374045728958616","potions_obtained":[{"floor":1.0,"key":"Energy Potion"},{"floor":12,"key":"SteroidPotion"},{"floor":16,"key":"Venom Potion"},{"floor":18,"key":"champ:CounterPotion"}],"is_trial":false,"path_per_floor":["M","?","M","M","$","R","E","R","T","M","?","M","R","M","R","B",null,"M","COS","M","?","$","R","M"],"character_chosen":"THE_BUGKNIGHT","items_purchased":[],"campfire_rested":2,"item_purchase_floors":[],"current_hp_per_floor":[73,75,75,74,74,74,39,75,75,64,72,61,67,60,66,35,75,30,30,19,19,19,65,0,0],"gold":254,"neow_bonus":"THREE_CARDS","is_daily":false,"chose_seed":false,"campfire_upgraded":3,"win_rate":0.0,"timestamp":1611797942,"path_taken":["M","?","?","?","$","R","E","R","T","M","?","M","R","?","R","BOSS","M","COS","M","?","$","R","M"],"items_purchased_type":[],"build_version":"2020-12-22","purchased_purges":0,"victory":false,"max_hp_per_floor":[75,75,75,75,75,75,75,75,75,75,75,75,75,75,75,75,75,75,75,75,75,75,75,75,75],"card_choices":[{"not_picked":["HollowMod:MawleksShell","HollowMod:VengefulSpirit","HollowMod:SharpenedNail"],"picked":"SKIP","floor":1.0},{"not_picked":["HollowMod:DescendingDark","HollowMod:HeavyBlow","HollowMod:MonarchWings"],"picked":"SKIP","floor":3.0},{"not_picked":["HollowMod:NewLittleFool","HollowMod:SoulEater","HollowMod:TaintedHusks"],"picked":"SKIP","floor":4.0},{"not_picked":["HollowMod:TaintedHusks","HollowMod:InfectedCysts"],"picked":"HollowMod:NewGlowingWomb","floor":7.0},{"not_picked":["HollowMod:QuirrelsAssistance","HollowMod:LifebloodCocoon","HollowMod:VengefulSpirit"],"picked":"SKIP","floor":10.0},{"not_picked":["HollowMod:GrimmsGift","HollowMod:InfectedAttack","HollowMod:SoulSplash"],"picked":"SKIP","floor":12},{"not_picked":["HollowMod:AbyssShriek","HollowMod:DashSlash","HollowMod:CornifersMapStart"],"picked":"SKIP","floor":14},{"not_picked":["HollowMod:SoulMaster","HollowMod:ZotesMagnificence"],"picked":"HollowMod:LordofShades","floor":16},{"not_picked":["HollowMod:NewJinnsSoul+1","HollowMod:Grubsong"],"picked":"HollowMod:SiblingsShadow+1","floor":18},{"not_picked":["HollowMod:BaldurShell","HollowMod:PerfectDash","HollowMod:WraithStrike"],"picked":"SKIP","floor":20},{"not_picked":["HollowMod:BaldurShell","HollowMod:PerfectDash","HollowMod:WraithStrike"],"picked":"SKIP","floor":20}],"player_experience":664398,"relics_obtained":[{"floor":7.0,"key":"Regal Pillow"},{"floor":9.0,"key":"Eternal Feather"}],"event_choices":[],"is_beta":false,"boss_relics":[{"not_picked":["Ectoplasm","reliquary:WritOfMandamus","ReplayTheSpireMod:DimensionalGlitch"]}],"items_purged_floors":[],"is_endless":false,"potions_floor_spawned":[1,12,16,18,20],"killed_by":"Gensokyo:Slime_Group","ascension_level":0}}