{"host":"a5lz0e76zb3fcwkm","time":1611851895,"event":{"mods":["AchievementEnabler","BaseMod","Colored Map","Colored Powertips","Minty Spire (QoL Compilation)","StSLib","SuperFastMode"],"gold_per_floor":[109,126,276,276,35,35,62,62,62,72,95,106,123,158,158,235,235,249,249,249,38,38,38,50,50,50,62,79,79,21,53,53,53,53],"floor_reached":33,"language":"KOR","playtime":660,"items_purged":["Strike_G","Defend_G"],"score":696,"play_id":"15bf7429-82fc-4bdb-95ac-f8d3acd6b778","local_time":"20210129013815","is_ascension_mode":true,"campfire_choices":[{"data":"Deadly Poison","floor":6.0,"key":"SMITH"},{"floor":8,"key":"RECALL"},{"data":"Dagger Spray","floor":15,"key":"SMITH"},{"data":"Adrenaline","floor":23,"key":"SMITH"},{"floor":25,"key":"REST"},{"floor":29,"key":"REST"},{"data":"Deadly Poison","floor":32,"key":"SMITH"}],"circlet_count":0,"master_deck":["AscendersBane","Strike_G","Strike_G+1","Strike_G","Defend_G","Defend_G","Defend_G","Defend_G","Survivor","Neutralize+1","Deadly Poison+1","PiercingWail","Wraith Form v2+1","Dagger Spray+1","Adrenaline+1","Backflip","Deadly Poison+1","Noxious Fumes+1"],"relics":["Ring of the Snake","NeowsBlessing","PreservedInsect","Akabeko","Frozen Egg 2","Odd Mushroom","Bottled Flame","HoveringKite","Nilry\u0027s Codex","Question Card","Whetstone"],"acts_visited":["Exordium","TheCity"],"potions_floor_usage":[16,16,33,33],"damage_taken":[{"damage":0.0,"enemies":"Jaw Worm","floor":1.0,"turns":1.0},{"damage":0.0,"enemies":"2 Louse","floor":2.0,"turns":1.0},{"damage":0.0,"enemies":"Gremlin Nob","floor":7.0,"turns":1.0},{"damage":1,"enemies":"Small Slimes","floor":10,"turns":3},{"damage":0,"enemies":"The Mushroom Lair","floor":11,"turns":6},{"damage":2,"enemies":"2 Fungi Beasts","floor":12,"turns":3},{"damage":9,"enemies":"Looter","floor":13,"turns":3},{"damage":0,"enemies":"3 Sentries","floor":14,"turns":2},{"damage":34,"enemies":"Hexaghost","floor":16,"turns":9},{"damage":2,"enemies":"Spheric Guardian","floor":18,"turns":5},{"damage":21,"enemies":"2 Thieves","floor":24,"turns":4},{"damage":19,"enemies":"Snecko","floor":27,"turns":7},{"damage":15,"enemies":"Snake Plant","floor":28,"turns":4},{"damage":0,"enemies":"Slavers","floor":31,"turns":3},{"damage":49,"enemies":"Automaton","floor":33,"turns":6}],"seed_played":"-7232629407711950037","potions_obtained":[{"floor":1.0,"key":"Swift Potion"},{"floor":7.0,"key":"SkillPotion"},{"floor":13,"key":"CultistPotion"},{"floor":14,"key":"LiquidBronze"},{"floor":24,"key":"SpeedPotion"},{"floor":28,"key":"EntropicBrew"}],"is_trial":false,"path_per_floor":["M","M","?","?","$","R","E","R","T","M","?","M","M","E","R","B",null,"M","?","?","$","?","R","M","R","T","M","M","R","$","E","R","B"],"character_chosen":"THE_SILENT","items_purchased":["PreservedInsect","FairyPotion","Deadly Poison"],"campfire_rested":2,"item_purchase_floors":[5,21,30],"current_hp_per_floor":[59,59,59,52,52,52,52,52,52,51,51,49,40,40,40,6,51,49,28,28,28,28,28,7,26,26,7,13,32,32,32,32,0,0],"gold":53,"neow_bonus":"THREE_ENEMY_KILL","is_daily":false,"chose_seed":false,"campfire_upgraded":4,"win_rate":0.0,"timestamp":1611851895,"path_taken":["M","M","?","?","$","R","E","R","T","M","?","M","M","E","R","BOSS","M","?","?","$","?","R","M","R","T","M","?","R","$","E","R","BOSS"],"items_purchased_type":["Relic","Potion","Card"],"build_version":"2020-12-22","purchased_purges":2,"victory":false,"max_hp_per_floor":[66,66,66,66,66,66,66,66,66,66,66,66,66,66,66,66,66,66,66,66,66,66,66,66,66,66,66,66,66,66,66,66,66,66],"card_choices":[{"not_picked":["Blur","Endless Agony"],"picked":"Deadly Poison","floor":1.0},{"not_picked":["Bane","Cloak And Dagger","Dagger Throw"],"picked":"SKIP","floor":2.0},{"not_picked":["Quick Slash","Bane","Cloak And Dagger"],"picked":"SKIP","floor":7.0},{"not_picked":["Sucker Punch","Outmaneuver"],"picked":"PiercingWail","floor":10},{"not_picked":["Eviscerate","Reflex"],"picked":"Wraith Form v2+1","floor":12},{"not_picked":["Deflect","PiercingWail"],"picked":"Dagger Spray","floor":13},{"not_picked":["Outmaneuver","Quick Slash","Prepared"],"picked":"SKIP","floor":14},{"not_picked":["Grand Finale","Storm of Steel"],"picked":"Adrenaline","floor":16},{"not_picked":["Slice+1","Escape Plan"],"picked":"Backflip","floor":18},{"not_picked":["PiercingWail","Backstab","Bane+1"],"picked":"SKIP","floor":24},{"not_picked":["Backflip","Riddle With Holes","Finisher","Outmaneuver"],"picked":"SKIP","floor":27},{"not_picked":["Envenom+1","Dash","Dagger Spray","Concentrate"],"picked":"SKIP","floor":28},{"not_picked":["Backflip","Quick Slash+1","Finisher"],"picked":"Noxious Fumes+1","floor":31}],"player_experience":1821567,"relics_obtained":[{"floor":7.0,"key":"Akabeko"},{"floor":9,"key":"Frozen Egg 2"},{"floor":11,"key":"Odd Mushroom"},{"floor":14,"key":"Bottled Flame"},{"floor":19,"key":"Nilry\u0027s Codex"},{"floor":26,"key":"Question Card"},{"floor":31,"key":"Whetstone"}],"event_choices":[{"damage_healed":0.0,"max_hp_gain":0.0,"max_hp_loss":0.0,"gold_gain":150.0,"event_name":"Liars Game","player_choice":"AGREE","floor":3.0,"gold_loss":0.0,"damage_taken":0.0,"cards_obtained":["Doubt"]},{"cards_removed":["Doubt"],"damage_healed":0.0,"max_hp_gain":0.0,"max_hp_loss":0.0,"gold_gain":0.0,"event_name":"Golden Wing","player_choice":"Card Removal","floor":4.0,"gold_loss":0.0,"damage_taken":7.0},{"damage_healed":0,"gold_gain":0,"player_choice":"Fought Mushrooms","damage_taken":0,"max_hp_gain":0,"max_hp_loss":0,"event_name":"Mushrooms","floor":11,"gold_loss":0},{"damage_healed":0,"gold_gain":0,"player_choice":"Obtained Book","damage_taken":21,"max_hp_gain":0,"max_hp_loss":0,"event_name":"Cursed Tome","floor":19,"gold_loss":0},{"cards_removed":["Strike_G"],"damage_healed":0,"gold_gain":0,"player_choice":"Elegance","damage_taken":0,"max_hp_gain":0,"max_hp_loss":0,"event_name":"Back to Basics","floor":20,"gold_loss":0}],"is_beta":false,"boss_relics":[{"not_picked":["Ectoplasm","Velvet Choker"],"picked":"HoveringKite"}],"items_purged_floors":[5,21],"is_endless":false,"potions_floor_spawned":[1,7,12,13,14,24,28],"killed_by":"Automaton","ascension_level":20}}