{"host":"2q4w55ev63ot6isg","time":1611827554,"event":{"mods":["Aspiration","BaseMod","Downfall","Hubris","Marisa????????","Minty Spire (QoL Compilation)","Replay The Spire","StSLib","The Cursed","The Jungle","The Servant 0.9.4"],"gold_per_floor":[99,115,115,128,145,165,165,208,208,208,208,57,57,112,130,340,340,340,466,466,466,486,510,510,521,549,549,569,606,606,606,626,737,737,737,5,31,51,68,68,91,117,143,143,162,197,197,208,234,234,234,234],"floor_reached":50,"language":"ENG","playtime":2833,"items_purged":["Grand Finale+1"],"score":600,"play_id":"d6812d40-55b2-4bdb-8a53-b83edb6bacd3","local_time":"20210128015234","is_ascension_mode":false,"campfire_choices":[{"data":"hexamod:Sear","floor":1,"key":"SMITH"},{"data":"hexamod:ThermalTransfer","floor":9,"key":"SMITH"},{"data":"hexamod:BurningTouch","floor":11,"key":"SMITH"},{"data":"hexamod:SoulSteal","floor":13,"key":"SMITH"},{"data":"hexamod:Strike","floor":18,"key":"PURGE"},{"data":"hubris:Counter","floor":27,"key":"SMITH"},{"data":"hexamod:GhostShield","floor":30,"key":"SMITH"},{"data":"hexamod:ThermalTransfer","floor":35,"key":"SMITH"},{"data":"hexamod:ExtraCrispy","floor":44,"key":"SMITH"}],"circlet_count":0,"master_deck":["hexamod:Defend+1","hexamod:Defend+1","hexamod:Defend+1","hexamod:Defend+1","hexamod:Sear+1","hexamod:Float","hexamod:BurningTouch+1","hexamod:FirstSeal","hexamod:SecondSeal","hexamod:Hexaguard","hexamod:SoulSteal+1","hexamod:NightmareGuise","hexamod:VolcanoVisage+1","hexamod:GhostflameBarrier+1","Flying Knee","hubris:Counter+1","hexamod:ThermalTransfer+1","hexamod:SpectersWail+1","hexamod:SpectersWail+1","hexamod:HeatMetal+1","hexamod:GhostShield+1","hexamod:FourthSeal","hexamod:ExtraCrispy+1","hexamod:UnlimitedPower+1","hexamod:InspiringFlames+1","hexamod:ThirdSeal","expansioncontent:QuickStudy+1","Magnetism+1","Jack Of All Trades+1","Jack Of All Trades+1","hexamod:TimeOfNeed+1","hexamod:EtherealExpedition+1","hexamod:BurningTouch+1","Clumsy","hexamod:EtherealExpedition+1","Parasite","hexamod:RecurringNightmare+1","hexamod:TimeOfNeed+1","hexamod:Hexaguard+1","hexamod:HexaLevel+1","hexamod:RecurringNightmare+1"],"relics":["hexamod:UnbrokenSoul","hubris:TinFlute","Question Card","hubris:Icosahedron","Golden Egg","Bag of Marbles","aspiration:HummingbirdHeart","hubris:TenFootPole","hubris:Towel","Cursed Key","Meat on the Bone","ReplayTheSpireMod:ShopPack","hubris:SlimyHat","Art of War"],"acts_visited":["Exordium","TheCity","TheBeyond"],"potions_floor_usage":[8,16,16,16,23,28,29,29,29,32,33,38,39,42,42,42,42,43,45,46,50,50,50],"damage_taken":[{"damage":1,"enemies":"Jaw Worm","floor":2,"turns":3},{"damage":1,"enemies":"Cultist","floor":4,"turns":3},{"damage":0,"enemies":"2 Louse","floor":5,"turns":3},{"damage":0,"enemies":"Large Slime","floor":6,"turns":3},{"damage":28,"enemies":"Gremlin Nob","floor":8,"turns":3},{"damage":0,"enemies":"downfall:FleeingMerchant","floor":12,"turns":4},{"damage":16,"enemies":"3 Louse","floor":15,"turns":4},{"damage":26,"enemies":"WA_ARCHETYPE_RETAIN","floor":16,"turns":7},{"damage":2,"enemies":"Chosen","floor":19,"turns":4},{"damage":20,"enemies":"Spheric Guardian","floor":22,"turns":4},{"damage":35,"enemies":"Cultist and Chosen","floor":23,"turns":7},{"damage":0,"enemies":"Sentry and Sphere","floor":25,"turns":3},{"damage":10,"enemies":"Snake Plant","floor":26,"turns":6},{"damage":6,"enemies":"3 Cultists","floor":28,"turns":6},{"damage":0,"enemies":"Gremlin Leader","floor":29,"turns":4},{"damage":4,"enemies":"Centurion and Healer","floor":32,"turns":9},{"damage":70,"enemies":"SI_MIRROR_ARCHETYPE","floor":33,"turns":11},{"damage":0,"enemies":"downfall:FleeingMerchant","floor":36,"turns":4},{"damage":7,"enemies":"Orb Walker","floor":37,"turns":4},{"damage":21,"enemies":"3 Darklings","floor":38,"turns":5},{"damage":0,"enemies":"Jaw Worm Horde","floor":39,"turns":3},{"damage":32,"enemies":"Spire Growth","floor":42,"turns":5},{"damage":31,"enemies":"Writhing Mass","floor":43,"turns":6},{"damage":11,"enemies":"3 Darklings","floor":45,"turns":4},{"damage":20,"enemies":"Reptomancer","floor":46,"turns":6},{"damage":8,"enemies":"Jaw Worm Horde","floor":48,"turns":5},{"damage":0,"enemies":"Maw","floor":49,"turns":7},{"damage":91,"enemies":"DF_ARCHETYPE_ORBS","floor":50,"turns":8}],"seed_played":"756360541481878292","potions_obtained":[{"floor":4,"key":"Death Potion"},{"floor":8,"key":"Weak Potion"},{"floor":14,"key":"CultistPotion"},{"floor":15,"key":"Ancient Potion"},{"floor":22,"key":"hexamod:EctoCoolerPotion"},{"floor":25,"key":"Fire Potion"},{"floor":26,"key":"EntropicBrew"},{"floor":32,"key":"Fruit Juice"},{"floor":33,"key":"Cursed Concoction"},{"floor":36,"key":"Doom Potion"},{"floor":37,"key":"GamblersBrew"},{"floor":38,"key":"PowerPotion"},{"floor":38,"key":"Strength Potion"},{"floor":39,"key":"hexamod:SoulburnPotion"},{"floor":42,"key":"bronze:BurnAndBuffPotion"},{"floor":43,"key":"SpeedPotion"},{"floor":45,"key":"LifebloodPotion"},{"floor":45,"key":"BlessingOfTheForge"},{"floor":48,"key":"Block Potion"}],"is_trial":false,"path_per_floor":["R","M","?","M","M","M","T","E","R","?","R","$","R","?","M","B",null,"R","M","?","?","M","M","T","M","M","R","M","E","R","?","M","B",null,"R","$","M","M","M","?","T","M","M","R","M","E","R","M","M","B"],"character_chosen":"THE_SPIRIT","items_purchased":["Golden Egg","hexamod:ThirdSeal","Meat on the Bone","expansioncontent:QuickStudy","ReplayTheSpireMod:ShopPack"],"campfire_rested":0,"item_purchase_floors":[12,36,36,36,36],"current_hp_per_floor":[77,76,76,75,77,77,77,56,56,56,56,63,63,44,28,9,77,77,77,77,77,64,36,36,43,33,33,34,41,41,41,49,12,82,82,82,75,61,82,82,82,57,45,45,53,52,52,44,51,0,0,0],"gold":234,"neow_bonus":"TEN_PERCENT_HP_BONUS","is_daily":false,"chose_seed":false,"campfire_upgraded":8,"win_rate":0.0,"timestamp":1611827554,"path_taken":["R","M","?","M","?","M","T","E","R","?","R","$","R","?","M","BOSS","R","M","?","?","M","M","T","?","M","R","M","E","R","?","M","BOSS","R","$","M","M","M","?","T","M","M","R","M","E","R","M","M","BOSS"],"items_purchased_type":["Relic","Card","Relic","Card","Relic"],"build_version":"2020-12-22","purchased_purges":1,"victory":false,"max_hp_per_floor":[77,77,77,77,77,77,77,77,77,77,77,77,77,77,77,77,77,77,77,77,77,77,77,77,77,77,77,77,77,77,77,82,82,82,82,82,82,82,82,82,82,82,82,82,82,82,82,82,82,82,82,82],"card_choices":[{"not_picked":["hexamod:SpectersWail","hexamod:HauntingEcho"],"picked":"hexamod:BurningTouch","floor":2},{"not_picked":["hexamod:GhostLash","hexamod:NightmareStrike"],"picked":"hexamod:FirstSeal","floor":4},{"not_picked":["hexamod:GhostLash","hexamod:EmpoweredFlame"],"picked":"hexamod:ThermalTransfer","floor":5},{"not_picked":["hexamod:HauntingEcho","hexamod:BacktrackSmack"],"picked":"hexamod:SecondSeal","floor":6},{"not_picked":["hexamod:RadiantFlame","hexamod:HeatMetal"],"picked":"hexamod:Hexaguard","floor":8},{"not_picked":["hexamod:GhostOfSpirePast","hexamod:TurnItUp","hexamod:AdvancingGuard"],"picked":"hexamod:SoulSteal","floor":12},{"not_picked":["hexamod:GhostOfSpireFuture","hexamod:ShieldOfDarkness","hexamod:NightmareStrike"],"picked":"hexamod:NightmareGuise","floor":14},{"not_picked":["hexamod:Haunt","hexamod:Again","hexamod:BacktrackSmack","hexamod:Rewind"],"picked":"SKIP","floor":15},{"not_picked":["hexamod:TimeWarp","hexamod:TimeOfNeed","hexamod:ForkedFlame"],"picked":"hexamod:VolcanoVisage","floor":16},{"not_picked":["hexamod:EmpoweredFlame","hexamod:Firestarter","hexamod:HeatMetal"],"picked":"hexamod:GhostflameBarrier+1","floor":19},{"not_picked":["hexamod:InspiringFlames+1","hexamod:GhostLash","hexamod:ShieldOfDarkness+1"],"picked":"hexamod:ThermalTransfer","floor":22},{"not_picked":["hexamod:Again","hexamod:BacktrackSmack+1","hexamod:UnleashSpirits"],"picked":"hexamod:SpectersWail+1","floor":23},{"not_picked":["hexamod:Rewind","hexamod:RainOfEmbers","hexamod:ChargedBarrage"],"picked":"hexamod:SpectersWail+1","floor":25},{"not_picked":["hexamod:NightmareStrike","hexamod:BurningTouch","hexamod:GhostOfSpirePast"],"picked":"hexamod:HeatMetal+1","floor":26},{"not_picked":["hexamod:AdvancingGuard","hexamod:BacktrackSmack","hexamod:NecessarySacrifice"],"picked":"hexamod:GhostShield","floor":28},{"not_picked":["hexamod:RainOfEmbers+1","hexamod:Firestarter+1","hexamod:InspiringFlames+1"],"picked":"hexamod:FourthSeal","floor":29},{"not_picked":["hexamod:SoulSteal+1","hexamod:AdvancingGuard","hexamod:HeatMetal"],"picked":"hexamod:ExtraCrispy","floor":32},{"not_picked":["hexamod:HexaLevel","hexamod:SearingWound","hexamod:TimeWarp"],"picked":"hexamod:UnlimitedPower","floor":33},{"not_picked":["hexamod:FourthSeal","hexamod:BurningTouch","hexamod:NightmareGuise"],"picked":"hexamod:InspiringFlames+1","floor":36},{"not_picked":["Transmutation","Secret Weapon","Crow Ritual"],"picked":"Magnetism","floor":36},{"not_picked":["Dramatic Entrance","hubris:Ssssneak","Dark Shackles"],"picked":"Jack Of All Trades","floor":36},{"not_picked":["ReplayTheSpireMod:Trickstab","Mind Blast","ReplayTheSpireMod:Uncanny Aura"],"picked":"Jack Of All Trades","floor":36},{"not_picked":["hexamod:ShieldOfDarkness+1","hexamod:GhostOfSpireFuture","hexamod:HeatShield"],"picked":"hexamod:TimeOfNeed","floor":37},{"not_picked":["hexamod:FastForward","hexamod:SpectersWail","hexamod:ThermalTransfer","hexamod:GhostLash"],"picked":"SKIP","floor":37},{"not_picked":["hexamod:Firestarter+1","hexamod:CatchUp+1","hexamod:ThermalTransfer"],"picked":"hexamod:EtherealExpedition+1","floor":38},{"not_picked":["hexamod:SwordOfDarkness+1","hexamod:GhostLash","hexamod:Incineration","hexamod:FirstSeal"],"picked":"SKIP","floor":38},{"not_picked":["hexamod:StepThrough+1","hexamod:GhostLash","hexamod:NightmareGuise"],"picked":"hexamod:BurningTouch+1","floor":39},{"not_picked":["hexamod:AdvancingGuard+1","hexamod:ShieldOfDarkness","hexamod:FastForward"],"picked":"hexamod:EtherealExpedition+1","floor":42},{"not_picked":["hexamod:SwordOfDarkness","hexamod:GhostOfSpirePast","hexamod:AdvancingGuard","hexamod:SpectersWail"],"picked":"SKIP","floor":42},{"not_picked":["hexamod:SkipABeat+1","hexamod:Hexaguard","hexamod:BurningTouch+1"],"picked":"hexamod:RecurringNightmare+1","floor":43},{"not_picked":["hexamod:NecessarySacrifice+1","hexamod:RetreatToShadows+1","hexamod:Hexaguard"],"picked":"hexamod:TimeOfNeed","floor":43},{"not_picked":["hexamod:Firestarter","hexamod:NightmareStrike","hexamod:TurnItUp"],"picked":"hexamod:Hexaguard+1","floor":45},{"not_picked":["hexamod:InspiringFlames","hexamod:DynamicBlow+1","hexamod:HeatMetal+1"],"picked":"hexamod:HexaLevel","floor":46},{"not_picked":["hexamod:FastForward","hexamod:ExtraCrispy","hexamod:NightmareStrike","hexamod:Firestarter"],"picked":"SKIP","floor":46},{"not_picked":["hexamod:HeatMetal","hexamod:Rewind","hexamod:ShieldOfDarkness","hexamod:SkipABeat"],"picked":"SKIP","floor":48},{"not_picked":["hexamod:SwordOfDarkness+1","hexamod:BacktrackSmack+1","hexamod:CatchUp+1","hexamod:GhostOfSpirePast+1"],"picked":"SKIP","floor":48},{"not_picked":["hexamod:SearingWound","hexamod:GhostLash+1","hexamod:FourthSeal"],"picked":"hexamod:RecurringNightmare+1","floor":49},{"not_picked":["hexamod:SpectralAdrenaline","hexamod:Firestarter+1","hexamod:FastForward","hexamod:GhostLash"],"picked":"SKIP","floor":49}],"player_experience":183624,"relics_obtained":[{"floor":7,"key":"hubris:TinFlute"},{"floor":8,"key":"Question Card"},{"floor":14,"key":"Bag of Marbles"},{"floor":24,"key":"aspiration:HummingbirdHeart"},{"floor":29,"key":"hubris:TenFootPole"},{"floor":41,"key":"hubris:SlimyHat"},{"floor":46,"key":"Art of War"}],"event_choices":[],"is_beta":false,"boss_relics":[{"not_picked":["aspiration:RitualDagger","Fusion Hammer"],"picked":"hexamod:UnbrokenSoul"},{"not_picked":["ChewingGum","Snecko Heart"],"picked":"Cursed Key"}],"items_purged_floors":[36],"is_endless":false,"potions_floor_spawned":[4,8,15,22,25,26,38,39,43,45],"killed_by":"DF_ARCHETYPE_ORBS","ascension_level":0}}