{"host":"yqw1zpryoutrnocq","time":1611871293,"event":{"mods":["2.2 Compatiblity","AchievementEnabler","BaseMod","Colored Map","Custom Start","DeckTracker","Minty Spire (QoL Compilation)","Replay The Spire","StSLib","SuperFastMode"],"gold_per_floor":[113,132,132,147,0,0,28,41,41,58,71,71,82,115,115,115,115],"floor_reached":16,"language":"KOR","playtime":531,"items_purged":[],"score":174,"play_id":"895d20c7-4109-4566-9462-c4201620d3ce","local_time":"20210128160133","is_ascension_mode":true,"campfire_choices":[{"data":"Dagger Spray","floor":6.0,"key":"SMITH"},{"data":"Cloak And Dagger","floor":12.0,"key":"SMITH"},{"floor":15.0,"key":"DIG"}],"circlet_count":0,"master_deck":["Strike_G","Strike_G","Strike_G","Defend_G","Defend_G","Defend_G","Defend_G","Defend_G","Survivor","Neutralize","Poisoned Stab","Unload+1","Deadly Poison","Sucker Punch","Dagger Spray+1","Dodge and Roll","Cloak And Dagger+1","Dodge and Roll","Dagger Spray","Backstab","Blade Dance"],"relics":["Ring of the Snake","Vajra","ReplayTheSpireMod:Shallot","Replay:Bottled Flurry","Replay:Multitool","Dead Branch"],"acts_visited":["Exordium"],"potions_floor_usage":[16,16],"damage_taken":[{"damage":0.0,"enemies":"Jaw Worm","floor":1.0,"turns":3.0},{"damage":0.0,"enemies":"Cultist","floor":2.0,"turns":3.0},{"damage":1.0,"enemies":"Small Slimes","floor":4.0,"turns":2.0},{"damage":22.0,"enemies":"3 Sentries","floor":7.0,"turns":7.0},{"damage":19.0,"enemies":"Exordium Thugs","floor":8.0,"turns":5.0},{"damage":0.0,"enemies":"Exordium Wildlife","floor":10.0,"turns":2.0},{"damage":0.0,"enemies":"Looter","floor":11.0,"turns":2.0},{"damage":0.0,"enemies":"Lots of Slimes","floor":13.0,"turns":1.0},{"damage":0.0,"enemies":"Lagavulin","floor":14.0,"turns":5.0},{"damage":13,"enemies":"Fading Forest","floor":16,"turns":7}],"seed_played":"7357807777060302280","potions_obtained":[{"floor":1.0,"key":"Poison Potion"},{"floor":2.0,"key":"Reflective Coating"},{"floor":11.0,"key":"Weak Potion"},{"floor":13.0,"key":"Energy Potion"}],"is_trial":false,"path_per_floor":["M","M","?","M","$","R","E","M","T","M","M","R","M","E","R","B"],"character_chosen":"THE_SILENT","items_purchased":["Vajra"],"campfire_rested":0,"item_purchase_floors":[5],"current_hp_per_floor":[49,49,49,48,48,48,26,7,7,7,7,7,7,7,7,0,0],"gold":115,"neow_bonus":"TRANSFORM_TWO_CARDS","is_daily":false,"chose_seed":false,"campfire_upgraded":2,"win_rate":0.0,"timestamp":1611871293,"path_taken":["M","M","?","M","$","R","E","M","T","M","?","R","M","E","R","BOSS"],"items_purchased_type":["Relic"],"build_version":"2020-12-22","purchased_purges":0,"victory":false,"max_hp_per_floor":[70,70,70,70,70,70,70,70,70,70,70,70,70,70,70,70,70],"card_choices":[{"not_picked":["ReplayTheSpireMod:Exploit Weakness","Blur"],"picked":"Deadly Poison","floor":1.0},{"not_picked":["Infinite Blades","Slice"],"picked":"Sucker Punch","floor":2.0},{"not_picked":["Acrobatics","Bouncing Flask"],"picked":"Dagger Spray","floor":4.0},{"not_picked":["Terror","Blur"],"picked":"Dodge and Roll","floor":7.0},{"not_picked":["Dagger Throw","Backflip"],"picked":"Cloak And Dagger","floor":8.0},{"not_picked":["ReplayTheSpireMod:Shiv Toss","Deflect"],"picked":"Dodge and Roll","floor":10.0},{"not_picked":["Underhanded Strike","Hidden Blade"],"picked":"Dagger Spray","floor":11.0},{"not_picked":["Dagger Throw","Choke"],"picked":"Backstab","floor":13.0},{"not_picked":["A Thousand Cuts","Outmaneuver"],"picked":"Blade Dance","floor":14.0}],"player_experience":235933,"relics_obtained":[{"floor":7.0,"key":"ReplayTheSpireMod:Shallot"},{"floor":9.0,"key":"Replay:Bottled Flurry"},{"floor":14.0,"key":"Replay:Multitool"},{"floor":15.0,"key":"Dead Branch"}],"event_choices":[{"damage_healed":0.0,"max_hp_gain":0.0,"max_hp_loss":0.0,"gold_gain":0.0,"event_name":"Upgrade Shrine","player_choice":"Upgraded","floor":3.0,"gold_loss":0.0,"damage_taken":0.0,"cards_upgraded":["Unload"]}],"is_beta":false,"boss_relics":[],"items_purged_floors":[],"is_endless":false,"potions_floor_spawned":[1,2,11,13],"killed_by":"Fading Forest","ascension_level":5}}