{"host":"gfmw02tnhhvp9jba","time":1611864624,"event":{"mods":["AchievementEnabler","BaseMod","Colored Map","Conspire","Downfall","Highlight Path","Minty Spire (QoL Compilation)","Replay The Spire","StSLib"],"gold_per_floor":[113,216,228,258,280,292,330,6,6,25,37,62,74,84,84,184,184,197,247,259,259,275,275,293,21,21,39,65,65,65,65,98,111,111,209,209,223,275,289,289,28,28,128,128,128,146,146,174,174,28,28,28,28],"floor_reached":52,"language":"ENG","playtime":3046,"items_purged":["Injury"],"score":757,"play_id":"d7409384-ffbb-4c1a-a53e-9aab1c9c6866","local_time":"20210128211024","is_ascension_mode":false,"campfire_choices":[{"data":"ThirdEye","floor":6,"key":"SMITH"},{"floor":15,"key":"DIG"},{"data":"Establishment","floor":23,"key":"SMITH"},{"floor":34,"key":"REST"},{"data":"Blasphemy","floor":42,"key":"SMITH"},{"data":"Devotion","floor":44,"key":"SMITH"},{"data":"J.A.X.","floor":51,"key":"SMITH"}],"circlet_count":0,"master_deck":["Strike_P","Strike_P","Strike_P","Defend_P","Defend_P","Defend_P","Eruption","Vigilance+1","Swivel+1","FlyingSleeves","ThirdEye+1","SashWhip","JustLucky+1","DeceiveReality","FearNoEvil","LessonLearned","CarveReality","CutThroughFate+1","SandsOfTime+1","Replay:DivineShield","Weave","Establishment+1","FlyingSleeves+1","Consecrate+1","Nirvana","The Bomb","Replay:BluntJabs+1","Replay:AllIn","J.A.X.+1","Replay:ManipulateFuture","LikeWater+1","Blasphemy+1","CarveReality+1","ReplayTheSpireMod:Faulty Equipment","InnerPeace","Dark Shackles","Crescendo","Looming Evil","downfall:Haunted","Replay:Hysterical Blindness","Spreading Infection","Devotion+1","Parasite","conspire:Blindness","Pray+1","Delirium","downfall:Malfunctioning"],"relics":["PureWater","NeowsBlessing","MawBank","Divine Protection","Art of War","Eternal Feather","Turnip","Bronze Scales","VioletLotus","ReplayTheSpireMod:Ring of Collecting","Ring of Greed","Tiny Chest","MealTicket","Membership Card","ReplayTheSpireMod:Ring of Addiction","Regal Pillow","SacredBark","Toy Ornithopter","Replay:Rubber Ducky","Boot","SlaversCollar","conspire:TopHat","Ring of Searing","Shuriken","conspire:TreasureMap","downfall:ExtraCursedKey","Ring of Hypnosis","Mummified Hand","conspire:GlowingRock","Ring of Fury","Snack Pack","OrangePellets","Simple Rune"],"acts_visited":["Exordium","TheCity","TheBeyond"],"potions_floor_usage":[7,18,24,27,48],"damage_taken":[{"damage":0,"enemies":"Jaw Worm","floor":1,"turns":1},{"damage":0,"enemies":"2 Louse","floor":4,"turns":1},{"damage":0,"enemies":"Cultist","floor":5,"turns":1},{"damage":50,"enemies":"Lagavulin","floor":7,"turns":11},{"damage":0,"enemies":"Red Slaver","floor":10,"turns":3},{"damage":0,"enemies":"Exordium Wildlife","floor":11,"turns":3},{"damage":0,"enemies":"3 Sentries","floor":12,"turns":5},{"damage":0,"enemies":"2 Fungi Beasts","floor":13,"turns":4},{"damage":0,"enemies":"Lots of Slimes","floor":14,"turns":4},{"damage":5,"enemies":"Fading Forest","floor":16,"turns":11},{"damage":3,"enemies":"conspire:FuzzyDice","floor":18,"turns":9},{"damage":0,"enemies":"Chosen","floor":20,"turns":6},{"damage":2,"enemies":"conspire:HollyBat","floor":22,"turns":8},{"damage":14,"enemies":"Shelled Parasite and Fungi","floor":24,"turns":5},{"damage":2,"enemies":"Cultist and Chosen","floor":27,"turns":5},{"damage":2,"enemies":"Replay:Snechameleon","floor":28,"turns":6},{"damage":31,"enemies":"Book of Stabbing","floor":32,"turns":6},{"damage":17,"enemies":"Snake Plant","floor":33,"turns":4},{"damage":35,"enemies":"Collector","floor":35,"turns":11},{"damage":6,"enemies":"Orb Walker","floor":37,"turns":4},{"damage":29,"enemies":"3 Darklings","floor":39,"turns":5},{"damage":12,"enemies":"Transient","floor":46,"turns":5},{"damage":65,"enemies":"Nemesis","floor":48,"turns":7},{"damage":66,"enemies":"conspire:OrnateMirror","floor":52,"turns":2}],"seed_played":"9150759520406396620","potions_obtained":[{"floor":1,"key":"conspire:TimeTravelPotion"},{"floor":7,"key":"ColorlessPotion"},{"floor":10,"key":"LiquidBronze"},{"floor":12,"key":"LifebloodPotion"},{"floor":16,"key":"ColorlessPotion"},{"floor":22,"key":"BottledMiracle"},{"floor":24,"key":"EssenceOfSteel"},{"floor":26,"key":"SpeedPotion"},{"floor":26,"key":"Dexterity Potion"},{"floor":26,"key":"Explosive Potion"},{"floor":27,"key":"Toxic Potion"},{"floor":35,"key":"AttackPotion"},{"floor":47,"key":"Fire Potion"},{"floor":47,"key":"FairyPotion"},{"floor":48,"key":"Strength Potion"}],"is_trial":false,"path_per_floor":["M","?","?","M","M","R","E","$","T","M","M","E","M","M","R_BF","B",null,"M","?","M","?","M","R","M","$","T","M","E","?","PTL","PTL","E","M","R_BF","B",null,"M","T","M","?","$","R","?","R","T","M","?","E","T","$","R","B"],"character_chosen":"WATCHER","items_purchased":["LessonLearned","CarveReality","Art of War","Membership Card","Nirvana","The Bomb","Shuriken","conspire:TreasureMap","Crescendo","OrangePellets","Simple Rune"],"campfire_rested":1,"item_purchase_floors":[8,8,8,25,25,25,41,41,41,50,50],"current_hp_per_floor":[72,72,72,72,72,72,51,51,51,51,51,51,51,51,63,58,72,69,69,69,69,67,72,58,72,72,72,70,70,70,70,39,22,68,33,68,60,60,31,31,46,64,67,67,67,53,53,33,33,48,65,0,0],"gold":28,"neow_bonus":"THREE_ENEMY_KILL","is_daily":false,"chose_seed":false,"campfire_upgraded":5,"win_rate":0.0,"timestamp":1611864624,"path_taken":["M","?","?","?","M","R","E","?","T","M","M","E","M","M","R_BF","BOSS","M","?","M","?","?","R","M","$","T","M","E","?","PTL","PTL","E","M","R_BF","BOSS","M","?","M","?","$","R","?","R","T","M","?","E","?","?","R","BOSS"],"items_purchased_type":["Card","Card","Relic","Relic","Card","Card","Relic","Relic","Card","Relic","Relic"],"build_version":"2020-12-22","purchased_purges":1,"victory":false,"max_hp_per_floor":[72,72,72,72,72,72,72,72,72,72,72,72,72,72,72,72,72,72,72,72,72,72,72,72,72,72,72,72,72,72,70,70,70,68,68,68,66,66,66,64,64,64,67,67,67,65,65,65,65,65,65,63,63],"card_choices":[{"not_picked":["Worship","EmptyFist"],"picked":"Swivel","floor":1},{"not_picked":["Nirvana","EmptyBody"],"picked":"FlyingSleeves","floor":2},{"not_picked":["Vengeance","BowlingBash"],"picked":"ThirdEye","floor":2},{"not_picked":["Perseverance","BowlingBash"],"picked":"JustLucky","floor":4},{"not_picked":["Replay:BluntJabs","Prostrate"],"picked":"DeceiveReality","floor":5},{"not_picked":["PathToVictory","Replay:Cycle"],"picked":"FearNoEvil","floor":7},{"not_picked":["Fasting2","CrushJoints"],"picked":"CutThroughFate","floor":10},{"not_picked":["Evaluate","Worship"],"picked":"SandsOfTime","floor":11},{"not_picked":["EmptyBody","Swivel","BattleHymn"],"picked":"SKIP","floor":12},{"not_picked":["CutThroughFate","Worship"],"picked":"Replay:DivineShield","floor":13},{"not_picked":["EmptyMind","Replay:Cycle"],"picked":"Weave","floor":14},{"not_picked":["Replay:LoomingThreat","Replay:AllIn"],"picked":"Establishment","floor":16},{"not_picked":["PathToVictory","FlyingSleeves+1","CrushJoints"],"picked":"SKIP","floor":18},{"not_picked":["PathToVictory","CrushJoints"],"picked":"FlyingSleeves+1","floor":18},{"not_picked":["Prostrate","CutThroughFate","DeceiveReality"],"picked":"SKIP","floor":20},{"not_picked":["EmptyBody","ReachHeaven+1","Prostrate"],"picked":"SKIP","floor":22},{"not_picked":["EmptyMind+1","FlurryOfBlows"],"picked":"Consecrate+1","floor":24},{"not_picked":["FollowUp","Meditate"],"picked":"Replay:BluntJabs+1","floor":27},{"not_picked":["Prostrate+1","Conclude"],"picked":"Replay:AllIn","floor":28},{"not_picked":["Halt","FlyingSleeves"],"picked":"Replay:ManipulateFuture","floor":32},{"not_picked":["Replay:AtTheReady","Consecrate"],"picked":"LikeWater+1","floor":33},{"not_picked":["Vault","Alpha"],"picked":"Blasphemy","floor":35},{"not_picked":["Prostrate","EmptyBody+1"],"picked":"CarveReality+1","floor":37},{"not_picked":["Worship","Replay:Battleflow"],"picked":"InnerPeace","floor":39},{"not_picked":["Poisoned Strike","ReplayTheSpireMod:Trickstab"],"picked":"Dark Shackles","floor":40},{"not_picked":["Protect","ForeignInfluence+1","SashWhip+1"],"picked":"SKIP","floor":46},{"not_picked":["Crescendo","Consecrate+1"],"picked":"Pray+1","floor":48}],"player_experience":100603,"relics_obtained":[{"floor":2,"key":"MawBank"},{"floor":7,"key":"Divine Protection"},{"floor":9,"key":"Eternal Feather"},{"floor":12,"key":"Turnip"},{"floor":15,"key":"Bronze Scales"},{"floor":19,"key":"ReplayTheSpireMod:Ring of Collecting"},{"floor":19,"key":"Ring of Greed"},{"floor":19,"key":"Tiny Chest"},{"floor":19,"key":"MealTicket"},{"floor":26,"key":"ReplayTheSpireMod:Ring of Addiction"},{"floor":26,"key":"Regal Pillow"},{"floor":26,"key":"SacredBark"},{"floor":26,"key":"Toy Ornithopter"},{"floor":28,"key":"Replay:Rubber Ducky"},{"floor":32,"key":"Boot"},{"floor":38,"key":"conspire:TopHat"},{"floor":38,"key":"Ring of Searing"},{"floor":45,"key":"Ring of Hypnosis"},{"floor":45,"key":"Mummified Hand"},{"floor":48,"key":"conspire:GlowingRock"},{"floor":49,"key":"Ring of Fury"},{"floor":49,"key":"Snack Pack"}],"event_choices":[{"damage_healed":0,"gold_gain":0,"cards_transformed":["Strike_P"],"player_choice":"Transformed","damage_taken":0,"max_hp_gain":0,"max_hp_loss":0,"event_name":"Transmorgrifier","floor":3,"gold_loss":0,"cards_obtained":["SashWhip"]},{"cards_removed":["Defend_P"],"damage_healed":0,"gold_gain":0,"player_choice":"Purged","damage_taken":0,"max_hp_gain":0,"max_hp_loss":0,"event_name":"Purifier","floor":21,"gold_loss":0},{"damage_healed":0,"gold_gain":0,"player_choice":"Obtain J.A.X.","damage_taken":0,"max_hp_gain":0,"max_hp_loss":0,"event_name":"Drug Dealer","floor":29,"gold_loss":0,"cards_obtained":["J.A.X."]},{"damage_healed":0,"gold_gain":0,"player_choice":"Memory 1","damage_taken":0,"max_hp_gain":0,"max_hp_loss":0,"event_name":"SensoryStone","floor":40,"gold_loss":0},{"damage_healed":0,"gold_gain":0,"player_choice":"Got Potions","damage_taken":0,"max_hp_gain":0,"max_hp_loss":0,"event_name":"Lab","floor":47,"gold_loss":0}],"is_beta":false,"boss_relics":[{"not_picked":["SacredBark","Runic Dome"],"picked":"VioletLotus"},{"not_picked":["Sozu","Kintsugi"],"picked":"SlaversCollar"}],"items_purged_floors":[41],"is_endless":false,"potions_floor_spawned":[1,7,10,12,16,22,24,27,28,35,37,39,48],"killed_by":"conspire:OrnateMirror","ascension_level":0}}