{"host":"5h6e4l6hpn0p5lap","time":1611805843,"event":{"mods":["AchievementEnabler","BaseMod","Better Altar","Better Match","Better Sensory Stone","Better Skull","Better Third Choice","Filter the Spire","Highlight Path","Minty Spire (QoL Compilation)","StSLib"],"gold_per_floor":[116,36,36,49,59,91,101,114,114,134,134,134,167,183,183,282,282,299,299,317,117,143,143,175,175,202,202,46,64,80,180,180,282,282,298,298,311,329,329,329,354,108,108,108,108],"floor_reached":44,"language":"ENG","playtime":2412,"items_purged":["Defend_P"],"score":566,"play_id":"4abc394b-7a13-4d17-818b-6be0e5465df3","local_time":"20210127225043","is_ascension_mode":false,"campfire_choices":[{"data":"Tantrum","floor":12,"key":"SMITH"},{"data":"Conclude","floor":15,"key":"SMITH"},{"data":"Prostrate","floor":23,"key":"SMITH"},{"floor":25,"key":"REST"},{"floor":32,"key":"REST"},{"floor":40,"key":"REST"}],"circlet_count":0,"master_deck":["Strike_P","Strike_P","Strike_P+1","Defend_P","Defend_P","Defend_P","Eruption+1","Vigilance","EmptyFist","Tantrum+1","CarveReality","FollowUp","Perseverance","DeceiveReality","PathToVictory","Crescendo","Conclude+1","Devotion","Prostrate+1","Meditate+1","Prostrate","PathToVictory+1","BowlingBash","CutThroughFate","Halt","FlyingSleeves","Dark Shackles","Panache","Pummel","Conserve Battery","Terror+1","LessonLearned","Rebound+1","Dash+1","Doubt","LikeWater","Halt","Shame"],"relics":["PureWater","Tiny Chest","Blue Candle","Odd Mushroom","Du-Vu Doll","TeardropLocket","VioletLotus","Orrery","Lantern","Oddly Smooth Stone","PrismaticShard","Ice Cream","Singing Bowl","Cursed Key","StrikeDummy","MawBank","Membership Card","Kunai"],"acts_visited":["Exordium","TheCity","TheBeyond"],"potions_floor_usage":[13,13,24,24,31,31,31,33],"damage_taken":[{"damage":0,"enemies":"Small Slimes","floor":1,"turns":4},{"damage":0,"enemies":"2 Louse","floor":4,"turns":1},{"damage":1,"enemies":"Jaw Worm","floor":5,"turns":3},{"damage":3,"enemies":"3 Sentries","floor":6,"turns":4},{"damage":0,"enemies":"Looter","floor":7,"turns":2},{"damage":0,"enemies":"2 Fungi Beasts","floor":8,"turns":2},{"damage":0,"enemies":"The Mushroom Lair","floor":10,"turns":4},{"damage":0,"enemies":"Gremlin Nob","floor":13,"turns":2},{"damage":9,"enemies":"Large Slime","floor":14,"turns":4},{"damage":0,"enemies":"Slime Boss","floor":16,"turns":4},{"damage":5,"enemies":"3 Byrds","floor":18,"turns":5},{"damage":2,"enemies":"Spheric Guardian","floor":20,"turns":4},{"damage":23,"enemies":"Slavers","floor":24,"turns":5},{"damage":0,"enemies":"Snake Plant","floor":29,"turns":3},{"damage":0,"enemies":"Chosen and Byrds","floor":30,"turns":4},{"damage":9,"enemies":"Colosseum Slavers","floor":31,"turns":6},{"damage":2,"enemies":"Colosseum Nobs","floor":31,"turns":6},{"damage":61,"enemies":"Automaton","floor":33,"turns":11},{"damage":0,"enemies":"Orb Walker","floor":35,"turns":3},{"damage":18,"enemies":"3 Darklings","floor":37,"turns":7},{"damage":34,"enemies":"Jaw Worm Horde","floor":38,"turns":6},{"damage":116,"enemies":"Giant Head","floor":41,"turns":8},{"damage":11,"enemies":"Writhing Mass","floor":44,"turns":3}],"seed_played":"2574575040794530138","potions_obtained":[{"floor":5,"key":"BottledMiracle"},{"floor":7,"key":"BlessingOfTheForge"},{"floor":10,"key":"LiquidMemories"},{"floor":16,"key":"Energy Potion"},{"floor":18,"key":"Fire Potion"},{"floor":24,"key":"Swift Potion"},{"floor":30,"key":"BlessingOfTheForge"},{"floor":31,"key":"SkillPotion"},{"floor":33,"key":"LiquidBronze"},{"floor":35,"key":"FairyPotion"}],"is_trial":false,"path_per_floor":["M","$","?","M","M","E","M","M","T","?","?","R","E","M","R","B",null,"M","?","M","$","T","R","E","R","T","?","$","M","M","?","R","B",null,"M","?","M","M","T","R","E","$","T","M"],"character_chosen":"WATCHER","items_purchased":["CarveReality","Prostrate","Orrery","PrismaticShard","Membership Card","LikeWater","Halt"],"campfire_rested":3,"item_purchase_floors":[2,21,21,28,42,42,42],"current_hp_per_floor":[72,72,72,72,71,68,68,68,68,68,68,68,68,59,59,59,72,67,67,65,65,65,65,42,63,63,63,63,63,63,52,72,11,72,72,72,54,22,22,44,24,24,24,13,13],"gold":108,"neow_bonus":"TRANSFORM_CARD","is_daily":false,"chose_seed":false,"campfire_upgraded":3,"win_rate":0.0,"timestamp":1611805843,"path_taken":["M","$","?","M","M","E","M","M","T","?","?","R","E","M","R","BOSS","M","?","M","$","?","R","E","R","T","?","$","M","M","?","R","BOSS","M","?","M","M","?","R","E","$","T","?"],"items_purchased_type":["Card","Card","Relic","Relic","Relic","Card","Card"],"build_version":"2020-12-22","purchased_purges":1,"victory":false,"max_hp_per_floor":[72,72,72,72,72,72,72,72,72,72,72,72,72,72,72,72,72,72,72,72,72,72,72,72,72,72,72,72,72,72,72,72,72,72,72,72,72,74,74,74,76,76,76,76,76],"card_choices":[{"not_picked":["Protect","Evaluate"],"picked":"Tantrum","floor":1},{"not_picked":["Crescendo","BowlingBash"],"picked":"FollowUp","floor":4},{"not_picked":["Establishment","Protect"],"picked":"EmptyBody","floor":5},{"not_picked":["SignatureMove","ReachHeaven"],"picked":"Perseverance","floor":6},{"not_picked":["FlurryOfBlows","SignatureMove"],"picked":"DeceiveReality","floor":7},{"not_picked":["Worship","FlurryOfBlows","EmptyFist"],"picked":"SKIP","floor":8},{"not_picked":["SashWhip","Worship"],"picked":"PathToVictory","floor":10},{"not_picked":["DevaForm","JustLucky"],"picked":"Crescendo","floor":13},{"not_picked":["Tantrum","EmptyFist"],"picked":"Conclude","floor":14},{"not_picked":["Brilliance","DeusExMachina"],"picked":"Devotion","floor":16},{"not_picked":["Meditate","Weave"],"picked":"Prostrate","floor":18},{"not_picked":["ForeignInfluence","MentalFortress"],"picked":"Meditate+1","floor":20},{"not_picked":["Worship","Sanctity"],"picked":"PathToVictory+1","floor":21},{"not_picked":["FlurryOfBlows","Weave"],"picked":"BowlingBash","floor":21},{"not_picked":["WaveOfTheHand","CrushJoints"],"picked":"CutThroughFate","floor":21},{"not_picked":["Evaluate+1","ForeignInfluence"],"picked":"Halt","floor":21},{"not_picked":["MasterReality","MentalFortress+1"],"picked":"FlyingSleeves","floor":21},{"not_picked":["Establishment","Collect","FlurryOfBlows"],"picked":"SKIP","floor":24},{"not_picked":["Deep Breath","Enlightenment"],"picked":"Dark Shackles","floor":27},{"not_picked":["Impatience","Madness"],"picked":"Panache","floor":27},{"not_picked":["CrushJoints","Heavy Blade"],"picked":"Pummel","floor":29},{"not_picked":["Cold Snap","Thunderclap"],"picked":"Conserve Battery","floor":30},{"not_picked":["Echo Form","Barrage+1"],"picked":"Terror+1","floor":31},{"not_picked":["Malaise","Rainbow"],"picked":"LessonLearned","floor":33},{"not_picked":["ForeignInfluence","Cleave+1"],"picked":"Rebound+1","floor":35},{"not_picked":["Indignation+1","Masterful Stab"],"picked":"Dash+1","floor":37},{"not_picked":["Rebound+1","Escape Plan","Flex+1"],"picked":"Singing Bowl","floor":38},{"not_picked":["Flying Knee","Havoc","True Grit"],"picked":"Singing Bowl","floor":41}],"player_experience":1004217,"relics_obtained":[{"floor":6,"key":"Tiny Chest"},{"floor":9,"key":"Blue Candle"},{"floor":10,"key":"Odd Mushroom"},{"floor":13,"key":"TeardropLocket"},{"floor":24,"key":"Lantern"},{"floor":26,"key":"Oddly Smooth Stone"},{"floor":31,"key":"Ice Cream"},{"floor":31,"key":"Singing Bowl"},{"floor":39,"key":"StrikeDummy"},{"floor":41,"key":"MawBank"},{"floor":43,"key":"Kunai"}],"event_choices":[{"damage_healed":0,"gold_gain":0,"player_choice":"Grow","damage_taken":0,"max_hp_gain":0,"max_hp_loss":0,"event_name":"Living Wall","floor":3,"gold_loss":0,"cards_upgraded":["Eruption"]},{"damage_healed":0,"gold_gain":0,"player_choice":"Fought Mushrooms","damage_taken":0,"max_hp_gain":0,"max_hp_loss":0,"event_name":"Mushrooms","floor":10,"gold_loss":0},{"damage_healed":0,"gold_gain":0,"player_choice":"Searched \u00271\u0027 times","damage_taken":0,"relics_obtained":["Du-Vu Doll"],"max_hp_gain":0,"max_hp_loss":0,"event_name":"Dead Adventurer","floor":11,"gold_loss":0},{"damage_healed":0,"gold_gain":0,"player_choice":"Ignored","damage_taken":0,"max_hp_gain":0,"max_hp_loss":0,"event_name":"Cursed Tome","floor":19,"gold_loss":0},{"damage_healed":0,"gold_gain":2,"player_choice":"1","damage_taken":0,"max_hp_gain":0,"max_hp_loss":0,"event_name":"betterStone:BetterStone","floor":27,"gold_loss":0},{"damage_healed":0,"gold_gain":0,"player_choice":"Fight","damage_taken":0,"max_hp_gain":0,"max_hp_loss":0,"event_name":"Colosseum","floor":31,"gold_loss":0},{"damage_healed":0,"gold_gain":0,"player_choice":"Fought Nobs","damage_taken":0,"max_hp_gain":0,"max_hp_loss":0,"event_name":"Colosseum","floor":31,"gold_loss":0},{"cards_removed":["EmptyBody"],"damage_healed":0,"gold_gain":0,"player_choice":"Removed Skill","damage_taken":0,"max_hp_gain":0,"max_hp_loss":0,"event_name":"Falling","floor":36,"gold_loss":0}],"is_beta":false,"boss_relics":[{"not_picked":["HolyWater","Runic Dome"],"picked":"VioletLotus"},{"not_picked":["Tiny House","Velvet Choker"],"picked":"Cursed Key"}],"items_purged_floors":[42],"is_endless":false,"potions_floor_spawned":[5,7,10,16,18,24,30,31,33,35],"killed_by":"Writhing Mass","ascension_level":0}}