{"host":"h3h5j8lwiwd519yy","time":1611874190,"event":{"mods":["2.2 Compatiblity","AchievementEnabler","BaseMod","Better Third Choice","Block Reminder","Colored Map","Colored Powertips","Curses Come First","Highlight Path","Minty Spire (QoL Compilation)","Quick Restart","Rare Cards Sparkle","Relic Stats","StSLib","Synergy Search"],"gold_per_floor":[119,136,136,151,151,151,176,176,257,272,306,306,325,350,350,350,350],"floor_reached":16,"language":"ENG","playtime":545,"items_purged":[],"score":186,"play_id":"3a81de56-c239-409e-9a2e-0edde9111429","local_time":"20210128204950","is_ascension_mode":true,"campfire_choices":[{"data":"Stack","floor":6,"key":"SMITH"},{"floor":8,"key":"REST"},{"floor":12,"key":"REST"},{"floor":15,"key":"REST"}],"circlet_count":0,"master_deck":["AscendersBane","Strike_B","Strike_B","Strike_B","Strike_B","Defend_B","Defend_B","Defend_B","Defend_B","Zap","Dualcast","Stack+1","Coolheaded+1","Genetic Algorithm","Steam","Streamline","Barrage","Turbo"],"relics":["Cracked Core","NeowsBlessing","Anchor","Darkstone Periapt","Kunai"],"acts_visited":["Exordium"],"potions_floor_usage":[7,7,14,14,16],"damage_taken":[{"damage":0,"enemies":"Small Slimes","floor":1,"turns":1},{"damage":0,"enemies":"Cultist","floor":2,"turns":1},{"damage":0,"enemies":"Jaw Worm","floor":4,"turns":1},{"damage":30,"enemies":"Gremlin Nob","floor":7,"turns":5},{"damage":11,"enemies":"3 Louse","floor":10,"turns":4},{"damage":33,"enemies":"3 Sentries","floor":11,"turns":9},{"damage":0,"enemies":"Looter","floor":13,"turns":4},{"damage":4,"enemies":"Lagavulin","floor":14,"turns":8},{"damage":61,"enemies":"Hexaghost","floor":16,"turns":16}],"seed_played":"-681884140343478579","potions_obtained":[{"floor":3,"key":"FocusPotion"},{"floor":3,"key":"AttackPotion"},{"floor":11,"key":"LiquidBronze"},{"floor":13,"key":"EssenceOfSteel"},{"floor":14,"key":"BlessingOfTheForge"}],"is_trial":false,"path_per_floor":["M","M","?","M","?","R","E","R","T","M","E","R","M","E","R","B"],"character_chosen":"DEFECT","items_purchased":[],"campfire_rested":3,"item_purchase_floors":[],"current_hp_per_floor":[68,68,68,68,68,68,38,60,60,49,16,38,38,34,56,0,0],"gold":350,"neow_bonus":"THREE_ENEMY_KILL","is_daily":false,"chose_seed":false,"campfire_upgraded":1,"win_rate":0.0,"timestamp":1611874190,"path_taken":["M","M","?","?","?","R","E","R","T","M","E","R","M","E","R","BOSS"],"items_purchased_type":[],"build_version":"2020-12-22","purchased_purges":0,"victory":false,"max_hp_per_floor":[75,75,75,75,75,75,75,75,75,75,75,75,75,75,75,75,75],"relic_stats":{"Darkstone Periapt":0,"counters":[9,49],"Kunai":[1],"obtain_stats":[{"Darkstone Periapt":11,"Anchor":7,"NeowsBlessing":0,"Kunai":14,"Cracked Core":0},{"Darkstone Periapt":6,"Anchor":4,"NeowsBlessing":0,"Kunai":8,"Cracked Core":0},{"Darkstone Periapt":21,"Anchor":8,"NeowsBlessing":0,"Kunai":33,"Cracked Core":0}]},"card_choices":[{"not_picked":["Sweeping Beam","Rebound"],"picked":"Stack","floor":1},{"not_picked":["Beam Cell","Hello World"],"picked":"Coolheaded","floor":2},{"not_picked":["Steam","Barrage"],"picked":"Genetic Algorithm","floor":4},{"not_picked":["Sunder","Heatsinks"],"picked":"Steam","floor":7},{"not_picked":["Compile Driver","Coolheaded"],"picked":"Streamline","floor":10},{"not_picked":["Reprogram","Sunder","Melter"],"picked":"SKIP","floor":11},{"not_picked":["Recycle","Cold Snap"],"picked":"Barrage","floor":13},{"not_picked":["Reinforced Body","Reprogram"],"picked":"Turbo","floor":14}],"player_experience":974140,"relics_obtained":[{"floor":7,"key":"Anchor"},{"floor":11,"key":"Darkstone Periapt"},{"floor":14,"key":"Kunai"}],"event_choices":[{"damage_healed":0,"gold_gain":0,"player_choice":"Got Potions","damage_taken":0,"max_hp_gain":0,"max_hp_loss":0,"event_name":"Lab","floor":3,"gold_loss":0},{"damage_healed":0,"gold_gain":0,"player_choice":"Grow","damage_taken":0,"max_hp_gain":0,"max_hp_loss":0,"event_name":"Living Wall","floor":5,"gold_loss":0,"cards_upgraded":["Coolheaded"]}],"is_beta":false,"boss_relics":[],"items_purged_floors":[],"is_endless":false,"potions_floor_spawned":[4,11,13,14],"killed_by":"Hexaghost","ascension_level":11}}