{"host":"b7j598ve05halrwk","time":1611811250,"event":{"mods":["2.2 Compatiblity","BaseMod","Block Reminder","DeckTracker","Minty Spire (QoL Compilation)","Relic Stats","Slay the Relics Exporter","StSLib","ojb\u0027s Better Paths Mod","ojb\u0027s Info Mod"],"gold_per_floor":[114,131,142,17,67,83,83,111,158,158,189,207,234,248,248,248,248],"floor_reached":16,"language":"ENG","playtime":1011,"items_purged":[],"score":244,"play_id":"d2745096-aa6c-4be5-b9d6-577eeada4b60","local_time":"20210128002050","is_ascension_mode":true,"campfire_choices":[{"data":"Doom and Gloom","floor":7.0,"key":"SMITH"},{"data":"Stack","floor":10.0,"key":"SMITH"},{"data":"Hologram","floor":15,"key":"SMITH"}],"circlet_count":0,"master_deck":["AscendersBane","Strike_B","Strike_B","Defend_B","Defend_B","Defend_B","Defend_B","Zap","Dualcast","Conserve Battery","Darkness","Scrape","Doom and Gloom+1","Scrape","FTL","FTL","Stack+1","Go for the Eyes","Self Repair","Lockon","Hologram+1"],"relics":["Cracked Core","Letter Opener","Dream Catcher","Smiling Mask","Tiny Chest"],"acts_visited":["Exordium"],"potions_floor_usage":[14,16],"damage_taken":[{"damage":0.0,"enemies":"Small Slimes","floor":1.0,"turns":4.0},{"damage":0.0,"enemies":"Cultist","floor":2.0,"turns":3.0},{"damage":0.0,"enemies":"2 Louse","floor":3.0,"turns":2.0},{"damage":3.0,"enemies":"2 Fungi Beasts","floor":6.0,"turns":3.0},{"damage":27.0,"enemies":"Lagavulin","floor":8.0,"turns":8.0},{"damage":7.0,"enemies":"Gremlin Nob","floor":11.0,"turns":3.0},{"damage":5.0,"enemies":"Red Slaver","floor":12.0,"turns":3.0},{"damage":15.0,"enemies":"Lagavulin","floor":13.0,"turns":6.0},{"damage":0,"enemies":"3 Louse","floor":14,"turns":3},{"damage":15,"enemies":"Hexaghost","floor":16,"turns":7}],"seed_played":"8440204570787606222","potions_obtained":[{"floor":1.0,"key":"AttackPotion"},{"floor":3.0,"key":"ColorlessPotion"},{"floor":6.0,"key":"Fire Potion"},{"floor":11.0,"key":"Ancient Potion"},{"floor":14,"key":"PotionOfCapacity"}],"is_trial":false,"path_per_floor":["M","M","M","$","?","M","R","E","T","R","E","M","E","M","R","B"],"character_chosen":"DEFECT","items_purchased":["Scrape","FTL"],"campfire_rested":0,"item_purchase_floors":[4,4],"current_hp_per_floor":[64,64,64,64,64,61,61,34,34,34,27,22,14,14,14,0,0],"gold":248,"neow_bonus":"TRANSFORM_TWO_CARDS","is_daily":false,"chose_seed":false,"campfire_upgraded":3,"win_rate":0.0,"timestamp":1611811250,"path_taken":["M","M","M","$","?","M","R","E","T","R","E","M","E","M","R","BOSS"],"items_purchased_type":["Card","Card"],"build_version":"2020-12-22","purchased_purges":0,"victory":false,"max_hp_per_floor":[64,64,64,64,64,64,64,64,64,64,64,64,64,64,64,64,64],"relic_stats":{"Dream Catcher":0,"counters":[10,42],"Tiny Chest":0,"Letter Opener":[10],"Smiling Mask":0,"obtain_stats":[{"Dream Catcher":9,"Tiny Chest":13,"Letter Opener":8,"Cracked Core":0,"Smiling Mask":11},{"Dream Catcher":5,"Tiny Chest":8,"Letter Opener":5,"Cracked Core":0,"Smiling Mask":6},{"Dream Catcher":20,"Tiny Chest":32,"Letter Opener":20,"Cracked Core":0,"Smiling Mask":23}]},"card_choices":[{"not_picked":["Steam Power","Darkness"],"picked":"Scrape","floor":1.0},{"not_picked":["Sweeping Beam","Coolheaded"],"picked":"Doom and Gloom","floor":2.0},{"not_picked":["Fusion","Force Field","Blizzard"],"picked":"SKIP","floor":3.0},{"not_picked":["Coolheaded","Lockon"],"picked":"FTL","floor":6.0},{"not_picked":["Chaos","Aggregate"],"picked":"Stack","floor":8.0},{"not_picked":["Doom and Gloom","FTL"],"picked":"Go for the Eyes","floor":11.0},{"not_picked":["Force Field","Fusion"],"picked":"Self Repair","floor":12.0},{"not_picked":["Compile Driver","Force Field"],"picked":"Lockon","floor":13.0},{"not_picked":["Gash","Barrage"],"picked":"Hologram","floor":14}],"player_experience":1056037,"relics_obtained":[{"floor":8.0,"key":"Letter Opener"},{"floor":9.0,"key":"Dream Catcher"},{"floor":11.0,"key":"Smiling Mask"},{"floor":13.0,"key":"Tiny Chest"}],"event_choices":[{"damage_healed":0.0,"max_hp_gain":0.0,"max_hp_loss":0.0,"gold_gain":50.0,"event_name":"Golden Shrine","player_choice":"Pray","floor":5.0,"gold_loss":0.0,"damage_taken":0.0}],"is_beta":false,"boss_relics":[],"items_purged_floors":[],"is_endless":false,"potions_floor_spawned":[1,3,6,11,14],"killed_by":"Hexaghost","ascension_level":20}}