{"host":"ayh4nqhr0ddw4ozv","time":1611813190,"event":{"mods":["BaseMod","Minty Spire (QoL Compilation)","Relic Stats","Replay The Spire","Robot Space Explorer","StSLib"],"gold_per_floor":[210,210,228,241,39,72,72,169,169,169,182,182,182,201,201,278,278,296,296,296,308,326,326,360,360,413,445,455,7,107,134,134,207,507,531,543,92,147,147,183,183,213,240,240,90,90,90,90,90,90,90,90,90,123,123],"floor_reached":56,"language":"ENG","playtime":4136,"items_purged":["Strike_R","Strike_R","Parasite","Strike_R"],"score":1994,"play_id":"c7096ccd-027e-41ef-898e-d33be6b31748","local_time":"20210127215310","is_ascension_mode":true,"campfire_choices":[{"data":"Uppercut","floor":7.0,"key":"SMITH"},{"data":"Armaments","floor":10.0,"key":"SMITH"},{"data":"Demon Form","floor":12.0,"key":"SMITH"},{"floor":15.0,"key":"REST"},{"data":"Feed","floor":23.0,"key":"SMITH"},{"data":"Dark Embrace","floor":25.0,"key":"SMITH"},{"data":"True Grit","floor":32.0,"key":"SMITH"},{"data":"Feel No Pain","floor":41.0,"key":"SMITH"},{"floor":47.0,"key":"RECALL"},{"floor":49.0,"key":"DIG"},{"data":"Brutality","floor":52.0,"key":"SMITH"}],"circlet_count":0,"master_deck":["AscendersBane","Strike_R+1","Defend_R","Defend_R","Defend_R","Defend_R","Bash","Twin Strike+1","Dramatic Entrance","Brutality+1","Defy Death","Uppercut+1","Dark Embrace+1","Armaments+1","Demon Form+1","Replay:Undeath\u0027s Touch","ReplayTheSpireMod:Corrosion Curse+1","Ghostly Armor","Demonic Infusion","Feed+1","True Grit+1","Ghostly","Ghostly","Ghostly","Ghostly","Ghostly","Pummel","Battle Trance","Impervious","Blood for Blood","Dark Embrace+1","Brutality","CurseOfTheBell","Replay:Undeath\u0027s Touch+1","Feel No Pain+1","Abandon+1","Barricade"],"relics":["Burning Blood","ReplayTheSpireMod:Shallot","Akabeko","Coffee Dripper","Pondfish Scales","Replay:WaspNest","Toy Ornithopter","Replay:Mystery Machine","Nunchaku","Happy Flower","Vajra","Calling Bell","CeramicFish","Old Coin","Replay:Bottled Snecko","Kunai","WingedGreaves","Replay:Accelerometer","Du-Vu Doll","Quantum Egg","Whetstone"],"acts_visited":["Exordium","TheCity","TheBeyond","TheEnding"],"potions_floor_usage":[55,55],"damage_taken":[{"damage":4.0,"enemies":"Small Slimes","floor":1.0,"turns":4.0},{"damage":7.0,"enemies":"Cultist","floor":3.0,"turns":3.0},{"damage":7.0,"enemies":"Jaw Worm","floor":4.0,"turns":3.0},{"damage":24.0,"enemies":"Gremlin Nob","floor":6.0,"turns":4.0},{"damage":2.0,"enemies":"Looter","floor":11.0,"turns":3.0},{"damage":2.0,"enemies":"Exordium Thugs","floor":14.0,"turns":3.0},{"damage":38.0,"enemies":"Slime Boss","floor":16.0,"turns":10.0},{"damage":14.0,"enemies":"Shell Parasite","floor":18.0,"turns":6.0},{"damage":8.0,"enemies":"3 Byrds","floor":21.0,"turns":9.0},{"damage":7.0,"enemies":"Snecko","floor":22.0,"turns":8.0},{"damage":3.0,"enemies":"Slavers","floor":24.0,"turns":7.0},{"damage":8.0,"enemies":"Book of Stabbing","floor":27.0,"turns":5.0},{"damage":7.0,"enemies":"Shelled Parasite and Fungi","floor":28.0,"turns":5.0},{"damage":15.0,"enemies":"Replay:Snechameleon","floor":31.0,"turns":8.0},{"damage":36.0,"enemies":"Champ","floor":33.0,"turns":11.0},{"damage":2.0,"enemies":"3 Darklings","floor":35.0,"turns":7.0},{"damage":1.0,"enemies":"3 Shapes","floor":36.0,"turns":4.0},{"damage":11.0,"enemies":"2 Orb Walkers","floor":38.0,"turns":8.0},{"damage":2.0,"enemies":"Reptomancer","floor":40.0,"turns":5.0},{"damage":44.0,"enemies":"Nemesis","floor":42.0,"turns":9.0},{"damage":31.0,"enemies":"Time Eater","floor":50.0,"turns":9.0},{"damage":6,"enemies":"Shield and Spear","floor":54,"turns":6},{"damage":62,"enemies":"The Heart","floor":55,"turns":8}],"seed_played":"-8385551954914022160","potions_obtained":[{"floor":3.0,"key":"Explosive Potion"},{"floor":18.0,"key":"ColorlessPotion"},{"floor":21.0,"key":"DuplicationPotion"},{"floor":27.0,"key":"Energy Potion"},{"floor":31.0,"key":"Block Potion"},{"floor":35.0,"key":"BlessingOfTheForge"},{"floor":38.0,"key":"Strength Potion"},{"floor":42.0,"key":"EssenceOfSteel"}],"is_trial":false,"path_per_floor":["M","?","M","M","$","E","R","?","T","R","M","R","?","M","R","B",null,"M","?","?","M","M","R","E","R","T","E","M","$","?","E","R","B",null,"M","M","$","?","?","E","R","E","T","?","$","?","R","?","R","B",null,"R","$","E","B",null],"character_chosen":"IRONCLAD","items_purchased":["AttackPotion","Dark Embrace","Dark Embrace+1","Nunchaku","Happy Flower","Feel No Pain","Kunai"],"campfire_rested":1,"item_purchase_floors":[5,5,29,29,29,37,37],"current_hp_per_floor":[70,70,69,68,68,50,50,20,20,20,24,24,24,28,50,18,61,56,56,39,40,42,42,49,49,49,47,50,50,50,46,46,25,49,57,65,62,61,61,69,69,35,35,35,35,35,35,61,61,40,59,59,59,63,18],"gold":123,"neow_bonus":"HUNDRED_GOLD","is_daily":false,"chose_seed":false,"campfire_upgraded":8,"win_rate":0.0,"timestamp":1611813190,"path_taken":["M","?","?","M","$","E","R","?","T","R","M","R","?","M","R","BOSS","M","?","?","M","M","R","E","R","T","E","M","$","?","E","R","BOSS","M","?","$","?","?","E","R","E","T","?","$","?","R","?","R","BOSS","R","$","E","BOSS"],"items_purchased_type":["Potion","Card","Card","Relic","Relic","Card","Relic"],"build_version":"2020-12-22","purchased_purges":4,"victory":true,"max_hp_per_floor":[75,75,75,75,75,75,75,75,75,75,75,75,75,75,75,75,75,78,78,39,42,45,45,49,49,49,49,53,53,53,53,53,57,57,61,65,62,66,66,70,70,74,74,74,74,70,70,61,61,65,65,65,65,69,73],"relic_stats":{"Nunchaku":[9],"Happy Flower":[25],"counters":[23,145],"CeramicFish":36,"Kunai":[6],"Whetstone":["Strike_R","Twin Strike"],"obtain_stats":[{"Replay:Accelerometer":40,"Happy Flower":29,"CeramicFish":34,"Quantum Egg":49,"Vajra":31,"Replay:WaspNest":24,"Whetstone":54,"Replay:Mystery Machine":27,"Burning Blood":0,"Akabeko":9,"Old Coin":34,"Calling Bell":34,"Du-Vu Doll":42,"Pondfish Scales":19,"Nunchaku":29,"ReplayTheSpireMod:Shallot":6,"WingedGreaves":38,"Coffee Dripper":17,"Replay:Bottled Snecko":34,"Kunai":37,"Toy Ornithopter":26},{"Replay:Accelerometer":19,"Happy Flower":13,"CeramicFish":15,"Quantum Egg":20,"Vajra":14,"Replay:WaspNest":11,"Whetstone":22,"Replay:Mystery Machine":12,"Burning Blood":0,"Akabeko":4,"Old Coin":15,"Calling Bell":15,"Du-Vu Doll":20,"Pondfish Scales":8,"Nunchaku":13,"ReplayTheSpireMod:Shallot":4,"WingedGreaves":18,"Coffee Dripper":7,"Replay:Bottled Snecko":15,"Kunai":17,"Toy Ornithopter":11},{"Replay:Accelerometer":113,"Happy Flower":70,"CeramicFish":89,"Quantum Egg":122,"Vajra":78,"Replay:WaspNest":60,"Whetstone":137,"Replay:Mystery Machine":65,"Burning Blood":0,"Akabeko":14,"Old Coin":89,"Calling Bell":89,"Du-Vu Doll":122,"Pondfish Scales":36,"Nunchaku":70,"ReplayTheSpireMod:Shallot":14,"WingedGreaves":108,"Coffee Dripper":30,"Replay:Bottled Snecko":89,"Kunai":100,"Toy Ornithopter":60}],"Burning Blood":137,"Toy Ornithopter":17},"card_choices":[{"not_picked":["ReplayTheSpireMod:Strike From Hell","Second Wind"],"picked":"Twin Strike","floor":1.0},{"not_picked":["Twin Strike","Armaments"],"picked":"Defy Death","floor":3.0},{"not_picked":["Pommel Strike","ReplayTheSpireMod:Muscle Training"],"picked":"Uppercut","floor":4.0},{"not_picked":["ReplayReversal","Pommel Strike"],"picked":"Armaments","floor":6.0},{"not_picked":["Infernal Blade","Shockwave"],"picked":"Demon Form","floor":8.0},{"not_picked":["Pommel Strike","Evolve"],"picked":"Replay:Undeath\u0027s Touch","floor":8.0},{"not_picked":["Armaments","Heavy Blade"],"picked":"ReplayTheSpireMod:Corrosion Curse","floor":8.0},{"not_picked":["Replay:Undeath\u0027s Touch","Sword Boomerang"],"picked":"Ghostly Armor","floor":11.0},{"not_picked":["Headbutt","Searing Blow"],"picked":"Demonic Infusion","floor":14.0},{"not_picked":["Impervious","Juggernaut"],"picked":"Feed","floor":16.0},{"not_picked":["Battle Trance","Perfected Strike"],"picked":"True Grit","floor":18.0},{"not_picked":["Sword Boomerang","Blood for Blood"],"picked":"Pummel","floor":21.0},{"not_picked":["Flex","Havoc"],"picked":"Battle Trance","floor":22.0},{"not_picked":["Reckless Charge","Perfected Strike"],"picked":"Impervious","floor":24.0},{"not_picked":["Wild Strike","ReplayTheSpireMod:Strike From Hell","Spot Weakness"],"picked":"SKIP","floor":27.0},{"not_picked":["Wild Strike","Ghostly Armor"],"picked":"Blood for Blood","floor":28.0},{"not_picked":["Cleave","ReplayTheSpireMod:Strike From Hell","Immolate"],"picked":"SKIP","floor":31.0},{"not_picked":["Berserk","Bludgeon"],"picked":"Brutality","floor":33.0},{"not_picked":["Dropkick","Spot Weakness","Replay:Undeath\u0027s Touch+1"],"picked":"SKIP","floor":35.0},{"not_picked":["Dropkick","Spot Weakness"],"picked":"Replay:Undeath\u0027s Touch+1","floor":35.0},{"not_picked":["Whirlwind","Run Through","Pommel Strike"],"picked":"SKIP","floor":36.0},{"not_picked":["Heavy Blade","Fire Breathing"],"picked":"Abandon+1","floor":38.0},{"not_picked":["Perfected Strike+1","Havoc"],"picked":"Barricade","floor":40.0},{"not_picked":["True Grit","Combust","ReplayTheSpireMod:Strike From Hell"],"picked":"SKIP","floor":42.0},{"not_picked":["Thunderclap","Uppercut","Rupture"],"picked":"SKIP","floor":54}],"player_experience":387982,"relics_obtained":[{"floor":6.0,"key":"ReplayTheSpireMod:Shallot"},{"floor":9.0,"key":"Akabeko"},{"floor":24.0,"key":"Replay:WaspNest"},{"floor":26.0,"key":"Toy Ornithopter"},{"floor":27.0,"key":"Replay:Mystery Machine"},{"floor":31.0,"key":"Vajra"},{"floor":34.0,"key":"CeramicFish"},{"floor":34.0,"key":"Old Coin"},{"floor":34.0,"key":"Replay:Bottled Snecko"},{"floor":38.0,"key":"WingedGreaves"},{"floor":40.0,"key":"Replay:Accelerometer"},{"floor":42.0,"key":"Du-Vu Doll"},{"floor":49.0,"key":"Quantum Egg"},{"floor":54,"key":"Whetstone"}],"event_choices":[{"damage_healed":0.0,"max_hp_gain":0.0,"max_hp_loss":0.0,"gold_gain":0.0,"event_name":"Match and Keep!","player_choice":"2 cards matched","floor":2.0,"gold_loss":0.0,"damage_taken":0.0,"cards_obtained":["Dramatic Entrance","Brutality"]},{"damage_healed":0.0,"max_hp_gain":0.0,"max_hp_loss":0.0,"gold_gain":0.0,"event_name":"Living Wall","player_choice":"Grow","floor":13.0,"gold_loss":0.0,"damage_taken":0.0,"cards_upgraded":["ReplayTheSpireMod:Corrosion Curse"]},{"damage_healed":0.0,"max_hp_gain":0.0,"max_hp_loss":39.0,"gold_gain":0.0,"event_name":"Ghosts","player_choice":"Became a Ghost","floor":20.0,"gold_loss":0.0,"damage_taken":0.0,"cards_obtained":["Ghostly","Ghostly","Ghostly","Ghostly","Ghostly"]},{"damage_healed":0.0,"max_hp_gain":0.0,"max_hp_loss":0.0,"gold_gain":100.0,"event_name":"Golden Shrine","player_choice":"Pray","floor":30.0,"gold_loss":0.0,"damage_taken":0.0},{"damage_healed":0.0,"max_hp_gain":0.0,"max_hp_loss":0.0,"gold_gain":0.0,"event_name":"Mysterious Sphere","player_choice":"Fight","floor":38.0,"gold_loss":0.0,"damage_taken":0.0},{"cards_removed":["Strike_R"],"damage_healed":0.0,"max_hp_gain":0.0,"max_hp_loss":0.0,"gold_gain":0.0,"event_name":"Falling","player_choice":"Removed Attack","floor":39.0,"gold_loss":0.0,"damage_taken":0.0},{"damage_healed":0.0,"max_hp_gain":0.0,"max_hp_loss":0.0,"gold_gain":0.0,"event_name":"SensoryStone","player_choice":"Memory 1","floor":44.0,"gold_loss":0.0,"damage_taken":0.0},{"damage_healed":0.0,"max_hp_gain":0.0,"max_hp_loss":4.0,"gold_gain":0.0,"event_name":"Winding Halls","player_choice":"Max HP","floor":46.0,"gold_loss":0.0,"damage_taken":0.0},{"damage_healed":61.0,"max_hp_gain":0.0,"max_hp_loss":9.0,"gold_gain":0.0,"event_name":"The Moai Head","player_choice":"Heal","floor":48.0,"gold_loss":0.0,"damage_taken":0.0}],"is_beta":false,"boss_relics":[{"not_picked":["Replay:Grab Bag","Cursed Key"],"picked":"Coffee Dripper"},{"not_picked":["Replay:Wanted Poster","Replay:Drink Me"],"picked":"Calling Bell"}],"items_purged_floors":[5,29,37,45],"is_endless":false,"potions_floor_spawned":[3,11,18,21,27,31,35,38,42],"ascension_level":14}}