{"host":"msmkw03x1o7nq45i","time":1611850154,"event":{"mods":["AchievementEnabler","BaseMod","Bestiary","Colored Powertips","GifTheSpireLib","Highlight Path","Minty Spire (QoL Compilation)","Random Character Button","StSLib","everything is the same but u backflip on backflip"],"gold_per_floor":[16,29,46,46,46,46,61,61,61],"floor_reached":8,"language":"ENG","playtime":497,"items_purged":[],"score":82,"play_id":"58523990-a21a-4520-8d74-ebcd8693e06b","local_time":"20210128180914","is_ascension_mode":true,"campfire_choices":[{"data":"Melter","floor":6,"key":"SMITH"}],"circlet_count":0,"master_deck":["AscendersBane","Strike_B","Strike_B","Strike_B+1","Strike_B","Defend_B","Defend_B+1","Defend_B","Defend_B","Zap","Dualcast","Multi-Cast","Compile Driver","Melter+1","Glacier","Rebound"],"relics":["Cracked Core","DataDisk"],"acts_visited":["Exordium"],"potions_floor_usage":[7],"damage_taken":[{"damage":4,"enemies":"2 Louse","floor":1,"turns":3},{"damage":12,"enemies":"Jaw Worm","floor":2,"turns":3},{"damage":8,"enemies":"Small Slimes","floor":3,"turns":3},{"damage":16,"enemies":"Gremlin Gang","floor":7,"turns":4},{"damage":11,"enemies":"Lagavulin","floor":8,"turns":4}],"seed_played":"-7631642516243370431","potions_obtained":[{"floor":3,"key":"Swift Potion"}],"is_trial":false,"path_per_floor":["M","M","M","?","?","R","M","E"],"character_chosen":"DEFECT","items_purchased":[],"campfire_rested":0,"item_purchase_floors":[],"current_hp_per_floor":[60,48,40,37,23,23,7,0,0],"gold":61,"neow_bonus":"THREE_RARE_CARDS","is_daily":false,"chose_seed":false,"campfire_upgraded":1,"win_rate":0.0,"timestamp":1611850154,"path_taken":["M","M","M","?","?","R","M","E"],"items_purchased_type":[],"build_version":"2020-12-22","purchased_purges":0,"victory":false,"max_hp_per_floor":[71,71,71,71,71,71,71,71,71],"card_choices":[{"not_picked":["Buffer","Amplify"],"picked":"Multi-Cast","floor":0},{"not_picked":["Reprogram","Conserve Battery"],"picked":"Compile Driver","floor":1},{"not_picked":["Turbo","Redo"],"picked":"Melter","floor":2},{"not_picked":["Barrage","Beam Cell"],"picked":"Glacier","floor":3},{"not_picked":["Fusion","Darkness"],"picked":"Rebound","floor":7}],"player_experience":423889,"relics_obtained":[],"event_choices":[{"damage_healed":0,"gold_gain":0,"player_choice":"Success","damage_taken":3,"relics_obtained":["DataDisk"],"max_hp_gain":0,"max_hp_loss":0,"event_name":"Scrap Ooze","floor":4,"gold_loss":0},{"damage_healed":0,"gold_gain":0,"player_choice":"Entered Light","damage_taken":14,"max_hp_gain":0,"max_hp_loss":0,"event_name":"Shining Light","floor":5,"gold_loss":0,"cards_upgraded":["Defend_B","Strike_B"]}],"is_beta":false,"boss_relics":[],"items_purged_floors":[],"is_endless":false,"potions_floor_spawned":[3],"killed_by":"Lagavulin","ascension_level":14}}