{"host":"0iuhrgzkozzv273x","time":1611803708,"event":{"mods":["2.2 Compatiblity","BaseMod","Colored Map","Curses Come First","Downfall","Minty Spire (QoL Compilation)","Spire Arcade","StSLib","The Construct","Unceasing Turn Reminder"],"gold_per_floor":[116,19,33,45,45,71,71,71,71,102,120,133,103,103,103,103,103],"floor_reached":16,"language":"ENG","playtime":787,"items_purged":["Pain"],"score":127,"play_id":"dc5bd7b0-3bce-4710-994c-3d5a3809dac1","local_time":"20210127221508","is_ascension_mode":true,"campfire_choices":[{"floor":7.0,"key":"REST"},{"floor":15.0,"key":"REST"}],"circlet_count":0,"master_deck":["construct:Strike_Gold","construct:Strike_Gold+1","construct:Strike_Gold+1","construct:Strike_Gold","construct:Strike_Gold+1","construct:Defend_Gold","construct:Defend_Gold","construct:Defend_Gold","construct:Defend_Gold","construct:Defend_Gold+1","construct:AttackMode","construct:DefenseMode","construct:SuppressiveFire","construct:Enhance","construct:ReactiveShield"],"relics":["construct:ClockworkPhoenix","construct:RocketBooster","Singing Bowl","Akabeko","InkBottle","Girya"],"acts_visited":["Exordium"],"potions_floor_usage":[16],"damage_taken":[{"damage":11.0,"enemies":"Cultist","floor":1.0,"turns":4.0},{"damage":2.0,"enemies":"Jaw Worm","floor":3.0,"turns":4.0},{"damage":0.0,"enemies":"2 Louse","floor":4.0,"turns":3.0},{"damage":59.0,"enemies":"Lagavulin","floor":6.0,"turns":9.0},{"damage":32.0,"enemies":"Gremlin Nob","floor":10.0,"turns":4.0},{"damage":0.0,"enemies":"Blue Slaver","floor":11.0,"turns":6.0},{"damage":4.0,"enemies":"2 Fungi Beasts","floor":12.0,"turns":3.0},{"damage":0.0,"enemies":"Looter","floor":13.0,"turns":4.0},{"damage":35,"enemies":"The Guardian","floor":16,"turns":6}],"seed_played":"-4616767648927895766","potions_obtained":[{"floor":4.0,"key":"Regen Potion"},{"floor":11.0,"key":"Weak Potion"},{"floor":12.0,"key":"Swift Potion"}],"is_trial":false,"path_per_floor":["M","$","M","M","$","E","R","?","T","E","M","M","M","?","R","B"],"character_chosen":"THE_CONSTRUCT_MOD","items_purchased":["construct:ScrapCannon"],"campfire_rested":2,"item_purchase_floors":[2],"current_hp_per_floor":[74,74,72,72,72,15,41,41,41,23,23,21,23,4,31,0,0],"gold":103,"neow_bonus":"ONE_RARE_RELIC","is_daily":false,"chose_seed":false,"campfire_upgraded":0,"win_rate":0.0,"timestamp":1611803708,"path_taken":["M","$","M","?","?","E","R","?","T","E","M","M","?","?","R","BOSS"],"items_purchased_type":["Card"],"build_version":"2020-12-22","purchased_purges":1,"victory":false,"max_hp_per_floor":[85,85,85,85,85,87,87,87,87,89,89,91,93,93,93,93,93],"card_choices":[{"not_picked":["construct:ClusterMines","construct:CreateCores"],"picked":"construct:SuppressiveFire","floor":1.0},{"not_picked":["construct:Autoturret","construct:PhosphorStorm","construct:HeavyBolt"],"picked":"SKIP","floor":3.0},{"not_picked":["construct:Boost","construct:FlashFreeze"],"picked":"construct:Enhance","floor":4.0},{"not_picked":["construct:HammerDown","construct:CreateCores","construct:Bunker"],"picked":"Singing Bowl","floor":6.0},{"not_picked":["construct:FlammableFog","construct:ShiftGuard","construct:ClusterMines"],"picked":"Singing Bowl","floor":10.0},{"not_picked":["construct:Implosion","construct:SyphonStrike"],"picked":"construct:ReactiveShield","floor":11.0},{"not_picked":["construct:MoltenSmash","construct:FocusedBeam","construct:OilSpill"],"picked":"Singing Bowl","floor":12.0},{"not_picked":["construct:ClusterMines","construct:Agitation","construct:SyphonStrike"],"picked":"Singing Bowl","floor":13.0}],"player_experience":812782,"relics_obtained":[{"floor":6.0,"key":"Singing Bowl"},{"floor":9.0,"key":"InkBottle"},{"floor":10.0,"key":"Girya"}],"event_choices":[{"cards_removed":["construct:ScrapCannon"],"damage_healed":0.0,"max_hp_gain":0.0,"max_hp_loss":0.0,"gold_gain":0.0,"event_name":"WeMeetAgain","player_choice":"Gave Card","floor":8.0,"gold_loss":0.0,"damage_taken":0.0,"relics_obtained":["Akabeko"]},{"damage_healed":0.0,"max_hp_gain":0.0,"max_hp_loss":0.0,"gold_gain":0.0,"event_name":"Shining Light","player_choice":"Entered Light","floor":14.0,"gold_loss":0.0,"damage_taken":19.0,"cards_upgraded":["construct:Strike_Gold","construct:Strike_Gold"]}],"is_beta":false,"boss_relics":[],"items_purged_floors":[2],"is_endless":false,"potions_floor_spawned":[4,11,12],"killed_by":"The Guardian","ascension_level":3}}