{"host":"sc0o2qwpf9j16a4i","time":1611835016,"event":{"mods":["AchievementEnabler","BaseMod","BetterRewards","Block Reminder","Colored Map","Colored Powertips","Custom Start","Highlight Path","Minty Spire (QoL Compilation)","Relic Stats"],"gold_per_floor":[153,153,204,204,37,37,79,112,135,177,219,219,303,387,387,681,681,714,774,774,774],"floor_reached":20,"language":"ENG","playtime":568,"items_purged":["Steam"],"score":251,"play_id":"382db5e8-1961-4366-8831-0f54cd99ffb8","local_time":"20210128135656","daily_mods":["Specialized","Uncertain Future","Midas"],"is_ascension_mode":false,"campfire_choices":[{"floor":6,"key":"REST"},{"floor":12,"key":"REST"},{"floor":15,"key":"REST"}],"circlet_count":0,"master_deck":["Strike_B+1","Strike_B","Strike_B","Strike_B","Defend_B","Defend_B","Defend_B","Defend_B","Zap","Dualcast","Steam","Steam","Steam","Steam+1","Cold Snap","Rebound","Defragment","Ball Lightning","Undo","Glacier","Sweeping Beam","Self Repair","Seek","Loop","Reboot","BootSequence+1","Recycle"],"relics":["Cracked Core","PreservedInsect","Akabeko","Odd Mushroom","The Courier","Cursed Key"],"acts_visited":["Exordium","TheCity"],"potions_floor_usage":[14,16,18,20,20],"damage_taken":[{"damage":2,"enemies":"2 Louse","floor":1,"turns":3},{"damage":2,"enemies":"Small Slimes","floor":3,"turns":4},{"damage":0,"enemies":"Jaw Worm","floor":7,"turns":3},{"damage":0,"enemies":"Looter","floor":8,"turns":3},{"damage":0,"enemies":"2 Fungi Beasts","floor":10,"turns":2},{"damage":0,"enemies":"3 Louse","floor":11,"turns":1},{"damage":11,"enemies":"The Mushroom Lair","floor":13,"turns":3},{"damage":1,"enemies":"Lagavulin","floor":14,"turns":6},{"damage":0,"enemies":"The Guardian","floor":16,"turns":14},{"damage":0,"enemies":"3 Byrds","floor":18,"turns":2},{"damage":0,"enemies":"Shell Parasite","floor":19,"turns":7},{"damage":0,"enemies":"3 Cultists","floor":20,"turns":4}],"seed_played":"-3306201174827831035","potions_obtained":[{"floor":1,"key":"PotionOfCapacity"},{"floor":7,"key":"Block Potion"},{"floor":8,"key":"CultistPotion"},{"floor":14,"key":"SpeedPotion"},{"floor":16,"key":"Explosive Potion"},{"floor":19,"key":"Fire Potion"}],"is_trial":true,"path_per_floor":["M","?","M","?","$","R","M","M","T","M","M","R","?","E","R","B",null,"M","M","M"],"character_chosen":"DEFECT","items_purchased":["Defragment","Ball Lightning"],"campfire_rested":3,"item_purchase_floors":[5,5],"current_hp_per_floor":[73,58,56,38,38,60,60,60,60,60,60,75,71,75,75,75,75,75,75,75,75],"gold":774,"neow_bonus":"","is_daily":false,"chose_seed":false,"campfire_upgraded":0,"win_rate":0.0,"timestamp":1611835016,"path_taken":["M","?","M","?","$","R","M","M","T","M","M","R","?","E","R","BOSS","M","M","M"],"items_purchased_type":["Card","Card"],"build_version":"2020-12-22","purchased_purges":1,"victory":false,"max_hp_per_floor":[75,75,75,75,75,75,75,75,75,75,75,75,75,75,75,75,75,75,75,75,75],"relic_stats":{"counters":[12,52],"PreservedInsect":28,"Cursed Key":0,"obtain_stats":[{"PreservedInsect":4,"The Courier":14,"Odd Mushroom":13,"Cracked Core":0,"Cursed Key":17,"Akabeko":9},{"PreservedInsect":2,"The Courier":8,"Odd Mushroom":7,"Cracked Core":0,"Cursed Key":9,"Akabeko":4},{"PreservedInsect":7,"The Courier":25,"Odd Mushroom":19,"Cracked Core":0,"Cursed Key":39,"Akabeko":13}]},"card_choices":[{"not_picked":["Storm","Sunder"],"picked":"Cold Snap","floor":1},{"not_picked":["Loop","Coolheaded"],"picked":"Rebound","floor":3},{"not_picked":["Coolheaded","Conserve Battery"],"picked":"Undo","floor":7},{"not_picked":["Gash","Stack"],"picked":"Glacier","floor":8},{"not_picked":["Storm","Gash"],"picked":"Sweeping Beam","floor":10},{"not_picked":["Ball Lightning","Streamline"],"picked":"Self Repair","floor":11},{"not_picked":["Blizzard","Recycle"],"picked":"Seek","floor":13},{"not_picked":["Streamline","Chaos"],"picked":"Loop","floor":14},{"not_picked":["Machine Learning","All For One"],"picked":"Reboot","floor":16},{"not_picked":["Heatsinks","Streamline"],"picked":"BootSequence+1","floor":18},{"not_picked":["Redo","Rip and Tear+1"],"picked":"Recycle","floor":19}],"player_experience":1015027,"relics_obtained":[{"floor":9,"key":"Akabeko"},{"floor":13,"key":"Odd Mushroom"},{"floor":14,"key":"The Courier"}],"event_choices":[{"damage_healed":0,"gold_gain":0,"player_choice":"Entered Light","damage_taken":15,"max_hp_gain":0,"max_hp_loss":0,"event_name":"Shining Light","floor":2,"gold_loss":0,"cards_upgraded":["Steam","Strike_B"]},{"damage_healed":0,"gold_gain":0,"player_choice":"Success","damage_taken":18,"relics_obtained":["PreservedInsect"],"max_hp_gain":0,"max_hp_loss":0,"event_name":"Scrap Ooze","floor":4,"gold_loss":0},{"damage_healed":0,"gold_gain":0,"player_choice":"Fought Mushrooms","damage_taken":0,"max_hp_gain":0,"max_hp_loss":0,"event_name":"Mushrooms","floor":13,"gold_loss":0}],"is_beta":false,"boss_relics":[{"not_picked":["Coffee Dripper","Runic Dome"],"picked":"Cursed Key"}],"items_purged_floors":[5],"is_endless":false,"potions_floor_spawned":[1,7,8,14,16,19],"killed_by":"3 Cultists","ascension_level":0}}