{"host":"o7j6aatxjwpw1421","time":1611852970,"event":{"mods":["2.2 Compatiblity","AchievementEnabler","BaseMod","Colored Map","DeckTracker","Highlight Path","Keyboard Shortcuts","Minty Spire (QoL Compilation)","Permanent Neow","Quick Restart","StSLib","SuperFastMode","everything is the same but u backflip on backflip"],"gold_per_floor":[118,133,133,133,148,175,175,185,233,233,251,263,296,264,264,361,361,381,409,428,179,179,213,60,60,87,107,124,124,150,163,163,266,266,284,22,22,36,53,53,66,66,144,164,181,231,285,302,302,302],"floor_reached":51,"language":"KOR","playtime":3798,"items_purged":["Multi-Cast"],"score":806,"play_id":"43a41828-a3ef-47be-873d-37cf8c01ee22","local_time":"20210129015610","is_ascension_mode":true,"campfire_choices":[{"data":"Defragment","floor":7.0,"key":"SMITH"},{"floor":10.0,"key":"REST"},{"floor":15.0,"key":"REST"},{"data":"Dualcast","floor":25.0,"key":"SMITH"},{"floor":29.0,"key":"REST"},{"data":"Creative AI","floor":32.0,"key":"SMITH"},{"data":"Loop","floor":40.0,"key":"SMITH"},{"data":"Defragment","floor":42.0,"key":"SMITH"},{"floor":49.0,"key":"REST"}],"circlet_count":0,"master_deck":["Zap","Dualcast+1","Go for the Eyes","Coolheaded","Defragment+1","Redo","Conserve Battery","Cold Snap","Loop+1","Darkness","Electrodynamics","Defragment+1","Leap","All For One","Gash","Force Field","Go for the Eyes","Ball Lightning+1","Double Energy+1","Capacitor","Reboot","Compile Driver","Skim+1","Creative AI+1","Biased Cognition","Turbo+1","Madness","Madness","Consume+1","Clumsy","Undo+1","Auto Shields+1","Seek","Glacier","White Noise+1"],"relics":["Cracked Core","NeowsBlessing","Question Card","Bag of Preparation","MealTicket","Pandora\u0027s Box","Red Mask","Regal Pillow","Art of War","Akabeko","Prayer Wheel","Cursed Key","Eternal Feather","Mercury Hourglass","Thread and Needle","Incense Burner"],"acts_visited":["Exordium","TheCity","TheBeyond"],"potions_floor_usage":[],"damage_taken":[{"damage":0.0,"enemies":"Cultist","floor":1.0,"turns":1.0},{"damage":0.0,"enemies":"Jaw Worm","floor":2.0,"turns":1.0},{"damage":0.0,"enemies":"2 Louse","floor":5.0,"turns":1.0},{"damage":29.0,"enemies":"3 Sentries","floor":6.0,"turns":9.0},{"damage":47.0,"enemies":"Gremlin Gang","floor":8.0,"turns":6.0},{"damage":7.0,"enemies":"3 Louse","floor":11.0,"turns":3.0},{"damage":0.0,"enemies":"Looter","floor":12.0,"turns":4.0},{"damage":4.0,"enemies":"Lagavulin","floor":13.0,"turns":6.0},{"damage":11.0,"enemies":"Hexaghost","floor":16.0,"turns":10.0},{"damage":20.0,"enemies":"3 Byrds","floor":18.0,"turns":4.0},{"damage":25.0,"enemies":"Masked Bandits","floor":19.0,"turns":4.0},{"damage":1.0,"enemies":"Spheric Guardian","floor":20.0,"turns":3.0},{"damage":21.0,"enemies":"Book of Stabbing","floor":23.0,"turns":6.0},{"damage":14.0,"enemies":"Snake Plant","floor":27.0,"turns":5.0},{"damage":1.0,"enemies":"Centurion and Healer","floor":28.0,"turns":5.0},{"damage":5.0,"enemies":"Slavers","floor":30.0,"turns":2.0},{"damage":31.0,"enemies":"Shelled Parasite and Fungi","floor":31.0,"turns":4.0},{"damage":22.0,"enemies":"Automaton","floor":33.0,"turns":10.0},{"damage":9.0,"enemies":"3 Darklings","floor":35.0,"turns":2.0},{"damage":28.0,"enemies":"3 Shapes","floor":38.0,"turns":4.0},{"damage":21.0,"enemies":"Spire Growth","floor":39.0,"turns":5.0},{"damage":11.0,"enemies":"Sphere and 2 Shapes","floor":41.0,"turns":4.0},{"damage":11.0,"enemies":"4 Shapes","floor":44.0,"turns":3.0},{"damage":0.0,"enemies":"Maw","floor":45.0,"turns":6.0},{"damage":0.0,"enemies":"Mind Bloom Boss Battle","floor":46.0,"turns":6.0},{"damage":14.0,"enemies":"2 Orb Walkers","floor":47.0,"turns":4.0},{"damage":0.0,"enemies":"3 Darklings","floor":48.0,"turns":3.0},{"damage":14,"enemies":"Time Eater","floor":50,"turns":10}],"seed_played":"-5376853037792482429","potions_obtained":[{"floor":2.0,"key":"DuplicationPotion"},{"floor":8.0,"key":"Strength Potion"},{"floor":11.0,"key":"Weak Potion"},{"floor":16.0,"key":"Weak Potion"},{"floor":19.0,"key":"Dexterity Potion"},{"floor":23.0,"key":"Regen Potion"},{"floor":27.0,"key":"Fire Potion"},{"floor":33.0,"key":"Dexterity Potion"},{"floor":35.0,"key":"FearPotion"},{"floor":45.0,"key":"Regen Potion"},{"floor":48.0,"key":"Ancient Potion"}],"is_trial":false,"path_per_floor":["M","M","?","?","M","E","R","M","T","R","M","M","E","?","R","B",null,"M","?","M","$","?","E","$","R","T","M","M","R","E","M","R","B",null,"M","$","?","M","M","R","M","R","T","M","M","?","?","M","R","B",null],"character_chosen":"DEFECT","items_purchased":["Capacitor","Reboot","Art of War","Eternal Feather"],"campfire_rested":4,"item_purchase_floors":[21,21,24,36],"current_hp_per_floor":[75,75,80,80,80,51,51,4,4,28,21,21,17,17,41,30,80,60,35,34,49,49,28,43,43,43,29,28,67,62,31,31,24,80,71,80,70,42,21,36,25,40,40,29,29,29,27,27,80,66],"gold":302,"neow_bonus":"THREE_ENEMY_KILL","is_daily":false,"chose_seed":false,"campfire_upgraded":5,"win_rate":0.0,"timestamp":1611852970,"path_taken":["M","?","?","?","?","E","R","M","T","R","M","M","E","?","R","BOSS","M","?","M","$","?","E","?","R","T","M","M","R","E","M","R","BOSS","M","$","?","M","M","R","M","R","T","M","M","?","?","?","R","BOSS"],"items_purchased_type":["Card","Card","Relic","Relic"],"build_version":"2020-12-22","purchased_purges":1,"victory":true,"max_hp_per_floor":[75,75,80,80,80,80,80,80,80,80,80,80,80,80,80,80,80,80,80,80,80,80,80,80,80,80,80,80,80,80,80,80,80,80,80,80,80,80,80,80,80,80,80,80,80,80,80,80,80,80],"card_choices":[{"not_picked":["Compile Driver","Gash"],"picked":"Go for the Eyes","floor":1.0},{"not_picked":["Steam","Beam Cell"],"picked":"Coolheaded","floor":2.0},{"not_picked":["Compile Driver","Seek"],"picked":"Defragment","floor":5.0},{"not_picked":["White Noise","Melter"],"picked":"Redo","floor":6.0},{"not_picked":["Streamline","Beam Cell","Turbo"],"picked":"Conserve Battery","floor":8.0},{"not_picked":["Rebound","Steam","Sweeping Beam"],"picked":"Cold Snap","floor":11.0},{"not_picked":["Stack","Beam Cell","Streamline"],"picked":"Loop","floor":12.0},{"not_picked":["Go for the Eyes","Stack","Fusion"],"picked":"Darkness","floor":13.0},{"not_picked":["Multi-Cast","Creative AI","Rainbow"],"picked":"Electrodynamics","floor":16.0},{"not_picked":["Steam","Fusion+1","Rebound+1","Conserve Battery"],"picked":"SKIP","floor":18.0},{"not_picked":["Sweeping Beam","Rip and Tear","Melter"],"picked":"Ball Lightning+1","floor":19.0},{"not_picked":["Sunder","Turbo","Gash"],"picked":"Double Energy+1","floor":20.0},{"not_picked":["Coolheaded","Barrage","Aggregate"],"picked":"Skim+1","floor":23.0},{"not_picked":["Beam Cell","Streamline+1","Conserve Battery","Ball Lightning"],"picked":"SKIP","floor":27.0},{"not_picked":["Coolheaded","Machine Learning","Barrage","Rebound"],"picked":"SKIP","floor":28.0},{"not_picked":["Machine Learning","Meteor Strike","Sunder"],"picked":"Creative AI","floor":30.0},{"not_picked":["Hello World","Tempest","Melter+1","Fusion"],"picked":"SKIP","floor":31.0},{"not_picked":["Barrage","Beam Cell","Steam Power+1","Tempest"],"picked":"SKIP","floor":31.0},{"not_picked":["Meteor Strike","All For One","Buffer"],"picked":"Biased Cognition","floor":33.0},{"not_picked":["Skim+1","Barrage+1","Creative AI"],"picked":"Turbo+1","floor":35.0},{"not_picked":["Blizzard","Compile Driver","Beam Cell","Gash"],"picked":"SKIP","floor":35.0},{"not_picked":["Gash","Skim+1","Ball Lightning","Redo+1"],"picked":"SKIP","floor":38.0},{"not_picked":["Recycle+1","Compile Driver","Skim+1","Go for the Eyes+1"],"picked":"SKIP","floor":38.0},{"not_picked":["Sweeping Beam","Conserve Battery","Stack"],"picked":"Consume+1","floor":39.0},{"not_picked":["All For One","Darkness","Rebound+1","Sweeping Beam+1"],"picked":"SKIP","floor":39.0},{"not_picked":["Redo+1","Gash","Darkness","Turbo"],"picked":"SKIP","floor":41.0},{"not_picked":["Reinforced Body","Conserve Battery","Sunder+1","Hello World+1"],"picked":"SKIP","floor":41.0},{"not_picked":["Beam Cell+1","Turbo","Compile Driver"],"picked":"Undo+1","floor":44.0},{"not_picked":["Conserve Battery+1","Sweeping Beam+1","Darkness+1"],"picked":"Auto Shields+1","floor":44.0},{"not_picked":["Turbo+1","FTL","Go for the Eyes"],"picked":"Seek","floor":45.0},{"not_picked":["Sweeping Beam","Streamline","Skim+1"],"picked":"Glacier","floor":45.0},{"not_picked":["Streamline+1","Auto Shields+1","Undo+1"],"picked":"White Noise+1","floor":48.0},{"not_picked":["Barrage+1","Redo+1","Capacitor","Storm"],"picked":"SKIP","floor":48.0}],"player_experience":641710,"relics_obtained":[{"floor":6.0,"key":"Question Card"},{"floor":9.0,"key":"Bag of Preparation"},{"floor":13.0,"key":"MealTicket"},{"floor":19.0,"key":"Red Mask"},{"floor":23.0,"key":"Regal Pillow"},{"floor":26.0,"key":"Akabeko"},{"floor":30.0,"key":"Prayer Wheel"},{"floor":43.0,"key":"Mercury Hourglass"},{"floor":46.0,"key":"Thread and Needle"},{"floor":47.0,"key":"Incense Burner"}],"event_choices":[{"damage_healed":0.0,"max_hp_gain":5.0,"max_hp_loss":0.0,"gold_gain":0.0,"event_name":"Big Fish","player_choice":"Donut","floor":3.0,"gold_loss":0.0,"damage_taken":0.0},{"cards_removed":["Strike_B"],"damage_healed":0.0,"max_hp_gain":0.0,"max_hp_loss":0.0,"gold_gain":0.0,"event_name":"Bonfire Elementals","player_choice":"Offered Basic","floor":4.0,"gold_loss":0.0,"damage_taken":0.0},{"damage_healed":0.0,"max_hp_gain":0.0,"max_hp_loss":0.0,"gold_gain":0.0,"event_name":"World of Goop","player_choice":"Left Gold","floor":14.0,"gold_loss":32.0,"damage_taken":0.0},{"damage_healed":0.0,"max_hp_gain":0.0,"max_hp_loss":0.0,"gold_gain":0.0,"event_name":"Masked Bandits","player_choice":"Fought Bandits","floor":19.0,"gold_loss":0.0,"damage_taken":0.0},{"damage_healed":0.0,"max_hp_gain":0.0,"max_hp_loss":0.0,"gold_gain":0.0,"event_name":"The Library","player_choice":"Read","floor":22.0,"gold_loss":0.0,"damage_taken":0.0,"cards_obtained":["Compile Driver"]},{"damage_healed":0.0,"max_hp_gain":0.0,"max_hp_loss":0.0,"gold_gain":0.0,"event_name":"Winding Halls","player_choice":"Embrace Madness","floor":37.0,"gold_loss":0.0,"damage_taken":10.0,"cards_obtained":["Madness","Madness"]},{"damage_healed":0.0,"max_hp_gain":0.0,"max_hp_loss":0.0,"gold_gain":0.0,"event_name":"MindBloom","player_choice":"Fight","floor":46.0,"gold_loss":0.0,"damage_taken":0.0},{"damage_healed":0.0,"max_hp_gain":0.0,"max_hp_loss":0.0,"gold_gain":0.0,"event_name":"Mysterious Sphere","player_choice":"Fight","floor":47.0,"gold_loss":0.0,"damage_taken":0.0}],"is_beta":false,"boss_relics":[{"not_picked":["Snecko Eye","Empty Cage"],"picked":"Pandora\u0027s Box"},{"not_picked":["Philosopher\u0027s Stone","Tiny House"],"picked":"Cursed Key"}],"items_purged_floors":[21],"is_endless":false,"potions_floor_spawned":[2,8,11,16,19,23,27,33,35,45,46,48],"ascension_level":4}}