{"host":"tvwbxqry54t86y0v","time":1611808487,"event":{"mods":["2.2 Compatiblity","A Magickal Journey","Arknights The Spire","Astrologer","BaseMod","Beaked The Cultist","BetterRewards","Block Reminder","Clockwork Mod","Colored Powertips","DeckTracker","Downfall","Fiend Mod","GungeonMod","Hermit","Hubris","Infinite Spire","Ironclad Rager","Marked Mod","Mimic Mod","Minty Spire (QoL Compilation)","Potionbrewer","Replay The Spire","Shade Mod","Somnambulant","StSLib","The Bug Knight","The Cursed","The Death Knight","The Druid","The Elementalist","The Exalted","The Forsaken","The Hierophant","The Jungle","The Marked","The Mystic","The Problem Sleuth","The Runesmith","The Senshi","The Spell Scribe","The Valiant","The Wild Card","TheFirefly","TheHeartMod","Unceasing Turn Reminder","thorton"],"gold_per_floor":[114,114,114,44,56,82,49,65,65,65,76,109,109,28,28,124,124,141,156,169,202,202,202,213,213,213],"floor_reached":25,"language":"ENG","playtime":1287,"items_purged":[],"score":236,"play_id":"28bd7660-6413-47e6-a2e3-4bf982dac1c6","local_time":"20210128153447","is_ascension_mode":false,"campfire_choices":[{"data":"DeathKnight:BludPresence","floor":10,"key":"SMITH"},{"floor":13,"key":"REST"},{"floor":15,"key":"REST"},{"floor":23,"key":"REST"}],"circlet_count":0,"master_deck":["DeathKnight:Strike_DeathKnight","DeathKnight:Strike_DeathKnight","DeathKnight:Strike_DeathKnight","DeathKnight:Strike_DeathKnight","DeathKnight:Strike_DeathKnight","DeathKnight:Defend_DeathKnight","DeathKnight:Defend_DeathKnight","DeathKnight:Defend_DeathKnight+1","DeathKnight:Defend_DeathKnight+1","DeathKnight:Defend_DeathKnight","DeathKnight:RuneTap","DeathKnight:RuneStrike+1","DeathKnight:Obliterate","DeathKnight:Contagion","DeathKnight:BludPresence+1","DeathKnight:BloodStrike","DeathKnight:DeathCoil+1","DeathKnight:ThirstingStrike","DeathKnight:VampiricBlood","DeathKnight:BloodTap","DeathKnight:BloodPact","DeathKnight:Runesurge","DeathKnight:BloodStrike","DeathKnight:ReapingStrike","DeathKnight:DeathStrike+1"],"relics":["DeathKnight:BrokenRuneblade","NeowsBlessing","hubris:Towel","Lantern","potionbrewer:RamsHorn","Gremlin Food","DeathKnight:Shadowmourne","Red Mask"],"acts_visited":["Exordium","TheCity"],"potions_floor_usage":[16,16,21],"damage_taken":[{"damage":0,"enemies":"2 Louse","floor":1,"turns":1},{"damage":0,"enemies":"Jaw Worm","floor":5,"turns":1},{"damage":0,"enemies":"3 Sentries","floor":6,"turns":2},{"damage":2,"enemies":"Cultist","floor":8,"turns":4},{"damage":29,"enemies":"Exordium Thugs","floor":11,"turns":7},{"damage":8,"enemies":"HollowMod:MossKnight","floor":12,"turns":7},{"damage":38,"enemies":"Fading Forest","floor":16,"turns":11},{"damage":0,"enemies":"Chosen","floor":18,"turns":4},{"damage":31,"enemies":"Shell Parasite","floor":19,"turns":4},{"damage":15,"enemies":"Centurion and Healer","floor":20,"turns":5},{"damage":31,"enemies":"Masked Bandits","floor":21,"turns":4},{"damage":23,"enemies":"Shelled Parasite and Fungi","floor":24,"turns":5},{"damage":18,"enemies":"Book of Stabbing","floor":25,"turns":3}],"seed_played":"3561304398664828237","potions_obtained":[{"floor":5,"key":"Elixir"},{"floor":6,"key":"LiquidMemories"},{"floor":11,"key":"bronze:BurnAndBuffPotion"},{"floor":19,"key":"FearPotion"},{"floor":20,"key":"PowerPotion"}],"is_trial":false,"path_per_floor":["M","?","?","$","M","E","$","M","T","R","M","E","R","$","R","B",null,"M","M","M","?","?","R","M","E"],"character_chosen":"DEATH_KNIGHT","items_purchased":["DeathKnight:Contagion","DeathKnight:DeathCoil+1","DeathKnight:BloodPact"],"campfire_rested":3,"item_purchase_floors":[4,7,14],"current_hp_per_floor":[75,75,75,75,75,75,75,73,73,73,44,36,58,58,75,38,75,75,50,35,4,4,26,3,0,0],"gold":213,"neow_bonus":"THREE_ENEMY_KILL","is_daily":false,"chose_seed":false,"campfire_upgraded":1,"win_rate":0.0,"timestamp":1611808487,"path_taken":["M","?","?","$","?","E","$","M","T","R","M","E","R","$","R","BOSS","M","?","M","?","?","R","?","E"],"items_purchased_type":["Card","Card","Card"],"build_version":"2020-12-22","purchased_purges":0,"victory":false,"max_hp_per_floor":[75,75,75,75,75,75,75,75,75,75,75,75,75,75,75,75,75,75,75,75,75,75,75,75,75,75],"card_choices":[{"not_picked":["DeathKnight:RunicCorruption","DeathKnight:FrostStrike"],"picked":"DeathKnight:Obliterate","floor":1},{"not_picked":["DeathKnight:ChainsOfIce","DeathKnight:BoneShield"],"picked":"DeathKnight:BludPresence","floor":5},{"not_picked":["DeathKnight:IcyTouch","DeathKnight:DeathStrike"],"picked":"DeathKnight:BloodStrike","floor":6},{"not_picked":["DeathKnight:MindFreeze","DeathKnight:BloodStrike"],"picked":"DeathKnight:ThirstingStrike","floor":8},{"not_picked":["DeathKnight:WraithWalk","DeathKnight:RuneShock"],"picked":"DeathKnight:VampiricBlood","floor":11},{"not_picked":["DeathKnight:Rot","DeathKnight:ShatteringStrikes"],"picked":"DeathKnight:BloodTap","floor":12},{"not_picked":["DeathKnight:SindragosasBreath","DeathKnight:VampiricBlood"],"picked":"DeathKnight:Runesurge","floor":16},{"not_picked":["DeathKnight:Pestilence","DeathKnight:ThirstingStrike","DeathKnight:Ossuary"],"picked":"SKIP","floor":18},{"not_picked":["DeathKnight:DeathCoil+1","DeathKnight:Hysteria"],"picked":"DeathKnight:BloodStrike","floor":19},{"not_picked":["DeathKnight:MindFreeze","DeathKnight:Ossuary"],"picked":"DeathKnight:ReapingStrike","floor":20},{"not_picked":["DeathKnight:BloodStrike","DeathKnight:HowlingBlast+1"],"picked":"DeathKnight:DeathStrike+1","floor":24}],"player_experience":1113296,"relics_obtained":[{"floor":6,"key":"Lantern"},{"floor":9,"key":"potionbrewer:RamsHorn"},{"floor":12,"key":"Gremlin Food"},{"floor":21,"key":"Red Mask"}],"event_choices":[{"damage_healed":0,"gold_gain":0,"player_choice":"Fought Bandits","damage_taken":0,"max_hp_gain":0,"max_hp_loss":0,"event_name":"Masked Bandits","floor":21,"gold_loss":0},{"damage_healed":0,"gold_gain":0,"player_choice":"Ignored","damage_taken":0,"max_hp_gain":0,"max_hp_loss":0,"event_name":"Transmorgrifier","floor":22,"gold_loss":0}],"is_beta":false,"boss_relics":[{"not_picked":["Calling Bell","Astrolabe"],"picked":"DeathKnight:Shadowmourne"}],"items_purged_floors":[],"is_endless":false,"potions_floor_spawned":[5,6,11,12,19,20],"killed_by":"Book of Stabbing","ascension_level":0}}