{"host":"anox4050deqdcqoh","time":1611831902,"event":{"mods":["BaseMod","Colored Map","Highlight Path","Minty Spire (QoL Compilation)","Quick Restart","Rare Cards Sparkle","everything is the same but u backflip on backflip"],"gold_per_floor":[210,210,224,149,149,149,165,165,165,184,198,225,235,235,235,339,339,352,152,152,170,170,170],"floor_reached":22,"language":"ENG","playtime":992,"items_purged":["Strike_R","Corruption"],"score":214,"play_id":"bb00da04-32e1-4922-b5d0-2cd5beb0b22b","local_time":"20210128060502","is_ascension_mode":true,"campfire_choices":[{"data":"Bash","floor":6,"key":"SMITH"},{"data":"Sword Boomerang","floor":8,"key":"SMITH"},{"floor":15,"key":"REST"}],"circlet_count":0,"master_deck":["Bash+1","Hemokinesis+1","Twin Strike","Sword Boomerang+1","Sword Boomerang","Spot Weakness","Armaments","Reaper","Brutality","Whirlwind","Fire Breathing","Brutality","Clothesline","Power Through","Demon Form","Rupture","Battle Trance+1","Heavy Blade"],"relics":["Burning Blood","Sundial","Prayer Wheel","Pandora\u0027s Box","Membership Card","Enchiridion"],"acts_visited":["Exordium","TheCity"],"potions_floor_usage":[12,22],"damage_taken":[{"damage":4,"enemies":"Small Slimes","floor":1,"turns":4},{"damage":9,"enemies":"Jaw Worm","floor":3,"turns":3},{"damage":3,"enemies":"Cultist","floor":7,"turns":3},{"damage":2,"enemies":"Large Slime","floor":10,"turns":4},{"damage":10,"enemies":"Blue Slaver","floor":11,"turns":2},{"damage":26,"enemies":"3 Sentries","floor":12,"turns":9},{"damage":3,"enemies":"Looter","floor":13,"turns":2},{"damage":38,"enemies":"The Guardian","floor":16,"turns":7},{"damage":16,"enemies":"3 Byrds","floor":18,"turns":4},{"damage":42,"enemies":"Shell Parasite","floor":21,"turns":6},{"damage":24,"enemies":"Snake Plant","floor":22,"turns":2}],"seed_played":"7027260466874234010","potions_obtained":[{"floor":1,"key":"SpeedPotion"},{"floor":11,"key":"Fire Potion"},{"floor":16,"key":"Energy Potion"}],"is_trial":false,"path_per_floor":["M","?","M","$","?","R","M","R","T","M","M","E","M","?","R","B",null,"M","$","?","M","M"],"character_chosen":"IRONCLAD","items_purchased":["Membership Card"],"campfire_rested":1,"item_purchase_floors":[19],"current_hp_per_floor":[80,80,77,77,77,77,80,80,80,80,76,56,59,59,80,48,80,70,70,54,21,0,0],"gold":170,"neow_bonus":"HUNDRED_GOLD","is_daily":false,"chose_seed":false,"campfire_upgraded":2,"win_rate":0.0,"timestamp":1611831902,"path_taken":["M","?","M","$","?","R","M","R","T","M","?","E","M","?","R","BOSS","M","$","?","M","M"],"items_purchased_type":["Relic"],"build_version":"2020-12-22","purchased_purges":2,"victory":false,"max_hp_per_floor":[80,80,80,80,80,80,80,80,80,80,80,80,80,80,80,80,80,80,80,80,80,80,80],"card_choices":[{"not_picked":["Rage","Clothesline"],"picked":"Hemokinesis","floor":1},{"not_picked":["Anger","Headbutt"],"picked":"Twin Strike","floor":3},{"not_picked":["Burning Pact","Warcry"],"picked":"Sword Boomerang","floor":7},{"not_picked":["Wild Strike","Dark Embrace","Warcry"],"picked":"SKIP","floor":10},{"not_picked":["Heavy Blade","Clothesline","Dark Embrace"],"picked":"SKIP","floor":11},{"not_picked":["Evolve","Carnage"],"picked":"Sword Boomerang","floor":12},{"not_picked":["Bludgeon","Body Slam"],"picked":"Spot Weakness","floor":13},{"not_picked":["Iron Wave","Shrug It Off"],"picked":"Armaments","floor":13},{"not_picked":["Limit Break","Double Tap"],"picked":"Reaper","floor":16},{"not_picked":["Dropkick","Power Through"],"picked":"Rupture","floor":18},{"not_picked":["Cleave+1","Dual Wield","Sword Boomerang"],"picked":"SKIP","floor":18},{"not_picked":["Sword Boomerang","Clothesline+1"],"picked":"Battle Trance+1","floor":21},{"not_picked":["Sword Boomerang+1","Pommel Strike"],"picked":"Heavy Blade","floor":21}],"player_experience":415109,"relics_obtained":[{"floor":9,"key":"Sundial"},{"floor":12,"key":"Prayer Wheel"},{"floor":20,"key":"Enchiridion"}],"event_choices":[{"damage_healed":0,"gold_gain":0,"player_choice":"Ignored","damage_taken":0,"max_hp_gain":0,"max_hp_loss":0,"event_name":"Shining Light","floor":2,"gold_loss":0},{"damage_healed":0,"gold_gain":0,"player_choice":"Forge","damage_taken":0,"max_hp_gain":0,"max_hp_loss":0,"event_name":"Accursed Blacksmith","floor":5,"gold_loss":0,"cards_upgraded":["Hemokinesis"]},{"damage_healed":0,"gold_gain":0,"player_choice":"Searched \u00271\u0027 times","damage_taken":0,"max_hp_gain":0,"max_hp_loss":0,"event_name":"Dead Adventurer","floor":14,"gold_loss":0},{"damage_healed":0,"gold_gain":0,"player_choice":"Obtained Book","damage_taken":16,"max_hp_gain":0,"max_hp_loss":0,"event_name":"Cursed Tome","floor":20,"gold_loss":0}],"is_beta":false,"boss_relics":[{"not_picked":["SacredBark","Calling Bell"],"picked":"Pandora\u0027s Box"}],"items_purged_floors":[4,19],"is_endless":false,"potions_floor_spawned":[1,11,16],"killed_by":"Snake Plant","ascension_level":3}}