{"host":"bczg3e1yq3rp3pkk","time":1611834209,"event":{"mods":["Act Like it!","BaseMod","Conspire","Hermit","KinomotoSakuraMod(木之本樱)","Marisa（F雨　魔理沙）","Minty Spire (QoL Compilation)","Quick Restart","Replay The Spire","RumiaBox-露米娅的神秘盒子","Shop Mod","StSLib","The Bug Knight","The Construct","The Hierophant","The Servant 0.9.4","Warlord Emblem","[GremlinLeader]The Maniac","【遗物卡牌】REMEMod"],"gold_per_floor":[119,119,132,207,228,228,244,269,269,269,296,296,62,82,82,78,78],"floor_reached":16,"language":"ZHS","playtime":563,"items_purged":[],"score":102,"play_id":"b322c150-308d-4b45-b338-cd74f21f5a46","local_time":"20210128194329","is_ascension_mode":false,"campfire_choices":[{"data":"REME_EyeOfCthun","floor":6.0,"key":"SMITH"},{"floor":10.0,"key":"DIG"},{"floor":12.0,"key":"DIG"},{"floor":15,"key":"DIG"}],"circlet_count":0,"master_deck":["hierophant:Strike_Hierophant","hierophant:Strike_Hierophant","hierophant:Strike_Hierophant","hierophant:Punish","hierophant:Defend_Hierophant","hierophant:Defend_Hierophant","hierophant:Defend_Hierophant","hierophant:Defend_Hierophant","hierophant:ChurchCoffers","REME_EyeOfCthun+1","hierophant:Purify","hierophant:Bribe+1","hierophant:Doubloon","hierophant:ConvertCurrency","hierophant:DisplayOfPower","hierophant:HammerAndAnvil","hierophant:Doubloon","hierophant:Charity","hierophant:LocustPlague","hierophant:Purify","hierophant:Refuge","hierophant:Doubloon"],"relics":["hierophant:PropheticMaskRelic","REME_ComplimentaryCards","NeowsBlessing","Shovel","conspire:GiftBox","Calipers","Bag of Preparation","Oddly Smooth Stone","ReplayTheSpireMod:TigerMarble"],"acts_visited":["Exordium"],"potions_floor_usage":[],"damage_taken":[{"damage":0.0,"enemies":"Jaw Worm","floor":1.0,"turns":1.0},{"damage":0.0,"enemies":"Small Slimes","floor":3.0,"turns":1.0},{"damage":0.0,"enemies":"2 Louse","floor":5.0,"turns":1.0},{"damage":4.0,"enemies":"2 Fungi Beasts","floor":7.0,"turns":2.0},{"damage":0.0,"enemies":"Large Slime","floor":8.0,"turns":3.0},{"damage":2.0,"enemies":"Blue Slaver","floor":11.0,"turns":2.0},{"damage":18,"enemies":"Lagavulin","floor":14,"turns":3},{"damage":28,"enemies":"The Guardian","floor":16,"turns":5}],"seed_played":"5034778095719690512","potions_obtained":[{"floor":5.0,"key":"Adrenaline Potion"},{"floor":11.0,"key":"Weak Potion"},{"floor":14,"key":"Ancient Potion"}],"is_trial":false,"path_per_floor":["M","?","M","?","M","R","M","M","T","R","M","R","$","E","R","B"],"character_chosen":"HIEROPHANT","items_purchased":["hierophant:Refuge","Bag of Preparation"],"campfire_rested":0,"item_purchase_floors":[13,13],"current_hp_per_floor":[75,75,75,64,64,64,60,60,60,60,58,58,58,40,40,12,12],"gold":78,"neow_bonus":"THREE_ENEMY_KILL","is_daily":false,"chose_seed":false,"campfire_upgraded":1,"win_rate":0.0,"timestamp":1611834209,"path_taken":["M","?","M","?","M","R","M","M","T","R","M","R","?","E","R","BOSS"],"items_purchased_type":["Card","Relic"],"build_version":"2020-12-22","purchased_purges":0,"victory":false,"max_hp_per_floor":[75,75,75,75,75,75,75,75,75,75,75,75,75,75,75,75,75],"card_choices":[{"not_picked":["hierophant:Bribe","hierophant:Zeal"],"picked":"hierophant:Purify","floor":1.0},{"not_picked":["hierophant:Sermon","hierophant:Flagellation"],"picked":"hierophant:ConvertCurrency","floor":3.0},{"not_picked":["hierophant:ThreeLashes","hierophant:HammerAndAnvil"],"picked":"hierophant:DisplayOfPower","floor":5.0},{"not_picked":["hierophant:Encroach","hierophant:HolyVerse"],"picked":"hierophant:HammerAndAnvil","floor":7.0},{"not_picked":["hierophant:ThreeLashes","hierophant:MorningPrayer"],"picked":"hierophant:Charity","floor":8.0},{"not_picked":["hierophant:Determination","hierophant:Batter"],"picked":"hierophant:LocustPlague","floor":10.0},{"not_picked":["hierophant:HammerAndAnvil","hierophant:Zeal"],"picked":"hierophant:Purify","floor":11.0},{"not_picked":["hierophant:FlamingChariot","hierophant:MorningPrayer","hierophant:DisplayOfPower"],"picked":"SKIP","floor":14}],"player_experience":382821,"relics_obtained":[{"floor":9.0,"key":"Shovel"},{"floor":10.0,"key":"conspire:GiftBox"},{"floor":12.0,"key":"Calipers"},{"floor":14,"key":"Oddly Smooth Stone"},{"floor":15,"key":"ReplayTheSpireMod:TigerMarble"}],"event_choices":[{"damage_healed":0.0,"max_hp_gain":0.0,"max_hp_loss":0.0,"gold_gain":75.0,"event_name":"World of Goop","player_choice":"Gather Gold","floor":4.0,"gold_loss":0.0,"damage_taken":11.0}],"is_beta":false,"boss_relics":[],"items_purged_floors":[],"is_endless":false,"potions_floor_spawned":[5,11,14],"killed_by":"The Guardian","ascension_level":0}}