{"host":"a71rwr83kjmtknvr","time":1611870285,"event":{"mods":["AchievementEnabler","Act Like it!","Aspiration","BaseMod","Better Altar","Better Match","Better Sensory Stone","Better Skull","Better Third Choice","BetterRewards","Colored Map","Colored Powertips","Displayed Cursed Tome","Gensokyo","Halation","Hubris","Infinite Spire","Jedi Mod","Marisa????????","Minty Spire (QoL Compilation)","Permanent Neow","RNG Fix","Reliquary","Remilia??????","Replay The Spire","StSLib","SuperFastMode","The Blue Laboratory","The Servant 0.9.4","Uncapped","Unceasing Turn Reminder"],"gold_per_floor":[115,225,237,251,83,118,118,146,169,169,169,19,38,49,49,146,146,161,173,173,188,198,198,228,478,505,538,538,567,567,578,578,673,673,692,692,704,723,723,758,394,406,406,432,442,444,444],"floor_reached":46,"language":"ENG","playtime":1180,"items_purged":["Strike_R","Pain","Strike_R"],"score":1012,"play_id":"91beea8b-557b-4156-acc3-211c910bea6f","local_time":"20210129004445","is_ascension_mode":true,"campfire_choices":[{"data":"Whirlwind","floor":7,"key":"SMITH"},{"data":"Inflame","floor":7,"key":"SMITH"},{"data":"Sword Boomerang","floor":10,"key":"SMITH"},{"data":"Sword Boomerang","floor":10,"key":"SMITH"},{"data":"Bash","floor":15,"key":"SMITH"},{"data":"Pommel Strike","floor":15,"key":"SMITH"},{"data":"Offering","floor":23,"key":"SMITH"},{"data":"Replay:Undeath\u0027s Touch","floor":23,"key":"SMITH"},{"data":"Twin Strike","floor":28,"key":"SMITH"},{"data":"Shrug It Off","floor":28,"key":"SMITH"},{"data":"Pommel Strike","floor":32,"key":"SMITH"},{"data":"Replay:Fractal Strike","floor":32,"key":"SMITH"}],"circlet_count":0,"master_deck":["Strike_R","Strike_R","Strike_R","Defend_R","Defend_R+1","Defend_R","Defend_R+1","Bash+1","Shrug It Off+1","Immolate+1","Thunderclap","Pommel Strike+1","Inflame+1","Whirlwind+1","Sword Boomerang+1","Replay:Undeath\u0027s Touch+1","Sword Boomerang+1","Twin Strike+1","Offering+1","Sword Boomerang+1","Replay:Fractal Strike+1","Pommel Strike+1","Limit Break","Gensokyo:MorningMist","Twin Strike","Brutality","Sword Boomerang","Sword Boomerang","Heavy Blade+1"],"relics":["Burning Blood","hubris:GlazedTorus","Counterbalance","halation:PenCase","infinitespire:Golems Mask","Oddly Smooth Stone","Pocketwatch","halation:OrihimeAndHikoboshiSamaAndTears","BargainBundle","Brimstone","ReplayTheSpireMod:Spearhead","PreservedInsect","War Paint","Gensokyo:LunaticRedEyes","reliquary:BrokenClock","reliquary:Knoch","infinitespire:WardingShard","Ring of Chaos","aspiration:HatOfInfinitePower","hubris:Icosahedron","reliquary:Stiletto","infinitespire:PuzzleCube","infinitespire:BottledMercury","hubris:TenFootPole","infinitespire:Lucky Rock","Black Star","hubris:Potato","infinitespire:EmpoweringShard","Blue Doll","Membership Card","Du-Vu Doll","infinitespire:Midas Blood","reliquary:HotPoker","Bottled Tornado"],"acts_visited":["Exordium","Gensokyo:Gensokyo","Gensokyo:Gensokyoer"],"potions_floor_usage":[0,21,21,33],"damage_taken":[{"damage":0,"enemies":"Gensokyo:Gryphon","floor":1,"turns":2},{"damage":0,"enemies":"Gensokyo:Python","floor":3,"turns":1},{"damage":0,"enemies":"Gensokyo:3_Fairies","floor":4,"turns":2},{"damage":0,"enemies":"Gensokyo:Aya","floor":6,"turns":2},{"damage":0,"enemies":"Gensokyo:Mamizou","floor":8,"turns":4},{"damage":0,"enemies":"Gensokyo:Kitsune","floor":13,"turns":2},{"damage":1,"enemies":"Gensokyo:Gryphon_and_Rabbit","floor":14,"turns":2},{"damage":5,"enemies":"Gensokyo:Kokoro","floor":16,"turns":4},{"damage":0,"enemies":"Gensokyo:2_Gloops","floor":18,"turns":2},{"damage":0,"enemies":"Gensokyo:CosmicMonolith","floor":19,"turns":2},{"damage":48,"enemies":"Gensokyo:Wraith","floor":21,"turns":3},{"damage":2,"enemies":"Gensokyo:Swordslinger","floor":22,"turns":2},{"damage":6,"enemies":"Gensokyo:Koishi","floor":24,"turns":1},{"damage":21,"enemies":"Nightmare","floor":27,"turns":3},{"damage":14,"enemies":"Gensokyo:Koishi","floor":29,"turns":3},{"damage":0,"enemies":"Gensokyo:Slime_Group","floor":31,"turns":2},{"damage":27,"enemies":"Gensokyo:Eternal_Rivals","floor":33,"turns":5},{"damage":6,"enemies":"Gensokyo:3_Bats","floor":35,"turns":1},{"damage":0,"enemies":"Gensokyo:3_Boulders","floor":37,"turns":1},{"damage":0,"enemies":"Gensokyo:AtlasGolem","floor":38,"turns":3},{"damage":0,"enemies":"Gensokyo:Marisa","floor":40,"turns":2},{"damage":0,"enemies":"Gensokyo:4_Bats","floor":42,"turns":2},{"damage":0,"enemies":"Gensokyo:Doremy","floor":44,"turns":2},{"damage":0,"enemies":"Gensokyo:Dusk_and_Dawn","floor":45,"turns":2}],"seed_played":"7536742381607324003","potions_obtained":[{"floor":8,"key":"EssenceOfSteel"},{"floor":21,"key":"SkillPotion"},{"floor":29,"key":"Toxic Potion"},{"floor":33,"key":"Dexterity Potion"},{"floor":35,"key":"Fire Potion"}],"is_trial":false,"path_per_floor":["M","?","M","M","COS","E","R","E","T","R","?","$","M","M","R","B",null,"M","M","?","M","M","R","E","?","T","NM","R","E","AVR","M","R","B",null,"M","?","M","M","?","E","$","M","T","E","M","?"],"character_chosen":"IRONCLAD","items_purchased":["hubris:GlazedTorus","halation:PenCase","Oddly Smooth Stone","Shrug It Off","Immolate+1","BargainBundle","Ancient Potion","Dexterity Potion","blueLaboratory:FruitPunch","Thunderclap","Pommel Strike","Inflame","Fruit Juice","Brimstone","Whirlwind","Sword Boomerang","reliquary:BrokenClock","Membership Card","Sword Boomerang","Du-Vu Doll"],"campfire_rested":0,"item_purchase_floors":[0,0,0,0,0,0,0,0,0,0,0,0,0,0,0,0,12,41,41,41],"current_hp_per_floor":[85,58,64,70,70,76,76,82,82,82,82,82,85,85,85,85,85,85,85,85,45,49,49,49,49,49,34,34,26,26,32,32,11,82,82,82,82,82,66,72,72,78,78,82,82,0,0],"gold":444,"neow_bonus":"","is_daily":false,"chose_seed":false,"campfire_upgraded":12,"win_rate":0.0,"timestamp":1611870285,"path_taken":["M","?","M","M","COS","E","R","E","T","R","?","$","M","M","R","BOSS","M","M","?","M","M","R","E","?","T","NM","R","E","AVR","M","R","BOSS","M","?","?","M","?","E","?","?","T","E","M","?"],"items_purchased_type":["Relic","Relic","Relic","Card","Card","Relic","Potion","Potion","Potion","Card","Card","Card","Potion","Relic","Card","Card","Relic","Relic","Card","Relic"],"build_version":"2020-12-22","purchased_purges":3,"victory":false,"max_hp_per_floor":[85,85,85,85,85,85,85,85,85,85,85,85,85,85,85,85,85,85,85,85,87,87,87,87,82,82,82,82,82,82,82,82,82,82,82,82,82,82,82,82,82,82,82,82,82,82,82],"card_choices":[{"not_picked":["ReplayTheSpireMod:Strike From Hell","Run Through","Dark Embrace"],"picked":"SKIP","floor":1},{"not_picked":["Thunderclap","Replay:Undeath\u0027s Touch","Pommel Strike"],"picked":"SKIP","floor":3},{"not_picked":["Thunderclap","Pommel Strike"],"picked":"Replay:Undeath\u0027s Touch","floor":3},{"not_picked":["Dropkick","jedi:hate"],"picked":"Sword Boomerang","floor":4},{"not_picked":["Berserk","Replay:Many Hands"],"picked":"Twin Strike","floor":6},{"not_picked":["ReplayTheSpireMod:Strike From Hell","Bloodletting","ReplayTheSpireMod:Stacked"],"picked":"SKIP","floor":8},{"not_picked":["True Grit","Dual Wield","Warcry"],"picked":"SKIP","floor":13},{"not_picked":["Intimidate","Anger","True Grit"],"picked":"SKIP","floor":14},{"not_picked":["Feed","Demon Form"],"picked":"Offering","floor":16},{"not_picked":["Cleave","True Grit","ReplayTheSpireMod:Corrosion Curse"],"picked":"SKIP","floor":18},{"not_picked":["Headbutt","hubris:CleavingFinish","Blood for Blood"],"picked":"SKIP","floor":19},{"not_picked":["Abandon","Pommel Strike"],"picked":"Sword Boomerang+1","floor":21},{"not_picked":["hubris:ReadiedAction","Demonic Infusion","True Grit"],"picked":"SKIP","floor":22},{"not_picked":["Blood for Blood+1","jedi:controlledanger","Heavy Blade"],"picked":"SKIP","floor":24},{"not_picked":["Fire Breathing+1","Dual Wield","Eclipse"],"picked":"SKIP","floor":27},{"not_picked":["Reckless Charge","Replay:Undeath\u0027s Touch","Power Through"],"picked":"SKIP","floor":29},{"not_picked":["Second Wind","Rage"],"picked":"Pommel Strike","floor":31},{"not_picked":["Reaper","Impervious"],"picked":"Limit Break","floor":33},{"not_picked":["Cleave","ReplayTheSpireMod:Strike From Hell","Headbutt+1"],"picked":"SKIP","floor":35},{"not_picked":["Gensokyo:RisingWorld","Gensokyo:EverlastingLife"],"picked":"Gensokyo:MorningMist","floor":36},{"not_picked":["Iron Wave","Evolve+1"],"picked":"Twin Strike","floor":37},{"not_picked":["Flame Barrier+1","Pommel Strike+1","Dark Embrace"],"picked":"SKIP","floor":38},{"not_picked":["Flex","Fire Breathing+1"],"picked":"Brutality","floor":40},{"not_picked":["Metallicize","Rage"],"picked":"Heavy Blade+1","floor":42},{"not_picked":["Fire Breathing","Dropkick+1","Headbutt"],"picked":"SKIP","floor":44},{"not_picked":["hubris:ReadiedAction+1","Entrench+1","Iron Wave+1"],"picked":"SKIP","floor":45}],"player_experience":769316,"relics_obtained":[{"floor":8,"key":"PreservedInsect"},{"floor":9,"key":"War Paint"},{"floor":24,"key":"reliquary:Stiletto"},{"floor":26,"key":"infinitespire:PuzzleCube"},{"floor":27,"key":"infinitespire:BottledMercury"},{"floor":29,"key":"hubris:TenFootPole"},{"floor":40,"key":"infinitespire:EmpoweringShard"},{"floor":40,"key":"Blue Doll"},{"floor":43,"key":"infinitespire:Midas Blood"},{"floor":44,"key":"reliquary:HotPoker"},{"floor":44,"key":"Bottled Tornado"}],"event_choices":[{"damage_healed":0,"gold_gain":110,"player_choice":"RE GO ","damage_taken":30,"relics_obtained":["ReplayTheSpireMod:Spearhead"],"max_hp_gain":0,"max_hp_loss":0,"event_name":"betterSkull:BetterSkull","floor":2,"gold_loss":0,"cards_upgraded":[]}],"is_beta":false,"boss_relics":[{"not_picked":["halation:CatFaceCupcake","infinitespire:Burning Sword"],"picked":"Ring of Chaos"},{"not_picked":["Tiny House","Calling Bell"],"picked":"Black Star"}],"items_purged_floors":[0,30,41],"is_endless":false,"potions_floor_spawned":[8,13,14,18,19,21,29,33,35,38,44],"ascension_level":1}}