{"host":"4nqeo0vu1vuav7gg","time":1611854618,"event":{"mods":["AchievementEnabler","BaseMod","Block Reminder","Colored Map","Colored Powertips","Highlight Path","Minty Spire (QoL Compilation)","Quick Restart","Rare Cards Sparkle","Relic Relevance Reorder","StSLib"],"gold_per_floor":[115,190,200,200,214,244,268,280,319,331,308,339,351,380,392,478,490,382,382],"floor_reached":18,"language":"ENG","playtime":505,"items_purged":[],"score":316,"play_id":"4609258a-679c-4b16-983d-1202f814148d","local_time":"20210128182338","is_ascension_mode":true,"campfire_choices":[{"floor":8.0,"key":"REST"},{"data":"Tempest","floor":10.0,"key":"SMITH"},{"floor":15.0,"key":"REST"}],"circlet_count":0,"master_deck":["AscendersBane","Zap","Dualcast","Darkness","Tempest+1","Undo","Capacitor","Capacitor","Coolheaded","Go for the Eyes","Machine Learning","All For One","Self Repair","Scrape","Thunder Strike","Echo Form","Biased Cognition","Streamline","Echo Form"],"relics":["Cracked Core","Lantern","NeowsBlessing","MawBank","Potion Belt","Pandora\u0027s Box"],"acts_visited":["Exordium","TheCity"],"potions_floor_usage":[],"damage_taken":[{"damage":0.0,"enemies":"Jaw Worm","floor":1.0,"turns":1.0},{"damage":0.0,"enemies":"Small Slimes","floor":3.0,"turns":1.0},{"damage":0.0,"enemies":"Cultist","floor":5.0,"turns":1.0},{"damage":44.0,"enemies":"Gremlin Nob","floor":6.0,"turns":4.0},{"damage":4.0,"enemies":"Looter","floor":7.0,"turns":4.0},{"damage":8.0,"enemies":"Blue Slaver","floor":12.0,"turns":3.0},{"damage":2.0,"enemies":"3 Louse","floor":14.0,"turns":4.0},{"damage":51.0,"enemies":"Hexaghost","floor":16.0,"turns":13.0},{"damage":54,"enemies":"2 Thieves","floor":18,"turns":3}],"seed_played":"-8796363648365455127","potions_obtained":[{"floor":1.0,"key":"LiquidMemories"},{"floor":6.0,"key":"Dexterity Potion"},{"floor":14.0,"key":"Swift Potion"},{"floor":16.0,"key":"Strength Potion"}],"is_trial":false,"path_per_floor":["M","?","M","?","M","E","M","R","T","R","?","M","?","M","R","B",null,"M"],"character_chosen":"DEFECT","items_purchased":[],"campfire_rested":2,"item_purchase_floors":[],"current_hp_per_floor":[64,53,53,53,53,9,5,26,26,26,43,35,35,33,54,3,54,0,0],"gold":382,"neow_bonus":"THREE_ENEMY_KILL","is_daily":false,"chose_seed":false,"campfire_upgraded":1,"win_rate":0.0,"timestamp":1611854618,"path_taken":["M","?","M","?","?","E","M","R","T","R","?","M","?","M","R","BOSS","M"],"items_purchased_type":[],"build_version":"2020-12-22","purchased_purges":0,"victory":false,"max_hp_per_floor":[71,71,71,71,71,71,71,71,71,71,71,71,71,71,71,71,71,71,71],"card_choices":[{"not_picked":["Scrape","Turbo"],"picked":"Darkness","floor":1.0},{"not_picked":["Double Energy","Turbo"],"picked":"Tempest","floor":3.0},{"not_picked":["Hello World","Undo","Skim"],"picked":"SKIP","floor":5.0},{"not_picked":["Hello World","Skim"],"picked":"Undo","floor":5.0},{"not_picked":["Turbo","Static Discharge"],"picked":"Capacitor","floor":6.0},{"not_picked":["Leap","Steam"],"picked":"Capacitor","floor":7.0},{"not_picked":["Hologram","Skim"],"picked":"Coolheaded","floor":12.0},{"not_picked":["Sweeping Beam","Leap"],"picked":"Go for the Eyes","floor":14.0},{"not_picked":["Meteor Strike","Thunder Strike"],"picked":"Machine Learning","floor":16.0}],"player_experience":1079168,"relics_obtained":[{"floor":6.0,"key":"MawBank"},{"floor":9.0,"key":"Lantern"}],"event_choices":[{"damage_healed":0.0,"max_hp_gain":0.0,"max_hp_loss":0.0,"gold_gain":75.0,"event_name":"World of Goop","player_choice":"Gather Gold","floor":2.0,"gold_loss":0.0,"damage_taken":11.0},{"damage_healed":0.0,"max_hp_gain":0.0,"max_hp_loss":0.0,"gold_gain":0.0,"event_name":"WeMeetAgain","player_choice":"Gave Potion","floor":4.0,"gold_loss":0.0,"damage_taken":0.0,"relics_obtained":["Potion Belt"]},{"damage_healed":17.0,"max_hp_gain":0.0,"max_hp_loss":0.0,"gold_gain":0.0,"event_name":"The Cleric","player_choice":"Healed","floor":11.0,"gold_loss":35.0,"damage_taken":0.0},{"damage_healed":0.0,"max_hp_gain":0.0,"max_hp_loss":0.0,"gold_gain":0.0,"event_name":"Shining Light","player_choice":"Ignored","floor":13.0,"gold_loss":0.0,"damage_taken":0.0}],"is_beta":false,"boss_relics":[{"not_picked":["SlaversCollar","Busted Crown"],"picked":"Pandora\u0027s Box"}],"items_purged_floors":[],"is_endless":false,"potions_floor_spawned":[1,6,14,16],"killed_by":"2 Thieves","ascension_level":19}}