{"host":"8anmd7ibyxevnonj","time":1611843760,"event":{"mods":["BaseMod","Curses Come First","Downfall","Minty Spire (QoL Compilation)","StSLib"],"gold_per_floor":[99,99,99,99,99,119,119,135,135,148,148,179,279,95,113,210,210,210,230,230,12,12,12,57,57,75,101,1,0,11,31,43,43,43,43],"floor_reached":33,"language":"ENG","playtime":3056,"items_purged":[],"score":513,"play_id":"c01c87b3-8313-4a6b-a57c-c9539a88d1cf","local_time":"20210128152240","is_ascension_mode":false,"campfire_choices":[{"data":"sneckomod:TailWhip","floor":1,"key":"SMITH"},{"data":"sneckomod:Unknown2Cost","floor":9,"key":"SMITH"},{"data":"sneckomod:MasterEye","floor":18,"key":"SMITH"},{"data":"sneckomod:CheapStock","floor":23,"key":"SMITH"},{"data":"sneckomod:UnknownRareSkill","floor":25,"key":"SMITH"},{"floor":28,"key":"RECALL"}],"circlet_count":0,"master_deck":["sneckomod:Strike+1","sneckomod:Defend","sneckomod:Defend","sneckomod:TailWhip+1","sneckomod:SnekBite","sneckomod:Unknown","sneckomod:Unknown+1","sneckomod:Unknown1Cost","sneckomod:SerpentIdol+1","sneckomod:DefensiveFlair","sneckomod:Unknown2Cost+1","sneckomod:SnakeSap+1","sneckomod:UnknownCommonAttack+1","sneckomod:Unknown1Cost","sneckomod:SlitherStrike+1","sneckomod:IronFang+1","hexamod:FirstSeal","sneckomod:QuickBite+1","sneckomod:MasterEye+1","expansioncontent:LastStand","sneckomod:SoulCleanse","sneckomod:MorePower","sneckomod:UnknownClassHEXA_GHOST_PURPLE+1","sneckomod:UnknownClassHEXA_GHOST_PURPLE","sneckomod:UnknownClassHEXA_GHOST_PURPLE","sneckomod:UnknownClassHEXA_GHOST_PURPLE","sneckomod:UnknownClassHEXA_GHOST_PURPLE+1","hexamod:GhostflameBarrier","sneckomod:UnknownUncommonPower+1","sneckomod:IronFang+1","Pride","hexamod:BacktrackSmack+1","sneckomod:UnknownRareAttack+1","sneckomod:Unknown2Cost+1","sneckomod:CheapStock+1","Decay","downfall:Malfunctioning","downfall:Aged","Doubt","Shame","sneckomod:UnknownRareSkill+1","Doubt","hexamod:VolcanoVisage","sneckomod:UnknownStrike+1","sneckomod:WideSting+1","hexamod:GhostOfSpirePresent","sneckomod:UnknownRarePower+1","sneckomod:UnknownRareAttack+1","hexamod:PowerFromBeyond","hexamod:SoulSteal","sneckomod:WideSting+1","hexamod:VolcanoVisage","hexamod:SecondSeal","hexamod:SixthSeal","sneckomod:UnknownRareSkill+1","sneckomod:SlitherStrike+1","sneckomod:CheapStock"],"relics":["sneckomod:SneckoSoul","downfall:HeartsMalice","FaceOfCleric","Molten Egg 2","Mummified Hand","sneckomod:SneckoBoss","Matryoshka","Vajra","Cursed Key","Lantern","Bag of Marbles","Mercury Hourglass","downfall:HeartBlessingGreen"],"acts_visited":["Exordium","TheCity"],"potions_floor_usage":[8,12,13,13,21,30,32,32,32,32,33,33],"damage_taken":[{"damage":0,"enemies":"Jaw Worm","floor":2,"turns":1},{"damage":0,"enemies":"Cultist","floor":3,"turns":1},{"damage":0,"enemies":"Small Slimes","floor":4,"turns":1},{"damage":0,"enemies":"Large Slime","floor":6,"turns":5},{"damage":24,"enemies":"Exordium Thugs","floor":8,"turns":8},{"damage":0,"enemies":"Exordium Wildlife","floor":10,"turns":2},{"damage":17,"enemies":"3 Sentries","floor":12,"turns":7},{"damage":30,"enemies":"downfall:Heads","floor":13,"turns":5},{"damage":0,"enemies":"downfall:FleeingMerchant","floor":14,"turns":4},{"damage":12,"enemies":"Gremlin Gang","floor":15,"turns":4},{"damage":0,"enemies":"WA_ARCHETYPE_RETAIN","floor":16,"turns":4},{"damage":9,"enemies":"3 Byrds","floor":19,"turns":5},{"damage":3,"enemies":"downfall:FleeingMerchant","floor":21,"turns":4},{"damage":27,"enemies":"Shell Parasite","floor":26,"turns":7},{"damage":29,"enemies":"Gremlin Leader","floor":27,"turns":8},{"damage":20,"enemies":"downfall:FleeingMerchant","floor":29,"turns":4},{"damage":10,"enemies":"Chosen and Byrds","floor":30,"turns":6},{"damage":15,"enemies":"Snecko","floor":31,"turns":4},{"damage":0,"enemies":"Centurion and Healer","floor":32,"turns":5},{"damage":45,"enemies":"SI_MIRROR_ARCHETYPE","floor":33,"turns":4}],"seed_played":"8138622381514610495","potions_obtained":[{"floor":6,"key":"SkillPotion"},{"floor":10,"key":"sneckomod:DiceRollPotion"},{"floor":10,"key":"SkillPotion"},{"floor":12,"key":"SkillPotion"},{"floor":16,"key":"Swift Potion"},{"floor":27,"key":"Slimebound:ThreeZeroPotion"},{"floor":27,"key":"GamblersBrew"},{"floor":29,"key":"EntropicBrew"},{"floor":30,"key":"Regen Potion"},{"floor":31,"key":"Block Potion"},{"floor":32,"key":"Slimebound:ThreeZeroPotion"}],"is_trial":false,"path_per_floor":["R","M","M","M","?","M","T","M","R","M","?","E","?","$","M","B",null,"R","M","?","$","?","R","T","R","M","E","R","$","M","M","M","B"],"character_chosen":"THE_SNECKO","items_purchased":["sneckomod:MasterEye","expansioncontent:LastStand","sneckomod:CheapStock","Vajra"],"campfire_rested":0,"item_purchase_floors":[14,14,21,21],"current_hp_per_floor":[90,90,90,90,90,91,91,68,68,69,69,53,24,25,21,22,98,98,97,97,100,100,100,100,100,81,60,60,41,39,25,40,0,0,0],"gold":43,"neow_bonus":"THREE_ENEMY_KILL","is_daily":false,"chose_seed":false,"campfire_upgraded":5,"win_rate":0.0,"timestamp":1611843760,"path_taken":["R","M","M","M","?","M","T","M","R","?","?","E","?","$","M","BOSS","R","M","?","$","?","R","T","R","?","E","R","$","M","M","M","BOSS"],"items_purchased_type":["Card","Card","Card","Relic"],"build_version":"2020-12-13","purchased_purges":0,"victory":false,"max_hp_per_floor":[90,90,90,90,90,91,91,92,92,93,93,94,95,96,97,98,98,98,99,99,100,100,100,100,100,101,102,102,103,104,105,106,106,106,106],"card_choices":[{"not_picked":["sneckomod:UnknownDraw","sneckomod:UnknownCommonSkill"],"picked":"sneckomod:Unknown1Cost","floor":2},{"not_picked":["sneckomod:UnknownDraw","sneckomod:DefensiveFlair"],"picked":"sneckomod:SerpentIdol","floor":3},{"not_picked":["sneckomod:ImprovisedGuard","sneckomod:QuickBite"],"picked":"sneckomod:DefensiveFlair","floor":4},{"not_picked":["sneckomod:UnknownDraw","sneckomod:UnknownCommonAttack"],"picked":"sneckomod:Unknown2Cost","floor":6},{"not_picked":["sneckomod:DiceCrush+1","sneckomod:SoulDraw"],"picked":"sneckomod:SnakeSap+1","floor":8},{"not_picked":["sneckomod:SerpentIdol","sneckomod:DiceCrush+1"],"picked":"sneckomod:UnknownCommonAttack+1","floor":10},{"not_picked":["sneckomod:QuickBite+1","sneckomod:UnknownX"],"picked":"sneckomod:Unknown1Cost","floor":12},{"not_picked":["sneckomod:UnknownVulnerable","sneckomod:QuickBite+1"],"picked":"sneckomod:IronFang+1","floor":13},{"not_picked":["hexamod:FourthSeal","hexamod:SecondSeal"],"picked":"hexamod:FirstSeal","floor":14},{"not_picked":["sneckomod:MasterEye","sneckomod:Cheat"],"picked":"sneckomod:QuickBite+1","floor":14},{"not_picked":["sneckomod:DiceBoulder+1","sneckomod:DiceCrush+1"],"picked":"sneckomod:SoulCleanse","floor":15},{"not_picked":["sneckomod:Cheat","sneckomod:DangerNoodle+1"],"picked":"sneckomod:MorePower","floor":16},{"not_picked":["hexamod:GhostLash+1","hexamod:TimeWarp+1"],"picked":"hexamod:GhostflameBarrier","floor":19},{"not_picked":["sneckomod:UnknownCommonSkill+1","sneckomod:UnknownClassSLIMEBOUND+1"],"picked":"sneckomod:UnknownUncommonPower+1","floor":19},{"not_picked":["sneckomod:SoulCleanse","sneckomod:UnknownWeak"],"picked":"sneckomod:IronFang+1","floor":19},{"not_picked":["hexamod:ChargedBarrage","hexamod:ThirdSeal"],"picked":"hexamod:BacktrackSmack+1","floor":21},{"not_picked":["sneckomod:Unknown1Cost+1","sneckomod:UnknownClassPURPLE+1"],"picked":"sneckomod:UnknownRareAttack+1","floor":21},{"not_picked":["sneckomod:DiceCrush+1","sneckomod:Unknown1Cost"],"picked":"sneckomod:Unknown2Cost+1","floor":21},{"not_picked":["hexamod:ThirdSeal","hexamod:SecondSeal"],"picked":"hexamod:VolcanoVisage","floor":26},{"not_picked":["sneckomod:UnknownClassPURPLE+1","sneckomod:UnknownX+1"],"picked":"sneckomod:UnknownStrike+1","floor":26},{"not_picked":["sneckomod:UnknownX+1","sneckomod:DiceBlock+1"],"picked":"sneckomod:WideSting+1","floor":26},{"not_picked":["sneckomod:UnknownClassTHE_CHAMP_GRAY","sneckomod:SoulRoll","sneckomod:IronFang+1"],"picked":"SKIP","floor":26},{"not_picked":["hexamod:HexaLevel","hexamod:InspiringFlames"],"picked":"hexamod:GhostOfSpirePresent","floor":27},{"not_picked":["sneckomod:UnknownExhaust+1","sneckomod:Unknown+1"],"picked":"sneckomod:UnknownRarePower+1","floor":27},{"not_picked":["sneckomod:DefensiveFlair","sneckomod:ImprovisedAttack+1"],"picked":"sneckomod:UnknownRareAttack+1","floor":27},{"not_picked":["hexamod:GhostflameBarrier","hexamod:ParanormalForm"],"picked":"hexamod:PowerFromBeyond","floor":29},{"not_picked":["sneckomod:ImprovisedAttack+1","sneckomod:UnknownDraw","sneckomod:IronFang+1"],"picked":"SKIP","floor":29},{"not_picked":["hexamod:InspiringFlames","hexamod:NightmareStrike+1"],"picked":"hexamod:SoulSteal","floor":30},{"not_picked":["sneckomod:RainOfDice+1","sneckomod:UnknownClassHEXA_GHOST_PURPLE"],"picked":"sneckomod:WideSting+1","floor":30},{"not_picked":["hexamod:GhostflameInferno","hexamod:PhantomCloak"],"picked":"hexamod:VolcanoVisage","floor":31},{"not_picked":["hexamod:ThirdSeal","hexamod:FourthSeal"],"picked":"hexamod:SecondSeal","floor":31},{"not_picked":["hexamod:ThirdSeal","hexamod:FourthSeal"],"picked":"hexamod:SixthSeal","floor":31},{"not_picked":["sneckomod:UnknownClassTHE_BRONZE_AUTOMATON+1","sneckomod:UnknownExhaust+1"],"picked":"sneckomod:UnknownRareSkill+1","floor":31},{"not_picked":["sneckomod:UnendingSupply","sneckomod:UnknownBlock+1"],"picked":"sneckomod:SlitherStrike+1","floor":31},{"not_picked":["sneckomod:UnknownClassHEXA_GHOST_PURPLE","sneckomod:ImprovisedGuard+1"],"picked":"sneckomod:CheapStock","floor":32},{"not_picked":["hexamod:GhostShield","hexamod:SkipABeat","hexamod:RainOfEmbers+1"],"picked":"SKIP","floor":32}],"player_experience":58453,"relics_obtained":[{"floor":7,"key":"Molten Egg 2"},{"floor":12,"key":"Mummified Hand"},{"floor":24,"key":"Lantern"},{"floor":24,"key":"Bag of Marbles"},{"floor":27,"key":"Mercury Hourglass"}],"event_choices":[{"damage_healed":0,"gold_gain":0,"player_choice":"Trade","damage_taken":0,"relics_obtained":["FaceOfCleric"],"max_hp_gain":0,"max_hp_loss":0,"event_name":"FaceTrader","floor":5,"gold_loss":0},{"damage_healed":0,"gold_gain":0,"player_choice":"Stole Relic","damage_taken":0,"relics_obtained":["Matryoshka"],"max_hp_gain":0,"max_hp_loss":0,"event_name":"Addict","floor":20,"gold_loss":0,"cards_obtained":["Pride"]}],"is_beta":false,"boss_relics":[{"not_picked":["bronze:MakeshiftBattery","Tiny House"],"picked":"sneckomod:SneckoBoss"}],"items_purged_floors":[],"is_endless":false,"potions_floor_spawned":[6,10,12,16,27,30,31,32],"killed_by":"SI_MIRROR_ARCHETYPE","ascension_level":0}}