{"host":"lblchrha3vh2nram","time":1611878093,"event":{"mods":["BaseMod","Bestiary","Better Altar","Better Skull","Better Third Choice","ChefMod","Downfall","Evolution","Hermit","Highlight Path","Minty Spire (QoL Compilation)","Potionbrewer","Shade Mod","Spicy Shops","StSLib","The Blue Laboratory","The Bug Knight","The Dragon Tamer","The Elementalist","The Hierophant","The Kombatant","The Marked","????"],"gold_per_floor":[99,99,99,99,119,119,119,129,229,229,259,259,270,281,300,401,401,401,417,427,437,437,454,479,507,507,507,507],"floor_reached":26,"language":"ENG","playtime":2376,"items_purged":[],"score":218,"play_id":"f2e4579d-87a7-44d3-93c0-378e4f91b6d5","local_time":"20210128185453","is_ascension_mode":false,"campfire_choices":[{"data":"Slimebound:CorrosiveSpit","floor":1,"key":"SMITH"},{"data":"Slimebound:ForwardTackle","floor":6,"key":"SMITH"},{"floor":12,"key":"REST"},{"data":"Slimebound:MassFeed","floor":18,"key":"SMITH"}],"circlet_count":0,"master_deck":["Slimebound:Strike_Slimebound","Slimebound:Strike_Slimebound","Slimebound:Strike_Slimebound+1","Slimebound:Tackle","Slimebound:Defend_Slimebound","Slimebound:Defend_Slimebound","Slimebound:Defend_Slimebound+1","Slimebound:Defend_Slimebound","Slimebound:Split","Slimebound:CorrosiveSpit+1","Slimebound:SplitLeeching","Slimebound:LeechingTouch+1","Slimebound:ForwardTackle+1","Slimebound:Equalize","downfall:Malfunctioning","Slimebound:SpikyOuterGoop","Slimebound:SplitAcid","Slimebound:SlimeSpikes","Slimebound:MassFeed+1","Slimebound:SplitBruiser","Slimebound:SplitBruiser+1","Slimebound:LeadByExample","Slimebound:MassRepurpose"],"relics":["Slimebound:AbsorbEndCombat","EVO:Axolotl","downfall:HeartsMalice","InkBottle","Anchor","Slimebound:TarBlob","Bag of Marbles","Oddly Smooth Stone"],"acts_visited":["Exordium","TheCity"],"potions_floor_usage":[13,16,16,16,20,21],"damage_taken":[{"damage":0,"enemies":"Cultist","floor":2,"turns":1},{"damage":0,"enemies":"Jaw Worm","floor":3,"turns":1},{"damage":0,"enemies":"2 Louse","floor":4,"turns":1},{"damage":13,"enemies":"Exordium Thugs","floor":5,"turns":6},{"damage":57,"enemies":"Gremlin Gang","floor":8,"turns":4},{"damage":1,"enemies":"Blue Slaver","floor":13,"turns":5},{"damage":1,"enemies":"3 Louse","floor":14,"turns":4},{"damage":18,"enemies":"Exordium Thugs","floor":15,"turns":4},{"damage":31,"enemies":"WA_ARCHETYPE_RETAIN","floor":16,"turns":9},{"damage":5,"enemies":"Chosen","floor":19,"turns":5},{"damage":6,"enemies":"Shell Parasite","floor":20,"turns":5},{"damage":1,"enemies":"Cultist and Chosen","floor":21,"turns":5},{"damage":7,"enemies":"Snake Plant","floor":23,"turns":4},{"damage":44,"enemies":"Slavers","floor":25,"turns":5},{"damage":37,"enemies":"Shelled Parasite and Fungi","floor":26,"turns":3}],"seed_played":"76346030560508586","potions_obtained":[{"floor":5,"key":"potionbrewer:FreezingPotion"},{"floor":8,"key":"SkillPotion"},{"floor":14,"key":"potionbrewer:NoxiousPotion"},{"floor":15,"key":"blueLaboratory:BottleOfRum"},{"floor":16,"key":"Slimebound:SlimedPotion"},{"floor":19,"key":"blueLaboratory:FruitPunch"},{"floor":20,"key":"blueLaboratory:NullPotion"},{"floor":25,"key":"BlessingOfTheForge"}],"is_trial":false,"path_per_floor":["R","M","M","M","M","R","T","M","?","?","?","R","M","M","M","B",null,"R","M","M","M","?","M","T","E","M"],"character_chosen":"SLIMEBOUND","items_purchased":[],"campfire_rested":1,"item_purchase_floors":[],"current_hp_per_floor":[65,65,65,65,56,56,56,3,3,3,3,22,27,30,18,3,65,65,62,63,67,67,64,64,26,0,0,0],"gold":507,"neow_bonus":"THREE_ENEMY_KILL","is_daily":false,"chose_seed":false,"campfire_upgraded":3,"win_rate":0.0,"timestamp":1611878093,"path_taken":["R","M","M","M","M","R","T","M","?","?","?","R","?","M","M","BOSS","R","M","?","M","?","?","T","E","M"],"items_purchased_type":[],"build_version":"2020-12-22","purchased_purges":0,"victory":false,"max_hp_per_floor":[65,65,65,65,65,65,65,65,65,65,65,65,65,65,65,65,65,65,65,67,67,67,67,67,67,67,67,67],"card_choices":[{"not_picked":["Slimebound:GoopTackle","Slimebound:ComboTackle"],"picked":"Slimebound:SplitLeeching","floor":2},{"not_picked":["Slimebound:ComboTackle","Slimebound:SamplingLick"],"picked":"Slimebound:LeechingTouch","floor":3},{"not_picked":["Slimebound:PressTheAttack","Slimebound:Overexert","Slimebound:AcidTongue"],"picked":"SKIP","floor":4},{"not_picked":["Slimebound:MegaLick","Slimebound:ComboTackle"],"picked":"Slimebound:ForwardTackle","floor":5},{"not_picked":["Slimebound:GoopTackle","Slimebound:Gluttony"],"picked":"Slimebound:Equalize","floor":8},{"not_picked":["Slimebound:FormOfPuddle","Slimebound:PressTheAttack"],"picked":"Slimebound:SpikyOuterGoop","floor":13},{"not_picked":["Slimebound:Prepare","Slimebound:Schlurp"],"picked":"Slimebound:SplitAcid","floor":14},{"not_picked":["Slimebound:FinishingTackle","Slimebound:SplitMire"],"picked":"Slimebound:SlimeSpikes","floor":15},{"not_picked":["Slimebound:CheckThePlaybook","Slimebound:DouseInSlime"],"picked":"Slimebound:MassFeed","floor":16},{"not_picked":["Slimebound:RainOfGoop","Slimebound:FinishingTackle"],"picked":"Slimebound:SplitBruiser","floor":19},{"not_picked":["Slimebound:PressTheAttack","Slimebound:Replication"],"picked":"Slimebound:SplitBruiser+1","floor":20},{"not_picked":["Slimebound:SplitMire","Slimebound:ComboTackle+1","Slimebound:Schlurp"],"picked":"SKIP","floor":21},{"not_picked":["Slimebound:Repurpose","Slimebound:DisruptingSlam"],"picked":"Slimebound:LeadByExample","floor":23},{"not_picked":["Slimebound:GrowthPunch+1","Slimebound:SamplingLick"],"picked":"Slimebound:MassRepurpose","floor":25}],"player_experience":59179,"relics_obtained":[{"floor":7,"key":"InkBottle"},{"floor":24,"key":"Bag of Marbles"},{"floor":25,"key":"Oddly Smooth Stone"}],"event_choices":[{"damage_healed":0,"gold_gain":0,"player_choice":"Ignored","damage_taken":0,"max_hp_gain":0,"max_hp_loss":0,"event_name":"NoteForYourself","floor":22,"gold_loss":0}],"is_beta":false,"boss_relics":[{"not_picked":["Snecko Eye","Fusion Hammer"],"picked":"Slimebound:TarBlob"}],"items_purged_floors":[],"is_endless":false,"potions_floor_spawned":[5,8,14,15,16,19,20,25],"killed_by":"Shelled Parasite and Fungi","ascension_level":0}}