{"host":"j1lpsl3dsviy43h8","time":1611792513,"event":{"mods":["AchievementEnabler","BaseMod","BetterRewards","Card Forge","Duelist Mod","GifTheSpireLib","Minty Spire (QoL Compilation)","Shop Mod","StSLib","The Wild Card"],"gold_per_floor":[114,114,132,64,78,88,88,116,116,116,116,116,126,140,140,242,242,253,352,366,381,381,413,413,448,448,448,464,483,483,73,73,176,176,196,196,209,223,233,233,233,261,261,288,307,307,307,150,150,150],"floor_reached":51,"language":"ENG","playtime":2066,"items_purged":[],"score":827,"play_id":"bf17b0db-9edd-438f-8673-b3bf4fa10b82","local_time":"20210127190833","is_ascension_mode":false,"campfire_choices":[{"data":"theWildCard:SeveringSlash","floor":7,"key":"SMITH"},{"floor":12,"key":"REST"},{"floor":15,"key":"REST"},{"floor":24,"key":"REST"},{"floor":27,"key":"REST"},{"floor":32,"key":"REST"},{"floor":40,"key":"REST"},{"floor":47,"key":"REST"},{"floor":49,"key":"REST"}],"circlet_count":0,"master_deck":["theWildCard:BasicStrike+1","theWildCard:BasicDefend+1","theWildCard:BasicDefend+1","theWildCard:CallToAdventure+1","theWildCard:SeveringSlash+1","theWildCard:MaskChange+1","theWildCard:AllOutAttack+1","theWildCard:Attunement+1","theWildCard:Attunement+1","theWildCard:SeveringSlash+1","theWildCard:Overwhelm+1","theWildCard:ManOfManyFaces+1","theWildCard:Lucifer+1","theWildCard:Lucifer","theWildCard:Lucifer","theWildCard:PowerOfTheArcana+1"],"relics":["theWildCard:VelvetContract","Hammer of Thor","Seething Fire","Anvil of the Gods","NeowsBlessing","Molten Egg 2","Bag of Preparation","Pantograph","theWildCard:FigureOfDeath","MutagenicStrength","Lantern","Red Mask","Meat on the Bone","Nilry\u0027s Codex","Regal Pillow","theWildCard:MemoriesOfPhantasm","theWildCard:Wildcard","Potion Belt","Gremlin Horn","Torii","PreservedInsect"],"acts_visited":["Exordium","TheCity","TheBeyond"],"potions_floor_usage":[50,50],"damage_taken":[{"damage":0,"enemies":"Small Slimes","floor":1,"turns":1},{"damage":0,"enemies":"2 Louse","floor":3,"turns":1},{"damage":0,"enemies":"Cultist","floor":5,"turns":1},{"damage":0,"enemies":"Looter","floor":6,"turns":2},{"damage":10,"enemies":"Lagavulin","floor":8,"turns":6},{"damage":0,"enemies":"2 Fungi Beasts","floor":13,"turns":2},{"damage":0,"enemies":"Large Slime","floor":14,"turns":6},{"damage":0,"enemies":"Hexaghost","floor":16,"turns":6},{"damage":1,"enemies":"Spheric Guardian","floor":18,"turns":3},{"damage":9,"enemies":"2 Thieves","floor":20,"turns":3},{"damage":21,"enemies":"Snake Plant","floor":21,"turns":4},{"damage":15,"enemies":"Book of Stabbing","floor":23,"turns":4},{"damage":25,"enemies":"Masked Bandits","floor":25,"turns":4},{"damage":0,"enemies":"Snecko","floor":28,"turns":4},{"damage":4,"enemies":"Centurion and Healer","floor":29,"turns":3},{"damage":5,"enemies":"Automaton","floor":33,"turns":7},{"damage":22,"enemies":"Orb Walker","floor":35,"turns":3},{"damage":3,"enemies":"3 Shapes","floor":37,"turns":2},{"damage":15,"enemies":"Writhing Mass","floor":38,"turns":3},{"damage":13,"enemies":"Sphere and 2 Shapes","floor":39,"turns":2},{"damage":3,"enemies":"Nemesis","floor":42,"turns":3},{"damage":29,"enemies":"Reptomancer","floor":44,"turns":3},{"damage":2,"enemies":"Jaw Worm Horde","floor":45,"turns":3},{"damage":25,"enemies":"Awakened One","floor":50,"turns":3}],"seed_played":"180989254693856745","potions_obtained":[{"floor":5,"key":"FearPotion"},{"floor":8,"key":"Fire Potion"},{"floor":16,"key":"Swift Potion"},{"floor":28,"key":"PowerPotion"},{"floor":45,"key":"CultistPotion"}],"is_trial":false,"path_per_floor":["M","?","M","?","M","M","R","E","T","?","?","R","M","M","R","B",null,"M","?","M","M","?","E","R","?","T","R","M","M","?","$","R","B",null,"M","$","M","M","M","R","?","E","T","E","M","?","R","$","R","B",null],"character_chosen":"THE_WILD_CARD","items_purchased":["Regal Pillow","theWildCard:MemoriesOfPhantasm","PreservedInsect"],"campfire_rested":8,"item_purchase_floors":[31,31,48],"current_hp_per_floor":[60,60,60,60,60,60,60,50,50,50,50,60,60,60,60,60,60,59,59,50,29,29,14,32,7,7,25,37,33,17,17,50,55,60,38,38,35,32,31,60,60,57,57,40,38,38,60,60,60,35],"gold":150,"neow_bonus":"THREE_ENEMY_KILL","is_daily":false,"chose_seed":false,"campfire_upgraded":1,"win_rate":0.0,"timestamp":1611792513,"path_taken":["M","?","M","?","?","M","R","E","T","?","?","R","M","M","R","BOSS","M","?","M","M","?","E","R","?","T","R","M","M","?","$","R","BOSS","M","$","M","M","M","R","?","E","T","E","?","?","R","?","R","BOSS"],"items_purchased_type":["Relic","Relic","Relic"],"build_version":"2020-12-22","purchased_purges":0,"victory":true,"max_hp_per_floor":[60,60,60,60,60,60,60,60,60,60,60,60,60,60,60,60,60,60,60,60,60,60,60,60,60,60,60,60,60,60,60,60,60,60,60,60,60,60,60,60,60,60,60,60,60,60,60,60,60,60],"card_choices":[{"not_picked":["theWildCard:Unburden","theWildCard:SeveringSlash"],"picked":"theWildCard:Alice","floor":1},{"not_picked":["theWildCard:PaleRider","theWildCard:Sakuya"],"picked":"theWildCard:SeveringSlash","floor":3},{"not_picked":["theWildCard:Sakuya","theWildCard:PaleRider"],"picked":"theWildCard:StingingStrike+1","floor":5},{"not_picked":["theWildCard:ShieldOfMany","theWildCard:StalwartBlade+1"],"picked":"theWildCard:MaskChange","floor":6},{"not_picked":["theWildCard:Metatron","theWildCard:SeveringSlash+1"],"picked":"theWildCard:AllOutAttack+1","floor":8},{"not_picked":["theWildCard:Loki","theWildCard:ManOfManyFaces"],"picked":"theWildCard:Attunement","floor":13},{"not_picked":["theWildCard:MaskChange","theWildCard:Loki"],"picked":"theWildCard:ArcaneArts","floor":14},{"not_picked":["theWildCard:AllOutAttack+1","theWildCard:Caesar"],"picked":"theWildCard:FuelForTheFire","floor":16},{"not_picked":["theWildCard:Patience","theWildCard:Michael","theWildCard:ArcaneArts"],"picked":"SKIP","floor":18},{"not_picked":["theWildCard:SacrificialStroke+1","theWildCard:Sakuya","theWildCard:Polydeuces"],"picked":"SKIP","floor":20},{"not_picked":["theWildCard:ArchaicAssault+1","theWildCard:IdentityTheft+1"],"picked":"theWildCard:Attunement+1","floor":21},{"not_picked":["theWildCard:ArcaneArts","theWildCard:Polydeuces+1"],"picked":"theWildCard:SeveringSlash+1","floor":23},{"not_picked":["theWildCard:Patience","theWildCard:Impatience","theWildCard:Michael"],"picked":"SKIP","floor":28},{"not_picked":["theWildCard:StingingStrike+1","theWildCard:Safeguard","theWildCard:LadyLuck+1"],"picked":"SKIP","floor":29},{"not_picked":["theWildCard:Thanatos","theWildCard:FuelForTheFire"],"picked":"theWildCard:Overwhelm+1","floor":33},{"not_picked":["theWildCard:ArcanaArtistry","theWildCard:Michael"],"picked":"theWildCard:MagicalMight+1","floor":35},{"not_picked":["theWildCard:ArcaneArts+1","theWildCard:ArchaicAssault+1","theWildCard:Sakuya"],"picked":"SKIP","floor":37},{"not_picked":["theWildCard:StingingStrike+1","theWildCard:MagicMettle","theWildCard:FuelForTheFire"],"picked":"SKIP","floor":38},{"not_picked":["theWildCard:Michael","theWildCard:Polydeuces"],"picked":"theWildCard:PowerOfTheArcana+1","floor":39},{"not_picked":["theWildCard:Proficiency","theWildCard:SacrificialStroke+1","theWildCard:Loki"],"picked":"SKIP","floor":42},{"not_picked":["theWildCard:SacrificialStroke+1","theWildCard:StalwartBlade+1","theWildCard:ArcaneArts+1"],"picked":"SKIP","floor":44},{"not_picked":["theWildCard:MaskChange+1","theWildCard:SacrificialStroke+1","theWildCard:StalwartBlade+1"],"picked":"SKIP","floor":45}],"player_experience":344795,"relics_obtained":[{"floor":8,"key":"Bag of Preparation"},{"floor":9,"key":"Pantograph"},{"floor":23,"key":"Lantern"},{"floor":25,"key":"Red Mask"},{"floor":26,"key":"Meat on the Bone"},{"floor":30,"key":"Nilry\u0027s Codex"},{"floor":42,"key":"Potion Belt"},{"floor":43,"key":"Gremlin Horn"},{"floor":44,"key":"Torii"}],"event_choices":[{"damage_healed":0,"gold_gain":0,"player_choice":"Leave","damage_taken":0,"max_hp_gain":0,"max_hp_loss":0,"event_name":"The Cleric","floor":2,"gold_loss":0},{"damage_healed":0,"gold_gain":0,"player_choice":"Paid Gold","damage_taken":0,"relics_obtained":["Molten Egg 2"],"max_hp_gain":0,"max_hp_loss":0,"event_name":"WeMeetAgain","floor":4,"gold_loss":68},{"damage_healed":0,"gold_gain":0,"player_choice":"Grow","damage_taken":0,"max_hp_gain":0,"max_hp_loss":0,"event_name":"Living Wall","floor":10,"gold_loss":0,"cards_upgraded":["theWildCard:MaskChange"]},{"damage_healed":0,"gold_gain":99,"player_choice":"Stole From Cult","damage_taken":0,"max_hp_gain":0,"max_hp_loss":0,"event_name":"Nest","floor":19,"gold_loss":0},{"damage_healed":0,"gold_gain":0,"player_choice":"Inject Mutagens","damage_taken":0,"relics_obtained":["MutagenicStrength"],"max_hp_gain":0,"max_hp_loss":0,"event_name":"Drug Dealer","floor":22,"gold_loss":0},{"damage_healed":0,"gold_gain":0,"player_choice":"Fought Bandits","damage_taken":0,"max_hp_gain":0,"max_hp_loss":0,"event_name":"Masked Bandits","floor":25,"gold_loss":0},{"damage_healed":0,"gold_gain":0,"player_choice":"Obtained Book","damage_taken":16,"max_hp_gain":0,"max_hp_loss":0,"event_name":"Cursed Tome","floor":30,"gold_loss":0},{"damage_healed":0,"gold_gain":0,"player_choice":"Ignored","damage_taken":0,"max_hp_gain":0,"max_hp_loss":0,"event_name":"SecretPortal","floor":41,"gold_loss":0},{"cards_removed":["theWildCard:BasicStrike"],"damage_healed":0,"gold_gain":0,"player_choice":"Removed Attack","damage_taken":0,"max_hp_gain":0,"max_hp_loss":0,"event_name":"Falling","floor":46,"gold_loss":0}],"is_beta":false,"boss_relics":[{"not_picked":["Velvet Choker","SacredBark"],"picked":"theWildCard:FigureOfDeath"},{"not_picked":["Empty Cage","Tiny House"],"picked":"theWildCard:Wildcard"}],"items_purged_floors":[],"is_endless":false,"potions_floor_spawned":[5,8,16,20,25,28,33,37,38,39,45],"ascension_level":0}}