{"host":"y7b1p9nkx4idorr2","time":1611832488,"event":{"mods":["AchievementEnabler","Act Like it!","BaseMod","Colored Map","Downfall","GifTheSpireLib","Googly Eyes","Highlight Path","Mimic Mod","Minty Spire (QoL Compilation)","Shop Mod","Spicy Shops","StSLib","Unceasing Turn Reminder"],"gold_per_floor":[99,109,125,125,145,175,223,223,233,250,50,66,66,80,93,93,93,93],"floor_reached":16,"language":"ENG","playtime":1007,"items_purged":[],"score":136,"play_id":"8f941d8e-3403-4fe4-9645-b5465c4e836a","local_time":"20210128051448","is_ascension_mode":true,"campfire_choices":[{"floor":1,"key":"RECALL"},{"data":"Guardian:PrismaticBarrier","floor":11,"key":"SMITH"},{"data":"Guardian:GemFinder","floor":13,"key":"SMITH"}],"circlet_count":0,"master_deck":["Guardian:Strike_Guardian","Guardian:Strike_Guardian","Guardian:Strike_Guardian","Guardian:Strike_Guardian","Guardian:Defend_Guardian","Guardian:Defend_Guardian","Guardian:Defend_Guardian","Guardian:Defend_Guardian","Guardian:CurlUp","Guardian:TwinSlam","Guardian:Gem_Red","Guardian:Gem_Green","Guardian:VentSteam","Guardian:PrismaticBarrier+1","Guardian:PolyBeam","Guardian:GemFinder+1","Guardian:Gem_Red","Guardian:Gem_Cyan","Guardian:SentryBeam"],"relics":["Guardian:ModeShifter","Guardian:PickAxe","Oddly Smooth Stone","Bag of Marbles","FaceOfCleric","downfall:HeartBlessingRed","downfall:HeartBlessingGreen"],"acts_visited":["Exordium"],"potions_floor_usage":[6,10,14,16,16],"damage_taken":[{"damage":2,"enemies":"Small Slimes","floor":2,"turns":5},{"damage":0,"enemies":"2 Louse","floor":3,"turns":2},{"damage":6,"enemies":"2 Louse","floor":4,"turns":6},{"damage":1,"enemies":"Cultist","floor":5,"turns":4},{"damage":4,"enemies":"Lagavulin","floor":6,"turns":9},{"damage":8,"enemies":"2 Fungi Beasts","floor":9,"turns":4},{"damage":17,"enemies":"Exordium Wildlife","floor":10,"turns":8},{"damage":5,"enemies":"Blue Slaver","floor":12,"turns":3},{"damage":0,"enemies":"3 Louse","floor":14,"turns":2},{"damage":0,"enemies":"2 Fungi Beasts","floor":15,"turns":3},{"damage":34,"enemies":"DF_ARCHETYPE_STREAMLINE","floor":16,"turns":10}],"seed_played":"3072676448551816433","potions_obtained":[{"floor":2,"key":"AttackPotion"},{"floor":6,"key":"LiquidMemories"},{"floor":10,"key":"Fire Potion"},{"floor":12,"key":"FearPotion"},{"floor":14,"key":"Regen Potion"}],"is_trial":false,"path_per_floor":["R","M","M","?","M","E","T","?","M","M","R","M","R","M","M","B"],"character_chosen":"GUARDIAN","items_purchased":[],"campfire_rested":0,"item_purchase_floors":[],"current_hp_per_floor":[72,70,70,46,45,41,41,41,34,18,18,14,14,15,16,0,0,0],"gold":93,"neow_bonus":"TWENTY_PERCENT_HP_BONUS","is_daily":false,"chose_seed":false,"campfire_upgraded":2,"win_rate":0.0,"timestamp":1611832488,"path_taken":["R","M","M","?","M","E","T","?","?","M","R","M","R","M","M","BOSS"],"items_purchased_type":[],"build_version":"2020-12-22","purchased_purges":0,"victory":false,"max_hp_per_floor":[96,96,96,96,96,96,96,96,97,98,98,99,99,100,101,101,101,101],"card_choices":[{"not_picked":["Guardian:ChargeCore","Guardian:WalkerClaw"],"picked":"Guardian:Gem_Blue","floor":2},{"not_picked":["Guardian:Recover","Guardian:Planning"],"picked":"Guardian:Gem_Red","floor":3},{"not_picked":["Guardian:Clone","Guardian:Gem_Green"],"picked":"Guardian:Gem_Cyan","floor":5},{"not_picked":["Guardian:Gem_Cyan","Guardian:TemporalShield"],"picked":"Guardian:VentSteam","floor":6},{"not_picked":["Guardian:TemporalShield","Guardian:Incinerate"],"picked":"Guardian:PrismaticBarrier","floor":9},{"not_picked":["Guardian:RollAttack","Guardian:Harden"],"picked":"Guardian:PolyBeam","floor":10},{"not_picked":["Guardian:PiercingHide","Guardian:Planning"],"picked":"Guardian:GemFinder","floor":12},{"not_picked":["Guardian:PrismaticBarrier","Guardian:CrystalBeam"],"picked":"Guardian:Gem_Red","floor":14},{"not_picked":["Guardian:Gem_Lightblue","Guardian:Gem_Green"],"picked":"Guardian:Gem_Cyan","floor":15},{"not_picked":["Guardian:ShieldSpikes","Guardian:Incinerate"],"picked":"Guardian:SentryBeam","floor":15}],"player_experience":2206801,"relics_obtained":[{"floor":6,"key":"Oddly Smooth Stone"},{"floor":7,"key":"Bag of Marbles"}],"event_choices":[{"damage_healed":0,"gold_gain":0,"player_choice":"Trade","damage_taken":0,"relics_obtained":["FaceOfCleric"],"max_hp_gain":0,"max_hp_loss":0,"event_name":"FaceTrader","floor":8,"gold_loss":0}],"is_beta":false,"boss_relics":[],"items_purged_floors":[],"is_endless":false,"potions_floor_spawned":[2,4,6,10,12,14],"killed_by":"DF_ARCHETYPE_STREAMLINE","ascension_level":1}}