{"host":"t7mx8yfj1no5p62f","time":1611813600,"event":{"mods":["BaseMod","Colored Map","Colored Powertips","Minty Spire (QoL Compilation)","Relic Stats","StSLib"],"gold_per_floor":[211,223,236,236,35,35,67,67,117,127,160,172,187,187,187,261,261,278,278,293,79,99,124,124,139,139,239,239,71,81,81,81],"floor_reached":31,"language":"ENG","playtime":1312,"items_purged":["Strike_R","Strike_R"],"score":534,"play_id":"dff6cae5-0d76-4b1f-8328-36fbf2eda54f","local_time":"20210128010000","is_ascension_mode":true,"campfire_choices":[{"data":"Inflame","floor":6.0,"key":"SMITH"},{"data":"Hemokinesis","floor":8.0,"key":"SMITH"},{"data":"True Grit","floor":15.0,"key":"SMITH"},{"floor":24,"key":"REST"}],"circlet_count":0,"master_deck":["AscendersBane","Strike_R","Strike_R","Defend_R","Defend_R+1","Defend_R","Defend_R","Bash","Hemokinesis+1","True Grit+1","Flame Barrier+1","Inflame+1","Anger","Evolve","Corruption","Anger","Offering","Dark Embrace","True Grit","Burning Pact","Shrug It Off","Feel No Pain+1","Dual Wield"],"relics":["Burning Blood","FaceOfCleric","War Paint","Orichalcum","Pen Nib","Fusion Hammer","Ornamental Fan","Vajra","Turnip","Frozen Egg 2","Bag of Preparation"],"acts_visited":["Exordium","TheCity"],"potions_floor_usage":[18,23,27],"damage_taken":[{"damage":2.0,"enemies":"Cultist","floor":1.0,"turns":4.0},{"damage":15.0,"enemies":"2 Louse","floor":2.0,"turns":3.0},{"damage":5.0,"enemies":"Small Slimes","floor":3.0,"turns":3.0},{"damage":38.0,"enemies":"3 Sentries","floor":7.0,"turns":13.0},{"damage":5.0,"enemies":"Looter","floor":10.0,"turns":3.0},{"damage":22.0,"enemies":"Gremlin Nob","floor":11.0,"turns":4.0},{"damage":0.0,"enemies":"3 Louse","floor":12.0,"turns":4.0},{"damage":6.0,"enemies":"Gremlin Gang","floor":13.0,"turns":4.0},{"damage":25.0,"enemies":"Hexaghost","floor":16.0,"turns":9.0},{"damage":14,"enemies":"Shell Parasite","floor":18,"turns":4},{"damage":8,"enemies":"Chosen","floor":20,"turns":3},{"damage":23,"enemies":"Snake Plant","floor":22,"turns":4},{"damage":17,"enemies":"Slavers","floor":23,"turns":4},{"damage":36,"enemies":"Shelled Parasite and Fungi","floor":25,"turns":5},{"damage":8,"enemies":"Colosseum Slavers","floor":27,"turns":3},{"damage":16,"enemies":"Colosseum Nobs","floor":27,"turns":4},{"damage":17,"enemies":"Cultist and Chosen","floor":30,"turns":6},{"damage":27,"enemies":"Book of Stabbing","floor":31,"turns":5}],"seed_played":"5734736125924663876","potions_obtained":[{"floor":1.0,"key":"DuplicationPotion"},{"floor":2.0,"key":"BloodPotion"},{"floor":11.0,"key":"LiquidMemories"},{"floor":13.0,"key":"Fire Potion"},{"floor":25,"key":"Strength Potion"},{"floor":30,"key":"FearPotion"}],"is_trial":false,"path_per_floor":["M","M","M","?","$","R","E","R","T","M","E","M","M","?","R","B",null,"M","T","M","$","M","E","R","M","T","?","?","$","M","E"],"character_chosen":"IRONCLAD","items_purchased":["Flame Barrier","Inflame","Strength Potion","True Grit","Bag of Preparation"],"campfire_rested":1,"item_purchase_floors":[5,5,21,21,29],"current_hp_per_floor":[72,63,64,64,64,64,33,33,33,35,20,27,44,44,44,26,67,60,60,59,59,43,33,58,29,29,19,37,37,27,0,0],"gold":81,"neow_bonus":"HUNDRED_GOLD","is_daily":false,"chose_seed":false,"campfire_upgraded":3,"win_rate":0.0,"timestamp":1611813600,"path_taken":["M","M","M","?","$","R","E","R","T","M","E","?","M","?","R","BOSS","M","?","M","$","M","E","R","M","T","?","?","?","M","E"],"items_purchased_type":["Card","Card","Potion","Card","Relic"],"build_version":"2020-12-22","purchased_purges":2,"victory":false,"max_hp_per_floor":[75,75,75,75,75,75,76,76,76,77,78,79,80,80,80,81,81,82,82,83,83,84,85,85,86,86,88,88,88,89,89,89],"relic_stats":{"FaceOfCleric":14,"counters":[18,85],"Ornamental Fan":[56],"Pen Nib":[11],"Turnip":[0],"Bag of Preparation":[4],"War Paint":["Flame Barrier","Defend_R"],"Orichalcum":[66],"obtain_stats":[{"FaceOfCleric":4,"Ornamental Fan":19,"Vajra":23,"Pen Nib":11,"Fusion Hammer":17,"Turnip":27,"Bag of Preparation":29,"War Paint":7,"Orichalcum":9,"Frozen Egg 2":27,"Burning Blood":0},{"FaceOfCleric":3,"Ornamental Fan":10,"Vajra":13,"Pen Nib":6,"Fusion Hammer":9,"Turnip":16,"Bag of Preparation":16,"War Paint":4,"Orichalcum":4,"Frozen Egg 2":16,"Burning Blood":0},{"FaceOfCleric":10,"Ornamental Fan":51,"Vajra":62,"Pen Nib":30,"Fusion Hammer":47,"Turnip":74,"Bag of Preparation":74,"War Paint":23,"Orichalcum":23,"Frozen Egg 2":74,"Burning Blood":0}],"Burning Blood":102},"card_choices":[{"not_picked":["Headbutt","Havoc"],"picked":"Hemokinesis","floor":1.0},{"not_picked":["Thunderclap","Searing Blow","Heavy Blade"],"picked":"SKIP","floor":2.0},{"not_picked":["Dropkick","Warcry"],"picked":"True Grit","floor":3.0},{"not_picked":["Barricade","Body Slam","Thunderclap"],"picked":"SKIP","floor":7.0},{"not_picked":["Dropkick","True Grit"],"picked":"Anger","floor":10.0},{"not_picked":["Warcry","Havoc"],"picked":"Evolve","floor":11.0},{"not_picked":["Clothesline","Searing Blow"],"picked":"Corruption","floor":12.0},{"not_picked":["Thunderclap","Dropkick","Armaments"],"picked":"SKIP","floor":13.0},{"not_picked":["Barricade","Fiend Fire"],"picked":"Offering","floor":16.0},{"not_picked":["Clothesline","Havoc","Headbutt+1"],"picked":"SKIP","floor":18},{"not_picked":["Clothesline","Corruption"],"picked":"Dark Embrace","floor":20},{"not_picked":["Rupture","Cleave"],"picked":"Burning Pact","floor":22},{"not_picked":["Thunderclap","Anger"],"picked":"Shrug It Off","floor":23},{"not_picked":["Wild Strike","Clash+1","Anger"],"picked":"SKIP","floor":25},{"not_picked":["Clothesline","Sword Boomerang"],"picked":"Feel No Pain+1","floor":27},{"not_picked":["Perfected Strike","True Grit"],"picked":"Dual Wield","floor":30}],"player_experience":1874363,"relics_obtained":[{"floor":7.0,"key":"War Paint"},{"floor":9.0,"key":"Orichalcum"},{"floor":11.0,"key":"Pen Nib"},{"floor":19,"key":"Ornamental Fan"},{"floor":23,"key":"Vajra"},{"floor":27,"key":"Turnip"},{"floor":27,"key":"Frozen Egg 2"}],"event_choices":[{"damage_healed":0.0,"max_hp_gain":0.0,"max_hp_loss":0.0,"gold_gain":0.0,"event_name":"FaceTrader","player_choice":"Trade","floor":4.0,"gold_loss":0.0,"damage_taken":0.0,"relics_obtained":["FaceOfCleric"]},{"damage_healed":0.0,"max_hp_gain":0.0,"max_hp_loss":0.0,"gold_gain":0.0,"cards_transformed":["Strike_R"],"event_name":"Transmorgrifier","player_choice":"Transformed","floor":14.0,"gold_loss":0.0,"damage_taken":0.0,"cards_obtained":["Anger"]},{"damage_healed":0,"gold_gain":0,"player_choice":"Fight","damage_taken":0,"max_hp_gain":0,"max_hp_loss":0,"event_name":"Colosseum","floor":27,"gold_loss":0},{"damage_healed":0,"gold_gain":0,"player_choice":"Fought Nobs","damage_taken":0,"max_hp_gain":0,"max_hp_loss":0,"event_name":"Colosseum","floor":27,"gold_loss":0},{"damage_healed":18,"gold_gain":0,"player_choice":"Heal","damage_taken":0,"max_hp_gain":0,"max_hp_loss":0,"event_name":"The Library","floor":28,"gold_loss":0}],"is_beta":false,"boss_relics":[{"not_picked":["Runic Cube","Snecko Eye"],"picked":"Fusion Hammer"}],"items_purged_floors":[5,21],"is_endless":false,"potions_floor_spawned":[1,2,11,13,25,30],"killed_by":"Book of Stabbing","ascension_level":20}}