{"host":"2smcgt1ki1qcud40","time":1611831265,"event":{"mods":["BaseMod","Minty Spire (QoL Compilation)"],"gold_per_floor":[126,158,181,207,219,231,277,289,326,338,368,393,405,405],"floor_reached":13,"language":"ENG","playtime":512,"items_purged":[],"score":157,"play_id":"bf974b52-8b19-4752-b4c1-7da4ceb57059","local_time":"20210128115425","is_ascension_mode":true,"campfire_choices":[{"data":"Tools of the Trade","floor":6.0,"key":"SMITH"},{"data":"Underhanded Strike","floor":8,"key":"SMITH"}],"circlet_count":0,"master_deck":["AscendersBane","Strike_G","Strike_G","Strike_G","Strike_G","Defend_G","Defend_G","Defend_G","Defend_G","Defend_G","Survivor","Neutralize","Underhanded Strike+1","Deadly Poison+1","Flechettes","Tools of the Trade+1","Dash","Footwork","Underhanded Strike"],"relics":["Ring of the Snake","MawBank","Anchor","Happy Flower"],"acts_visited":["Exordium"],"potions_floor_usage":[7],"damage_taken":[{"damage":6.0,"enemies":"Cultist","floor":1.0,"turns":5.0},{"damage":4.0,"enemies":"2 Louse","floor":2.0,"turns":4.0},{"damage":0.0,"enemies":"Small Slimes","floor":3.0,"turns":3.0},{"damage":2.0,"enemies":"Blue Slaver","floor":4.0,"turns":4.0},{"damage":2,"enemies":"Lagavulin","floor":7,"turns":7},{"damage":5,"enemies":"Exordium Thugs","floor":11,"turns":5},{"damage":7,"enemies":"Exordium Wildlife","floor":12,"turns":5},{"damage":36,"enemies":"Gremlin Nob","floor":13,"turns":4}],"seed_played":"-3909837065233330869","potions_obtained":[{"floor":1.0,"key":"ColorlessPotion"},{"floor":3.0,"key":"PowerPotion"},{"floor":7,"key":"DistilledChaos"}],"is_trial":false,"path_per_floor":["M","M","M","M","?","R","E","R","T","?","M","M","E"],"character_chosen":"THE_SILENT","items_purchased":[],"campfire_rested":0,"item_purchase_floors":[],"current_hp_per_floor":[53,49,49,47,47,47,45,45,45,45,40,33,0,0],"gold":405,"neow_bonus":"RANDOM_COMMON_RELIC","is_daily":false,"chose_seed":false,"campfire_upgraded":2,"win_rate":0.0,"timestamp":1611831265,"path_taken":["M","M","?","M","?","R","E","R","T","?","M","?","E"],"items_purchased_type":[],"build_version":"2020-12-22","purchased_purges":0,"victory":false,"max_hp_per_floor":[66,66,66,66,66,66,66,66,66,66,66,66,66,66],"card_choices":[{"not_picked":["Predator","Poisoned Stab"],"picked":"Underhanded Strike","floor":1.0},{"not_picked":["Quick Slash","Prepared"],"picked":"Deadly Poison","floor":2.0},{"not_picked":["Deflect","Acrobatics"],"picked":"Flechettes","floor":3.0},{"not_picked":["Acrobatics","Sucker Punch"],"picked":"Tools of the Trade","floor":4.0},{"not_picked":["Flechettes","Finisher"],"picked":"Dash","floor":7},{"not_picked":["Cloak And Dagger","Deflect"],"picked":"Footwork","floor":11},{"not_picked":["Deadly Poison","Deflect"],"picked":"Underhanded Strike","floor":12}],"player_experience":694850,"relics_obtained":[{"floor":7,"key":"Anchor"},{"floor":9,"key":"Happy Flower"}],"event_choices":[{"damage_healed":0.0,"max_hp_gain":0.0,"max_hp_loss":0.0,"gold_gain":0.0,"event_name":"Living Wall","player_choice":"Grow","floor":5.0,"gold_loss":0.0,"damage_taken":0.0,"cards_upgraded":["Deadly Poison"]},{"cards_removed":["Strike_G"],"damage_healed":0,"gold_gain":0,"player_choice":"Purged","damage_taken":0,"max_hp_gain":0,"max_hp_loss":0,"event_name":"Purifier","floor":10,"gold_loss":0}],"is_beta":false,"boss_relics":[],"items_purged_floors":[],"is_endless":false,"potions_floor_spawned":[1,3,4,7,11],"killed_by":"Gremlin Nob","ascension_level":16}}