{"host":"1hw3ks68c0zl1mxv","time":1611817188,"event":{"mods":["Act Like it!","Ascension Reborn","Aspiration","BaseMod","BetterRewards","Colored Map","Colored Powertips","Conspire","Downfall","Energized Spire","GungeonMod","Halation","Hallownest","Hubris","Infinite Spire","Marisa????????","Mimic Mod","Minty Spire (QoL Compilation)","Quick Restart","Replay The Spire","Shop Mod","StSLib","The Bug Knight","The Construct","The Elementalist","The Necromancer","The Saiyan","The Servant 0.9.4","TheHero"],"gold_per_floor":[99,113,123,298,298,329,365,365,45,45,56,69,54,69,87,185,185,185,195,31,46,66,78,109,109,209,221,221,234,234,263,276,374,374,374,384,398,398,412,412,412,429,429,429,441,99,99,99,116,116],"floor_reached":51,"language":"ENG","playtime":4757,"items_purged":["Doubt"],"score":863,"play_id":"3a662333-a69e-4e0c-acee-7c3c5e9f0b46","local_time":"20210127235948","is_ascension_mode":false,"campfire_choices":[{"data":"Slimebound:Split","floor":1.0,"key":"SMITH"},{"data":"Slimebound:GoopSpray","floor":8.0,"key":"SMITH"},{"data":"Slimebound:LevelUp","floor":10.0,"key":"SMITH"},{"data":"Slimebound:Teamwork","floor":18,"key":"SMITH"},{"data":"Slimebound:OneTwoCombo","floor":28,"key":"SMITH"},{"data":"Slimebound:MassRepurpose","floor":30,"key":"SMITH"},{"data":"Slimebound:RallyTheTroops","floor":35,"key":"SMITH"},{"data":"Slimebound:GoopSpray","floor":43,"key":"SMITH"}],"circlet_count":0,"master_deck":["Slimebound:Strike_Slimebound","Slimebound:Strike_Slimebound","Slimebound:Strike_Slimebound","Slimebound:Tackle","Slimebound:Defend_Slimebound","Slimebound:Defend_Slimebound","Slimebound:Defend_Slimebound","Slimebound:Defend_Slimebound","Slimebound:Split+1","Slimebound:CorrosiveSpit","Slimebound:GoopSpray+1","Slimebound:LevelUp+1","Slimebound:SlimeSpikes","Slimebound:MassRepurpose+1","Slimebound:SplitAcid","Slimebound:SlimeSpikes","Slimebound:SlimeSpikes","Slimebound:Teamwork+1","Slimebound:RejuvenatingLick+1","Slimebound:SlimeSpikes","Slimebound:RallyTheTroops+1","Slimebound:SplitLeeching","Slimebound:OneTwoCombo+1","Slimebound:GoopSpray+1","Slimebound:GoopSpray+1","Apotheosis+1","Slimebound:SlimeBarrage","Slimebound:LevelUp+1"],"relics":["Slimebound:AbsorbEndCombat","DemoMod:LamentConfigurum","DemoMod:GlassGuonStoneRelic","downfall:ShatteredFragment","hubris:PeanutButter","infinitespire:Lucky Rock","conspire:InfiniteJournal","Painkiller Herb","Oddly Smooth Stone","halation:SelfBoilingWater","Potion Belt","Juzu Bracelet","SlaversCollar","construct:ClawGrip","Strawberry"],"acts_visited":["Exordium","TheCity","TheBeyond"],"potions_floor_usage":[16,21,26,33,50,50,50,50],"damage_taken":[{"damage":0.0,"enemies":"conspire:RoseBush","floor":2.0,"turns":4.0},{"damage":0.0,"enemies":"Small Slimes","floor":3.0,"turns":4.0},{"damage":0.0,"enemies":"conspire:MimicChest","floor":6.0,"turns":6.0},{"damage":0.0,"enemies":"Jaw Worm","floor":7.0,"turns":6.0},{"damage":0.0,"enemies":"downfall:FleeingMerchant","floor":9.0,"turns":4.0},{"damage":0.0,"enemies":"Jaw Worm","floor":11.0,"turns":3.0},{"damage":0.0,"enemies":"conspire:2 RoseBushes","floor":12.0,"turns":5.0},{"damage":0.0,"enemies":"downfall:FleeingMerchant","floor":13.0,"turns":4.0},{"damage":0.0,"enemies":"3 Louse","floor":14.0,"turns":2.0},{"damage":0.0,"enemies":"Gremlin Gang","floor":15.0,"turns":4.0},{"damage":0,"enemies":"DF_ARCHETYPE_STREAMLINE","floor":16,"turns":10},{"damage":0,"enemies":"Chosen","floor":19,"turns":4},{"damage":0,"enemies":"downfall:FleeingMerchant","floor":20,"turns":4},{"damage":0,"enemies":"Spheric Guardian","floor":21,"turns":3},{"damage":0,"enemies":"Snecko","floor":22,"turns":5},{"damage":0,"enemies":"conspire:HollyBat","floor":23,"turns":6},{"damage":0,"enemies":"Centurion and Healer","floor":24,"turns":6},{"damage":0,"enemies":"downfall:LadyInBlue","floor":26,"turns":8},{"damage":0,"enemies":"Centurion and Healer","floor":27,"turns":4},{"damage":0,"enemies":"Chosen and Byrds","floor":29,"turns":4},{"damage":0,"enemies":"conspire:Head Lice","floor":31,"turns":6},{"damage":0,"enemies":"Snake Plant","floor":32,"turns":3},{"damage":0,"enemies":"IC_MUSHROOM_ARCHETYPE","floor":33,"turns":7},{"damage":0,"enemies":"Orb Walker","floor":36,"turns":4},{"damage":0,"enemies":"3 Darklings","floor":37,"turns":4},{"damage":0,"enemies":"Transient","floor":39,"turns":5},{"damage":0,"enemies":"Spire Growth","floor":42,"turns":5},{"damage":0,"enemies":"Maw","floor":45,"turns":7},{"damage":0,"enemies":"downfall:FleeingMerchant","floor":46,"turns":4},{"damage":0,"enemies":"3 Darklings","floor":49,"turns":4},{"damage":0,"enemies":"WA_ARCHETYPE_DIVINITY","floor":50,"turns":6}],"seed_played":"2620003306143740502","potions_obtained":[{"floor":2.0,"key":"Block Potion"},{"floor":6.0,"key":"Dexterity Potion"},{"floor":12.0,"key":"Explosive Potion"},{"floor":19,"key":"Fire Potion"},{"floor":21,"key":"Adrenaline Potion"},{"floor":25,"key":"CultistPotion"},{"floor":26,"key":"Slimebound:SpawnSlimePotion"},{"floor":26,"key":"LifebloodPotion"},{"floor":26,"key":"Guardian:BlockOnCardUsePotion"},{"floor":26,"key":"FearPotion"},{"floor":33,"key":"Block Potion"},{"floor":45,"key":"Weak Potion"}],"is_trial":false,"path_per_floor":["R","M","M","?","?","?","MIM","R","$","R","M","M","$","M","M","B",null,"T","?","T","?","?","?","MIM","?","?","?","T","?","T","E","?","B",null,"T","?","?","?","?","AVR","T","?","T","?","?","T","?","?","?","B",null],"character_chosen":"SLIMEBOUND","items_purchased":["conspire:InfiniteJournal","Oddly Smooth Stone","Apotheosis","Slimebound:SlimeBarrage"],"campfire_rested":0,"item_purchase_floors":[9,20,46,46],"current_hp_per_floor":[65,65,65,65,47,53,59,59,65,65,65,65,65,65,65,65,65,65,65,65,65,65,65,65,65,65,65,65,65,65,65,65,65,65,65,65,65,65,65,65,72,72,72,72,72,72,72,72,72,72],"gold":116,"neow_bonus":"RANDOM_COMMON_RELIC","is_daily":false,"chose_seed":false,"campfire_upgraded":8,"win_rate":0.0,"timestamp":1611817188,"path_taken":["R","M","M","?","?","?","MIM","R","$","R","M","M","?","M","M","BOSS","T","?","T","?","?","?","MIM","?","?","?","T","?","T","E","?","BOSS","T","?","?","?","?","AVR","T","?","T","?","?","T","?","?","?","BOSS"],"items_purchased_type":["Relic","Relic","Card","Card"],"build_version":"2020-12-22","purchased_purges":1,"victory":true,"max_hp_per_floor":[65,65,65,65,65,65,65,65,65,65,65,65,65,65,65,65,65,65,65,65,65,65,65,65,65,65,65,65,65,65,65,65,65,65,65,65,65,65,65,65,72,72,72,72,72,72,72,72,72,72],"card_choices":[{"not_picked":["Slimebound:SplitLeeching","Slimebound:GoopTackle"],"picked":"Slimebound:GoopSpray","floor":2.0},{"not_picked":["Slimebound:SplitBruiser","Slimebound:LeechingTouch"],"picked":"Slimebound:LevelUp","floor":3.0},{"not_picked":["Slimebound:ProtectTheBoss","Slimebound:SplitBruiser"],"picked":"Slimebound:SlimeSpikes","floor":7.0},{"not_picked":["Slimebound:FinishingTackle","Slimebound:DisruptingSlam"],"picked":"Slimebound:MassRepurpose","floor":9.0},{"not_picked":["Slimebound:LeadByExample","Slimebound:SplitBruiser"],"picked":"Slimebound:SplitAcid","floor":11.0},{"not_picked":["Slimebound:LivingWall","Slimebound:MegaLick"],"picked":"Slimebound:SlimeSpikes","floor":12.0},{"not_picked":["Slimebound:FormOfPuddle","Slimebound:SplitMire"],"picked":"Slimebound:LevelUp","floor":13.0},{"not_picked":["Slimebound:Prepare","Slimebound:SlimeSlap"],"picked":"Slimebound:SlimeSpikes","floor":14.0},{"not_picked":["Slimebound:RejuvenatingLick","Slimebound:FormOfPuddle","Slimebound:DisruptingSlam"],"picked":"SKIP","floor":15.0},{"not_picked":["Slimebound:Overexert","Slimebound:OneTwoCombo"],"picked":"Slimebound:Teamwork","floor":16},{"not_picked":["Slimebound:BestDefense","Slimebound:ItLooksTasty","Slimebound:ComboTackle"],"picked":"SKIP","floor":19},{"not_picked":["Slimebound:Grow","Slimebound:LeechingTouch"],"picked":"Slimebound:RejuvenatingLick+1","floor":20},{"not_picked":["Slimebound:PressTheAttack+1","Slimebound:Chomp"],"picked":"Slimebound:SlimeSpikes","floor":21},{"not_picked":["Slimebound:FinishingTackle","Slimebound:AcidTongue"],"picked":"Slimebound:RallyTheTroops","floor":22},{"not_picked":["Slimebound:Nibble+1","Slimebound:HauntingLick"],"picked":"Slimebound:SplitLeeching","floor":23},{"not_picked":["Slimebound:GrowthPunch","Slimebound:SplitBruiser"],"picked":"Slimebound:OneTwoCombo","floor":27},{"not_picked":["Slimebound:Dissolve","Slimebound:SamplingLick+1","Slimebound:SplitAcid"],"picked":"SKIP","floor":29},{"not_picked":["Slimebound:SlimeBrawl+1","Slimebound:LeechEnergy+1","Slimebound:SamplingLick"],"picked":"SKIP","floor":31},{"not_picked":["Slimebound:LivingWall+1","Slimebound:SlimeTap+1","Slimebound:Schlurp+1"],"picked":"SKIP","floor":32},{"not_picked":["Slimebound:SamplingLick+1","Slimebound:FinishingTackle","Slimebound:LeechingTouch+1"],"picked":"SKIP","floor":36},{"not_picked":["Slimebound:LivingWall+1","Slimebound:Schlurp+1","Slimebound:DisruptingSlam"],"picked":"SKIP","floor":37},{"not_picked":["Slimebound:FinishingTackle+1","Slimebound:SplitAcid"],"picked":"Slimebound:GoopSpray","floor":39},{"not_picked":["Slimebound:SlimeTap+1","Slimebound:FinishingTackle+1"],"picked":"Slimebound:GoopSpray","floor":42},{"not_picked":["Slimebound:MegaLick+1","Slimebound:Dissolve","Slimebound:TongueLash+1"],"picked":"SKIP","floor":45},{"not_picked":["Slimebound:ForwardTackle+1","Slimebound:Prepare+1","Slimebound:HauntingLick+1"],"picked":"SKIP","floor":46},{"not_picked":["Slimebound:DisruptingSlam+1","Slimebound:SplitLeeching+1"],"picked":"Slimebound:LevelUp+1","floor":49}],"player_experience":1443159,"relics_obtained":[{"floor":6.0,"key":"hubris:PeanutButter"},{"floor":7.0,"key":"infinitespire:Lucky Rock"},{"floor":24,"key":"halation:SelfBoilingWater"},{"floor":26,"key":"Potion Belt"},{"floor":31,"key":"Juzu Bracelet"},{"floor":41,"key":"Strawberry"}],"event_choices":[{"damage_healed":0,"gold_gain":0,"player_choice":"Forge","damage_taken":0,"max_hp_gain":0,"max_hp_loss":0,"event_name":"Accursed Blacksmith","floor":44,"gold_loss":0,"cards_upgraded":["Slimebound:GoopSpray"]},{"cards_removed":["Slimebound:LevelUp"],"damage_healed":0,"gold_gain":0,"player_choice":"Removed Power","damage_taken":0,"max_hp_gain":0,"max_hp_loss":0,"event_name":"Falling","floor":47,"gold_loss":0}],"is_beta":false,"boss_relics":[{"not_picked":["energizedSpire:MagnifyingGlass","conspire:RoyalGoblet"],"picked":"Painkiller Herb"},{"not_picked":["halation:Prosthetics","Honey Jar"],"picked":"SlaversCollar"}],"items_purged_floors":[46],"is_endless":false,"potions_floor_spawned":[2,6,12,19,21,22,26,27,33,36,45],"ascension_level":0}}