{"host":"w01zow3jg16g8jdh","time":1611858966,"event":{"mods":["AchievementEnabler","BaseMod","DeckTracker","Keyboard Shortcuts","Minty Spire (QoL Compilation)","Permanent Neow","StSLib","SuperFastMode"],"gold_per_floor":[114,114,114,131,146,146,157,157,183,107,139,64,75,102,102,178,178,190,190,201,101,113,144,144,144,144,144,158,175,175,206,206,283,283,293,293,303,315,325,325,359,359,384,402,424,442,481,494,494,494,494,494,494,50,85,85],"floor_reached":57,"language":"KOR","playtime":1868,"items_purged":["Defend_G","Strike_G","Blade Dance+1"],"score":2882,"play_id":"0b4d4fd8-9b73-423b-8523-71bb7c5f2f60","local_time":"20210129033606","is_ascension_mode":true,"campfire_choices":[{"data":"Blade Dance","floor":6.0,"key":"SMITH"},{"data":"Neutralize","floor":8.0,"key":"SMITH"},{"data":"Tactician","floor":15.0,"key":"SMITH"},{"data":"Grand Finale","floor":24.0,"key":"SMITH"},{"floor":27.0,"key":"REST"},{"floor":32.0,"key":"REST"},{"data":"Acrobatics","floor":40.0,"key":"SMITH"},{"floor":49,"key":"RECALL"},{"data":"Prepared","floor":53,"key":"SMITH"}],"circlet_count":0,"master_deck":["AscendersBane","Strike_G","Defend_G","Defend_G","Survivor","Neutralize+1","Dagger Throw+1","PiercingWail","Grand Finale+1","Tactician+1","Quick Slash+1","Venomology","Well Laid Plans","Dagger Throw","Prepared+1","Backflip","Acrobatics+1","Escape Plan","Adrenaline"],"relics":["Ring of the Snake","Incense Burner","MealTicket","Centennial Puzzle","Pocketwatch","Dream Catcher","Empty Cage","Whetstone","Vajra","Anchor","HoveringKite","CeramicFish","Smiling Mask","Mercury Hourglass","TheAbacus","Nunchaku","Art of War"],"acts_visited":["Exordium","TheCity","TheBeyond","TheEnding"],"potions_floor_usage":[46,47,47,47,50,50,51,51,55,56,56,56],"damage_taken":[{"damage":1.0,"enemies":"Cultist","floor":1.0,"turns":4.0},{"damage":0.0,"enemies":"Jaw Worm","floor":4.0,"turns":5.0},{"damage":0.0,"enemies":"2 Louse","floor":5.0,"turns":3.0},{"damage":1.0,"enemies":"Looter","floor":7.0,"turns":3.0},{"damage":9.0,"enemies":"3 Sentries","floor":11.0,"turns":8.0},{"damage":0.0,"enemies":"Large Slime","floor":13.0,"turns":2.0},{"damage":9.0,"enemies":"Gremlin Nob","floor":14.0,"turns":4.0},{"damage":27.0,"enemies":"The Guardian","floor":16.0,"turns":13.0},{"damage":7.0,"enemies":"3 Byrds","floor":18.0,"turns":6.0},{"damage":0.0,"enemies":"2 Thieves","floor":20.0,"turns":4.0},{"damage":16.0,"enemies":"Snecko","floor":22.0,"turns":8.0},{"damage":18.0,"enemies":"Book of Stabbing","floor":23.0,"turns":5.0},{"damage":1.0,"enemies":"Shelled Parasite and Fungi","floor":28.0,"turns":2.0},{"damage":12.0,"enemies":"Chosen and Byrds","floor":29.0,"turns":4.0},{"damage":0.0,"enemies":"Gremlin Leader","floor":31.0,"turns":2.0},{"damage":46.0,"enemies":"Champ","floor":33.0,"turns":10.0},{"damage":5.0,"enemies":"3 Shapes","floor":35.0,"turns":5.0},{"damage":0.0,"enemies":"Orb Walker","floor":37.0,"turns":3.0},{"damage":16.0,"enemies":"3 Darklings","floor":38.0,"turns":3.0},{"damage":1.0,"enemies":"Jaw Worm Horde","floor":39.0,"turns":2.0},{"damage":21.0,"enemies":"Nemesis","floor":41.0,"turns":5.0},{"damage":10.0,"enemies":"4 Shapes","floor":44.0,"turns":2.0},{"damage":0,"enemies":"Maw","floor":45,"turns":1},{"damage":0,"enemies":"Jaw Worm Horde","floor":46,"turns":1},{"damage":0,"enemies":"Giant Head","floor":47,"turns":4},{"damage":0,"enemies":"Sphere and 2 Shapes","floor":48,"turns":2},{"damage":42,"enemies":"Awakened One","floor":50,"turns":6},{"damage":17,"enemies":"Donu and Deca","floor":51,"turns":4},{"damage":0,"enemies":"Shield and Spear","floor":55,"turns":2},{"damage":114,"enemies":"The Heart","floor":56,"turns":7}],"seed_played":"-2846580748812308008","potions_obtained":[{"floor":7.0,"key":"Fire Potion"},{"floor":11.0,"key":"FairyPotion"},{"floor":13.0,"key":"SpeedPotion"},{"floor":16.0,"key":"DistilledChaos"},{"floor":18.0,"key":"DistilledChaos"},{"floor":22.0,"key":"Energy Potion"},{"floor":28.0,"key":"Strength Potion"},{"floor":29.0,"key":"SpeedPotion"},{"floor":33.0,"key":"EssenceOfSteel"},{"floor":37.0,"key":"DuplicationPotion"},{"floor":41.0,"key":"DuplicationPotion"},{"floor":47,"key":"AttackPotion"}],"is_trial":false,"path_per_floor":["M","T","T","M","M","R","M","R","T","$","E","$","M","E","R","B",null,"M","?","M","$","M","E","R","?","T","R","M","M","?","E","R","B",null,"M","?","M","M","M","R","E","T","T","M","M","M","E","M","R","B","B",null,"R","$","E","B",null],"character_chosen":"THE_SILENT","items_purchased":["Grand Finale","TheAbacus","Nunchaku","SpeedPotion"],"campfire_rested":2,"item_purchase_floors":[10,54,54,54],"current_hp_per_floor":[43,43,43,43,43,43,42,42,42,57,48,63,63,54,54,27,56,49,49,49,64,48,30,30,12,12,33,32,20,20,20,41,21,59,54,54,54,38,37,37,16,16,16,6,6,6,6,71,71,29,12,56,56,71,71,18],"gold":85,"neow_bonus":"REMOVE_TWO","is_daily":false,"chose_seed":false,"campfire_upgraded":6,"win_rate":0.0,"timestamp":1611858966,"path_taken":["M","?","?","M","M","R","?","R","T","$","E","$","M","E","R","BOSS","M","?","M","$","M","E","R","?","T","R","M","M","?","E","R","BOSS","M","?","M","M","M","R","E","?","T","M","M","M","E","M","R","BOSS","BOSS","R","$","E","BOSS"],"items_purchased_type":["Card","Relic","Relic","Potion"],"build_version":"2020-12-22","purchased_purges":3,"victory":true,"max_hp_per_floor":[66,66,66,66,66,66,66,66,66,66,66,66,66,66,66,66,66,66,66,66,66,66,66,66,71,71,71,71,71,71,71,71,71,71,71,71,71,71,71,71,71,71,71,71,71,71,71,71,71,71,71,71,71,71,71,71],"card_choices":[{"not_picked":["Bane","Slice"],"picked":"Blade Dance","floor":1.0},{"not_picked":["Deflect","Sucker Punch"],"picked":"Dagger Throw","floor":4.0},{"not_picked":["Blur","Bane","Blade Dance"],"picked":"SKIP","floor":5.0},{"not_picked":["Slice","Predator"],"picked":"PiercingWail","floor":7.0},{"not_picked":["Distraction","Wraith Form v2"],"picked":"Tactician","floor":11.0},{"not_picked":["Bane","PiercingWail","Deadly Poison"],"picked":"SKIP","floor":13.0},{"not_picked":["A Thousand Cuts","Crippling Poison"],"picked":"Quick Slash","floor":14.0},{"not_picked":["Unload","Envenom"],"picked":"Venomology","floor":16.0},{"not_picked":["Deflect+1","Expertise"],"picked":"Well Laid Plans","floor":18.0},{"not_picked":["Cloak And Dagger","Blade Dance","Deflect"],"picked":"SKIP","floor":20.0},{"not_picked":["Quick Slash","Catalyst"],"picked":"Dagger Throw","floor":22.0},{"not_picked":["PiercingWail","Flying Knee+1","Bullet Time"],"picked":"SKIP","floor":23.0},{"not_picked":["Blade Dance","Caltrops","Outmaneuver"],"picked":"SKIP","floor":28.0},{"not_picked":["Accuracy+1","Dash"],"picked":"Prepared","floor":29.0},{"not_picked":["Blur","A Thousand Cuts"],"picked":"Backflip","floor":31.0},{"not_picked":["Choke+1","Blade Dance+1"],"picked":"Acrobatics","floor":35.0},{"not_picked":["Blade Dance","Well Laid Plans","Prepared"],"picked":"SKIP","floor":37.0},{"not_picked":["Poisoned Stab","Caltrops","Dagger Spray"],"picked":"SKIP","floor":38.0},{"not_picked":["Prepared","Slice","Choke"],"picked":"SKIP","floor":39.0},{"not_picked":["Dagger Throw","Bane+1","Cloak And Dagger+1"],"picked":"SKIP","floor":41.0},{"not_picked":["Terror","Dodge and Roll","Finisher"],"picked":"SKIP","floor":44.0},{"not_picked":["Tactician","Sucker Punch"],"picked":"Escape Plan","floor":45},{"not_picked":["Deadly Poison","Flying Knee+1","Bouncing Flask+1"],"picked":"SKIP","floor":46},{"not_picked":["Leg Sweep","PiercingWail"],"picked":"Adrenaline","floor":47},{"not_picked":["Deflect","Slice","Accuracy+1"],"picked":"SKIP","floor":48},{"not_picked":["Poisoned Stab","Accuracy+1","Quick Slash+1"],"picked":"SKIP","floor":55}],"player_experience":335178,"relics_obtained":[{"floor":2.0,"key":"Incense Burner"},{"floor":3.0,"key":"MealTicket"},{"floor":9.0,"key":"Centennial Puzzle"},{"floor":11.0,"key":"Pocketwatch"},{"floor":14.0,"key":"Dream Catcher"},{"floor":23.0,"key":"Whetstone"},{"floor":26.0,"key":"Vajra"},{"floor":31.0,"key":"Anchor"},{"floor":41.0,"key":"CeramicFish"},{"floor":43.0,"key":"Smiling Mask"},{"floor":47,"key":"Mercury Hourglass"},{"floor":55,"key":"Art of War"}],"event_choices":[{"damage_healed":0.0,"max_hp_gain":0.0,"max_hp_loss":0.0,"gold_gain":0.0,"event_name":"The Mausoleum","player_choice":"Ignored","floor":19.0,"gold_loss":0.0,"damage_taken":0.0},{"damage_healed":0.0,"max_hp_gain":5.0,"max_hp_loss":0.0,"gold_gain":0.0,"event_name":"Forgotten Altar","player_choice":"Shed Blood","floor":25.0,"gold_loss":0.0,"damage_taken":23.0},{"cards_removed":["Strike_G"],"damage_healed":0.0,"max_hp_gain":0.0,"max_hp_loss":0.0,"gold_gain":0.0,"event_name":"Back to Basics","player_choice":"Elegance","floor":30.0,"gold_loss":0.0,"damage_taken":0.0},{"damage_healed":0.0,"max_hp_gain":0.0,"max_hp_loss":0.0,"gold_gain":0.0,"event_name":"Tomb of Lord Red Mask","player_choice":"Ignored","floor":36.0,"gold_loss":0.0,"damage_taken":0.0}],"is_beta":false,"boss_relics":[{"not_picked":["Sozu","Tiny House"],"picked":"Empty Cage"},{"not_picked":["Philosopher\u0027s Stone","Pandora\u0027s Box"],"picked":"HoveringKite"}],"items_purged_floors":[12,21,54],"is_endless":false,"potions_floor_spawned":[7,11,13,16,18,22,28,29,33,37,41,44,47,48],"ascension_level":20}}