{"host":"lktusdb9orijgc6z","time":1611850913,"event":{"mods":["BaseMod","Bestiary","Colored Map","Colored Powertips","Minty Spire (QoL Compilation)","Permanent Neow","Quick Restart","Relic Stats","StSLib","everything is the same but u backflip on backflip","slay the spire mod where everything is the same but ironclad has a cowboy hat"],"gold_per_floor":[111,127,144,206,226,226,241,3,29,40,57,57,71,86,86,163,163,179,179,5,20,20,20,51,51,75,100,100,112,112,5,5,81,81,96,96,109,125,125,125,155,155,155,170,188,31,31,31,31,31,31,31],"floor_reached":51,"language":"ENG","playtime":2735,"items_purged":[],"score":1468,"play_id":"f3c06e17-6dfa-4102-9bb0-eca57b99d6f4","local_time":"20210128172153","is_ascension_mode":true,"campfire_choices":[{"data":"Reprogram","floor":6.0,"key":"SMITH"},{"floor":12.0,"key":"REST"},{"data":"Go for the Eyes","floor":15.0,"key":"SMITH"},{"data":"Hyperbeam","floor":23.0,"key":"SMITH"},{"data":"Sunder","floor":25.0,"key":"SMITH"},{"data":"RitualDagger","floor":32.0,"key":"SMITH"},{"data":"Hologram","floor":40.0,"key":"SMITH"},{"data":"Skim","floor":42.0,"key":"SMITH"},{"floor":49,"key":"RECALL"}],"circlet_count":0,"master_deck":["AscendersBane","Defend_B+1","Defend_B+1","Defend_B+1","Defend_B+1","Core Surge","Genetic Algorithm","Coolheaded","Echo Form","Reprogram+1","Streamline","Conserve Battery","FTL","Reinforced Body","Sweeping Beam","Go for the Eyes+1","Conserve Battery","Hyperbeam+1","Self Repair","Sunder+1","Bite","Bite","Bite","Bite","Bite","BootSequence","Barrage","RitualDagger+1","Beam Cell+1","Buffer+1","Hologram+1","Rebound","Compile Driver","Skim+1","Heatsinks+1","Reboot"],"relics":["Cracked Core","Membership Card","Toy Ornithopter","Empty Cage","Mummified Hand","Vajra","Nunchaku","Oddly Smooth Stone","MealTicket","Philosopher\u0027s Stone","PreservedInsect","Bag of Preparation"],"acts_visited":["Exordium","TheCity","TheBeyond"],"potions_floor_usage":[50,51],"damage_taken":[{"damage":7.0,"enemies":"2 Louse","floor":1.0,"turns":2.0},{"damage":5.0,"enemies":"Small Slimes","floor":2.0,"turns":3.0},{"damage":9.0,"enemies":"Jaw Worm","floor":3.0,"turns":4.0},{"damage":20.0,"enemies":"2 Fungi Beasts","floor":5.0,"turns":4.0},{"damage":7.0,"enemies":"Exordium Wildlife","floor":7.0,"turns":6.0},{"damage":6.0,"enemies":"3 Louse","floor":10.0,"turns":2.0},{"damage":2.0,"enemies":"Red Slaver","floor":11.0,"turns":4.0},{"damage":0.0,"enemies":"Exordium Wildlife","floor":13.0,"turns":3.0},{"damage":4.0,"enemies":"Exordium Thugs","floor":14.0,"turns":4.0},{"damage":0.0,"enemies":"Hexaghost","floor":16.0,"turns":11.0},{"damage":2.0,"enemies":"3 Byrds","floor":18.0,"turns":5.0},{"damage":7.0,"enemies":"Chosen","floor":21.0,"turns":5.0},{"damage":6.0,"enemies":"Gremlin Leader","floor":24.0,"turns":7.0},{"damage":35.0,"enemies":"Slavers","floor":27.0,"turns":11.0},{"damage":31.0,"enemies":"Snake Plant","floor":29.0,"turns":6.0},{"damage":40.0,"enemies":"Champ","floor":33.0,"turns":13.0},{"damage":16.0,"enemies":"Orb Walker","floor":35.0,"turns":8.0},{"damage":0.0,"enemies":"3 Shapes","floor":37.0,"turns":5.0},{"damage":32.0,"enemies":"Sphere and 2 Shapes","floor":38.0,"turns":9.0},{"damage":14.0,"enemies":"Nemesis","floor":41.0,"turns":11.0},{"damage":0,"enemies":"Maw","floor":44,"turns":8},{"damage":12,"enemies":"4 Shapes","floor":45,"turns":5},{"damage":33,"enemies":"Awakened One","floor":50,"turns":14},{"damage":63,"enemies":"Donu and Deca","floor":51,"turns":6}],"seed_played":"1648505804512409119","potions_obtained":[{"floor":3.0,"key":"Energy Potion"},{"floor":5.0,"key":"Dexterity Potion"},{"floor":13.0,"key":"PotionOfCapacity"},{"floor":18.0,"key":"DistilledChaos"},{"floor":33.0,"key":"FocusPotion"},{"floor":35.0,"key":"Block Potion"},{"floor":41.0,"key":"Weak Potion"},{"floor":44,"key":"PowerPotion"}],"is_trial":false,"path_per_floor":["M","M","M","?","M","R","M","$","T","M","M","R","M","M","R","B",null,"M","?","$","M","?","R","E","R","T","E","?","M","?","$","R","B",null,"M","?","M","M","?","R","E","R","T","M","M","$","?","$","R","B","B"],"character_chosen":"DEFECT","items_purchased":["Membership Card","Conserve Battery","FTL","Block Potion","Mummified Hand","Self Repair","MealTicket","PowerPotion","Bag of Preparation","Reboot"],"campfire_rested":1,"item_purchase_floors":[8,8,8,8,20,20,31,31,46,46],"current_hp_per_floor":[57,52,43,43,23,23,16,16,16,10,13,34,34,30,30,30,61,59,59,59,64,49,49,49,49,49,49,43,29,17,17,17,9,43,42,54,54,41,41,41,50,50,50,54,51,54,51,51,51,51,0,0],"gold":31,"neow_bonus":"ONE_RANDOM_RARE_CARD","is_daily":false,"chose_seed":false,"campfire_upgraded":7,"win_rate":0.0,"timestamp":1611850913,"path_taken":["M","M","M","?","M","R","M","$","T","M","M","R","M","M","R","BOSS","M","?","$","M","?","R","E","R","T","E","?","?","?","?","R","BOSS","M","?","M","?","?","R","E","R","T","?","M","$","?","?","R","BOSS","BOSS"],"items_purchased_type":["Relic","Card","Card","Potion","Relic","Card","Relic","Potion","Relic","Card"],"build_version":"2020-12-22","purchased_purges":0,"victory":false,"max_hp_per_floor":[71,71,71,71,71,71,71,71,71,71,71,71,71,71,71,71,71,71,71,71,71,49,49,49,49,49,49,49,49,54,54,54,54,54,54,54,54,54,54,54,54,54,54,54,54,54,51,51,51,51,51,51],"relic_stats":{"Nunchaku":[21],"counters":[24,156],"Mummified Hand":[50],"MealTicket":3,"PreservedInsect":0,"Bag of Preparation":[4],"obtain_stats":[{"Nunchaku":26,"Mummified Hand":20,"Vajra":24,"Oddly Smooth Stone":27,"MealTicket":31,"Philosopher\u0027s Stone":34,"PreservedInsect":41,"Bag of Preparation":46,"Membership Card":8,"Cracked Core":0,"Empty Cage":17,"Toy Ornithopter":9},{"Nunchaku":13,"Mummified Hand":11,"Vajra":13,"Oddly Smooth Stone":14,"MealTicket":15,"Philosopher\u0027s Stone":16,"PreservedInsect":20,"Bag of Preparation":22,"Membership Card":5,"Cracked Core":0,"Empty Cage":10,"Toy Ornithopter":5},{"Nunchaku":60,"Mummified Hand":48,"Vajra":60,"Oddly Smooth Stone":71,"MealTicket":77,"Philosopher\u0027s Stone":90,"PreservedInsect":123,"Bag of Preparation":136,"Membership Card":19,"Cracked Core":0,"Empty Cage":43,"Toy Ornithopter":19}],"Toy Ornithopter":22},"card_choices":[{"not_picked":["Go for the Eyes","Compile Driver"],"picked":"Genetic Algorithm","floor":1.0},{"not_picked":["Skim","Leap"],"picked":"Coolheaded","floor":2.0},{"not_picked":["Redo","Recycle"],"picked":"Echo Form","floor":3.0},{"not_picked":["Blizzard","Hello World"],"picked":"Reprogram","floor":5.0},{"not_picked":["Gash","Tempest"],"picked":"Streamline","floor":7.0},{"not_picked":["Storm","Defragment"],"picked":"Reinforced Body","floor":10.0},{"not_picked":["Defragment","Go for the Eyes"],"picked":"Sweeping Beam","floor":11.0},{"not_picked":["Beam Cell","Steam Power"],"picked":"Go for the Eyes","floor":13.0},{"not_picked":["Cold Snap","Stack"],"picked":"Conserve Battery","floor":14.0},{"not_picked":["Creative AI","Thunder Strike"],"picked":"Hyperbeam","floor":16.0},{"not_picked":["Turbo","Streamline"],"picked":"Double Energy","floor":18.0},{"not_picked":["Blizzard","Chill"],"picked":"Sunder","floor":21.0},{"not_picked":["Streamline","Tempest"],"picked":"BootSequence","floor":24.0},{"not_picked":["Steam","Conserve Battery"],"picked":"Barrage","floor":27.0},{"not_picked":["Recycle","Stack"],"picked":"Beam Cell+1","floor":29.0},{"not_picked":["Core Surge","Amplify"],"picked":"Buffer","floor":33.0},{"not_picked":["Barrage","Turbo"],"picked":"Hologram","floor":35.0},{"not_picked":["Genetic Algorithm","Compile Driver"],"picked":"Rebound","floor":37.0},{"not_picked":["Gash","Redo"],"picked":"Compile Driver","floor":38.0},{"not_picked":["Aggregate","Beam Cell"],"picked":"Skim","floor":41.0},{"not_picked":["Gash+1","Cold Snap"],"picked":"Heatsinks+1","floor":44},{"not_picked":["Doom and Gloom","Sweeping Beam","Beam Cell"],"picked":"SKIP","floor":45}],"player_experience":708649,"relics_obtained":[{"floor":9.0,"key":"Toy Ornithopter"},{"floor":24.0,"key":"Vajra"},{"floor":26.0,"key":"Nunchaku"},{"floor":27.0,"key":"Oddly Smooth Stone"},{"floor":41.0,"key":"PreservedInsect"}],"event_choices":[{"damage_healed":0.0,"max_hp_gain":0.0,"max_hp_loss":0.0,"gold_gain":62.0,"event_name":"Golden Wing","player_choice":"Gained Gold","floor":4.0,"gold_loss":0.0,"damage_taken":0.0},{"damage_healed":0.0,"max_hp_gain":0.0,"max_hp_loss":0.0,"gold_gain":0.0,"event_name":"Back to Basics","player_choice":"Simplicity","floor":19.0,"gold_loss":0.0,"damage_taken":0.0,"cards_upgraded":["Strike_B","Strike_B","Strike_B","Strike_B","Defend_B","Defend_B","Defend_B","Defend_B"]},{"damage_healed":0.0,"max_hp_gain":0.0,"max_hp_loss":22.0,"gold_gain":0.0,"event_name":"Vampires","player_choice":"Became a vampire","floor":22.0,"gold_loss":0.0,"damage_taken":0.0,"cards_obtained":["Bite","Bite","Bite","Bite","Bite"]},{"damage_healed":0.0,"max_hp_gain":0.0,"max_hp_loss":0.0,"gold_gain":0.0,"event_name":"Nest","player_choice":"Joined the Cult","floor":28.0,"gold_loss":0.0,"damage_taken":6.0,"cards_obtained":["RitualDagger"]},{"damage_healed":0.0,"max_hp_gain":5.0,"max_hp_loss":0.0,"gold_gain":0.0,"event_name":"Forgotten Altar","player_choice":"Shed Blood","floor":30.0,"gold_loss":0.0,"damage_taken":17.0},{"cards_removed":["Double Energy"],"damage_healed":12.0,"max_hp_gain":0.0,"max_hp_loss":0.0,"gold_gain":0.0,"event_name":"Bonfire Elementals","player_choice":"Offered Uncommon","floor":36.0,"gold_loss":0.0,"damage_taken":0.0},{"damage_healed":0.0,"max_hp_gain":0.0,"max_hp_loss":0.0,"gold_gain":0.0,"event_name":"Accursed Blacksmith","player_choice":"Forge","floor":39.0,"gold_loss":0.0,"damage_taken":0.0,"cards_upgraded":["Buffer"]},{"damage_healed":0,"gold_gain":0,"player_choice":"Max HP","damage_taken":0,"max_hp_gain":0,"max_hp_loss":3,"event_name":"Winding Halls","floor":47,"gold_loss":0}],"is_beta":false,"boss_relics":[{"not_picked":["Inserter","SlaversCollar"],"picked":"Empty Cage"},{"not_picked":["Black Star","Fusion Hammer"],"picked":"Philosopher\u0027s Stone"}],"items_purged_floors":[],"is_endless":false,"potions_floor_spawned":[3,5,10,13,18,33,35,41,44],"killed_by":"Donu and Deca","ascension_level":20}}