{"host":"pcbz64t4k17ey4z1","time":1611847360,"event":{"mods":["2.2 Compatiblity","AchievementEnabler","Act Like it!","Aspiration","BaseMod","Beaked The Cultist","Better Match","Better Third Choice","BetterRewards","Card Forge","Colored Map","Colored Powertips","Conspire","Disable Question Mark Monsters","Fireblade Mod","Friendly Minions","Gensokyo","GifTheSpireLib","Glutton Mod","Googly Eyes","Gremlin Mod","Hermit","Hubris","Infinite Spire","Koishi","Marisa????????","Minty Spire (QoL Compilation)","Permanent Neow","Potionbrewer","Quick Restart","Random Character Button","Rare Cards Sparkle","Relic Filter","Replay The Spire","Robot Space Explorer","Shade Mod","Shop Mod","Spicy Shops","StSLib","Stuff the Spire","SuperFastMode","The Cursed","The Druid","The Gatherer","The Hierophant","The IronCluck","The Jungle","The Marked","The Runesmith","Virulent Crown","Waifu the Spire","Wandering Minibosses"],"gold_per_floor":[113,124,124,165,182,225,225,260,260,281,281,309,309,343,343,455,455,469,428,61,121,90,90,108,146,223,287,325,373,386,386,386,511,511,538,556,581,599,643,685,685,281,328,367,379,391,403,415,451,493,505,521,521],"floor_reached":52,"language":"ENG","playtime":2878,"items_purged":["theMarked:SwordAndMagic+1"],"score":830,"play_id":"ea49e10b-5f42-4020-bf2d-dc8cc0a7f7ad","local_time":"20210128152240","is_ascension_mode":true,"campfire_choices":[{"data":"theMarked:EternalStudent","floor":7,"key":"SMITH"},{"floor":11,"key":"REST"},{"data":"theMarked:Convert","floor":15,"key":"SMITH"},{"data":"Pot Of Greed","floor":23,"key":"SMITH"},{"floor":32,"key":"REST"},{"floor":41,"key":"REST"},{"data":"theMarked:MuscleMemory","floor":48,"key":"SMITH"},{"floor":51,"key":"RECALL"}],"circlet_count":0,"master_deck":["theMarked:Defend+1","theMarked:Defend+1","theMarked:Defend+1","theMarked:SoldierOfQuellstein+1","theMarked:Overcharge","infinitespire:Menacing+1","theMarked:WardOff","theMarked:Friction","theMarked:Memento+1","theMarked:EternalStudent+1","theMarked:Panic","theMarked:Overthink+1","theMarked:Convert+1","theMarked:SuspiciousRaven","conspire:SpireCoStock","theMarked:EternalStudent+1","theMarked:Improvise","Pot Of Greed+1","Pot Of Greed+1","theMarked:Heritage","theMarked:MysticalArsenal","theMarked:ThrowWeapon+1","Pot Of Greed","theMarked:MuscleMemory+1","Shame","Sadistic Nature","theMarked:PowerFlow+1","theMarked:Seal"],"relics":["theMarked:ArtifactOfAir","Hammer of Thor","Seething Fire","Anvil of the Gods","StuffTheSpire:Experiment12","CeramicFish","Oddly Smooth Stone","potionbrewer:RamsHorn","Blood Vial","hubris:VirtuousBlindfold","DollysMirror","infinitespire:PuzzleCube","Red Mask","ReplayTheSpireMod:CursedCoin","Strawberry","Grinning Jar","hubris:MysteriousPyramids","InkBottle","wanderingMiniBosses:Blackblade","StoneCalendar","ChewingGum","StuffTheSpire:Gunfinga","Sling","Eternal Feather","MawBank","hubris:Icosahedron"],"acts_visited":["Exordium","TheCity","TheBeyond"],"potions_floor_usage":[8,14,14,18,21,33,37,39,52,52,52],"damage_taken":[{"damage":0,"enemies":"conspire:RoseBush","floor":1,"turns":2},{"damage":0,"enemies":"2 Louse","floor":2,"turns":5},{"damage":0,"enemies":"infinitespire:Voidling","floor":5,"turns":5},{"damage":22,"enemies":"3 Sentries","floor":6,"turns":10},{"damage":0,"enemies":"Gremlin Nob","floor":8,"turns":3},{"damage":4,"enemies":"Blue Slaver","floor":10,"turns":3},{"damage":0,"enemies":"conspire:2 RoseBushes","floor":12,"turns":4},{"damage":0,"enemies":"3 Sentries","floor":14,"turns":4},{"damage":0,"enemies":"Slime Boss","floor":16,"turns":4},{"damage":0,"enemies":"2 Thieves","floor":18,"turns":3},{"damage":16,"enemies":"Masked Bandits","floor":21,"turns":3},{"damage":0,"enemies":"conspire:FuzzyDice","floor":24,"turns":4},{"damage":0,"enemies":"conspire:Head Lice","floor":25,"turns":4},{"damage":1,"enemies":"Book of Stabbing","floor":27,"turns":4},{"damage":11,"enemies":"Sentry and Sphere","floor":28,"turns":6},{"damage":18,"enemies":"Centurion and Healer","floor":29,"turns":4},{"damage":0,"enemies":"Snake Plant","floor":30,"turns":3},{"damage":45,"enemies":"hubris:MusketHawk","floor":33,"turns":7},{"damage":11,"enemies":"3 Darklings","floor":35,"turns":6},{"damage":11,"enemies":"Orb Walker","floor":36,"turns":2},{"damage":21,"enemies":"3 Darklings","floor":37,"turns":7},{"damage":53,"enemies":"Jaw Worm Horde","floor":39,"turns":5},{"damage":0,"enemies":"Giant Head","floor":40,"turns":5},{"damage":0,"enemies":"Maw","floor":44,"turns":3},{"damage":0,"enemies":"Spire Growth","floor":49,"turns":2},{"damage":0,"enemies":"Sphere and 2 Shapes","floor":50,"turns":3},{"damage":83,"enemies":"Donu and Deca","floor":52,"turns":4}],"seed_played":"4849995545874577725","potions_obtained":[{"floor":1,"key":"potionbrewer:CleansingPotion"},{"floor":10,"key":"Fire Potion"},{"floor":12,"key":"potionbrewer:DiscountPotion"},{"floor":14,"key":"Flashbang"},{"floor":18,"key":"BlessingOfTheForge"},{"floor":25,"key":"theMarked:ChargePotion"},{"floor":27,"key":"Elixir"},{"floor":30,"key":"AttackPotion"},{"floor":33,"key":"SteroidPotion"},{"floor":37,"key":"potionbrewer:AcidPotion"},{"floor":44,"key":"potionbrewer:SplittingPotion"},{"floor":49,"key":"Energy Potion"}],"is_trial":false,"path_per_floor":["M","M","?","?","M","E","R","E","T","M","R","M","?","E","R","B",null,"M","?","$","?","$","R","M","E","T","E","M","M","M","AVR","R","B",null,"M","M","M","?","M","E","R","$","T","M","?","PTL","PTL","R","M","M","R_BF","B"],"character_chosen":"THE_DEFAULT","items_purchased":["DollysMirror","infinitespire:PuzzleCube","ReplayTheSpireMod:CursedCoin","Strawberry","Grinning Jar","Sling","Eternal Feather","Sadistic Nature"],"campfire_rested":3,"item_purchase_floors":[20,20,22,22,22,42,42,42],"current_hp_per_floor":[75,75,75,75,75,53,53,53,53,49,71,71,71,71,71,73,75,75,75,75,59,66,66,68,70,70,71,62,46,48,48,72,29,82,71,62,43,64,13,15,39,39,39,41,41,41,41,56,58,60,75,0,0],"gold":521,"neow_bonus":"RANDOM_EVENT","is_daily":false,"chose_seed":false,"campfire_upgraded":4,"win_rate":0.0,"timestamp":1611847360,"path_taken":["M","M","?","?","?","E","R","E","T","M","R","M","?","E","R","BOSS","M","?","$","?","?","R","M","E","T","E","M","?","M","AVR","R","BOSS","M","M","M","?","M","E","R","$","T","M","?","PTL","PTL","R","M","M","R_BF","BOSS"],"items_purchased_type":["Relic","Relic","Relic","Relic","Relic","Relic","Relic","Card"],"build_version":"2020-12-22","purchased_purges":1,"victory":false,"max_hp_per_floor":[75,75,75,75,75,75,75,75,75,75,75,75,75,75,75,75,75,75,75,75,75,82,82,82,82,82,82,82,82,82,82,82,82,82,82,82,82,82,82,82,82,82,82,82,82,82,82,82,82,82,82,82,82],"card_choices":[{"not_picked":["theMarked:WastefulAttack","theMarked:SelfDefenseTraining"],"picked":"theMarked:SwordAndMagic","floor":1},{"not_picked":["theMarked:Reabsorb","theMarked:TakeCover"],"picked":"theMarked:Overcharge","floor":2},{"not_picked":["infinitespire:Execution","infinitespire:Punishment"],"picked":"infinitespire:Menacing","floor":3},{"not_picked":["theMarked:SwordAndMagic","theMarked:ChainLightning"],"picked":"theMarked:WardOff","floor":4},{"not_picked":["theMarked:SwordAndMagic","theMarked:HeightenedSenses"],"picked":"theMarked:Friction","floor":4},{"not_picked":["theMarked:BanishingStrike","theMarked:HeightenedSenses"],"picked":"theMarked:Memento","floor":5},{"not_picked":["theMarked:SwordAndMagic","theMarked:WardOff"],"picked":"theMarked:EternalStudent","floor":6},{"not_picked":["theMarked:TakeCover","theMarked:SwordAndMagic","theMarked:KeepCalmAndFight"],"picked":"SKIP","floor":8},{"not_picked":["theMarked:WastefulAttack","theMarked:ChainLightning"],"picked":"theMarked:Panic","floor":10},{"not_picked":["theMarked:UnarmedFury","theMarked:HeightenedSenses"],"picked":"theMarked:Overthink","floor":12},{"not_picked":["theMarked:ParalyzingBlade","theMarked:Polarize"],"picked":"theMarked:Convert","floor":14},{"not_picked":["theMarked:Levitate","theMarked:TurnInvisible"],"picked":"theMarked:SuspiciousRaven","floor":16},{"not_picked":["theMarked:ComboAttacks+1","theMarked:EmpowerWeapon+1","theMarked:Aftermath"],"picked":"SKIP","floor":18},{"not_picked":["theMarked:TakeCover+1","theMarked:ChainLightning"],"picked":"theMarked:Improvise","floor":21},{"not_picked":["theMarked:ChainLightning+1","theMarked:EmpowerWeapon","theMarked:TunnelVision+1"],"picked":"SKIP","floor":24},{"not_picked":["theMarked:Frustration","theMarked:RepellingDischarge"],"picked":"theMarked:Improvise","floor":25},{"not_picked":["theMarked:Polarize+1","theMarked:StartUp+1"],"picked":"theMarked:Heritage","floor":27},{"not_picked":["wanderingMiniBosses:FinaleOfPromise"],"picked":"SKIP","floor":28},{"not_picked":["theMarked:Aftermath","theMarked:SelfDefenseTraining","theMarked:ElectricStrings"],"picked":"SKIP","floor":28},{"not_picked":["theMarked:Generate","theMarked:PowerFlow+1"],"picked":"theMarked:MysticalArsenal","floor":29},{"not_picked":["theMarked:ComboAttacks","theMarked:BanishingWave","theMarked:Static"],"picked":"SKIP","floor":30},{"not_picked":["theMarked:Levitate","theMarked:TakeOffHeels"],"picked":"theMarked:ThrowWeapon","floor":33},{"not_picked":["theMarked:Aftermath+1","theMarked:WastefulAttack","theMarked:ShockingTouch"],"picked":"SKIP","floor":35},{"not_picked":["theMarked:Electrify+1","theMarked:SwordAndMagic+1","theMarked:WastefulAttack"],"picked":"SKIP","floor":36},{"not_picked":["theMarked:WardOff+1","theMarked:Friction","theMarked:HeightenedSenses"],"picked":"SKIP","floor":37},{"not_picked":["theMarked:Electrocute","theMarked:Overcharge"],"picked":"theMarked:MuscleMemory","floor":39},{"not_picked":["theMarked:EternalStudent","theMarked:ParalyzingBlade"],"picked":"theMarked:Improvise","floor":40},{"not_picked":["theMarked:ResourceFulStrike","theMarked:SwordAndMagic+1"],"picked":"theMarked:PowerFlow+1","floor":44},{"not_picked":["theMarked:Parkour+1","theMarked:SelfDefenseTraining+1"],"picked":"theMarked:Seal","floor":49},{"not_picked":["theMarked:TwofoldDefense","theMarked:RogueSparks","theMarked:Generate"],"picked":"SKIP","floor":50}],"player_experience":3387214,"relics_obtained":[{"floor":4,"key":"StuffTheSpire:Experiment12"},{"floor":6,"key":"CeramicFish"},{"floor":8,"key":"Oddly Smooth Stone"},{"floor":9,"key":"potionbrewer:RamsHorn"},{"floor":14,"key":"Blood Vial"},{"floor":21,"key":"Red Mask"},{"floor":25,"key":"hubris:MysteriousPyramids"},{"floor":27,"key":"InkBottle"},{"floor":28,"key":"wanderingMiniBosses:Blackblade"},{"floor":40,"key":"StuffTheSpire:Gunfinga"},{"floor":43,"key":"MawBank"}],"event_choices":[{"damage_healed":0,"gold_gain":0,"player_choice":"Donut","damage_taken":0,"max_hp_gain":5,"max_hp_loss":0,"event_name":"Big Fish","floor":0,"gold_loss":0},{"damage_healed":0,"gold_gain":0,"player_choice":"Grow","damage_taken":0,"max_hp_gain":0,"max_hp_loss":0,"event_name":"Living Wall","floor":13,"gold_loss":0,"cards_upgraded":["theMarked:Overthink"]},{"damage_healed":0,"gold_gain":0,"player_choice":"Invest 1","damage_taken":0,"max_hp_gain":0,"max_hp_loss":0,"event_name":"conspire:Investor","floor":19,"gold_loss":0},{"damage_healed":0,"gold_gain":0,"player_choice":"Fought Bandits","damage_taken":0,"max_hp_gain":0,"max_hp_loss":0,"event_name":"Masked Bandits","floor":21,"gold_loss":0},{"damage_healed":21,"gold_gain":0,"player_choice":"Writhe","damage_taken":0,"max_hp_gain":0,"max_hp_loss":0,"event_name":"Winding Halls","floor":38,"gold_loss":0,"cards_obtained":["Writhe"]}],"is_beta":false,"boss_relics":[{"not_picked":["aspiration:RunesmithSkillbook","Snecko Heart"],"picked":"hubris:VirtuousBlindfold"},{"not_picked":["ReplayTheSpireMod:SealedPack","Snecko Eye"],"picked":"ChewingGum"}],"items_purged_floors":[20],"is_endless":false,"potions_floor_spawned":[1,10,12,14,18,25,27,30,33,35,37,44,49],"killed_by":"Donu and Deca","ascension_level":1}}