{"host":"pjgcdp3h1plnbocs","time":1611858501,"event":{"mods":["AchievementEnabler","BaseMod","Colored Map","Downfall","Highlight Path","Minty Spire (QoL Compilation)","StSLib"],"gold_per_floor":[99,110,110,126,126,136,160,160,190,201,201,234,234,264,276,373,373,273,286,286,156,169,194,194,194,6,6,37,62,79,79,89,189,189,89,101,116,116,291,302,325,201,201,201,227,241,46,81,106,118,118,118],"floor_reached":50,"language":"ENG","playtime":2280,"items_purged":["Slimebound:Tackle","Slimebound:Strike_Slimebound","Slimebound:Defend_Slimebound+1","Slimebound:Strike_Slimebound+1","Slimebound:Defend_Slimebound+1"],"score":743,"play_id":"2d349b76-b230-42ff-9b43-6cd2b1ae5b96","local_time":"20210128192821","is_ascension_mode":true,"campfire_choices":[{"data":"Slimebound:CorrosiveSpit","floor":1.0,"key":"SMITH"},{"data":"Slimebound:Split","floor":8.0,"key":"SMITH"},{"data":"Slimebound:Repurpose","floor":11.0,"key":"SMITH"},{"data":"Slimebound:RejuvenatingLick","floor":13.0,"key":"SMITH"},{"data":"Slimebound:Recycling","floor":18.0,"key":"SMITH"},{"data":"Slimebound:TongueLash","floor":27.0,"key":"SMITH"},{"data":"Slimebound:SamplingLick","floor":35.0,"key":"SMITH"}],"circlet_count":0,"master_deck":["Slimebound:Defend_Slimebound+1","Slimebound:Split+1","Slimebound:CorrosiveSpit+1","Slimebound:MegaLick","Slimebound:Repurpose+1","Slimebound:RejuvenatingLick+1","Slimebound:SamplingLick+1","Slimebound:TongueLash+1","Slimebound:Recycling+1","Slimebound:SamplingLick","Slimebound:Gluttony","Slimebound:AcidTongue","Slimebound:ItLooksTasty+1","Slimebound:Schlurp+1","Slimebound:Dissolve+1","Slimebound:Gluttony+1","Slimebound:GrowthPunch+1","Slimebound:Gluttony","Slimebound:HauntingLick+1"],"relics":["Slimebound:AbsorbEndCombat","Centennial Puzzle","Odd Mushroom","Eternal Feather","Mummified Hand","Slimebound:TarBlob","downfall:HeartBlessingGreen","Molten Egg 2","Smiling Mask","Regal Pillow","SacredBark","downfall:HeartBlessingBlue","Whetstone","Incense Burner","downfall:ExtraCursedKey","Pantograph","Membership Card","MawBank"],"acts_visited":["Exordium","TheCity","TheBeyond"],"potions_floor_usage":[49,50,50],"damage_taken":[{"damage":0.0,"enemies":"2 Louse","floor":2.0,"turns":2.0},{"damage":13.0,"enemies":"Small Slimes","floor":4.0,"turns":4.0},{"damage":4.0,"enemies":"Jaw Worm","floor":6.0,"turns":4.0},{"damage":6.0,"enemies":"The Mushroom Lair","floor":9.0,"turns":3.0},{"damage":12.0,"enemies":"Exordium Thugs","floor":10.0,"turns":3.0},{"damage":19.0,"enemies":"3 Sentries","floor":12.0,"turns":5.0},{"damage":6.0,"enemies":"Lagavulin","floor":14.0,"turns":7.0},{"damage":6.0,"enemies":"3 Louse","floor":15.0,"turns":3.0},{"damage":35.0,"enemies":"IC_STATUS_ARCHETYPE","floor":16.0,"turns":7.0},{"damage":3.0,"enemies":"3 Byrds","floor":19.0,"turns":5.0},{"damage":0.0,"enemies":"downfall:FleeingMerchant","floor":21.0,"turns":4.0},{"damage":4.0,"enemies":"Spheric Guardian","floor":22.0,"turns":4.0},{"damage":41.0,"enemies":"Book of Stabbing","floor":23.0,"turns":5.0},{"damage":0.0,"enemies":"downfall:FleeingMerchant","floor":26.0,"turns":4.0},{"damage":35.0,"enemies":"Slavers","floor":28.0,"turns":6.0},{"damage":11.0,"enemies":"Centurion and Healer","floor":30.0,"turns":4.0},{"damage":7.0,"enemies":"Cultist and Chosen","floor":32.0,"turns":4.0},{"damage":20.0,"enemies":"DF_ARCHETYPE_CLAW","floor":33.0,"turns":6.0},{"damage":4.0,"enemies":"3 Darklings","floor":36.0,"turns":3.0},{"damage":0.0,"enemies":"3 Shapes","floor":37.0,"turns":4.0},{"damage":11.0,"enemies":"downfall:FleeingMerchant","floor":39.0,"turns":4.0},{"damage":17.0,"enemies":"Sphere and 2 Shapes","floor":40.0,"turns":4.0},{"damage":20,"enemies":"Nemesis","floor":45,"turns":5},{"damage":0,"enemies":"3 Darklings","floor":46,"turns":4},{"damage":30,"enemies":"Reptomancer","floor":48,"turns":5},{"damage":10,"enemies":"Transient","floor":49,"turns":5},{"damage":68,"enemies":"WA_ARCHETYPE_DIVINITY","floor":50,"turns":3}],"seed_played":"2480554494418631354","potions_obtained":[{"floor":4.0,"key":"sneckomod:MuddlingPotion"},{"floor":6.0,"key":"SkillPotion"},{"floor":10.0,"key":"EssenceOfSteel"},{"floor":15.0,"key":"Fire Potion"},{"floor":16.0,"key":"AttackPotion"},{"floor":23.0,"key":"EssenceOfSteel"},{"floor":28.0,"key":"LiquidMemories"},{"floor":33.0,"key":"Ancient Potion"},{"floor":37.0,"key":"Explosive Potion"}],"is_trial":false,"path_per_floor":["R","M","?","M","?","M","T","R","?","M","R","E","R","E","M","B",null,"R","M","?","$","M","E","T","?","$","R","E","T","M","?","M","B",null,"R","M","M","?","$","M","T","$","?","?","E","M","$","E","M","B"],"character_chosen":"SLIMEBOUND","items_purchased":["Slimebound:Nibble","Slimebound:AcidTongue","Slimebound:ThreeZeroPotion","Slimebound:GrowthPunch+1","Membership Card"],"campfire_rested":0,"item_purchase_floors":[21,26,39,42,47],"current_hp_per_floor":[65,65,65,56,56,60,60,60,62,54,54,43,49,51,51,24,65,65,62,62,65,65,28,28,28,36,45,18,18,15,15,16,4,65,75,75,75,75,70,60,60,60,60,60,48,56,56,34,32,0,0,0],"gold":118,"neow_bonus":"REMOVE_CARD","is_daily":false,"chose_seed":false,"campfire_upgraded":7,"win_rate":0.0,"timestamp":1611858501,"path_taken":["R","M","?","M","?","M","T","R","?","M","R","E","R","E","M","BOSS","R","M","?","$","M","E","T","?","$","R","E","?","M","?","M","BOSS","R","M","M","?","$","M","T","$","?","?","E","?","$","E","M","BOSS"],"items_purchased_type":["Card","Card","Potion","Card","Relic"],"build_version":"2020-12-22","purchased_purges":5,"victory":false,"max_hp_per_floor":[65,65,65,65,65,65,65,65,65,65,65,65,65,65,65,65,65,65,65,65,65,65,65,65,65,65,65,65,65,65,65,65,65,65,75,75,75,75,75,75,75,75,75,75,75,75,75,75,75,75,75,75],"card_choices":[{"not_picked":["Slimebound:Prepare","Slimebound:LeechEnergy","Slimebound:SlimeBrawl"],"picked":"SKIP","floor":2.0},{"not_picked":["Slimebound:LeechingTouch","Slimebound:GoopSpray"],"picked":"Slimebound:MegaLick","floor":4.0},{"not_picked":["Slimebound:Replication","Slimebound:SplitAcid","Slimebound:GoopTackle"],"picked":"SKIP","floor":6.0},{"not_picked":["Slimebound:LivingWall","Slimebound:FormOfPuddle"],"picked":"Slimebound:Repurpose","floor":9.0},{"not_picked":["Slimebound:SlimeBarrage","Slimebound:LevelUp"],"picked":"Slimebound:RejuvenatingLick","floor":10.0},{"not_picked":["Slimebound:SlimeSlap","Slimebound:LivingWall"],"picked":"Slimebound:SamplingLick","floor":12.0},{"not_picked":["Slimebound:SamplingLick","Slimebound:SplitLeeching"],"picked":"Slimebound:TongueLash","floor":14.0},{"not_picked":["Slimebound:RollThrough","Slimebound:SlimeBrawl","Slimebound:SplitLeeching"],"picked":"SKIP","floor":15.0},{"not_picked":["Slimebound:PrepareCrush","Slimebound:TagTeam"],"picked":"Slimebound:Recycling","floor":16.0},{"not_picked":["Slimebound:GoopTackle","Slimebound:SlimeSpikes"],"picked":"Slimebound:SamplingLick","floor":19.0},{"not_picked":["Slimebound:ForwardTackle","Slimebound:FinishingTackle","Slimebound:SplitBruiser"],"picked":"SKIP","floor":21.0},{"not_picked":["Slimebound:GoopTackle+1","Slimebound:FinishingTackle","Slimebound:SplitMire+1"],"picked":"SKIP","floor":22.0},{"not_picked":["Slimebound:BestDefense","Slimebound:Replication","Slimebound:GoopTackle+1"],"picked":"SKIP","floor":23.0},{"not_picked":["Slimebound:LevelUp","Slimebound:Prepare"],"picked":"Slimebound:Gluttony","floor":26.0},{"not_picked":["Slimebound:PrepareCrush","Slimebound:Replication","Slimebound:Repurpose"],"picked":"SKIP","floor":28.0},{"not_picked":["Slimebound:HungryTackle+1","Slimebound:Equalize+1","Slimebound:ViciousTackle+1"],"picked":"SKIP","floor":30.0},{"not_picked":["Slimebound:GoopSpray","Slimebound:PressTheAttack+1"],"picked":"Slimebound:ItLooksTasty+1","floor":32.0},{"not_picked":["Slimebound:Recollect+1","Slimebound:GoopSpray"],"picked":"Slimebound:Schlurp+1","floor":36.0},{"not_picked":["Slimebound:SlimeTap+1","Slimebound:SplitLeeching+1","Slimebound:ComboTackle+1"],"picked":"SKIP","floor":37.0},{"not_picked":["Slimebound:GoopTackle+1","Slimebound:SplitAcid+1"],"picked":"Slimebound:Dissolve+1","floor":39.0},{"not_picked":["Slimebound:PressTheAttack+1","Slimebound:SplitMire"],"picked":"Slimebound:Gluttony+1","floor":40.0},{"not_picked":["Slimebound:ViciousTackle+1","Slimebound:FinishingTackle+1","Slimebound:GrowthPunch+1"],"picked":"SKIP","floor":45},{"not_picked":["Slimebound:SplitMire+1","Slimebound:LivingWall"],"picked":"Slimebound:Gluttony","floor":46},{"not_picked":["Slimebound:DivideAndConquer+1","Slimebound:Grow"],"picked":"Slimebound:HauntingLick+1","floor":48},{"not_picked":["Slimebound:SplitLeeching+1","Slimebound:ItLooksTasty+1","Slimebound:SplitBruiser"],"picked":"SKIP","floor":49}],"player_experience":210990,"relics_obtained":[{"floor":7.0,"key":"Centennial Puzzle"},{"floor":9.0,"key":"Odd Mushroom"},{"floor":12.0,"key":"Eternal Feather"},{"floor":14.0,"key":"Mummified Hand"},{"floor":23.0,"key":"Molten Egg 2"},{"floor":28.0,"key":"Smiling Mask"},{"floor":29.0,"key":"Regal Pillow"},{"floor":41.0,"key":"Whetstone"},{"floor":43,"key":"Incense Burner"},{"floor":45,"key":"Pantograph"},{"floor":48,"key":"MawBank"}],"event_choices":[{"cards_removed":["Slimebound:Strike_Slimebound"],"damage_healed":0.0,"max_hp_gain":0.0,"max_hp_loss":0.0,"gold_gain":0.0,"event_name":"The Cleric","player_choice":"Card Removal","floor":5.0,"gold_loss":0.0,"damage_taken":0.0},{"damage_healed":0.0,"max_hp_gain":0.0,"max_hp_loss":0.0,"gold_gain":0.0,"event_name":"Mushrooms","player_choice":"Fought Mushrooms","floor":9.0,"gold_loss":0.0,"damage_taken":0.0},{"damage_healed":0.0,"max_hp_gain":0.0,"max_hp_loss":0.0,"gold_gain":0.0,"event_name":"Vampires","player_choice":"Ignored","floor":20.0,"gold_loss":0.0,"damage_taken":0.0},{"damage_healed":0.0,"max_hp_gain":0.0,"max_hp_loss":0.0,"gold_gain":0.0,"event_name":"Ghosts","player_choice":"Ignored","floor":25.0,"gold_loss":0.0,"damage_taken":0.0},{"cards_removed":["Slimebound:Nibble"],"damage_healed":0.0,"max_hp_gain":0.0,"max_hp_loss":0.0,"gold_gain":0.0,"event_name":"Falling","player_choice":"Removed Attack","floor":38.0,"gold_loss":0.0,"damage_taken":0.0}],"is_beta":false,"boss_relics":[{"not_picked":["Tiny House","Fusion Hammer"],"picked":"Slimebound:TarBlob"},{"not_picked":["Snecko Eye","Philosopher\u0027s Stone"],"picked":"SacredBark"}],"items_purged_floors":[21,26,39,42,47],"is_endless":false,"potions_floor_spawned":[4,6,10,15,16,23,28,32,33,37,45,46],"killed_by":"WA_ARCHETYPE_DIVINITY","ascension_level":4}}