{"host":"1t0llcfp0lo7rmr4","time":1611835582,"event":{"mods":["AchievementEnabler","Aspiration","BaseMod","Beaked The Cultist","Colored Powertips","GifTheSpireLib","Hubris","Minty Spire (QoL Compilation)","Permanent Neow","Quick Restart","Relic Filter","Replay The Spire","StSLib","SuperFastMode","The Bladedancer","The Bug Knight","The Cursed","The Druid","The Elementalist","The Exalted","The Forsaken","The Judge","The Poker Player","The Runesmith","[IsaacMod]????"],"gold_per_floor":[111,111,111,127,10,10,10],"floor_reached":6,"language":"ENG","playtime":260,"items_purged":[],"score":36,"play_id":"2dd88687-a179-4a7c-b29e-0c3b4323fb0f","local_time":"20210128230622","is_ascension_mode":true,"campfire_choices":[],"circlet_count":0,"master_deck":["TheCursedMod:Strike_TheCursed","TheCursedMod:Strike_TheCursed","TheCursedMod:Strike_TheCursed","TheCursedMod:Strike_TheCursed","TheCursedMod:Defend_TheCursed","TheCursedMod:Defend_TheCursed","TheCursedMod:Defend_TheCursed","TheCursedMod:Defend_TheCursed","TheCursedMod:CursedWand","TheCursedMod:CleanUpWorkshop","TheCursedMod:Dregs","TheCursedMod:AntiAging","TheCursedMod:SoulReap","theForsaken:PlagueCurse","TheCursedMod:CircleOfFocus","TheCursedMod:LuckyCharm","TheCursedMod:CursedStaff"],"relics":["TheCursedMod:BlackMagic101","HushsDoor","Damocles","Chameleon Ring","theForsaken:PlagueMask","hubris:Icosahedron","beaked:ShinyBauble"],"acts_visited":["Exordium"],"potions_floor_usage":[],"damage_taken":[{"damage":0,"enemies":"Cultist","floor":1,"turns":4},{"damage":2,"enemies":"2 Louse","floor":4,"turns":4},{"damage":0,"enemies":"Gremlin Nob","floor":6,"turns":2}],"seed_played":"3635974829624886761","potions_obtained":[{"floor":1,"key":"DistilledChaos"}],"is_trial":false,"path_per_floor":["M","?","?","M","$","E"],"character_chosen":"THE_CURSED","items_purchased":["TheCursedMod:LuckyCharm","TheCursedMod:CursedStaff"],"campfire_rested":0,"item_purchase_floors":[5,5],"current_hp_per_floor":[56,56,56,61,61,0,0],"gold":10,"neow_bonus":"THREE_RARE_CARDS","is_daily":false,"chose_seed":false,"campfire_upgraded":0,"win_rate":0.0,"timestamp":1611835582,"path_taken":["M","?","?","M","$","E"],"items_purchased_type":["Card","Card"],"build_version":"2020-12-22","purchased_purges":0,"victory":false,"max_hp_per_floor":[77,77,77,79,79,79,79],"card_choices":[{"not_picked":[],"picked":"Bomb","floor":0},{"not_picked":["TheCursedMod:CursedRelics","TheCursedMod:ManaCirculation"],"picked":"TheCursedMod:AntiAging","floor":0},{"not_picked":["TheCursedMod:CircleOfFlame","TheCursedMod:SpitefulStrike"],"picked":"TheCursedMod:SoulReap","floor":1},{"not_picked":["TheCursedMod:Stretching","Bomb"],"picked":"TheCursedMod:CircleOfFocus","floor":4}],"player_experience":817709,"relics_obtained":[{"floor":1,"key":"Chameleon Ring"},{"floor":4,"key":"beaked:ShinyBauble"}],"event_choices":[{"damage_healed":0,"gold_gain":0,"player_choice":"Obtain Plague Curse","damage_taken":0,"max_hp_gain":0,"max_hp_loss":0,"event_name":"Plague Doctor","floor":2,"gold_loss":0,"cards_obtained":["theForsaken:PlagueCurse"]}],"is_beta":false,"boss_relics":[],"items_purged_floors":[],"is_endless":false,"potions_floor_spawned":[1],"killed_by":"Gremlin Nob","ascension_level":1}}