{"host":"n23juj4d9qam5hh1","time":1611829360,"event":{"mods":["BaseMod","Better Note","BetterRewards","Displayed Cursed Tome","Infinite Spire","Minty Spire (QoL Compilation)","Relic Stats","StSLib","Thieving Mod"],"gold_per_floor":[131,156,168,180,209,251,228,255,267,279,307,319,311,333,345,454,466,490,514,526,552,479,491,515,527,539,551,574,586,616,628,640,753,765,792,823,846,858,723,723,755,755,803,856,440,450,450,469,469,469,469],"floor_reached":50,"language":"ENG","playtime":2139,"items_purged":["Writhe","Recycle"],"score":594,"play_id":"97ae408e-7c8e-4a50-a452-5799f493b829","local_time":"20210128052240","is_ascension_mode":true,"campfire_choices":[{"data":"Echo Form","floor":10.0,"key":"SMITH"},{"data":"Dualcast","floor":12.0,"key":"SMITH"},{"data":"Zap","floor":15.0,"key":"SMITH"},{"floor":23.0,"key":"REST"},{"data":"Capacitor","floor":27.0,"key":"SMITH"},{"floor":29.0,"key":"REST"},{"floor":32.0,"key":"REST"},{"floor":40.0,"key":"REST"},{"data":"Storm","floor":47,"key":"SMITH"},{"data":"infinitespire:Oblivion","floor":49,"key":"SMITH"}],"circlet_count":0,"master_deck":["Zap+1","Dualcast+1","Chaos+1","Ball Lightning","Aggregate","Echo Form+1","Self Repair","Turbo","Reboot","Stack","Redo","Darkness","Darkness","Doom and Gloom","Hello World","Coolheaded+1","Leap+1","infinitespire:Oblivion+1","Capacitor+1","Coolheaded","Steam","Amplify","Double Energy+1","Zap","Biased Cognition","Seek+1","Coolheaded+1","Storm+1"],"relics":["Cracked Core","MawBank","InkBottle","infinitespire:BottledMercury","Pandora\u0027s Box","Frozen Eye","infinitespire:Bottled Soul","Happy Flower","Philosopher\u0027s Stone","War Paint","Lantern","infinitespire:Lucky Rock","Singing Bowl"],"acts_visited":["Exordium","TheCity","TheBeyond"],"potions_floor_usage":[],"damage_taken":[{"damage":1.0,"enemies":"Cultist","floor":1.0,"turns":3.0},{"damage":2.0,"enemies":"Jaw Worm","floor":2.0,"turns":4.0},{"damage":6.0,"enemies":"2 Louse","floor":5.0,"turns":2.0},{"damage":8.0,"enemies":"Gremlin Nob","floor":6.0,"turns":3.0},{"damage":0.0,"enemies":"Large Slime","floor":8.0,"turns":5.0},{"damage":9.0,"enemies":"Gremlin Gang","floor":11.0,"turns":4.0},{"damage":8.0,"enemies":"Blue Slaver","floor":14.0,"turns":4.0},{"damage":38.0,"enemies":"The Guardian","floor":16.0,"turns":8.0},{"damage":22.0,"enemies":"3 Byrds","floor":18.0,"turns":4.0},{"damage":38.0,"enemies":"2 Thieves","floor":19.0,"turns":3.0},{"damage":0.0,"enemies":"3 Cultists","floor":21.0,"turns":3.0},{"damage":28.0,"enemies":"Shelled Parasite and Fungi","floor":24.0,"turns":3.0},{"damage":24.0,"enemies":"Centurion and Healer","floor":28.0,"turns":5.0},{"damage":11.0,"enemies":"3 Cultists","floor":30.0,"turns":4.0},{"damage":53.0,"enemies":"Champ","floor":33.0,"turns":9.0},{"damage":54.0,"enemies":"3 Darklings","floor":35.0,"turns":5.0},{"damage":2.0,"enemies":"Orb Walker","floor":36.0,"turns":3.0},{"damage":49.0,"enemies":"Maw","floor":37.0,"turns":7.0},{"damage":20.0,"enemies":"Giant Head","floor":41.0,"turns":8.0},{"damage":6,"enemies":"Jaw Worm Horde","floor":46,"turns":3},{"damage":18,"enemies":"Sphere and 2 Shapes","floor":48,"turns":3},{"damage":42,"enemies":"Time Eater","floor":50,"turns":2}],"seed_played":"-7026704886917142799","potions_obtained":[{"floor":2.0,"key":"DistilledChaos"},{"floor":5.0,"key":"BlessingOfTheForge"},{"floor":6.0,"key":"BlessingOfTheForge"},{"floor":13.0,"key":"FairyPotion"},{"floor":24.0,"key":"LiquidBronze"},{"floor":28.0,"key":"Swift Potion"},{"floor":30.0,"key":"Dexterity Potion"},{"floor":35.0,"key":"Explosive Potion"},{"floor":37.0,"key":"GamblersBrew"},{"floor":41.0,"key":"DuplicationPotion"}],"is_trial":false,"path_per_floor":["M","M","?","?","M","E","?","M","T","R","M","R","?","M","R","B",null,"M","M","AVR","M","?","R","M","?","T","R","M","R","M","?","R","B",null,"M","M","M","?","$","R","E","?","T","T","$","M","R","M","R","B"],"character_chosen":"DEFECT","items_purchased":["Seek","Singing Bowl","Storm"],"campfire_rested":4,"item_purchase_floors":[39,45,45],"current_hp_per_floor":[74,72,72,72,66,58,75,75,75,75,66,66,66,65,65,41,75,67,36,36,43,43,65,44,44,44,44,27,49,45,45,67,21,75,28,40,29,29,29,51,38,38,38,38,38,41,41,32,32,0,0],"gold":469,"neow_bonus":"RANDOM_COMMON_RELIC","is_daily":false,"chose_seed":false,"campfire_upgraded":6,"win_rate":0.0,"timestamp":1611829360,"path_taken":["M","M","?","?","M","E","?","M","T","R","M","R","?","M","R","BOSS","M","M","AVR","?","?","R","M","?","T","R","?","R","M","?","R","BOSS","M","M","M","?","?","R","E","?","T","?","$","M","R","?","R","BOSS"],"items_purchased_type":["Card","Relic","Card"],"build_version":"2020-12-22","purchased_purges":2,"victory":false,"max_hp_per_floor":[75,75,75,75,75,75,75,75,75,75,75,75,75,75,75,75,75,75,75,75,75,75,75,75,75,75,75,75,75,75,75,75,75,75,75,75,75,75,75,75,75,75,75,75,75,77,77,79,79,79,79],"relic_stats":{"Happy Flower":[13],"Singing Bowl":4,"counters":[22,95],"Pandora\u0027s Box":["Stack","Sweeping Beam","Recycle","Redo","Darkness","Darkness","Doom and Gloom","Hello World"],"War Paint":["Leap","Seek"],"MawBank":468,"obtain_stats":[{"infinitespire:BottledMercury":9,"Lantern":43,"Happy Flower":31,"Singing Bowl":45,"infinitespire:Lucky Rock":44,"War Paint":41,"MawBank":0,"Frozen Eye":20,"infinitespire:Bottled Soul":22,"Pandora\u0027s Box":17,"Philosopher\u0027s Stone":34,"Cracked Core":0,"InkBottle":6},{"infinitespire:BottledMercury":5,"Lantern":19,"Happy Flower":14,"Singing Bowl":19,"infinitespire:Lucky Rock":19,"War Paint":19,"MawBank":0,"Frozen Eye":10,"infinitespire:Bottled Soul":11,"Pandora\u0027s Box":8,"Philosopher\u0027s Stone":15,"Cracked Core":0,"InkBottle":4},{"infinitespire:BottledMercury":17,"Lantern":87,"Happy Flower":55,"Singing Bowl":87,"infinitespire:Lucky Rock":87,"War Paint":87,"MawBank":0,"Frozen Eye":40,"infinitespire:Bottled Soul":43,"Pandora\u0027s Box":33,"Philosopher\u0027s Stone":64,"Cracked Core":0,"InkBottle":12}],"InkBottle":[38]},"card_choices":[{"not_picked":["Undo","Stack"],"picked":"Chaos","floor":1.0},{"not_picked":["Conserve Battery","Scrape"],"picked":"Ball Lightning","floor":2.0},{"not_picked":["Recycle","Beam Cell","Redo"],"picked":"SKIP","floor":5.0},{"not_picked":["Tempest","Reprogram"],"picked":"Aggregate","floor":6.0},{"not_picked":["Ball Lightning","Undo"],"picked":"Echo Form","floor":8.0},{"not_picked":["Force Field","Barrage"],"picked":"Self Repair","floor":11.0},{"not_picked":["Tempest","Redo"],"picked":"Turbo","floor":14.0},{"not_picked":["Rainbow","Seek"],"picked":"Reboot","floor":16.0},{"not_picked":["Gash","Leap+1"],"picked":"Coolheaded+1","floor":18.0},{"not_picked":["Undo","Rip and Tear+1"],"picked":"Leap","floor":19.0},{"not_picked":["Coolheaded+1","Stack+1"],"picked":"Capacitor","floor":21.0},{"not_picked":["Hologram","Gash"],"picked":"Coolheaded","floor":24.0},{"not_picked":["Stack","Hologram"],"picked":"Steam","floor":28.0},{"not_picked":["Steam","Sweeping Beam","Scrape+1"],"picked":"SKIP","floor":30.0},{"not_picked":["Meteor Strike","Echo Form"],"picked":"Amplify","floor":33.0},{"not_picked":["White Noise","Lockon+1"],"picked":"Double Energy+1","floor":35.0},{"not_picked":["Heatsinks","Chaos","Beam Cell+1"],"picked":"SKIP","floor":36.0},{"not_picked":["Cold Snap","Hello World+1","Redo"],"picked":"SKIP","floor":37.0},{"not_picked":["Darkness","Redo"],"picked":"Coolheaded+1","floor":41.0},{"not_picked":["Conserve Battery+1","Cold Snap+1","Force Field+1"],"picked":"Singing Bowl","floor":46},{"not_picked":["Tempest+1","Chill","Doom and Gloom"],"picked":"Singing Bowl","floor":48}],"player_experience":261014,"relics_obtained":[{"floor":6.0,"key":"InkBottle"},{"floor":9.0,"key":"infinitespire:BottledMercury"},{"floor":41.0,"key":"War Paint"},{"floor":43.0,"key":"Lantern"},{"floor":44.0,"key":"infinitespire:Lucky Rock"}],"event_choices":[{"damage_healed":0.0,"max_hp_gain":0.0,"max_hp_loss":0.0,"gold_gain":0.0,"event_name":"Liars Game","player_choice":"Ignored","floor":3.0,"gold_loss":0.0,"damage_taken":0.0},{"damage_healed":0.0,"max_hp_gain":0.0,"max_hp_loss":0.0,"gold_gain":0.0,"event_name":"Living Wall","player_choice":"Grow","floor":4.0,"gold_loss":0.0,"damage_taken":0.0,"cards_upgraded":["Chaos"]},{"damage_healed":18.0,"max_hp_gain":0.0,"max_hp_loss":0.0,"gold_gain":0.0,"event_name":"The Cleric","player_choice":"Healed","floor":7.0,"gold_loss":35.0,"damage_taken":0.0},{"damage_healed":0.0,"max_hp_gain":0.0,"max_hp_loss":0.0,"gold_gain":0.0,"event_name":"The Woman in Blue","player_choice":"Bought 1 Potion","floor":13.0,"gold_loss":0.0,"damage_taken":0.0},{"damage_healed":0.0,"max_hp_gain":0.0,"max_hp_loss":0.0,"gold_gain":0.0,"event_name":"Addict","player_choice":"Obtained Relic","floor":22.0,"gold_loss":85.0,"damage_taken":0.0,"relics_obtained":["infinitespire:Bottled Soul"]},{"cards_removed":["Sweeping Beam"],"damage_healed":0.0,"max_hp_gain":0.0,"max_hp_loss":0.0,"gold_gain":0.0,"event_name":"Purifier","player_choice":"Purged","floor":25.0,"gold_loss":0.0,"damage_taken":0.0},{"damage_healed":0.0,"max_hp_gain":0.0,"max_hp_loss":0.0,"gold_gain":0.0,"event_name":"The Mausoleum","player_choice":"Opened","floor":31.0,"gold_loss":0.0,"damage_taken":0.0,"relics_obtained":["Happy Flower"],"cards_obtained":["Writhe"]},{"damage_healed":0.0,"max_hp_gain":0.0,"max_hp_loss":0.0,"gold_gain":0.0,"event_name":"Match and Keep!","player_choice":"2 cards matched","floor":38.0,"gold_loss":0.0,"damage_taken":0.0,"cards_obtained":["Zap","Biased Cognition"]}],"is_beta":false,"boss_relics":[{"not_picked":["SlaversCollar","FrozenCore"],"picked":"Pandora\u0027s Box"},{"not_picked":["Black Star","Tiny House"],"picked":"Philosopher\u0027s Stone"}],"items_purged_floors":[39,45],"is_endless":false,"potions_floor_spawned":[2,5,6,16,21,24,28,30,35,37,41],"killed_by":"Time Eater","ascension_level":4}}