{"host":"bq4pt811tk9yrmjl","time":1611858564,"event":{"mods":["AchievementEnabler","BaseMod","Colored Map","Colored Powertips","Defuse TimeMaze Blight","Hermit","Minty Spire (QoL Compilation)","StSLib","SuperFastMode"],"gold_per_floor":[109,109,123,198,198,198,198,198,279,304,6,19,47,109,109,109,109],"floor_reached":16,"language":"ENG","playtime":133,"items_purged":[],"score":138,"play_id":"c48ece57-9cb6-4484-9bb0-d3e2b4ea38a4","local_time":"20210128162924","is_ascension_mode":true,"campfire_choices":[{"data":"Uppercut","floor":6.0,"key":"SMITH"},{"floor":8.0,"key":"RECALL"},{"floor":15,"key":"REST"}],"circlet_count":0,"master_deck":["Strike_R","Strike_R","Strike_R","Strike_R","Strike_R","Defend_R","Defend_R","Defend_R","Defend_R","Bash+1","Twin Strike+1","Uppercut+1","Limit Break","Whirlwind"],"relics":["Burning Blood","NeowsBlessing","Blue Candle","Orichalcum","Happy Flower","Letter Opener"],"acts_visited":["Exordium"],"potions_floor_usage":[],"damage_taken":[{"damage":0.0,"enemies":"2 Louse","floor":1.0,"turns":1.0},{"damage":0.0,"enemies":"Cultist","floor":3.0,"turns":1.0},{"damage":0.0,"enemies":"3 Sentries","floor":10.0,"turns":1.0},{"damage":2.0,"enemies":"Small Slimes","floor":12.0,"turns":3.0},{"damage":15,"enemies":"Lagavulin","floor":13,"turns":5},{"damage":0,"enemies":"Slime Boss","floor":16,"turns":4}],"seed_played":"4481406646005984235","potions_obtained":[{"floor":1.0,"key":"SneckoOil"},{"floor":10.0,"key":"Block Potion"}],"is_trial":false,"path_per_floor":["M","?","M","?","?","R","?","R","T","E","$","M","E","?","R","B"],"character_chosen":"IRONCLAD","items_purchased":["Happy Flower","Limit Break","Whirlwind"],"campfire_rested":1,"item_purchase_floors":[11,11,11],"current_hp_per_floor":[80,80,80,69,69,69,57,57,57,63,63,67,58,58,80,80,80],"gold":109,"neow_bonus":"THREE_ENEMY_KILL","is_daily":false,"chose_seed":false,"campfire_upgraded":1,"win_rate":0.0,"timestamp":1611858564,"path_taken":["M","?","?","?","?","R","?","R","T","E","$","?","E","?","R","BOSS"],"items_purchased_type":["Relic","Card","Card"],"build_version":"2020-12-22","purchased_purges":0,"victory":false,"max_hp_per_floor":[80,80,80,80,80,80,80,80,80,80,80,80,80,80,80,80,80],"card_choices":[{"not_picked":["Intimidate","Heavy Blade"],"picked":"Twin Strike","floor":1.0},{"not_picked":["Wild Strike","Blood for Blood"],"picked":"Uppercut","floor":3.0},{"not_picked":["Perfected Strike","Searing Blow","Havoc"],"picked":"SKIP","floor":10.0},{"not_picked":["Shrug It Off","Headbutt","Seeing Red"],"picked":"SKIP","floor":12},{"not_picked":["Barricade","Reckless Charge","True Grit"],"picked":"SKIP","floor":13}],"player_experience":280568,"relics_obtained":[{"floor":10.0,"key":"Orichalcum"},{"floor":13,"key":"Letter Opener"}],"event_choices":[{"damage_healed":0.0,"max_hp_gain":0.0,"max_hp_loss":0.0,"gold_gain":0.0,"event_name":"Accursed Blacksmith","player_choice":"Forge","floor":2.0,"gold_loss":0.0,"damage_taken":0.0,"cards_upgraded":["Bash"]},{"damage_healed":0.0,"max_hp_gain":0.0,"max_hp_loss":0.0,"gold_gain":75.0,"event_name":"World of Goop","player_choice":"Gather Gold","floor":4.0,"gold_loss":0.0,"damage_taken":11.0},{"damage_healed":0.0,"max_hp_gain":0.0,"max_hp_loss":0.0,"gold_gain":0.0,"event_name":"Living Wall","player_choice":"Grow","floor":5.0,"gold_loss":0.0,"damage_taken":0.0,"cards_upgraded":["Twin Strike"]},{"damage_healed":0.0,"max_hp_gain":0.0,"max_hp_loss":0.0,"gold_gain":0.0,"event_name":"Scrap Ooze","player_choice":"Success","floor":7.0,"gold_loss":0.0,"damage_taken":12.0,"relics_obtained":["Blue Candle"]},{"damage_healed":0,"gold_gain":62,"player_choice":"Gained Gold","damage_taken":0,"max_hp_gain":0,"max_hp_loss":0,"event_name":"Golden Wing","floor":14,"gold_loss":0}],"is_beta":false,"boss_relics":[],"items_purged_floors":[],"is_endless":false,"potions_floor_spawned":[1,10],"killed_by":"Slime Boss","ascension_level":1}}