{"host":"zrtolk9726p85qr7","time":1611797822,"event":{"mods":["BaseMod","BetterRewards","Colored Powertips","Minty Spire (QoL Compilation)","Permanent Neow","Quick Restart","Spire Arcade","StSLib","The Animator","The Necromancer","The Wild Card"],"gold_per_floor":[115,115,127,127,145,145,157,187,213,213,226,226,241,267,279,291,291],"floor_reached":16,"language":"ENG","playtime":558,"items_purged":[],"score":112,"play_id":"7b6ea7df-d49e-492c-ae7e-5f4d6cacd7fd","local_time":"20210128023702","is_ascension_mode":false,"campfire_choices":[{"floor":6.0,"key":"RECALL"},{"floor":10,"key":"REST"},{"floor":12,"key":"REST"},{"floor":15,"key":"REST"}],"circlet_count":0,"master_deck":["Strike_R+1","Strike_R","Strike_R","Strike_R","Strike_R","Defend_R","Defend_R","Defend_R","Defend_R","Bash+1","Thunderclap","Pommel Strike","Reaper","Whirlwind"],"relics":["Burning Blood","NeowsBlessing","Whetstone","MawBank"],"acts_visited":["Exordium"],"potions_floor_usage":[8,14,16],"damage_taken":[{"damage":0.0,"enemies":"Jaw Worm","floor":1.0,"turns":1.0},{"damage":0.0,"enemies":"2 Louse","floor":3.0,"turns":1.0},{"damage":0.0,"enemies":"Cultist","floor":5.0,"turns":1.0},{"damage":44.0,"enemies":"Gremlin Gang","floor":7.0,"turns":7.0},{"damage":28,"enemies":"Gremlin Nob","floor":8,"turns":4},{"damage":27,"enemies":"Exordium Thugs","floor":11,"turns":6},{"damage":7,"enemies":"Looter","floor":13,"turns":4},{"damage":45,"enemies":"Lagavulin","floor":14,"turns":9},{"damage":41,"enemies":"Hexaghost","floor":16,"turns":11}],"seed_played":"4276921906307362571","potions_obtained":[{"floor":1.0,"key":"DuplicationPotion"},{"floor":5.0,"key":"Block Potion"},{"floor":7.0,"key":"Dexterity Potion"},{"floor":14,"key":"BlessingOfTheForge"}],"is_trial":false,"path_per_floor":["M","?","M","?","M","R","M","E","T","R","M","R","M","E","R","B"],"character_chosen":"IRONCLAD","items_purchased":[],"campfire_rested":3,"item_purchase_floors":[],"current_hp_per_floor":[80,80,80,80,80,80,42,20,20,44,23,47,46,11,35,1,1],"gold":291,"neow_bonus":"THREE_ENEMY_KILL","is_daily":false,"chose_seed":false,"campfire_upgraded":0,"win_rate":0.0,"timestamp":1611797822,"path_taken":["M","?","M","?","M","R","M","E","T","R","?","R","M","E","R","BOSS"],"items_purchased_type":[],"build_version":"2020-12-22","purchased_purges":0,"victory":false,"max_hp_per_floor":[80,80,80,80,80,80,80,80,80,80,80,80,80,80,80,80,80],"card_choices":[{"not_picked":["Uppercut","Metallicize","True Grit"],"picked":"SKIP","floor":1.0},{"not_picked":["Flame Barrier","Sever Soul","Armaments"],"picked":"SKIP","floor":3.0},{"not_picked":["Flex","Havoc","Metallicize"],"picked":"SKIP","floor":5.0},{"not_picked":["Clothesline","Sever Soul"],"picked":"Thunderclap","floor":7.0},{"not_picked":["Flame Barrier","Body Slam","Flex"],"picked":"SKIP","floor":8},{"not_picked":["Shrug It Off","Uppercut"],"picked":"Pommel Strike","floor":11},{"not_picked":["Reckless Charge","Combust"],"picked":"Reaper","floor":13},{"not_picked":["Brutality","Sword Boomerang"],"picked":"Whirlwind","floor":14}],"player_experience":119211,"relics_obtained":[{"floor":8,"key":"Whetstone"},{"floor":14,"key":"MawBank"}],"event_choices":[{"damage_healed":0.0,"max_hp_gain":0.0,"max_hp_loss":0.0,"gold_gain":0.0,"event_name":"Shining Light","player_choice":"Ignored","floor":2.0,"gold_loss":0.0,"damage_taken":0.0},{"cards_removed":["Doppelganger"],"damage_healed":0.0,"max_hp_gain":0.0,"max_hp_loss":0.0,"gold_gain":0.0,"event_name":"NoteForYourself","player_choice":"Took Card","floor":4.0,"gold_loss":0.0,"damage_taken":0.0,"cards_obtained":["Doppelganger"]}],"is_beta":false,"boss_relics":[],"items_purged_floors":[],"is_endless":false,"potions_floor_spawned":[1,5,7,14],"killed_by":"Hexaghost","ascension_level":0}}