{"host":"iz5gar30eciy4yf4","time":1611862940,"event":{"mods":["Act Like it!","BaseMod","Chen","Dio Mod","Gensokyo","Hallownest","Hermit","Hubris","Koishi","Marisa????????","Minty Spire (QoL Compilation)","Prisma Mod","Reimu??????","Relic Stats","Remilia??????","StSLib","The Animator"],"gold_per_floor":[117,130,130,146,24,24,56,72,99,128,141,157,192,220,232,343,405,417,417],"floor_reached":18,"language":"ENG","playtime":1124,"items_purged":[],"score":184,"play_id":"b7b2dced-2d5f-4111-9312-72a63a320142","local_time":"20210128144220","is_ascension_mode":false,"campfire_choices":[{"data":"Singularity","floor":6,"key":"SMITH"},{"floor":15,"key":"REST"}],"circlet_count":0,"master_deck":["Strike_MRS","Strike_MRS","Strike_MRS","Defend_MRS","Defend_MRS","Defend_MRS","Defend_MRS","MasterSpark","UpSweep","CasketOfStar","NonDirectionalLaser","MillisecondPulsars+1","GasGiant","MilkyWay","Singularity+1","BlazeAway","SporeBomb","ChargeUpSpray","DeepEcoloBomb","ChargeUpSpray","AsteroidBelt","SporeBomb"],"relics":["MiniHakkero","Mastiff:ReiMu","Blood Vial","hubris:ToyBattleship","MawBank","Tiny House"],"acts_visited":["Exordium","Gensokyo:Gensokyo"],"potions_floor_usage":[8,13,16],"damage_taken":[{"damage":1,"enemies":"Gensokyo:Python","floor":1,"turns":4},{"damage":0,"enemies":"Gensokyo:3_Fairies","floor":2,"turns":3},{"damage":5,"enemies":"Gensokyo:2_Kodama","floor":4,"turns":3},{"damage":13,"enemies":"Gensokyo:Cirno","floor":7,"turns":5},{"damage":2,"enemies":"Gensokyo:2_Rabbits","floor":8,"turns":3},{"damage":3,"enemies":"Gensokyo:Mamizou","floor":10,"turns":6},{"damage":11,"enemies":"Gensokyo:5_Fairies","floor":11,"turns":5},{"damage":13,"enemies":"Gensokyo:3_Kodama","floor":12,"turns":3},{"damage":15,"enemies":"Gensokyo:Cirno","floor":13,"turns":6},{"damage":6,"enemies":"Gensokyo:CorruptedTreant","floor":14,"turns":4},{"damage":20,"enemies":"Gensokyo:Kokoro","floor":16,"turns":7},{"damage":0,"enemies":"Gensokyo:2_Gloops","floor":18,"turns":1}],"seed_played":"1539667577655800225","potions_obtained":[{"floor":4,"key":"SteroidPotion"},{"floor":7,"key":"ZuzhouPotion:ReiMu"},{"floor":11,"key":"PowerPotion"},{"floor":12,"key":"SteroidPotion"},{"floor":13,"key":"Ancient Potion"},{"floor":17,"key":"Block Potion"}],"is_trial":false,"path_per_floor":["M","M","?","M","$","R","E","M","T","E","M","M","E","M","R","B",null,"M"],"character_chosen":"MARISA","items_purchased":["MilkyWay","Singularity"],"campfire_rested":1,"item_purchase_floors":[5,5],"current_hp_per_floor":[74,74,74,69,69,69,56,54,54,53,44,33,20,16,38,20,80,80,80],"gold":417,"neow_bonus":"ONE_RANDOM_RARE_CARD","is_daily":false,"chose_seed":false,"campfire_upgraded":1,"win_rate":0.0,"timestamp":1611862940,"path_taken":["M","M","?","?","$","R","E","M","T","E","M","?","E","M","R","BOSS","M"],"items_purchased_type":["Card","Card"],"build_version":"2020-12-22","purchased_purges":0,"victory":false,"max_hp_per_floor":[75,75,75,75,75,75,75,75,75,75,75,75,75,75,75,75,80,80,80],"relic_stats":{"Blood Vial":12,"counters":[12,50],"MawBank":60,"obtain_stats":[{"Blood Vial":9,"Tiny House":17,"Mastiff:ReiMu":7,"hubris:ToyBattleship":10,"MiniHakkero":0,"MawBank":13},{"Blood Vial":5,"Tiny House":11,"Mastiff:ReiMu":4,"hubris:ToyBattleship":6,"MiniHakkero":0,"MawBank":9},{"Blood Vial":18,"Tiny House":49,"Mastiff:ReiMu":15,"hubris:ToyBattleship":24,"MiniHakkero":0,"MawBank":38}]},"card_choices":[{"not_picked":["SporeBomb","MachineGunSpark"],"picked":"NonDirectionalLaser","floor":1},{"not_picked":["LuminesStrike","MachineGunSpark","OneTimeOff"],"picked":"SKIP","floor":2},{"not_picked":["Acceleration","OneTimeOff"],"picked":"GasGiant","floor":4},{"not_picked":["ShootingEcho","JA"],"picked":"BlazeAway","floor":7},{"not_picked":["ShootingEcho","DeepEcoloBomb"],"picked":"SporeBomb","floor":8},{"not_picked":["OrrerysSun","SporeBomb"],"picked":"ChargeUpSpray","floor":10},{"not_picked":["ShootingEcho","EnergyRecoil"],"picked":"DeepEcoloBomb","floor":11},{"not_picked":["Singularity","MachineGunSpark"],"picked":"ChargeUpSpray","floor":12},{"not_picked":["DC","LuminesStrike"],"picked":"AsteroidBelt","floor":13},{"not_picked":["EnergyFlow","JA","DC"],"picked":"SKIP","floor":14},{"not_picked":["ManaConvection","StarBarrage"],"picked":"SporeBomb","floor":17}],"player_experience":654973,"relics_obtained":[{"floor":7,"key":"Mastiff:ReiMu"},{"floor":9,"key":"Blood Vial"},{"floor":10,"key":"hubris:ToyBattleship"},{"floor":13,"key":"MawBank"}],"event_choices":[],"is_beta":false,"boss_relics":[{"not_picked":["Runic Pyramid","Pandora\u0027s Box"],"picked":"Tiny House"}],"items_purged_floors":[],"is_endless":false,"potions_floor_spawned":[4,7,11,12,13,14],"killed_by":"Gensokyo:2_Gloops","ascension_level":0}}