{"host":"ijtzdp8x8o2bpzki","time":1611858907,"event":{"mods":["AchievementEnabler","BaseMod","Colored Map","Colored Powertips","DeckTracker","Minty Spire (QoL Compilation)"],"gold_per_floor":[118,132,102,114,129,163,163,163,215,229,229,127,146,116,116,216,216,204,78,78,98,23,23,36,36,36,53,53,53],"floor_reached":28,"language":"ENG","playtime":1011,"items_purged":["Strike_B","Strike_B"],"score":269,"play_id":"d5cc525f-3924-476a-9690-2bf93498a009","local_time":"20210128213507","is_ascension_mode":true,"campfire_choices":[{"data":"Creative AI","floor":7,"key":"SMITH"},{"data":"Defragment","floor":11,"key":"SMITH"},{"floor":15,"key":"REST"},{"data":"Echo Form","floor":23,"key":"SMITH"},{"floor":25,"key":"REST"}],"circlet_count":0,"master_deck":["Strike_B","Defend_B","Defend_B","Defend_B","Defend_B","Zap","Dualcast","Creative AI+1","Conserve Battery","Loop","Leap","Defragment+1","Leap","Leap","Capacitor","Echo Form+1","Ball Lightning","Auto Shields","Leap","Leap"],"relics":["Cracked Core","Eternal Feather","Vajra","Oddly Smooth Stone","SlaversCollar","NlothsMask"],"acts_visited":["Exordium","TheCity"],"potions_floor_usage":[6,16,16,16,28],"damage_taken":[{"damage":4,"enemies":"Jaw Worm","floor":1,"turns":3},{"damage":3,"enemies":"Cultist","floor":2,"turns":4},{"damage":17,"enemies":"Small Slimes","floor":4,"turns":3},{"damage":1,"enemies":"Blue Slaver","floor":5,"turns":4},{"damage":8,"enemies":"3 Sentries","floor":6,"turns":4},{"damage":0,"enemies":"Looter","floor":10,"turns":4},{"damage":6,"enemies":"Large Slime","floor":13,"turns":5},{"damage":20,"enemies":"Exordium Thugs","floor":14,"turns":5},{"damage":16,"enemies":"The Guardian","floor":16,"turns":10},{"damage":8,"enemies":"2 Thieves","floor":18,"turns":5},{"damage":22,"enemies":"3 Byrds","floor":21,"turns":6},{"damage":52,"enemies":"Cultist and Chosen","floor":24,"turns":7},{"damage":0,"enemies":"Snecko","floor":27,"turns":6},{"damage":34,"enemies":"Slavers","floor":28,"turns":2}],"seed_played":"-3943456890714112297","potions_obtained":[{"floor":2,"key":"Ancient Potion"},{"floor":3,"key":"SneckoOil"},{"floor":3,"key":"Swift Potion"},{"floor":10,"key":"Weak Potion"},{"floor":13,"key":"BlessingOfTheForge"},{"floor":24,"key":"Explosive Potion"}],"is_trial":false,"path_per_floor":["M","M","?","M","M","E","R","?","T","M","R","$","M","M","R","B",null,"M","$","?","M","?","R","M","R","T","M","E"],"character_chosen":"DEFECT","items_purchased":["Leap","Ball Lightning"],"campfire_rested":2,"item_purchase_floors":[12,19],"current_hp_per_floor":[71,68,68,51,50,42,51,39,39,39,48,48,42,22,53,37,75,67,67,67,45,45,54,2,33,33,33,0,0],"gold":53,"neow_bonus":"ONE_RANDOM_RARE_CARD","is_daily":false,"chose_seed":false,"campfire_upgraded":3,"win_rate":0.0,"timestamp":1611858907,"path_taken":["M","M","?","?","M","E","R","?","T","M","R","$","M","M","R","BOSS","M","$","?","?","?","R","M","R","T","M","E"],"items_purchased_type":["Card","Card"],"build_version":"2020-12-22","purchased_purges":2,"victory":false,"max_hp_per_floor":[75,75,75,75,75,75,75,75,75,75,75,75,75,75,75,75,75,75,75,75,75,75,75,75,75,75,75,75,75],"card_choices":[{"not_picked":["Leap","Gash"],"picked":"Conserve Battery","floor":1},{"not_picked":["Sweeping Beam","Leap"],"picked":"Loop","floor":2},{"not_picked":["Cold Snap","Gash"],"picked":"Leap","floor":4},{"not_picked":["Hyperbeam","Barrage"],"picked":"Defragment","floor":5},{"not_picked":["Coolheaded","Glacier","Rip and Tear"],"picked":"SKIP","floor":6},{"not_picked":["Go for the Eyes","Rebound","Steam"],"picked":"SKIP","floor":10},{"not_picked":["Chaos","Steam"],"picked":"Leap","floor":13},{"not_picked":["Stack","Coolheaded"],"picked":"Capacitor","floor":14},{"not_picked":["Meteor Strike","Core Surge"],"picked":"Echo Form","floor":16},{"not_picked":["Rebound","Gash","Hologram+1"],"picked":"SKIP","floor":18},{"not_picked":["Rebound","Gash"],"picked":"Auto Shields","floor":21},{"not_picked":["Cold Snap+1","Stack+1"],"picked":"Leap","floor":24},{"not_picked":["Rebound","Streamline"],"picked":"Leap","floor":27}],"player_experience":89442,"relics_obtained":[{"floor":6,"key":"Eternal Feather"},{"floor":9,"key":"Oddly Smooth Stone"}],"event_choices":[{"damage_healed":0,"gold_gain":0,"player_choice":"Bought 2 Potions","damage_taken":0,"max_hp_gain":0,"max_hp_loss":0,"event_name":"The Woman in Blue","floor":3,"gold_loss":0},{"damage_healed":0,"gold_gain":0,"player_choice":"Success","damage_taken":12,"relics_obtained":["Vajra"],"max_hp_gain":0,"max_hp_loss":0,"event_name":"Scrap Ooze","floor":8,"gold_loss":0},{"damage_healed":0,"gold_gain":0,"player_choice":"Trade","damage_taken":0,"relics_obtained":["NlothsMask"],"max_hp_gain":0,"max_hp_loss":0,"event_name":"FaceTrader","floor":20,"gold_loss":0},{"cards_removed":["Strike_B"],"damage_healed":0,"gold_gain":0,"player_choice":"Gave Gold","damage_taken":0,"max_hp_gain":0,"max_hp_loss":0,"event_name":"Beggar","floor":22,"gold_loss":75}],"is_beta":false,"boss_relics":[{"not_picked":["Astrolabe","Philosopher\u0027s Stone"],"picked":"SlaversCollar"}],"items_purged_floors":[12,19],"is_endless":false,"potions_floor_spawned":[2,10,13,14,24],"killed_by":"Slavers","ascension_level":2}}